2031 3048
173 148 221 183 δοί

711 157 883 187 APOLOGIA
902 158 1042 187 CONTRA
1060 159 1218 188 ARIANOS.
1244 163 1247 165 ⁷

1726 160 1779 188 303

174 214 211 250 μὴ
231 214 283 241 ὑπὸ
306 214 419 242 ἐθνικῶν
438 214 491 241 τῶν
509 215 553 242 τὸν
567 215 651 250 Λόγον
675 216 892 252 βδελυσσομένων
907 219 951 244 καὶ

1005 226 1057 245 non
1068 219 1101 246 ab
1112 218 1229 246 ethnicis
1237 219 1283 253 qui
1299 217 1415 246 Verbum
1425 218 1590 246 detestantur
1600 224 1627 246 ct
1638 219 1780 247 veritatem

173 260 211 297 μὴ
233 260 342 287 εἰδότων
362 261 411 296 τὴν
435 261 572 296 ἀλήθειαν.
601 261 686 288 Τοῦτο
704 262 732 288 δὲ
755 263 786 289 τὸ
801 262 951 298 ἁμάρτημα

171 305 266 341 ἡλίκον
279 307 325 333 καὶ
340 306 430 333 ὁποῖόν
455 307 524 338 ἐστι,
543 308 656 342 συνορᾷν
678 307 724 334 καὶ
739 308 810 343 ὑμᾶς
826 308 873 334 καὶ
886 308 952 336 πάν-

171 360 220 384 τας
233 352 414 379 πεπίστευκα.
435 352 503 388 Περὶ
528 352 578 387 μὲν
601 352 892 381 ’Δθανασίουλτοιαῦτι

207 397 251 425 52.
266 398 333 433 Περὶ
346 398 375 424 δὲ
391 398 552 433 Μαρκέλλου
574 398 642 433 (94),
658 398 751 433 ἐπειδὴ
766 399 888 434 καὶπερὶ
903 399 951 426 αύ-

170 442 217 469 τοῦ
240 443 278 475 ὡς
294 443 454 475 ἀσεϐοῦντος
475 445 515 476 εἰς
531 444 576 471 τὸν
600 445 717 480 Χριστὸν
738 444 886 479 ἐγράψατε,
904 445 952 479 δη-

170 489 254 516 λῶσαι
271 489 335 524 ὑμῖν
347 490 511 522 ἐσπούδασα,
530 490 570 516 ὅτι
589 490 705 517 ἐνταῦθα
728 490 881 526 γενόμενος,
912 490 954 517 δι-

170 535 355 562 εὸεὖαιώσατο
369 535 418 570 μὲν
431 535 468 571 μὴ
482 533 550 562 εἶναι
565 535 651 571 ἀληθῆ
665 535 700 562 τὰ
715 536 778 571 περὶ
798 537 880 563 αὑτοῦ
889 546 954 573 γρα-

171 580 253 615 φέντα
280 581 344 616 παρ’
383 581 474 616 ὑμῶν·
497 582 571 616 ὅμως
599 582 627 608 δὲ
657 581 857 617 ἀπαιτούμενος
887 584 952 619 παρ’

170 628 186 660 ἡ
192 627 311 662 μῶνωὸ)
322 629 408 653 εἰπεῖν
418 627 481 663 περὶ
492 628 539 662 τῆς
553 627 681 659 πίστεως,
691 627 760 654 οὕτω
770 628 838 663 μετὰ
850 629 953 664 παρρη-

172 673 229 704 σίας
247 673 412 708 ἀπεκρίνατο
428 672 460 699 δι’
485 673 595 704 ἑαυτοῦ,
609 674 647 706 ὡς
669 674 818 708 ἐπιγνῶναι
841 675 892 710 μὲν
919 675 952 709 ή-

171 719 240 754 μᾶς..
249 719 289 745 ὅτι
305 719 386 754 μηδὲν
401 718 498 750 ἔξωθεν
508 720 556 754 τῆς
565 719 693 754 ἀληθείας
706 720 831 756 ὁμολογεῖ
845 729 851 735 ·
867 719 953 753 οὕτως

170 765 224 800 γὰρ
241 765 359 797 εὐσεϐῶς
377 766 441 801 περὶ
462 765 509 792 τοῦ
533 766 635 801 Κυρίου
659 767 705 793 καὶ
731 767 854 802 Σωτῆρος
875 766 953 802 ἡμῶν

176 810 263 846 Ἰησοῦ
283 811 400 847 Χριστοῦ
431 811 590 847 ὡμολόγησε
610 813 728 847 φρονεῖν,
750 812 844 847 ὥσπερ
863 812 910 838 καὶ
933 813 950 848 ἡ

169 855 298 891 καθολικὴ
321 856 469 892 Ἐκκλησία.
490 858 584 892 φρονεί
597 865 603 871 ·
622 857 669 883 καὶ
689 857 718 884 ού
732 857 779 883 νῦν
798 857 883 884 ταῦτα
901 866 950 884 πε-

1005 264 1141 299 ignorant.
1157 264 1212 291 Hoc
1230 269 1318 291 autem
1341 264 1482 299 ﬂagitium,
1497 270 1626 298 quantum
1641 269 1668 292 et
1690 266 1779 299 cujus-

1002 310 1075 337 modi
1099 310 1152 342 sit,
1166 317 1213 337 vos
1228 314 1255 337 et
1267 317 1362 338 omnes
1383 310 1619 338 animadversuros
1642 311 1777 338 existimo.

1002 354 1065 382 Haec
1075 355 1181 390 quidem
1193 356 1226 383 de
1243 355 1397 384 Athanasio.

1037 400 1083 427 52.
1097 400 1172 434 Quod
1185 405 1274 428 autem
1291 401 1324 428 ad
1338 400 1492 429 Marcellum
1512 405 1625 437 spectat,
1640 407 1779 438 postquam

1002 447 1036 474 de
1051 446 1110 478 illo,
1122 451 1151 473 ut
1174 447 1257 480 impio
1280 453 1343 482 erga
1372 446 1510 474 Christum
1526 447 1690 481 scripsistis;
1706 448 1781 475 vobis

1003 492 1208 528 signiﬁcandum
1224 493 1326 527 putavi,
1341 499 1402 519 eum
1416 499 1478 520 cum
1502 492 1556 520 huc
1567 493 1697 526 venisset,
1712 492 1782 520 πωτ-

1002 545 1092 567 masse
1109 539 1175 566 falsa
1188 545 1249 566 esse
1266 546 1326 574 qua:
1337 546 1386 566 vos
1406 538 1440 566 de
1465 546 1494 566 se
1519 538 1696 573 scripsissetis
1712 548 1719 566 ε
1733 539 1783 566 sed

1002 593 1063 612 cum
1082 585 1255 612 nihilominus
1268 592 1316 612 nos
1338 584 1550 619 postulassemus
1565 589 1594 612 ut
1606 585 1684 612 ﬁdem
1704 592 1781 613 suam

1001 635 1159 664 exponeret,
1174 634 1248 656 tanta
1263 637 1323 657 cum
1339 629 1435 657 fiducia
1450 636 1498 664 per
1510 637 1540 657 se
1562 630 1623 664 ipse
1632 630 1779 664 respondit,

1001 679 1032 702 ut
1045 675 1122 702 nobis
1142 675 1308 710 exploratum
1329 674 1412 702 fuerit
1440 682 1503 702 eum
1532 675 1599 702 nihil
1622 683 1638 702 a
1666 676 1783 703 veritate

1001 720 1117 747 alienum
1132 721 1263 756 proﬁteri.
1290 721 1430 754 Siquidem
1447 728 1523 755 mque
1541 721 1584 755 pie
1608 721 1642 748 de
1667 721 1782 749 Domino

1001 766 1177 794 etSalvatore
1194 771 1286 794 nostro
1301 765 1363 793 Jesu
1387 765 1499 793 Christo
1518 773 1548 794 se
1561 767 1663 793 sentire
1679 766 1782 793 confes-

1003 819 1051 840 sus
1063 817 1115 846 est,
1131 820 1162 839 ac
1176 812 1299 840 Ecclesia
1316 812 1372 846 ipsa
1389 811 1521 839 catholica
1535 811 1617 839 sentit
1634 820 1641 838 :
1659 819 1710 839 nec
1724 816 1782 838 tan-

1007 859 1145 885 tummodo
1160 865 1230 885 nunc
1243 877 1251 890 ,
1265 857 1312 885 sed
1325 857 1383 891 ‘jam
1401 857 1465 884 olim
1483 857 1519 883 ita
1534 857 1662 885 sensisse.
1687 856 1782 892 (Cujus

169 902 333 937 φρονηκέναι
354 902 574 935 διεϐεϐαιώσατο,
593 902 659 930 ἀλλὰ
683 903 730 930 καὶ
752 902 951 929 ἔκπαλαι-ὡσ-

1003 907 1102 930 rectam
1118 903 1196 930 [idem
1212 901 1369 930 testimonio
1392 909 1440 930 suo
1462 902 1658 930 confirmarunt
1671 903 1784 937 presby-

169 946 268 982 περοῦν
288 948 335 973 καὶ
356 948 381 973 οἱ
404 948 531 984 ἡμέτεροι
559 948 754 984 πρεσϐύτεροι,
783 949 843 975 τότε
865 949 893 975 ὲν
915 949 949 983 τῇ

169 992 239 1019 κατὰ
254 992 369 1019 Νίκαιαν
386 994 485 1028 συνόδῳ
507 994 658 1029 γενόμενοι,
681 994 875 1030 ἐμαρτύρησαν
895 993 950 1029 (96)

168 1037 250 1064 αὑτοῦ
267 1040 299 1073 τῇ
316 1039 464 1074 ὀρθοδοξίᾳ-
482 1041 527 1066 καὶ
542 1039 596 1075 γὰρ
613 1040 660 1066 καὶ
679 1040 738 1066 τότε
753 1040 799 1066 καὶ
819 1040 865 1066 νῦν
881 1039 953 1067 κατὰ

167 1083 218 1119 τῆς
228 1084 358 1120 αἱρέσεως
373 1085 427 1111 τῶν
445 1086 589 1120 Ἀρειανῶν
604 1085 803 1121 πεφρονηκέναι
818 1085 950 1121 διισχυρί-

169 1138 248 1156 σατοι
265 1131 306 1164 ἐφ’
318 1127 340 1164 ᾧ
357 1131 403 1158 καὶ
429 1131 500 1166 ὑμᾶς
521 1132 676 1166 ὑπομνῆσαι
689 1131 791 1160 δίκαιόν
807 1132 891 1163 ἐστιν,
907 1132 952 1158 ἵνα

171 1176 266 1211 μηδεὶς
282 1176 331 1212 τὴν
344 1177 471 1212 τοιαύτην
496 1178 602 1213 αἵρεσιν
622 1177 798 1213 ἀποδέχηται,
814 1177 883 1204 ἀλλὰ⁴
893 1176 951 1212 βδεο

168 1221 297 1257 λύττηται
310 1223 348 1254 ὡς
360 1223 503 1258 ἀλλοτρίαν
517 1223 567 1258 τῆς
580 1222 753 1258 ὑγιαινούσης
763 1223 950 1254 διδασκαλίας.

174 1266 257 1302 Ὀρθὰ
276 1267 365 1294 τοίνυν
383 1268 463 1294 αὐτὸν
485 1267 646 1303 φρονοῦντα,
671 1269 718 1295 καὶ
744 1269 790 1295 ἐπὶ
813 1268 954 1304 ὀρθοδοξίᾳ

169 1313 403 1349 μαρτυρούμενον,
427 1314 454 1341 τί
472 1314 553 1340 πάλιν
568 1315 614 1341 καὶ
628 1315 674 1341 ἐπὶ
687 1315 780 1341 τούτου
794 1314 847 1341 ἔδει
865 1315 951 1341 ποιεῖν

167 1358 250 1394 ἡμᾶς,
264 1359 279 1394 ἢ
297 1359 368 1394 ἔχειν
384 1359 474 1391 αὑτὸν,
492 1359 586 1396 ὥσπερ
601 1360 647 1387 καὶ
662 1360 780 1395 εἴχομεν,
792 1361 951 1394 ἐπίσκοπον,

168 1405 265 1441 καὶμὴ
282 1404 443 1432 ἀποϐάλλειν
461 1407 510 1441 τῆς
531 1406 688 1439 κοινωνίας;
717 1405 809 1433 Ταῦτα
828 1407 877 1442 μὲν
904 1405 955 1433 οὖν

167 1449 232 1483 ἐγὼ,
257 1451 305 1486 οὐχ
327 1450 366 1482 ὡς
392 1451 679 1486 ὐπεραπολογούμενος
697 1451 786 1478 αὐτῶν
813 1451 952 1487 γέγραφα,

166 1495 223 1522 ἀλλ’
237 1496 318 1523 ἕνεκα
330 1496 377 1523 τοῦ
391 1497 533 1524 πιστεῦσαι
543 1497 624 1533 ὑμᾶς,
637 1497 677 1524 ὅτι
689 1497 800 1529 δικαίως
811 1497 858 1524 καὶ
873 1506 954 1524 κανο-

171 1541 250 1573 ιικῶς
273 1542 422 1577 ἐδεξάμεθα
444 1543 506 1575 τοὺς
528 1543 638 1578 ἄνδρας,
659 1543 706 1570 καὶ
724 1543 812 1579 μάτην
835 1543 952 1577 φιλονει-

167 1589 240 1614 κεῖτε
255 1596 262 1603 ·
281 1588 352 1623 ὑμᾶς
365 1588 394 1614 δὲ
413 1588 517 1615 δίκαιόν
541 1589 598 1615 ἔστι
622 1589 781 1621 σπουδάσαι,
800 1590 847 1616 καὶ
863 1590 952 1616 πάντα

167 1634 266 1667 τρόπον
291 1635 400 1668 καμεῖν,
427 1634 471 1660 ἴνα
487 1634 521 1660 τὰ
540 1633 588 1668 μὲν
607 1633 681 1669 παρὰ
702 1635 803 1661 κανόνα
817 1635 953 1670 γενόμενα

166 1678 332 1714 διορθώσεως
355 1679 434 1715 τύχῃ,
455 1680 483 1706 αἱ
505 1679 533 1706 δὲ
551 1679 709 1715 Ἐκκλησίαι
725 1680 836 1716 ειρήνην
857 1680 955 1715 ἔχωσι,

166 1724 235 1759 πρὸς
247 1723 278 1750 τὸ
295 1723 344 1759 τὴν
357 1724 403 1750 τοῦ
422 1725 524 1760 Κυρίου
539 1725 649 1760 εἰρήνην
666 1724 721 1760 τὴν
738 1724 860 1751 δοθεῖσαν
884 1725 951 1760 ἡμῖν

165 1772 344 1806 παραμεῖναι,
359 1771 405 1797 καὶ
419 1770 456 1806 μὴ
471 1769 609 1805 σχίζεσθαι
625 1769 673 1802 τὰς
692 1769 864 1804 Ἐκκλησίας.
884 1770 952 1805 μηδὲ

166 1816 238 1852 ὑμᾶς
254 1816 292 1848 ὡς
308 1817 411 1848 αἰτίους
431 1816 577 1851 σχίσματος
596 1815 698 1850 μέμψιν
717 1816 861 1850 ὑπομεῖναι
883 1815 950 1850 (97).

171 1861 310 1897 Ὁμολογῶ
325 1862 379 1898 γὰρ
402 1863 476 1896 ὑμῖν,
488 1861 522 1888 τὰ
530 1861 665 1896 γενόμενα
683 1861 732 1888 οὐκ
747 1862 867 1898 εἰρήνης,
883 1861 952 1889 ἀλλὰ

167 1907 315 1942 alienato;
328 1916 398 1942 προφ
404 1908 479 1938 ἀσεις
489 1907 565 1933 εἰσίν.

201 1953 243 1980 55.
262 1953 297 1979 Οὐ
308 1953 360 1988 γὰρ
374 1953 452 1988 μόνον
465 1953 489 1978 οἱ
505 1953 568 1989 περὶ
588 1952 743 1980 Ἀθανάσιον
759 1952 805 1979 καὶ
821 1952 951 1988 Μάρκελ-

166 1997 211 2025 λον
224 1999 248 2024 οί
259 1999 400 2025 ἐπίσκοποι
416 1998 575 2034 ἐληλύθασιν
585 1999 711 2031 ἐνταῦθα,
724 1998 879 2033 αἰτιώμενοι
891 1998 949 2025 κατ’

165 2044 253 2072 αὐτῶν
271 2044 376 2071 ἀδικίαν
395 2045 533 2079 γεγονέναι
543 2045 608 2080 (98),
620 2045 688 2072 ἀλλὰ
705 2045 751 2072 καὶ
766 2045 886 2072 πλεῖστοι
902 2045 950 2072 ἄλ-

164 2089 204 2116 λοι
218 2089 359 2117 ἐπίσκοποι
375 2090 429 2117 ἀπὸ
449 2091 568 2127 Θρᾴκης,
583 2091 637 2118 ἀπὸ
651 2091 750 2127 Κοίλης
765 2091 874 2126 Συρίας,
896 2091 956 2119 ἀπὸ.

164 2136 289 2172 Φοινίκης
305 2137 350 2163 καὶ
364 2137 553 2173 Παλαιστίνης,
573 2137 619 2164 καὶ
635 2137 812 2173 πρεσὸύτεροι
835 2138 883 2173 μὲν
900 2138 950 2165 οὐκ

164 2181 259 2216 ὀλίγοι,
275 2182 347 2210 ἄλλοι
358 2183 386 2210 δέ
399 2192 468 2215 τινες
479 2183 531 2210 ἀπὸ
550 2183 760 2219 Ἀλεξανδρείας,
775 2183 820 2210 καὶ
834 2183 907 2210 ἄλλοι
920 2183 949 2216 ἐξ

965 1560 987 1592 C

1000 949 1050 976 teri
1065 955 1172 984 quoque
1193 949 1280 976 nostri
1301 948 1346 984 qui
1361 948 1475 976 Nicaenae
1495 947 1781 984 synodoadfaerant.)

1001 994 1106 1021 Etenim
1125 1001 1155 1022 se
1182 998 1246 1021 tunc
1268 994 1397 1029 temporis
1420 998 1447 1021 et
1469 993 1616 1020 etiamnum
1640 993 1782 1027 adversum

1000 1040 1162 1068 Arianorum
1175 1040 1256 1075 119
1263 1040 1386 1067 haeresim
1395 1040 1514 1067 sensisse
1525 1038 1685 1066 affirmabat.
1696 1038 1784 1073 (Quo-

1001 1085 1072 1112 circa
1085 1092 1134 1111 vos
1148 1085 1299 1111 admonitos
1314 1084 1403 1116 velim,
1420 1089 1449 1111 ut
1463 1083 1551 1111 nullus
1571 1083 1704 1118 ejusmodi
1728 1083 1785 1110 hae-

1002 1131 1082 1157 resim
1095 1130 1224 1164 recipiat;
1239 1130 1286 1158 sed
1304 1130 1485 1162 abominetur,
1502 1134 1531 1156 ut
1547 1137 1562 1156 a
1575 1137 1640 1157 sana
1661 1129 1785 1157 doctrina

1001 1176 1141 1210 alienam.)
1157 1176 1224 1203 Cum
1238 1183 1314 1210 ergo,
1336 1177 1444 1211 inquom
1457 1195 1465 1208 ,
1481 1175 1528 1202 ille
1554 1179 1627 1202 recte
1650 1175 1763 1202 sentiret
1775 1195 1784 1207 ,

1001 1227 1027 1250 et
1041 1222 1075 1249 de
1088 1227 1160 1249 recta
1173 1221 1231 1255 ejus
1243 1222 1294 1249 fide
1317 1222 1498 1249 testimonium
1515 1221 1696 1255 proferretur;
1707 1221 1784 1256 quid,

1001 1275 1103 1302 quasso,
1117 1268 1151 1295 de
1175 1267 1221 1294 illo
1235 1267 1313 1295 nobis
1332 1267 1486 1295 faciendum
1512 1267 1580 1300 fuit,
1601 1267 1653 1295 nisi
1677 1272 1708 1294 ut
1722 1275 1784 1295 eum

1001 1321 1050 1349 pro
1061 1314 1186 1348 episcopo
1201 1313 1370 1346 haberemus,
1388 1318 1455 1340 utet
1472 1313 1628 1346 habuimus,
1638 1317 1665 1341 et
1681 1320 1741 1341 eum
1768 1322 1785 1341 ιι

1002 1363 1093 1386 nostra
1105 1359 1294 1386 communione
1308 1366 1360 1386 non
1380 1357 1561 1392 abjiceremus
1573 1359 1584 1385 ἳ
1599 1357 1661 1386 Ηωο
1675 1358 1787 1394 quidem

1001 1411 1063 1439 ego,
1080 1413 1133 1432 non
1149 1409 1179 1431 ut
1192 1405 1237 1439 qui
1254 1412 1348 1432 eorum
1365 1412 1474 1432 causam
1491 1411 1585 1439 agam,
1606 1404 1715 1437 scribo;
1737 1405 1786 1432 sed

1002 1455 1031 1477 ut
1044 1450 1119 1477 vobis
1145 1450 1224 1477 iidem
1245 1451 1340 1477 faciam
1353 1471 1360 1483 ,
1374 1459 1422 1478 nos
1442 1451 1504 1485 jure
1520 1455 1547 1478 et
1559 1451 1690 1478 canonice
1711 1451 1789 1478 viros

1003 1497 1062 1525 illos
1086 1497 1258 1531 suscepisse,
1277 1501 1304 1524 et
1317 1504 1365 1524 vos
1383 1496 1482 1524 frustra
1501 1497 1711 1532 disceptationes
1724 1504 1785 1524 mo-

1002 1550 1076 1571 vere.
1092 1542 1209 1577 Equum
1225 1546 1272 1570 est
1281 1548 1371 1570 autem
1383 1562 1391 1574 .
1409 1548 1438 1570 ut
1451 1550 1501 1570 vos
1514 1543 1647 1570 studeatis
1659 1548 1685 1570 et
1698 1544 1785 1570 omni-

1003 1589 1055 1617 bus
1065 1588 1151 1615 modis
1165 1589 1191 1616 id
1204 1589 1375 1616 contendatis
1386 1610 1394 1622 ,
1416 1593 1446 1616 ut
1460 1597 1520 1624 qua:
1536 1593 1631 1617 contra
1651 1596 1784 1617 canonem

1002 1640 1060 1662 acta
1081 1640 1153 1667 sunt,
1176 1635 1356 1670 corrigantur.
1373 1638 1400 1662 et
1420 1639 1450 1662 ut
1471 1635 1599 1663 Ecclesiae
1613 1643 1679 1670 pace
1692 1635 1786 1662 fruan-

1003 1685 1062 1712 tnr;
1079 1685 1105 1706 ut
1116 1687 1166 1714 pax
1180 1680 1364 1715 Domini,qua:
1378 1680 1440 1707 data
1455 1685 1498 1708 est
1513 1681 1602 1713 nobis,
1614 1685 1784 1715 permaneat,

1001 1733 1029 1754 et
1050 1727 1179 1754 Ecclesia:
1194 1726 1419 1753 non-scindantur
1435 1735 1441 1753 :
1460 1734 1493 1753 ac
1508 1734 1542 1753 ne
1556 1726 1633 1754 vobis
1647 1747 1655 1760 ,
1671 1731 1701 1753 ut
1713 1726 1786 1754 schi-

1001 1773 1098 1799 smatis
1114 1772 1270 1800 auctoribus
1284 1793 1291 1805 ,
1309 1772 1335 1799 id
1358 1772 1467 1800 crimini
1486 1773 1576 1800 detur.
1592 1772 1690 1800 Fateor
1710 1773 1783 1800 eni-

1002 1818 1087 1847 vobis,
1103 1825 1162 1852 quae
1175 1823 1250 1853 gesta
1274 1822 1348 1849 sunt.
1374 1825 1428 1845 non
1444 1818 1535 1853 pacis.
1561 1818 1609 1846 sed
1626 1818 1797 1849 schismatis,

1001 1864 1159 1892 occasiones
1174 1871 1246 1892 esse.

1035 1955 1080 1982 53.
1102 1954 1159 1982 Non
1176 1954 1247 1982 enim
1268 1954 1431 1982 Athanasius
1453 1954 1585 1982 duntaxat
1597 1958 1624 1981 et
1638 1953 1781 1981 Marcellus

1001 2001 1130 2036 episcopi,
1150 2001 1200 2027 huc
1212 2007 1241 2027 se
1259 1999 1406 2032 contulere,
1419 2007 1451 2027 ac
1468 2007 1559 2027 secum
1577 1998 1675 2033 injuste
1693 2004 1784 2026 actum

1001 2054 1060 2074 esse
1075 2046 1212 2081 conquesti
1230 2049 1306 2077 sunt;
1331 2045 1378 2071 sed
1394 2045 1475 2072 etiam
1496 2044 1666 2079 complurimi
1684 2044 1728 2071 alii
1750 2052 1785 2072 ex

1001 2091 1126 2124 Thracia,
1148 2091 1303 2126 C(nlcsyt'ia,
1323 2089 1459 2117 Pltmnicia
1478 2094 1505 2117 et
1521 2089 1673 2122 Palaestina,
1688 2095 1715 2118 et
1731 2098 1785 2117 una

1001 2137 1148 2174 presbyteri
1167 2145 1220 2164 non
1238 2136 1337 2171 pauci:
1361 2141 1443 2171 atque
1466 2135 1511 2163 alii
1535 2136 1643 2170 quidam
1667 2135 1784 2162 Alexan-

1001 2184 1076 2215 dria,
1101 2184 1200 2218 aliique
1224 2190 1256 2209 ex
1282 2182 1341 2209 aliis
1366 2181 1497 2216 partibus,
1517 2181 1551 2208 ad
1576 2181 1705 2217 synodum
1732 2181 1785 2208 huc

165 2227 252 2254 ἄλλων
273 2228 372 2264 μερῶν,
393 2229 552 2264 ἀπήντησαν
574 2230 613 2260 ιίς
633 2227 680 2264 τὴν
698 2227 812 2254 ἐνταῦθα
831 2229 948 2261 σύνοδον,

1002 2235 1122 2257 coactam
1147 2235 1297 2261 accessere,
1319 2228 1363 2262 qui
1391 2235 1481 2255 coram
1503 2227 1629 2254 omnibus
1651 2226 1785 2261 episcopis

165 2273 211 2299 ἐπὶ
230 2273 336 2300 πάντων
359 2273 412 2300 τῶν
431 2274 608 2300 συνελθόντων
627 2273 793 2305 ἐπισκόπων,
812 2273 879 2309 πρὸς
892 2275 948 2306 τοῖς

164 2318 264 2350 ἄλλοις,
293 2316 334 2350 οἷς
351 2319 452 2354 ἔλεγον,
473 2321 513 2346 ὅτι
539 2320 595 2356 (99)
610 2319 658 2346 καὶ
676 2318 858 2352 ἀπωδύροντο,
887 2319 948 2354 βίαν

201 2420 257 2462 (94)
275 2421 311 2449 De
332 2421 449 2450 Marcelli
468 2430 555 2450 causa.
565 2423 591 2450 in
620 2423 733 2459 epistola
756 2424 789 2451 ad
811 2423 948 2451 solitarios

165 2462 251 2484 acllll'l
266 2465 370 2484 sumus.

166 2527 182 2554 ὁ
202 2490 258 2528 (95)
279 2492 323 2519 Sic
345 2492 412 2527 Reg.
427 2497 454 2519 et
477 2492 557 2519 Basil.
576 2493 645 2520 Editi
668 2500 742 2527 vero,
765 2493 854 2529 ὑμῶν,
871 2501 948 2520 men-

184 2534 240 2554 σεε.

184 2534 240 2554 σεο.

202 2561 257 2595 (96)
271 2561 297 2588 Id
313 2566 354 2589 est
369 2561 524 2591 Vincentius
532 2562 627 2591 etViIo
637 2563 773 2598 quietiam
790 2568 854 2590 tunc
869 2562 895 2590 in
911 2562 949 2590 vi-

166 2597 205 2624 vis
216 2600 310 2624 erant»

202 2630 268 2668 (97)Δ
283 2631 356 2668 Haec,
371 2631 423 2668 ml
444 2632 481 2668 μὴ
505 2632 642 2668 σχίζεσθαι
656 2632 706 2664 τὰς
716 2632 888 2668 Ἐκκλησίας,
902 2641 951 2668 μη-

165 2666 193 2693 δὲ
213 2666 284 2703 ὑμᾶς
307 2667 345 2698 ὡς
369 2666 638 2703 αἰτίουςσχίσματος
668 2668 770 2703 μέμψιν
794 2666 948 2702 ὑπομεῖναί,

167 2703 192 2728 in
204 2702 299 2738 "editis
313 2703 443 2738 deerant,
452 2718 461 2738 χ
474 2702 513 2730 οδ
535 2702 614 2731 voces
643 2702 809 2738 παραμεῖναι
837 2708 864 2730 et
882 2703 949 2728 ὑπο-

190 2737 269 2768 εἶναι,
296 2737 421 2764 similiter
447 2737 611 2769 desinentes.
631 2737 743 2765 omissa.
758 2737 811 2766 Nos
827 2745 892 2764 vero
914 2745 950 2765 ex

192 2779 233 2805 eg.
251 2776 278 2798 et
292 2771 372 2798 Basil.
389 2779 481 2799 sumus
493 2773 614 2800 mutuati.

201 2805 341 2843 (98)7Reg.,
348 2807 505 2842 γενομένην.
514 2807 658 2843 Episcopus
667 2808 692 2834 in
703 2807 784 2843 variis
794 2807 948 2843 regionibus

166 2842 202 2868 ab
220 2842 327 2868 Arianis
341 2847 452 2877 vexatos
466 2850 536 2877 smpe
552 2843 672 2869 nominat
686 2842 860 2870 Athanasius.
877 2844 945 2877 QII]-

167 2884 230 2904 nam
257 2883 321 2904 vcro
334 2884 365 2904 cx
381 2877 412 2905 iis
429 2876 540 2905 Romam
564 2878 703 2912 petierint,
726 2877 832 2906 nonnisi
851 2878 942 2912 conje-

1000 2275 1179 2310 congregatis,
1203 2279 1302 2309 praeter
1323 2273 1374 2300 alia
1398 2273 1423 2300 in
1444 2272 1561 2299 medium
1578 2273 1699 2307 prolata,
1723 2279 1785 2298 con-

1001 2321 1087 2357 questi
1103 2320 1297 2354 snntinsuper,
1313 2318 1448 2346 Ecclesias
1464 2318 1516 2344 vim
1532 2317 1710 2352 injnriamque
1723 2323 1784 2344 esse

1000 2423 1099 2451 ctando
1110 2423 1162 2450 diei
1172 2426 1264 2458 queat.
1277 2421 1311 2458 Et
1323 2420 1430 2455 quidem
1440 2419 1579 2458 Asclepam
1594 2418 1673 2446 Gazae
1690 2417 1716 2458 in
1731 2416 1781 2458 Pa-

1000 2459 1102 2486 lestina
1116 2459 1149 2484 ab
1169 2453 1462 2493 Ensebianisvexatum
1477 2453 1603 2493 Romanae
1621 2453 1778 2493 synodonin-

998 2493 1123 2520 terfnisse
1137 2493 1174 2519 ait
1195 2492 1337 2523 Socrates;
1356 2489 1432 2523 cuius
1452 2497 1532 2516 causa
1554 2487 1651 2516 iterum
1668 2488 1695 2514 in
1718 2487 1783 2514 Sar-

999 2528 1100 2555 dicensi
1121 2527 1222 2562 synodo
1247 2531 1307 2553 acta
1323 2525 1428 2562 estaEx
1455 2524 1569 2562 Thracia
1592 2527 1783 2562 Verotestatur

1002 2563 1072 2590 idem
1088 2557 1182 2589 auc'tor
1197 2561 1307 2588 Lucium
1324 2559 1604 2597 Adriarnopolitanum,
1618 2557 1783 2597 Paulumque

1001 2597 1325 2633 Constantinopolimnum
1353 2591 1454 2633 pariter
1473 2594 1603 2621 adfuisse.
1620 2593 1658 2633 A_t_
1680 2593 1712 2618 de
1731 2591 1783 2618 illis

1002 2633 1111 2659 minime
1125 2627 1249 2667 convenit
1268 2631 1338 2657 inter
1353 2627 1530 2667 recentiores,
1553 2636 1592 2667 ex_
1603 2627 1782 2667 quibusnn'on-

1000 2667 1065 2694 nulli
1078 2667 1189 2702 Paulum
1212 2666 1357 2702 Luciumve
1369 2664 1495 2702 Romana!
1507 2661 1618 2702 synodo
1627 2661 1783 2702 interfuisse

1001 2707 1114 2737 negant.
1131 2701 1241 2737 ﬁSedide
1260 2700 1484 2737 incommodius
1508 2695 1685 2737 innepist.'3d
1702 2695 1780 2737 S_9Iit.

999 2730 1119 2772 agemus.
1130 2736 1166 2763 Ex
1178 2735 1367 2772 Tltraciaitetn
1382 2734 1448 2772 pulsi
1465 2739 1527 2760 sunt
1540 2730 1680 2772 Olympius
1697 2730 1783 2771 .Eno-

1002 2767 1060 2798 rum
1074 2777 1100 2798 et
1113 2771 1267 2798 'l‘lleodnlns
1279 2767 1542 2806 Trajanbpolitanns,
1558 2767 1790 2806 testehthanasio.

1002 2807 1027 2834 in
1043 2806 1122 2841 epist.
1139 2806 1173 2833 ad
1196 2805 1275 2833 Solit.
1293 2805 1340 2833 sed
1357 2802 1404 2832 an'
1417 2804 1528 2831 Romam
1550 2802 1683 2833 venerint,
1707 2802 1791 2836 igni».

1000 2847 1084 2868 ratur.

1035 2877 1090 2911 (99)
1113 2877 1201 2909 Ἴσως
1216 2875 1264 2902 ἔτι.
