2031 3048
160 163 213 192 305

684 166 856 195 APOLOGIA
876 167 1015 196 CONTRA
1034 169 1194 199 ARIANOS.

1720 175 1772 204 506

158 224 188 251 ἐν
197 222 300 254 τούτοις
311 222 339 250 δὲ
351 223 491 260 χαίροντες
512 225 561 252 οὐκ
580 226 649 253 είσὶν
665 227 776 263 εἰρήνης
793 228 855 260 υἱοὶ,
876 228 936 255 ἀλλὰ

993 230 1078 264 pacis,
1099 230 1146 258 sed
1163 230 1328 258 confusionis
1346 231 1392 259 filii
1411 236 1494 260 sunt:
1509 232 1580 261 Deus
1603 241 1667 262 vero
1681 238 1773 262 noster

157 269 372 302 ἀκαταστασίας·
399 270 413 296 ὁ
433 270 462 297 δὲ
482 270 548 303 Θεὸς
569 272 646 308 ἡμῶν
666 274 716 300 οὐκ
739 274 812 302 ἐστιν
838 276 940 303 ἀκατα-

157 315 278 347 στασίας,
301 314 358 342 ἀλλ’
372 317 491 352 εἰρήνης.
512 318 621 354 Διόπερ,
640 319 678 351 ὡς
693 317 762 347 οἶδεν
778 321 792 346 ὁ
810 321 876 353 Θεὸς
894 322 940 349 καὶ

156 360 250 396 Πατὴρ
272 360 319 387 τοῦ
340 361 441 397 Κυρίου
462 362 540 398 ήμῶν
570 364 656 400 Ἰησοῦ
682 366 810 401 Χριστοῦ,
829 367 942 402 κηδόμε-

155 414 199 438 νος
215 406 264 441 μὲν
279 406 326 433 καὶ
342 407 393 442 τῆς
411 408 486 443 ὑμῶν
500 409 537 445 (7)
555 410 724 446 ὑπολήψεως,
743 412 887 448 εὐχόμενος
911 413 940 440 δὲ

153 452 265 484 καὶτὰς
285 453 444 489 Ἐκκλησίας
468 455 504 491 μὴ
522 456 550 483 ὲν
576 457 764 494 ἀκαταστασία
780 457 858 490 εἶναι,
873 459 939 487 ἀλλὰ

152 498 289 534 διαμένειν
315 499 408 535 ὥσπερ
431 501 483 528 ὑπὸ
507 502 561 529 τῶν
585 503 740 530 ἀποστόλων
768 505 938 540 ἐκανονίσθη,

153 544 255 580 γράψαι
271 545 334 580 ὑμῖν
363 546 448 573 ταῦτα
474 547 619 581 ἀναγκαῖον
640 549 796 585 ἡγησάμην,
825 551 867 578 ἵνα
888 552 937 587 ἤδη

154 590 218 617 ποτὲ
234 590 413 627 δυσωπήσητε
432 593 494 624 τοὺς
510 593 553 619 διὰ
569 593 617 629 τὴν
634 595 702 630 πρὸς
725 595 856 631 ἀλλήλους
883 597 938 623 ἁπ-

153 635 259 672 έχθειαν
269 637 307 672 (8)
325 636 395 664 οὕτω
407 638 578 673 διαθεμένους
587 639 636 671 τὰς
654 640 825 676 Ἐκκλησίας.
836 641 937 668 Ἤκου-

153 690 186 708 σα
197 682 261 718 γὰρ,
273 683 314 709 ὅτι
324 683 395 715 τινές
405 684 472 710 εἰσιν
485 684 568 719 ὀλίγοι
580 686 605 711 οἱ
621 685 721 712 τούτων
736 687 842 713 πάντων
857 687 937 714 αἴτιοι

152 727 340 762 τυγχάνοντες.
364 728 535 755 Σπουδάσατε
553 729 590 764 (9)
611 729 649 762 ὡς
670 730 810 766 σπλάγχνα
832 731 938 767 ἔχοντες

151 773 292 808 οἰκτιρμοῦ
309 773 514 809 διορθώσασθαι,
535 775 574 807 ὡς
591 778 730 811 προεῖπον,
746 777 780 803 τὰ
796 778 871 812 παρὰ
888 786 938 804 κα-

151 818 213 846 νόνα
231 819 375 855 γενόμενα,
396 821 449 852 ἵνα,
466 822 490 847 ει
505 822 551 848 καί
570 830 596 848 τι
618 822 787 858 προελήφθη,
808 824 886 850 τοῦτο
904 825 936 860 τῇ

150 864 271 900 ὑμετέρᾳ
296 865 395 901 σπουδῇ
415 865 578 902 θεραπευθῇ.
601 868 655 894 Καὶ
677 868 713 903 μὴ
735 869 869 904 γράφητε,
895 870 936 896 ὅτι

991 283 1043 303 non
1065 280 1106 302 est
1130 276 1200 304 Deus
1214 276 1390 309 confusionis,
1411 278 1460 306 sed
1484 279 1568 313 pacis.
1591 279 1771 314 Quapropter,

991 324 1020 347 ιιι
1039 320 1104 348 mihi
1126 321 1250 348 conscius
1264 327 1305 349 est
1322 322 1392 350 Deus
1415 328 1441 350 et
1458 322 1538 351 Pater
1562 324 1666 359 Domini
1685 326 1771 353 nostri

989 364 1051 392 Jesu
1066 365 1180 399 Christi,
1202 372 1299 394 vestra:
1316 367 1525 396 existimationis
1548 377 1638 396 curam
1663 377 1771 404 gerens,

989 416 1118 446 exoptans
1131 419 1238 447 quoque
1255 413 1388 440 Ecclesias
1403 421 1455 440 non
1473 414 1498 440 in
1515 415 1714 449 perturbatione
1728 417 1774 443 de-

989 464 1062 491 gere,
1080 458 1126 484 sed
1145 465 1191 485 eas
1206 463 1235 484 ut
1255 458 1288 485 ab
1307 459 1435 493 apostolis
1452 465 1579 487 statutum
1601 466 1644 488 est
1666 469 1773 496 perma-

988 510 1068 535 nere;
1087 503 1143 530 haac
1157 504 1190 531 ad
1206 511 1253 530 vos
1277 504 1397 531 scribere
1423 506 1606 532 necessarium
1632 506 1715 538 duxi;
1745 511 1774 534 ut

990 555 1060 575 nunc
1082 549 1188 576 tandem
1214 548 1273 576 illos
1303 549 1491 582 confumlatis,
1515 551 1558 585 qui
1583 552 1617 578 ob
1651 557 1773 580 mututtm

989 592 1060 620 inter
1073 601 1102 621 se
1119 594 1221 626 odium,
1234 593 1369 621 Ecclesias
1384 602 1417 622 eo
1430 596 1565 630 redigunt.
1579 597 1673 624 Audivi
1689 598 1771 632 enim,

988 638 1131 665 nonnullos
1152 645 1222 670 esse,
1259 646 1359 673 paucos
1383 647 1507 672 utttuero,
1530 640 1575 675 qui
1599 641 1693 668 horum
1715 650 1772 669 om-

988 682 1061 709 nium
1080 687 1171 709 essent
1187 686 1323 710 auctores.
1337 682 1454 717 Operam
1469 683 1532 711 date
1548 688 1578 710 ut
1598 684 1702 712 viscera
1722 686 1773 712 mi-

989 727 1145 755 sericordia:
1159 728 1300 761 habentes,
1316 735 1347 756 ea
1364 729 1546 763 corrigantur,
1561 729 1598 757 uti
1612 738 1692 765 supra
1705 731 1772 764 dixi,

989 781 1048 808 quae
1066 778 1162 801 contra
1183 781 1314 802 canonem
1331 780 1404 809 gesta
1426 780 1505 807 sunt,
1526 780 1555 802 ut
1579 776 1602 802 si
1624 777 1687 811 quid
1709 776 1772 804 ntali

988 819 1175 851 anleverterit,
1199 819 1226 846 id
1242 823 1333 846 vestro
1350 819 1438 847 studio
1452 821 1619 849 emendetur.
1634 822 1689 849 Nec
1706 822 1771 850 tnihi

987 865 1114 892 scribatis
1136 873 1143 892 :
1166 864 1286 893 Marcelli
1325 869 1352 892 et
1381 865 1521 893 Athanasii
1552 868 1771 895 communionem

150 910 205 946 Τὴν
231 911 389 946 Μαρκέλλου
417 913 464 939 καὶ
485 912 653 945 Ἀθανασίου,
671 914 687 949 ἢ
708 914 757 949 τὴν
776 915 854 950 ἡμῶν
875 916 935 942 ἑλοῦ

986 910 1074 944 potius
1093 918 1173 945 quant
1192 915 1316 938 nostram
1332 911 1482 946 cooptasti;
1499 919 1559 938 nam
1577 912 1634 940 haec
1649 921 1700 940 non
1724 921 1772 948 pa-

149 957 304 984 κοινωνίανο
320 957 350 984 οὐ
362 958 415 993 γὰρ
425 958 620 994 εἰρήνηςιόὑιλὰ
635 960 798 994 φιλονεικίας
812 961 857 987 καὶ
872 969 934 996 μισ-

149 1002 288 1037 αδελφίας,
298 1005 332 1030 τὰ
351 1004 461 1031 τοιαῦτα
473 1006 659 1042 γνωρίσματα.
673 1006 723 1033 Διὰ
736 1007 815 1033 τοῦτο
825 1005 871 1034 οὖν
886 1008 935 1034 κὰ-

148 1048 189 1082 γὼ
208 1049 241 1076 τὰ
261 1050 446 1086 προειρημένα
465 1050 581 1087 ἔγραψα,
597 1052 651 1085 ἵνα,
668 1052 807 1088 μαθόντες,
825 1054 866 1080 ὅτι
885 1054 935 1080 οὐκ

148 1095 248 1127 ἀδίκως
275 1095 423 1132 ἐδεξάμεθα
447 1097 554 1129 αὐτοὺς,
579 1097 718 1133 παύσησθε
743 1098 792 1134 τῆς
807 1099 935 1134 τοιαύτης

147 1139 244 1174 ἔριδος.
268 1141 300 1168 El
321 1142 370 1177 μὲν
392 1142 446 1178 γὰρ
466 1142 596 1170 ἐλθόντων
612 1143 688 1178 ὑμῶν
706 1141 776 1178 ἦσαν
792 1152 934 1178 καταγνω-

148 1186 267 1219 σθέντες,
293 1188 317 1214 εί
337 1187 374 1223 μὴ
396 1188 522 1223 εὐλόγους
537 1189 686 1222 ἀποδείξεις
707 1189 778 1225 ἔχειν
795 1190 934 1224 ἐφαίνοντο

148 1232 219 1268 ὑπὲρ
242 1234 355 1266 ἑαυτῶν,
379 1234 468 1266 καλῶς
482 1234 515 1262 ἂν
534 1235 567 1262 τὰ
583 1235 695 1262 τοιαῦτα
714 1237 933 1271 γεγραφήκειτε·

146 1279 240 1314 ἐπειδὴ
254 1280 291 1312 δὲ,
303 1280 341 1312 ὡς
360 1282 497 1316 προεῖπον,
523 1281 671 1313 κανονικῶς
696 1282 743 1309 καὶ
765 1281 815 1308 οὐκ
834 1282 934 1314 ἀδίκως

146 1323 196 1359 τὴν
211 1324 280 1360 πρὸς
292 1325 390 1357 αὐτοὺς
401 1325 517 1360 ἔσχομεν
531 1326 681 1357 κοινωνίαν,
695 1326 844 1362 παρακαλῶ
865 1327 934 1363 ὑπὲρ

147 1370 276 1405 Χριστοῦ,
288 1370 325 1406 μὴ
335 1371 499 1407 ἐπιτρέψητε
510 1372 696 1407 διασχισθῆναι
705 1373 740 1399 τὰ
750 1372 880 1408 μέλημο)
886 1373 934 1400 τοῦ

147 1415 264 1450 Χριστοῦ
278 1416 345 1452 μηδὲ
358 1418 414 1449 τοῖς
429 1417 604 1453 προλήμμασι
617 1419 790 1454 πιστεύσητε,
806 1419 873 1446 ἀλλὰ
885 1419 933 1455 τὴν

146 1460 193 1491 τοῦ
209 1462 310 1497 Κυρίου
327 1463 437 1498 εἰρήνην
453 1464 639 1499 προτιμήσαιτε
649 1473 655 1480 ·
673 1465 702 1491 οὺ
716 1465 770 1500 γὰρ
787 1465 859 1492 ὅσιον
874 1465 934 1492 οὐδὲ

147 1507 250 1535 δίκαιον
272 1508 305 1535 δι’
325 1508 422 1543 ὀλίγων
449 1509 630 1545 μικροψυχίαν
648 1510 711 1542 τοὺς
733 1511 770 1547 μὴ
792 1519 934 1546 καταγνω-

148 1553 260 1585 σθέντας
271 1554 451 1590 ἀπορρίπτειν
462 1556 508 1582 καὶ
518 1556 615 1583 λυπεῖν
628 1556 656 1583 ὲν
668 1556 754 1592 τούτῳ
765 1557 796 1583 τὸ
808 1558 932 1593 Πνεῦμα.

146 1599 179 1625 Εἰ
198 1599 226 1626 δὲ
243 1589 367 1635 νομίζετε
386 1601 515 1628 δύνασθαί
529 1610 588 1628 τινα
603 1602 663 1628 κατ’
674 1589 763 1629 αὐτων
780 1589 932 1637 ὰποδεῖέαι,
946 1589 968 1618 c‘

145 1645 194 1673 καὶ
207 1645 247 1677 είς
264 1646 408 1682 πρόσωπον
425 1647 524 1678 αὐτοὺς
539 1647 658 1682 ἐλέγξαι,
673 1647 826 1675 ὲλθέτωσαν
838 1649 863 1676 οἱ
876 1649 934 1685 (M)

149 1690 314 1727 βουλόμενοι.
333 1692 472 1728 Ἑτοίμους
495 1693 549 1729 γὰρ
565 1694 679 1726 ἑαυτοὺς
699 1695 746 1721 καὶ
766 1695 842 1722 αὐτοὶ
864 1693 934 1722 εἶναι

146 1737 354 1773 ἐπηγγείλαντο,
367 1739 438 1766 ὥστε
451 1740 498 1767 καὶ
513 1740 652 1772 ἀποδεῖξαι
665 1741 712 1767 καὶ
726 1740 870 1775 διελέγξαι,
884 1749 934 1768 πε-

147 1783 176 1819 ρὶ
190 1780 226 1810 ὦν
243 1784 308 1819 ἡμῖν
325 1783 503 1820 ἀπήγγειλαν.

183 1830 226 1857 55.
244 1830 387 1866 Σημάνατε
408 1829 455 1858 οὖν
477 1832 553 1867 ἡμῖν,
575 1831 721 1867 ἀγαπητοὶ,
742 1831 807 1868 περὶ
826 1831 933 1865 τούτου,

149 1875 194 1903 ἵνα
216 1876 352 1909 κάκείνοις
382 1877 540 1913 γράψωμεν,
560 1877 678 1910 καὶτοῖς
700 1878 836 1912 ὀφείλουσι
854 1877 934 1905 πάλιν

148 1922 284 1949 συνελθεῖν
312 1923 490 1954 ὲπισκόποις”
519 1923 588 1958 πρὸς
608 1922 639 1949 τὸ
664 1923 773 1950 πάντων
793 1923 934 1959 παρόντων

147 1968 211 2000 τοὺς
226 1969 392 2001 ὑπευθύνους
407 1969 642 2005 καταγνωσθῆναι,
659 1970 706 1997 καὶ
720 1970 817 2006 μηκέτι
834 1971 935 1998 ἀκατα-

148 2015 260 2041 στασίαν
274 2015 303 2042 ἐν
317 2017 377 2047 ταῖς
393 2015 566 2051 Ἐκκλησίαις
578 2015 714 2050 γενέσθαι.
732 2015 824 2051 Ἀρκεῖ
831 2015 886 2051 γὰρ
899 2015 933 2042 τὰ

145 2060 278 2096 γενόμενα
291 2069 298 2076 ·
319 2061 409 2097 ἀρκεῖ,
424 2062 464 2088 ὅτι
477 2061 619 2098 παρόντων
644 2061 800 2089 ἐπισκόπων
823 2062 933 2089 ἐπίσκο-

147 2115 193 2133 ποι
210 2105 378 2142 ὲξωρίζοντο.
388 2107 456 2143 Περὶ
470 2103 500 2134 οὖ
510 2108 570 2134 οὐδὲ
578 2110 765 2145 μακρηγορεῖν
776 2108 824 2142 δεῖ,
840 2109 883 2136 ἵνα
894 2109 931 2145 μὴ

149 2151 290 2187 βαρεῖσθαι
304 2153 328 2178 οἱ
339 2152 472 2188 παρόντες
492 2152 553 2179 τότε
567 2153 692 2180 δοκῶσιν.
714 2154 746 2180 Ei
757 2153 811 2189 γὰρ
823 2154 864 2181 δεῖ
875 2153 932 2189 (12)

145 2197 261 2234 τάληθὲς
288 2199 386 2230 εἰπεῖν,
413 2198 462 2225 οὐκ
493 2198 545 2226 ἔδει
574 2199 653 2235 μέχρι
678 2199 782 2226 τούτων
811 2199 931 2234 φθάσαι,

152 2288 309 2321 Ἀθανάσιος
320 2289 367 2316 καὶ
377 2289 544 2324 Μάρκελλος,
556 2289 593 2322 ὡς
605 2289 736 2325 γράφετε,
750 2289 932 2325 μετετέθησαν

145 2335 202 2363 ἀπὸ
215 2334 269 2362 τῶν
283 2334 355 2361 ἰδίων
368 2334 467 2366 τόπων,
483 2335 510 2362 τί
527 2335 574 2362 καὶ
595 2335 660 2370 περὶ
674 2335 729 2361 τῶν
743 2335 830 2362 ἄλλων
843 2336 875 2363 ἄν
892 2344 934 2368 τις

145 2382 217 2409 εῐποι
227 2381 281 2408 τῶν
296 2382 326 2408 ὲκ
337 2380 471 2417 διαφόρων
482 2381 582 2413 τόπων,
594 2381 632 2412 ὠς
645 2381 784 2417 προεῖπον,
802 2381 933 2408 ἐλθόντων

145 2428 262 2456 ἐνταῦθα
274 2428 429 2455 ἐπισκόπων
441 2429 487 2455 καὶ
502 2428 711 2465 πρεσϐυτέρων;
727 2429 782 2455 Καὶ
791 2429 868 2455 αὐτοὶ
878 2429 933 2465 γὰρ

145 2475 226 2502 πάλιν
239 2474 377 2511 ἡρπάσθαι
392 2475 503 2506 ἑαυτοὺς
517 2475 563 2502 καὶ
577 2474 689 2501 τοιαῦτα
703 2474 865 2502 πεπονθέναι
876 2475 933 2502 ἐλε-

146 2529 203 2555 γον.
218 2518 253 2547 Ὠ
268 2520 417 2556 ἀγαπητοίῐ
440 2520 531 2547 οὐκέτι
546 2519 616 2547 κατὰ
629 2519 659 2546 τὸ
673 2519 846 2553 Εὐαγγέλιον,
864 2520 932 2548 ἀλλὰ

145 2566 238 2594 λοιπὸν
250 2567 296 2594 ἐπὶ
307 2566 443 2603 ὲξορισμῷ
460 2566 507 2593 καὶ
523 2566 629 2601 θανάτῳ
642 2567 669 2593 αἱ
682 2566 785 2601 κρίσεις
799 2566 848 2601 τῆς
871 2567 932 2593 Ἐκ-

145 2613 261 2650 κλησίας
278 2613 356 2641 εἰσίν.
374 2614 406 2640 El
421 2613 475 2650 γὰρ
486 2613 532 2640 καὶ
545 2613 622 2645 ὅλως,
640 2612 678 2645 ὡς
697 2612 773 2647 φατὲ,
793 2612 890 2647 γέγονέ
905 2621 932 2639 τι

184 2691 222 2732 (7)
235 2691 316 2732 Βεεη
330 2691 586 2732 ὕμ-ῷνπβςιίιῆινετο
599 2698 659 2718 cum
679 2690 740 2718 aliis
751 2697 829 2722 mss.,
846 2690 935 2725 ἡμῶν.

148 2726 233 2758 Magis
246 2726 436 2762 arridet‘Begii
453 2727 543 2754 lectio.

183 2762 221 2796 (-8)
237 2762 274 2789 lta
290 2762 355 2797 Reg.
374 2760 450 2789 Editi‘
458 2768 530 2795 vero,
549 2760 727 2797 ἀπέχθεισαν,
742 2761 879 2788 mendose.

182 2797 220 2833 (9)
235 2796 312 2838 ηοξ..
327 2795 568 2838 καὶ-σπουδάσητε.
584 2795 643 2838 M'ox
665 2797 744 2838 editi,
766 2795 933 2838 ὀίκτιρμῷξ.

147 2830 226 2868 Regi,
241 2830 395 2868 οἰκτιρμοῦ.
404 2832 476 2860 lul'ra
484 2830 549 2860 editi
559 2831 637 2864 male,
647 2832 680 2866 τῇ
690 2830 811 2867 ἡμετέρᾳ
819 2830 931 2866 σπουδῇ.

147 2868 225 2896 Best"
236 2867 366 2896 ὑμετέρα.

170 2876 225 2897 εκ..
236 2876 366 2897 υμετερα.

198 2876 393 2938 i‘éf‘iiieiiég.
416 2902 487 2931 Editi
504 2906 605 2936 autem,
624 2901 658 2930 τὰ
685 2901 765 2938 μέρη,
789 2901 929 2930 mendose.

985 956 1041 989 eis,
1064 958 1110 984 sed
1136 957 1319 984 contentionis
1344 962 1371 984 et
1397 958 1451 984 odii
1477 958 1587 985 fraterni
1609 963 1670 986 sunt
1690 967 1772 994 argui.

986 1007 1085 1030 menta.
1100 1002 1270 1037 Quapropter
1292 1003 1432 1038 superiora
1456 1003 1569 1038 scripsi,
1594 1009 1624 1031 ut
1640 1005 1771 1033 certiores

985 1048 1066 1080 facti,
1086 1055 1133 1075 eos
1156 1055 1208 1075 non
1232 1047 1332 1082 injuste
1354 1055 1369 1074 a
1389 1049 1466 1076 nobis
1486 1053 1608 1083 receptos
1629 1057 1701 1082 esse,
1719 1051 1771 1078 ltu-

984 1092 1102 1128 jusmodi
1124 1093 1214 1128 jurgio
1238 1093 1318 1120 finem
1345 1093 1531 1128 imponeretis.
1555 1095 1605 1128 Qui
1631 1096 1670 1128 si,
1695 1097 1771 1125 vobis

987 1139 1041 1166 huc
1064 1139 1290 1172 concedentibus,
1317 1139 1435 1166 convicti
1462 1139 1595 1174 fuissent,
1617 1146 1644 1169 et
1671 1143 1693 1169 si
1716 1150 1770 1170 non

984 1189 1180 1212 consentaneas
1205 1185 1324 1212 rationes
1348 1192 1398 1219 pro
1421 1193 1471 1212 sua
1492 1186 1648 1214 defensione
1673 1192 1768 1222 protu-

985 1230 1095 1262 lissent,
1112 1231 1173 1266 jure
1194 1231 1290 1258 merito
1305 1231 1369 1258 talia
1387 1233 1575 1267 scripsissetis.
1593 1233 1770 1269 Quandoqui-

984 1276 1045 1304 dem
1063 1281 1170 1310 autem,
1192 1281 1221 1303 ut
1240 1284 1320 1311 supra
1344 1277 1417 1312 dixi,
1433 1277 1511 1312 juxta
1535 1287 1653 1307 canones
1668 1284 1696 1308 et
1715 1288 1770 1307 non

985 1323 1096 1358 injuste,
1120 1330 1181 1350 cum
1199 1322 1253 1350 illis
1272 1323 1462 1352 communione
1476 1325 1633 1360 jungimnr,
1656 1326 1770 1354 obsecro

983 1375 1032 1396 vos
1059 1375 1106 1402 per
1131 1367 1286 1401 Christum,
1319 1375 1353 1396 ne
1378 1369 1474 1397 sinatis
1509 1367 1622 1398 discindi
1649 1372 1770 1399 membra

984 1414 1098 1447 Christi,
1111 1421 1164 1442 neu
1182 1415 1290 1450 praeviis
1307 1416 1462 1447 rumoribus
1480 1417 1560 1445 fidem
1577 1418 1709 1449 habeatis.
1722 1418 1770 1446 sed

985 1463 1091 1490 Domini
1116 1471 1209 1498 pacem
1236 1463 1320 1498 pluris
1342 1463 1460 1491 faciatis.
1484 1463 1543 1491 Non
1569 1463 1641 1491 enim
1663 1471 1770 1499 aequum

982 1508 1139 1543 iustumque
1153 1509 1236 1537 fuerit
1248 1509 1282 1537 ob
1299 1516 1448 1544 paucorum
1466 1509 1642 1541 simultatem,
1657 1516 1704 1537 eos
1723 1510 1770 1544 qui

985 1554 1103 1582 convicti
1129 1562 1180 1583 non
1198 1559 1279 1588 sunt,
1307 1555 1441 1590 abjicere,
1465 1558 1492 1582 et
1516 1555 1543 1582 in
1568 1555 1620 1582 hoc
1639 1554 1768 1589 Spiritum

984 1600 1156 1628 contristare.
1183 1599 1260 1634 Quod
1286 1600 1309 1628 si
1335 1600 1508 1627 arbitramini
1534 1607 1615 1636 posse
1645 1600 1768 1634 quaedam

983 1647 1116 1675 adversus
1131 1646 1191 1674 illos
1205 1646 1326 1682 probari,
1342 1653 1374 1674 ac
1389 1653 1482 1674 coram
1500 1653 1547 1673 eos
1565 1645 1706 1679 convinci;
1723 1653 1769 1673 ve-

984 1693 1061 1720 niant
1072 1692 1171 1727 quibus
1188 1692 1214 1720 id
1232 1691 1376 1726 placuerit.
1391 1691 1458 1719 Nam
1473 1699 1504 1719 se
1518 1697 1627 1726 paratos
1641 1691 1700 1719 fore
1715 1692 1770 1726 pol-

983 1738 1050 1766 liciti
1070 1742 1149 1771 sunt,
1169 1738 1203 1765 ad
1223 1744 1255 1765 ea
1274 1745 1334 1772 quae
1358 1737 1436 1765 nobis
1455 1737 1651 1764 denuntiarunt
1668 1736 1769 1772 liquido

983 1784 1194 1819 comprobanda.

1019 1829 1064 1857 55.
1084 1829 1223 1857 Certiores
1239 1829 1321 1864 igitur
1344 1836 1408 1862 nos,
1431 1828 1615 1862 dilectissimi,
1638 1829 1673 1856 de
1689 1836 1721 1856 ea
1740 1836 1770 1856 re

984 1876 1076 1909 facite,
1089 1883 1144 1911 quo
1157 1880 1185 1903 et
1198 1874 1262 1910 illis,
1277 1879 1303 1902 et
1317 1875 1453 1911 episcopis
1468 1875 1521 1903 huc
1538 1875 1712 1902 conventuris
1726 1881 1769 1902 re-

983 1924 1157 1956 scribamus;
1183 1927 1214 1950 ut
1234 1921 1412 1958 prasentibus
1434 1921 1559 1950 omnibus
1576 1921 1621 1957 qui
1642 1921 1680 1949 rei
1704 1925 1769 1950 sunt

983 1969 1194 2001 convincantur;
1210 1973 1241 1996 ut
1254 1974 1288 1996 ne
1302 1967 1418 1996 ulterius
1434 1964 1606 2002 perturbatio
1629 1967 1656 1994 in
1674 1966 1769 1995 Eccle-

981 2014 1031 2043 siis
1052 2013 1177 2042 exsistat.
1194 2012 1244 2041 Sat
1264 2019 1328 2042 sunt
1341 2013 1414 2041 enim
1438 2020 1484 2041 res
1507 2013 1641 2041 hactenus
1663 2018 1768 2049 geste;

982 2059 1081 2088 suﬂicit
1093 2066 1210 2095 quoque,
1224 2060 1251 2087 in
1268 2059 1411 2095 praesentia
1425 2059 1613 2094 episcoporum
1627 2059 1769 2094 episcopos

983 2105 1010 2134 in
1024 2103 1148 2134 exsilium
1163 2111 1238 2134 actos
1255 2113 1326 2135 esse.
1339 2105 1398 2139 Qua
1414 2106 1448 2134 de
1464 2113 1494 2135 re
1510 2113 1565 2134 non
1580 2110 1622 2134 est
1638 2105 1770 2141 prolixior

983 2160 1073 2180 sermo
1089 2151 1239 2185 habendus,
1262 2160 1296 2180 ne
1311 2152 1419 2187 gravari
1434 2152 1576 2180 videantur
1590 2153 1634 2187 qui
1649 2157 1705 2179 tum
1720 2151 1768 2179 ad-

956 2210 960 2213 ι
983 2197 1068 2227 fuere.
1090 2197 1158 2225 Nam
1176 2198 1198 2226 si
1218 2205 1282 2226 vere
1304 2198 1466 2231 dicendum,
1490 2197 1603 2225 minime
1618 2197 1710 2224 decuit
1733 2192 1769 2225 ad

145 2243 206 2270 οὐδὲ
223 2243 263 2275 είς
280 2243 406 2270 τοσοῦτον
424 2243 510 2271 ἐλθεῖν
525 2243 575 2276 τὰς
593 2243 783 2281 μικροψυχίας.
800 2245 891 2272 Ἔστω
903 2244 932 2272 δὲ
947 2268 970 2296 D

984 2245 1043 2272 haec
1065 2251 1151 2279 usque
1175 2243 1299 2272 facinora
1322 2244 1485 2280 procedere,
1507 2247 1554 2270 aut
1577 2250 1696 2277 eousque
1718 2242 1769 2270 has

983 2290 1167 2318 dissensiones
1195 2289 1333 2325 progredi.
1359 2289 1442 2322 Esto,
1465 2289 1521 2317 sint
1545 2289 1710 2316 Athanasius
1739 2293 1769 2316 et

983 2336 1136 2370 Marcellus,
1157 2337 1196 2364 uti
1223 2337 1354 2370 scribitis,
1376 2344 1391 2364 a
1414 2336 1471 2364 suis
1493 2335 1602 2364 sedibus
1627 2334 1769 2368 translati;

984 2383 1032 2410 sed
1050 2382 1114 2418 quid
1134 2383 1170 2410 dc
1186 2382 1246 2410 aliis
1266 2382 1384 2416 dicatur,
1405 2389 1465 2409 cum
1483 2380 1616 2417 episcopis
1630 2385 1686 2408 tum
1707 2387 1770 2414 pre-

983 2428 1111 2464 sbyteris.
1124 2429 1169 2463 qui
1185 2435 1218 2455 ex
1233 2429 1351 2457 diversis
1366 2428 1442 2461 locis,
1459 2427 1684 2464 quemadmodum
1700 2426 1768 2460 dixi,

985 2474 1038 2502 ltuc
1052 2482 1081 2502 se
1098 2474 1257 2502 contulere?
1273 2474 1341 2502 Nam
1360 2475 1404 2502 isti
1421 2481 1530 2510 quoque
1543 2481 1572 2502 se
1587 2474 1724 2507 abreptos,
1740 2477 1770 2501 et.

985 2521 1136 2549 istiusmodi
1152 2521 1356 2549 calamitatibus
1376 2520 1492 2549 alllictos
1505 2528 1566 2549 esse
1585 2521 1674 2548 testati
1693 2525 1768 2549 sunt;

985 2566 1007 2594 0
1021 2566 1128 2594 dilecti!
1147 2566 1204 2594 Non
1222 2566 1278 2601 jam
1296 2567 1412 2596 ulterius
1431 2567 1507 2602 121
1525 2567 1653 2595 Ecclesia:
1666 2567 1769 2602 judicia

986 2613 1135 2641 secundum
1152 2613 1329 2649 Evangelium
1347 2614 1536 2646 instituuntur,
1549 2614 1596 2641 sed
1611 2612 1654 2641 vel
1668 2612 1702 2640 ad
1721 2619 1769 2640 ειη

1035 2691 1077 2727 11)
1093 2692 1124 2719 Οἱ
1141 2692 1166 2719 in
1175 2692 1257 2719 editis
1268 2693 1353 2725 deest,
1375 2693 1422 2719 sed
1438 2692 1464 2719 in
1477 2692 1543 2727 Reg.
1555 2691 1662 2725 legitur.

1033 2727 1076 2763 l2)
1101 2727 1181 2762 Reg.,
1198 2728 1230 2754 Et
1242 2727 1297 2762 γὰρ
1313 2727 1354 2763 δή.
1372 2727 1455 2754 Paulo
1467 2726 1548 2758 infra.
1568 2735 1620 2763 vox
1636 2726 1769 2763 μικροψυ-

984 2762 1030 2797 χία
1056 2770 1108 2790 non
1123 2763 1208 2790 animi
1228 2763 1430 2795 demissionem,
1448 2762 1490 2789 vel
1517 2762 1767 2796 pusillanimitatem

984 2797 1129 2832 signiﬁcat,
1145 2803 1174 2825 ut
1192 2798 1272 2825 vertit
1285 2797 1416 2829 Nannius.
1439 2798 1487 2825 sed
1504 2797 1679 2829 simultatem,
1712 2797 1768 2823 dis-

982 2832 1146 2895 schionem.
1175 2833 1276 2862 Eadem
1300 2833 1435 2862 sententia
1463 2833 1520 2861 bsic
1546 2840 1596 2860 vox
1624 2839 1672 2860 usu
1694 2832 1768 2860 venit

982 2876 1009 2895 Ill
1024 2875 1064 2895 η.

982 2875 1064 2896 lllll‘a.
