2031 3048
275 157 327 185 307

561 155 591 184 S.
611 155 799 183 ATHANASII
818 155 895 183 OPP.
917 154 1007 184 PARS
1027 155 1046 182 l.
1068 147 1103 175 —'
1122 153 1306 182 HISTORICA
1329 153 1373 181 ET
1392 152 1604 182 DOGMATICA.

1851 151 1906 180 308

276 217 377 249 cilium,
391 215 433 244 vel
448 216 481 243 ad
499 220 610 243 mortem
627 216 737 243 dantur.
761 216 828 243 Nam
851 217 873 243 si
896 216 1017 248 omnino.
1032 220 1061 243 ut

1112 216 1153 247 εἱς
1171 216 1269 247 αὐτοὺς
1283 215 1444 251 ἁμάρτημα,
1458 213 1511 240 ἔδει
1529 213 1600 241 κατὰ
1617 212 1662 240 τὸν
1678 213 1908 249 ἐκκλησιαστικὸν

276 263 383 295 dicitis,
398 262 488 297 aliqua
502 261 553 289 fuit
566 270 660 290 eorum
683 262 773 297 Culpa,
789 263 908 298 oportuit
924 263 1003 297 juxta
1016 269 1061 290 ec-

277 309 458 337 clesiasticum
476 315 616 339 canonem.
629 313 657 336 et
671 316 724 336 non
746 315 779 336 eo
803 312 891 343 pacto,
912 315 967 336 rem
991 308 1062 343 judi-

276 357 332 384 ωιιί
348 363 356 383 :
369 355 488 390 oportuit
501 355 627 382 omnibus
642 355 721 383 nobis
737 355 917 389 rescripsisse,
931 359 960 381 ut
975 355 1012 382 ita
1027 354 1061 381 ab

274 402 409 435 omnibus,
430 401 501 436 quod
515 401 615 435 justum
629 406 701 428 esset
724 402 921 428 decerneretur.
937 401 1061 436 Episcopi

275 449 347 475 enim
367 452 445 475 erant
461 448 506 482 qui
525 447 706 482 patiebantur,
727 454 779 475 nec
794 448 920 483 vulgares
934 447 1062 476 Ecclesiae

275 498 378 522 vexata:
392 498 466 526 sunt,
480 494 527 521 sed
548 501 615 529 quas
635 494 686 528 ipsi
710 494 824 529 apostoli
848 501 896 528 per
917 501 947 521 se
963 494 1061 529 guber-

278 545 388 567 narunt.
403 539 458 567 Cur
472 545 561 566 autem
584 540 616 566 de
630 539 810 567 Alexandrina
825 540 992 575 potissimum
1012 540 1064 567 Ec-

276 586 372 618 clesia,
389 585 454 613 nihil
475 585 552 613 nobis
566 586 696 620 scriptum
710 586 770 613 est?
785 586 825 613 An
840 586 970 621 ignoratis
993 586 1063 613 hanc

273 638 337 658 esse
359 631 594 663 consuetudinem,
608 636 637 658 ut
657 631 772 666 primum
789 632 865 659 nobis
877 632 1020 664 scribatur,
1035 636 1063 659 et

274 676 347 708 hinc,
361 676 431 710 quod
444 676 546 710 justum
561 681 613 707 est,
625 677 804 704 decernatur?
818 676 890 704 Sane
909 677 931 704 si
947 684 999 712 qua
1015 677 1061 704 hu-

272 722 388 757 iusmodi
404 723 521 757 suspicio
536 723 562 750 in
581 722 653 750 illius
669 723 745 750 urbis
765 723 920 758 episcopum
935 723 1062 756 cadebat,

273 769 308 796 ad
325 769 395 796 hanc
419 768 570 796 Ecclesiam
595 768 663 796 illud
684 768 889 796 rescribendum
908 768 968 796 fuit.
988 768 1064 797 Nunc

272 820 364 842 autem
380 815 429 846 illi,
445 822 475 842 re
489 815 568 842 nobis
583 822 636 842 non
651 814 785 846 indicata,
802 819 978 850 posteaquam
992 814 1063 849 quod

273 860 353 888 libuit
369 868 451 894 egere
467 880 475 892 ,
492 867 542 888 nos
555 861 654 895 quibus
668 867 699 888 ea
719 860 834 888 crimina
850 859 992 894 explorata
1008 867 1061 887 non

273 912 354 940 sunt,
374 907 425 934 sibi
456 906 651 942 suﬂ‘ragatores
673 914 734 935 esse
756 907 862 934 volunt.
887 907 1061 942 Nequaquam

274 953 338 980 talia
356 958 420 980 sunt
433 953 508 980 Pauli
533 958 645 986 statuta,
668 961 723 981 non
743 954 801 981 lucc
824 953 919 981 Patres
943 954 1062 982 tradide-

274 1003 338 1024 runt
352 1006 359 1025 :
376 998 424 1026 sed
439 998 528 1025 aliena
545 1004 586 1026 est
604 999 655 1026 ista
671 998 771 1031 forma,
789 1007 888 1026 novum
912 999 963 1027 hoc
982 999 1062 1026 insti-

274 1048 371 1072 tutum.
383 1043 505 1072 Obsecro
517 1044 643 1072 alacriter
655 1044 798 1078 toleretis;
815 1053 876 1080 quae
886 1045 957 1073 enim
973 1045 1062 1073 scribo

273 1089 306 1116 ad
333 1089 467 1124 publicum
495 1090 594 1117 bonum
618 1090 774 1118 conferunt.
800 1090 868 1118 Nam
896 1099 956 1126 quae
981 1099 1061 1119 acce-

273 1136 362 1171 pimus
381 1144 396 1163 a
414 1137 493 1164 beato
509 1136 588 1164 Petro
603 1137 736 1172 apostolo,
761 1145 794 1165 ea
816 1138 893 1166 vobis
919 1139 1059 1174 signiﬁco;

273 1190 326 1210 non
344 1183 498 1217 scripturus
522 1186 624 1215 tamen,
644 1183 716 1218 quod
740 1189 805 1211 nota
827 1185 897 1220 apud
916 1192 1010 1213 omnes
1030 1194 1061 1213 ea

272 1237 334 1257 esse
355 1229 520 1263 existimem,
538 1229 588 1256 nisi
613 1237 673 1264 quaa
697 1235 771 1265 gesta
795 1235 859 1258 sunt
882 1238 932 1259 nos
949 1236 1062 1259 contur.

272 1275 394 1303 bassent.
409 1275 534 1310 Episcopi
549 1275 722 1309 abripiuntur
735 1280 762 1302 et
777 1283 793 1303 e
808 1276 865 1303 suis
881 1277 991 1305 sedibus
1006 1276 1061 1312 pel-

273 1320 366 1348 luntur
379 1329 386 1347 :
400 1320 445 1347 alii
467 1320 575 1347 aliunde
589 1327 684 1347 eorum
696 1321 757 1348 vice.
775 1321 1000 1349 constituuntur:
1015 1322 1061 1350 alii

272 1374 338 1394 vero
360 1366 464 1394 insidiis
483 1371 668 1401 appetuntur:
685 1366 721 1393 ita
738 1371 767 1394 nt
784 1367 874 1402 populi
891 1368 925 1396 de
943 1368 1061 1404 abreptis

272 1412 393 1445 doleant,
407 1413 557 1440 submissos
575 1413 697 1448 recipere
710 1417 859 1447 cogantur;
881 1418 912 1441 ut
925 1421 994 1448 quos
1012 1421 1062 1441 ει*

275 1463 370 1492 optant
391 1466 444 1486 non
464 1459 621 1493 requirant,
642 1466 711 1493 quos
732 1463 823 1486 autem
847 1459 957 1492 nolunt,
983 1460 1062 1488 inviti

274 1505 418 1540 recipiant.
432 1504 516 1540 ‘Rogo
531 1511 580 1531 vos
596 1511 629 1531 ne
648 1504 718 1531 ultra
734 1504 888 1539 ltujusmodi
911 1512 955 1533 res
980 1513 1061 1541 agan-

1113 261 1222 292 κανόνα,
1244 261 1291 287 καὶ
1317 261 1355 296 μὴ
1367 260 1454 292 οὕτως
1471 259 1634 295 γεγενῆσθαι
1657 259 1706 295 τὴν
1728 261 1835 296 κρίσιν·
1851 261 1908 288 ἔδει

1113 307 1251 342 γραφῆναι
1263 308 1345 334 πᾶσιν
1354 307 1428 342 ἡμῖν,
1442 307 1485 333 ἴνα
1499 306 1586 338 οὕτως
1601 305 1675 341 παρὰ
1690 306 1798 334 πάντων
1809 307 1906 343 ὁρισθῇ

1114 352 1145 378 τὸ
1161 352 1276 379 δίκαιον,
1307 352 1465 378 Ἐπίσκοποι
1481 351 1535 388 γὰρ
1548 349 1618 387 ἦσαν
1641 352 1670 378 οιι
1683 352 1841 387 πάσχοντες,
1857 353 1907 378 καὶ

1112 398 1162 433 οὐχ
1183 399 1211 425 αἱ
1226 398 1356 434 τυχοῦσαι
1376 398 1535 434 Ἐκκλησίαι
1551 398 1580 424 αἱ
1593 398 1744 433 πάσχουσαι
1761 398 1827 434 (ib),
1846 398 1905 425 ἀλλ’

1113 440 1152 471 ὧν
1166 444 1243 471 αὐτοὶ
1264 445 1289 471 οἱ
1309 444 1452 471 ἀπόστολοι
1469 444 1502 471 δι’
1517 443 1621 470 ἑαυτῶν
1637 443 1840 480 καθηγήσαντο.
1855 444 1906 471 Διὰ

1113 489 1140 515 τί
1155 489 1183 516 δὲ
1195 489 1260 525 ’περὶ⁵
1278 490 1338 525 τῆς·
1350 489 1546 526 Ἀλεξανδρέων
1566 489 1800 525 Ἐκκλησίας-(Η)
1825 491 1905 525 μάλι-

1115 543 1166 561 στα
1181 535 1231 562 οὐκ
1249 536 1384 571 ἐγράφετο
1399 537 1483 571 ἡμίν;
1498 536 1533 562 Ἢ
1553 536 1685 570 ἀγνοεῖτε,
1696 536 1737 562 ὅτι
1751 535 1831 563 τοῦτο
1844 536 1904 568 ἔθος

1113 579 1159 616 ἦν,
1179 581 1314 617 πρότερον
1329 581 1482 617 γράφεσθαι
1501 583 1576 617 ἡμῖν,
1597 583 1643 609 καὶ
1658 581 1744 614 οὕτως
1760 582 1835 609 ἐνθεν
1850 584 1906 619 ὸρὶ-

1114 627 1208 660 ζεσθαι
1221 628 1253 654 τὰ
1267 628 1374 659 Binum;
1389 629 1420 655 Εἰ
1432 628 1481 664 μὲν
1493 626 1539 655 οὖν
1552 637 1578 654 τι
1596 628 1715 655 τοιοῦτον
1729 626 1763 664 ἦν
1774 629 1906 656 ὑποπτευ-

1115 674 1160 701 θὲν
1177 675 1218 706 είς
1235 674 1281 701 τὸν
1295 674 1444 701 ἐπίσκοπον
1462 674 1508 701 τὸν
1522 675 1590 706 ἐκεῖ,
1603 674 1656 701 ἔδει
1667 674 1735 711 πρὸς
1749 675 1799 710 τὴν
1810 675 1906 702 ἐνταῦ-

1114 720 1148 747 θα
1166 720 1326 755 Ἐκκλησίαν
1341 720 1479 756 γραφῆναι
1490 729 1496 735 '
1518 719 1565 746 νῦν
1581 720 1609 746 δὲ
1624 721 1648 747 οἱ
1666 721 1741 755 ἡμᾶς
1755 720 1791 756 μὴ
1806 721 1910 757 πληρο-

1114 767 1293 803 φορήσαντες,
1307 767 1458 802 πράξαντες
1474 766 1503 792 δὲ
1516 766 1591 793 αὐτοὶ
1605 766 1643 798 ὡς
1656 766 1800 802 ἠθέλησαν,
1812 767 1907 793 λοιπὸν

1114 813 1163 840 καὶ
1173 814 1246 848 ἡμᾶς
1259 813 1288 840 οὐ
1302 812 1487 847 καταγνόντας
1498 812 1635 847 βούλονται
1649 812 1810 848 συμψήφους
1822 811 1904 840 εἶναι.

1117 859 1174 895 Οὐχ
1188 858 1274 891 οὕτως
1285 859 1313 885 αἱ
1328 858 1435 885 Παύλου
1449 858 1595 891 διατάξεις,
1611 858 1660 893 οὐχ
1676 858 1762 890 οὓτως
1780 859 1804 885 οἱ
1820 860 1907 886 πατέ-

1077 890 1100 919 Β
1114 890 1422 940 ρεξπαραδεδὼκασιν·
1448 903 1526 935 ἄλλος
1547 904 1631 935 τύπος
1644 890 1724 930 ’ἐστὶν
1749 902 1835 936 οὗτος.
1856 905 1906 932 καὶ

1113 949 1204 977 καινὸν
1223 950 1253 977 τὸ
1267 950 1444 985 ἐπιτήδευμα.
1468 949 1633 985 Παρακαλῶ,
1663 949 1732 984 μετὰ
1751 950 1907 986 προθυμίας

1113 995 1242 1030 ἐνέγκατε
1253 1004 1259 1010 ·
1275 995 1346 1030 ὑπὲρ
1361 994 1408 1021 τοῦ
1424 996 1499 1030 κοινῇ
1515 995 1572 1031 (15)
1589 995 1777 1031 συμφέίροντός
1797 996 1870 1022 ἐστιν
1888 996 1907 1023 ἃ

1112 1041 1227 1076 γράφω·
1256 1040 1274 1068 ἃ.
1295 1041 1349 1075 γὰρ
1378 1040 1584 1077 παρειλήφαμεν
1611 1041 1687 1077 παρὰ
1703 1041 1748 1068 τοῦ
1770 1043 1907 1078 μακαρίου

1113 1086 1281 1124 Πέτρου¹τοῦ
1298 1087 1458 1119 ἀποστόλου,
1483 1086 1570 1114 ταῦτα
1593 1088 1640 1114 καὶ
1660 1088 1724 1123 ὑμῖν
1743 1087 1833 1123 δηλῶ”
1857 1089 1908 1115 καὶ

1112 1134 1162 1160 οὐκ
1176 1134 1209 1160 ἂν
1226 1133 1342 1169 ἔγραψα,
1355 1133 1459 1168 φανερὰ
1477 1133 1625 1169 ἡγούμενος
1643 1132 1713 1160 εἶναι
1731 1134 1815 1161 ταῦτα
1830 1135 1908 1170 παρὰ

1113 1181 1206 1210 πᾶσιν,
1220 1181 1244 1206 εἰ
1260 1180 1298 1215 μὴ
1308 1179 1342 1206 τὰ
1352 1180 1486 1215 γενόμενα
1497 1180 1570 1215 ἡμᾶς
1583 1179 1724 1215 ἐτάραξεν.
1747 1180 1907 1206 Ἐπίσκοποι

1113 1226 1281 1263 ἀρπάζονται
1294 1227 1340 1253 καὶ
1350 1225 1536 1258 ἑκτοπίζονται
1549 1234 1555 1240 ·
1571 1225 1645 1253 ἄλλοι
1659 1225 1692 1252 δὲ.
1699 1225 1844 1261 ἀλλαχόθεν
1859 1227 1908 1252 άν-

1112 1273 1269 1303 τιτίθενται,
1289 1272 1337 1299 καὶ
1353 1272 1427 1299 ἄλλοι
1446 1272 1679 1298 ἐπιϐουλεύονται·
1699 1272 1769 1298 ὥστε
1793 1273 1840 1298 ἐπὶ
1855 1273 1908 1307 μὲν

1111 1321 1168 1351 τοῖς
1181 1318 1358 1355 άρπασθεῖσιν
1375 1319 1473 1350 αὐτοὺς
1492 1317 1608 1350 πενθεῖν,
1623 1318 1669 1345 ἐπὶ
1683 1318 1711 1344 δὲ
1731 1319 1787 1350 τοῖς
1797 1327 1908 1353 πεμπο-

1113 1365 1203 1401 μένοις
1216 1364 1429 1399 άναγκάζεσθαι,
1444 1364 1498 1397 ἵνα,
1507 1364 1555 1396 οὓς
1569 1365 1618 1400 μὲν
1628 1364 1744 1395 θέλουσι,
1763 1364 1800 1400 μὴ
1811 1365 1908 1400 ἐπιζη-

1111 1410 1206 1443 τῶσιν,
1227 1410 1274 1442 οὓς
1296 1411 1324 1437 δὲ
1349 1410 1385 1446 μὴ
1403 1410 1554 1446 βούλονται,
1573 1411 1714 1446 δέχωνται.
1736 1411 1816 1443 Ἀξιῶ
1834 1411 1909 1446 ὑμᾶς

1114 1458 1212 1494 μηκέτι
1237 1457 1349 1484 τοιαῦτα
1372 1457 1505 1492 γίνεσθαι,
1521 1458 1644 1493 γράψατε
1660 1458 1689 1484 δὲ
1708 1457 1808 1493 μᾶλλον
1834 1458 1908 1485 κατὰ

1112 1505 1166 1532 τῶν
1180 1504 1214 1531 τὰ
1229 1504 1342 1531 τοιαῦτα
1364 1505 1585 1540 ἐπιχειρούντων,
1618 1505 1660 1531 ἕνα
1680 1505 1777 1540 μηκέτι
1793 1505 1909 1532 τοιαῦτα

280 1556 345 1578 tur:
364 1551 418 1578 imo
435 1551 524 1586 potius
541 1555 635 1577 contra
657 1557 704 1578 eos
725 1551 836 1578 scribite
851 1551 896 1586 qui
919 1551 984 1579 talia
1003 1559 1061 1579 mo-

1113 1551 1293 1586 πάσχωσιναὶ
1312 1551 1478 1586 Ἐκκλησίαι,
1498 1551 1563 1586 μηδέ
1577 1560 1619 1583 τις
1631 1551 1780 1583 ἐπίσκοπος
1800 1551 1816 1587 ἦ
1837 1560 1907 1587 πρε*

274 1597 387 1630 liuntur,
403 1604 437 1624 ne
458 1597 584 1631 deinceps
607 1596 642 1623 ita
673 1600 807 1624 vexentur
830 1596 972 1631 Ecclesiae,
995 1605 1064 1625 neve

275 1645 337 1680 quis
357 1645 500 1680 episcopus
527 1648 574 1671 aut
598 1643 737 1679 presbyter
760 1644 951 1672 contumeliam
975 1645 1064 1680 patia-

275 1695 321 1718 tur
341 1700 348 1718 :
376 1695 423 1718 aut
447 1695 541 1718 coutra
565 1689 648 1716 animi
669 1689 710 1717 sui
734 1690 896 1717 sententiam
919 1690 966 1726 (ut
986 1691 1065 1719 nobis

274 1737 422 1765 indicatum
433 1737 497 1773 est),
513 1736 574 1772 quis
594 1736 684 1764 facere
699 1740 827 1770 cogatur;
843 1743 877 1763 ne
891 1736 960 1771 apud
975 1737 1065 1764 ethni-

274 1789 323 1810 cos
343 1782 427 1809 risnm
450 1789 618 1814 m0veamus,
638 1788 670 1809 ac
694 1781 721 1808 in
742 1781 848 1816 primis,
871 1788 906 1808 ne
928 1781 1013 1809 Deum
1029 1782 1063 1809 ad

274 1829 344 1856 iram
370 1829 550 1856 concitemus.
573 1827 766 1863 Unusquisque
793 1827 865 1855 enim
891 1832 1012 1855 nostrum
1036 1829 1063 1856 in

274 1874 318 1902 die
330 1873 424 1908 judicii
442 1873 576 1900 rationem
588 1880 698 1901 suorum
712 1874 739 1900 in
760 1873 811 1901 hac
827 1873 881 1900 vita
897 1880 1009 1908 operum
1021 1878 1063 1902 est

275 1921 438 1948 redditurus.
462 1919 572 1948 Utinam
601 1927 697 1948 omnes
722 1920 870 1948 secundum
895 1920 980 1948 Deum
999 1927 1063 1948 sen-

275 1966 356 1998 tiant,
371 1971 400 1993 ut
416 1970 443 1993 et
462 1966 592 1994 Ecclesia:
612 1967 750 2002 episcopis
771 1966 828 1994 suis
853 1967 981 2000 receptis,
1002 1974 1064 2002 per-

274 2015 357 2046 petuo
370 2012 507 2046 gaudeant
520 2012 547 2040 in
562 2012 671 2040 Christo
685 2011 749 2039 Jesu
765 2011 880 2039 Domino
895 2016 999 2045 nostro,
1016 2019 1063 2046 per

275 2063 356 2091 quem
370 2055 453 2091 gloria
468 2056 541 2084 Patri
557 2057 584 2084 in
601 2057 698 2084 saecula
713 2057 887 2084 sreculorum.
899 2057 995 2084 Amen.
1010 2056 1064 2083 Va-

275 2101 333 2128 lere
347 2109 396 2129 vos
418 2102 444 2129 in
465 2102 582 2130 Domino
599 2107 707 2138 exopto,
724 2102 879 2130 charissimi
902 2110 934 2130 ac
956 2102 1062 2130 deside-

275 2156 304 2176 ra
309 2148 366 2176 lissi
371 2148 406 2175 mi
422 2147 532 2176 fratres.

310 2194 356 2222 56.
377 2193 439 2221 Haec
449 2198 592 2229 postquam
605 2195 725 2231 synodus
736 2195 830 2223 Romae
839 2201 1001 2232 congregata
1014 2203 1062 2231 per

276 2239 376 2268 Julium
391 2240 544 2268 Romanum
559 2241 716 2277 episcopum
737 2241 903 2277 scripsisset,
921 2250 983 2270 cum
1000 2251 1061 2270 rur-
1079 2234 1100 2262 θ

275 2295 322 2315 sus
347 2287 491 2314 Eusebiani
521 2287 691 2320 impudenter
715 2295 744 2315 se
769 2293 907 2324 gererent,
925 2288 1062 2316 Ecclesias

274 2333 475 2368 perturbarent,
497 2341 529 2361 ac
547 2333 639 2361 multis
658 2339 786 2369 pararent
806 2334 929 2366 insidias,
953 2335 1062 2370 religio-

274 2380 374 2408 sissimi
394 2381 573 2415 imperatores
596 2380 772 2408 Constantius
790 2386 817 2408 et
832 2380 965 2408 Constans
978 2383 1012 2409 de
1028 2382 1062 2409 iis

273 2427 407 2455 certiores
438 2427 513 2459 lacti,
540 2427 678 2462 jusserunt
708 2427 863 2455 Occidentis
887 2431 914 2455 et
941 2426 1062 2455 Orientis

274 2473 415 2509 episcopos
437 2473 579 2502 Sardicam
606 2473 763 2501 convenire.
791 2473 900 2501 Interim
929 2473 1062 2501 Eusebius

274 2525 390 2548 mortem
404 2519 481 2547 obiit.
495 2519 580 2547 Porro
598 2518 721 2554 plurimis
734 2518 852 2554 undique
867 2519 1055 2547 convenienti-

311 2577 367 2612 (15)
387 2576 463 2610 Quod
488 2577 523 2604 ait
545 2577 632 2605 Julius
660 2585 706 2605 eas
724 2576 861 2605 Ecclesias
892 2577 926 2604 ab
951 2577 1060 2604 Arionis

275 2618 386 2641 vexatas
404 2612 486 2639 fuisse
495 2620 563 2647 quas
583 2613 634 2647 ipsi
648 2613 762 2647 apostoli
781 2620 830 2647 per
858 2619 888 2640 se
912 2611 1061 2646 gubernas-

275 2653 347 2681 sent,
361 2649 393 2675 ad
403 2648 488 2675 solam
503 2648 712 2675 Alexandrinam
727 2647 821 2675 referri
839 2648 946 2674 videtur
963 2656 969 2674 :
983 2647 1061 2681 quip-

276 2691 310 2719 pe
322 2691 381 2718 qua:
399 2691 414 2711 a
432 2682 523 2710 Marco
538 2684 666 2719 primum,
686 2688 717 2709 ut
742 2682 861 2718 vulgaris
869 2682 939 2719 "fert
957 2682 1059 2717 opinio,

277 2717 359 2746 Peli-0
387 2717 548 2752 ordinante;
573 2718 760 2746 administrata
790 2718 852 2745 fuit.
869 2717 949 2745 Viros
970 2721 1059 2744 autem

279 2754 451 2788 apostolicos,
477 2759 505 2780 et
531 2753 712 2788 apostolorum
741 2753 897 2787 discipulos,
923 2752 1060 2786 apostolos

277 2789 414 2816 interdum
431 2790 464 2817 ab
486 2790 605 2824 antiquis
625 2789 714 2816 vocari
739 2789 865 2824 omnibus
891 2791 1059 2824 compertum

278 2828 331 2850 est.
348 2824 425 2851 Unde
440 2822 593 2857 conjectare
608 2824 687 2850 liceat
704 2824 792 2857 ipsum
809 2823 929 2851 Marcum
949 2831 964 2849 a
991 2822 1062 2849 Julio

280 2860 406 2891 pontiﬁce
419 2859 531 2892 apostoli
553 2859 660 2885 nomine
676 2858 841 2886 subindicari
852 2878 860 2892 ,
877 2858 948 2892 quod
972 2859 1061 2886 crudis

281 2897 370 2921 torum
383 2893 485 2928 judicio
499 2894 678 2928 permittatur.

1117 1597 1245 1632 σδύτερος
1263 1596 1342 1632 ὓϐριν
1355 1597 1456 1632 πάσχῃ,
1471 1597 1487 1632 ἢ
1502 1597 1577 1633 παρὰ
1593 1596 1717 1632 γνώμην,
1734 1597 1829 1633 ῶσπερ
1846 1597 1909 1634 ἐδή-

1115 1643 1204 1671 λωσαν
1215 1644 1293 1679 ἡμῖν,
1311 1643 1501 1679 ἀναγκάζηται
1518 1652 1563 1675 τις
1571 1646 1668 1676 ποιεῖν,
1680 1644 1723 1670 ἵνα
1739 1644 1776 1680 μὴ
1793 1645 1839 1671 καὶ
1853 1653 1908 1672 πα-

1117 1691 1150 1726 ρὰ
1170 1691 1227 1722 τοῖς
1242 1690 1331 1717 ἔθνεσι
1354 1690 1460 1725 γέλωτα
1475 1690 1646 1726 ὸφλήσωμεν,
1659 1691 1706 1717 καὶ
1722 1691 1774 1726 πρό
1787 1700 1818 1725 γε
1836 1691 1908 1718 πάν-

1114 1744 1178 1768 των,
1196 1736 1239 1763 ἵνα
1269 1737 1305 1772 μὴ
1330 1735 1386 1772 (16)
1402 1736 1448 1763 τὸν
1464 1736 1530 1763 Θεὸν
1547 1736 1752 1772 παροξύνωμεν.
1773 1738 1908 1770 ’Ἕκαστος

1114 1782 1168 1818 γὰρ
1181 1783 1197 1817 ἡ
1203 1783 1260 1818 μῶν
1277 1782 1412 1809 ἀποδώσει
1423 1782 1501 1817 λόγον
1515 1783 1546 1809 ὲν
1554 1782 1646 1819 ἡμέρᾳ
1661 1784 1777 1819 κρίσεως
1790 1784 1854 1819 περὶ
1867 1780 1907 1810 ὧν

1114 1828 1229 1855 ἐνταῦθα
1239 1828 1352 1864 ἔπραξε.
1371 1829 1478 1855 Γένοιτο
1486 1828 1514 1855 δὲ
1532 1829 1635 1861 πάντας
1649 1829 1719 1856 κατὰ
1733 1830 1799 1856 Θεὸν
1809 1830 1910 1866 φρονῆ-

1114 1883 1169 1907 σαι,
1184 1875 1227 1902 ἵνα
1251 1876 1298 1902 καὶ
1320 1875 1348 1902 αἱ
1368 1875 1527 1911 Ἐκκλησιαε
1550 1876 1613 1907 τοὺς
1632 1876 1798 1908 ἐπισκόπους
1815 1877 1906 1903 αὐτῶν

1113 1919 1310 1952 ἀπολαϐοῦσαι,
1333 1919 1449 1955 χαίρωσι
1478 1919 1523 1946 διὰ
1552 1919 1652 1951 παντὸς
1674 1920 1702 1946 ἐν
1725 1920 1836 1956 Χριστῷ
1855 1921 1908 1956 Ἰη-

1116 1966 1163 1993 σοῦ
1195 1966 1235 2002 τῷ
1266 1966 1361 2002 Κυρίῳ
1384 1966 1474 2002 ήμῶν,
1500 1966 1534 1993 δι’
1562 1963 1592 1993 οὗ
1619 1966 1658 2002 τῷ
1680 1967 1767 2002 Πατρὶ
1796 1967 1812 2002 ἡ
1841 1966 1907 1999 δόξα

1113 2015 1153 2046 εἰς
1165 2014 1228 2046 τοὺς
1243 2014 1341 2045 αἰῶνας
1351 2013 1405 2040 τῶν
1421 2012 1536 2040 αἰώνων.
1555 2013 1649 2048 Ἀμήν.
1670 2012 1822 2048 Ἐῥρῶσθαι
1834 2013 1907 2048 ὑμᾶς

1113 2063 1142 2088 ἐν
1155 2062 1250 2098 Κυρίῳ
1264 2061 1388 2098 εὔχομαι,
1408 2061 1547 2096 ἀγαπητοὶ
1569 2062 1616 2088 καὶ
1631 2060 1813 2087 ποθεινότατοι
1828 2058 1907 2085 ἀδελ,-

1113 2108 1235 2143 φοί(17).

1149 2196 1192 2224 56.
1220 2196 1312 2224 Ταῦτα
1329 2197 1378 2232 τῆς
1394 2197 1423 2223 ἐν
1445 2196 1537 2232 Ῥώμῃ
1558 2196 1667 2223 συνόδου
1690 2194 1835 2231 γραψάσης
1860 2195 1907 2221 διὰ

1121 2242 1230 2269 Ἰουλίου
1256 2242 1304 2270 τοῦ
1321 2243 1470 2270 ἐπισκόπου
1493 2242 1611 2278 Ῥώμης,
1629 2242 1722 2278 ἐπειδὴ
1735 2241 1815 2268 πάλιν
1828 2242 1908 2276 ἡναι-

1115 2289 1244 2324 σχύντουν
1256 2290 1280 2316 οἱ
1290 2289 1353 2325 περὶ
1363 2288 1501 2321 Εὑσέὸιον,
1509 2288 1559 2320 τάς
1570 2297 1600 2314 τε
1618 2288 1779 2323 Ἐκχλησίας
1791 2288 1908 2324 ἐτάρατ-

1113 2344 1169 2368 τον,
1194 2336 1242 2363 καὶ
1262 2335 1368 2368 πολλοῖς
1383 2335 1569 2367 ἐπεϐούλευον,
1588 2335 1718 2370 μαθόντες
1741 2335 1765 2361 οἱ
1785 2335 1907 2368 θεοφιλέ-

1115 2389 1205 2408 στατοι
1223 2381 1341 2416 βασιλεῖς
1354 2381 1543 2412 Κωνστάντιος
1561 2380 1609 2407 καὶ
1621 2380 1778 2413 Κώνστανς,
1797 2380 1908 2407 ὲκέλευ-

1112 2435 1162 2453 σαν
1175 2426 1239 2458 τούς
1257 2435 1286 2453 τε
1305 2426 1360 2453 ἀπο
1370 2427 1420 2462 τῆς
1434 2426 1542 2458 Δύσεως
1556 2426 1603 2452 καὶ
1617 2426 1668 2461 τῆς
1687 2426 1832 2461 Ἀνατολῆς
1844 2427 1906 2453 ἐπι-

1113 2473 1230 2505 σκόπους
1242 2473 1380 2500 συνελθεῖν
1396 2474 1435 2505 εις
1449 2473 1498 2509 τὴν
1508 2473 1618 2509 Σαρδῶν
1629 2473 1716 2500 πόλιν.
1736 2474 1765 2500 ’0
1786 2473 1836 2508 μὲν
1856 2472 1905 2500 οὖν

1109 2518 1303 2554 Εὑσέὸιος(18)
1312 2519 1341 2546 ἐν
1354 2519 1394 2555 τῷ
1406 2519 1508 2555 μεταξὺ
1521 2518 1699 2555 τετελεύτηκε
1708 2527 1715 2533 ·
1731 2517 1865 2546 πλείστων
1875 2520 1904 2547 δέ

1150 2577 1207 2600 HM
1220 2577 1261 2613 Ita
1278 2577 1346 2612 Reg.
1358 2577 1431 2613 Editi
1443 2584 1517 2609 vero,
1538 2576 1735 2613 Ἀλεξανδρέων
1751 2577 1865 2609 πόλεως.

1146 2612 1203 2647 (15)
1218 2612 1296 2647 Reg"
1308 2612 1409 2640 κοινοῦ.

1147 2647 1204 2683 (16)
1221 2648 1279 2675 Ἵνα
1295 2649 1332 2684 μή
1346 2649 1373 2675 in
1386 2648 1466 2676 editis
1481 2647 1565 2676 deest.
1582 2649 1636 2675 Nos
1649 2655 1681 2675 ex
1697 2647 1763 2683 Reg.
1783 2648 1903 2682 sumpsi-

1111 2691 1203 2752 ωιῖῗίι)
1220 2717 1293 2750 Haec,
1309 2718 1386 2750 τέλος
1400 2719 1449 2754 τῆς
1470 2719 1615 2753 ἐπιστολῆς
1638 2718 1745 2746 Ἰουλίου
1768 2717 1815 2754 τοῦ
1840 2718 1903 2744 sm-

1114 2755 1217 2782 σκόπου
1235 2753 1356 2789 Ῥώμης,
1371 2752 1433 2787 ﬁnis
1442 2754 1557 2787 epistola!
1573 2752 1641 2782 Iulii
1652 2753 1764 2788 episcopi
1776 2752 1902 2787 Romani,

1114 2763 1217 2795 σκοπου
1245 2763 1356 2816 ΓωμἼς,
1371 2763 1431 2787 [mu
1442 2763 1557 2787 epulata!
1573 2763 1640 2782 Jul"
1652 2763 1764 2794 episcopi
1776 2763 1864 2780 namw

1114 2797 1173 2823 quae
1190 2797 1216 2816 In
1227 2789 1308 2816 editis
1331 2790 1488 2850 epebantur,
1508 2797 1522 2816 a
1536 2789 1600 2823 Reg.
1618 2795 1645 2816 et
1658 2789 1739 2816 Basul.
1756 2788 1864 2815 absum.

1152 2824 1208 2850 (lSi
1226 2823 1340 2850 Socrate
1362 2843 1370 2850 .
1381 2832 1414 2850 ιι.
1429 2831 1455 2850 c.
1470 2825 1514 2850 12.
1531 2831 1559 2850 et
1574 2824 1724 2850 Sozomeno
1743 2823 1760 2850 l.
1775 2830 1815 2850 Ill.
1831 2830 1856 2848 c.

1152 2824 1208 2859 (18)
1226 2823 1340 2852 Socrate
1352 2823 1370 2851 1.
1381 2832 1414 2855 ιι.
1429 2831 1455 2852 c.
1470 2825 1514 2857 12,
1531 2831 1559 2852 et
1574 2824 1724 2851 Sozomeno
1743 2823 1760 2850 l.
1775 2830 1815 2854 Ill,
1831 2830 1856 2848 c.
1869 2823 1897 2852 ε.

1117 2861 1281 2891 auctoribus,
1309 2860 1376 2886 obiit
1396 2859 1527 2887 Eusebius
1554 2859 1616 2887 Julii
1647 2859 1745 2886 litteris
1780 2859 1901 2885 nondum

1051 2915 1068 2942 γ
1118 2895 1246 2930 acceptis,
1271 2900 1351 2930 atque
1370 2895 1437 2923 adeo
1454 2902 1525 2924 anno
1550 2895 1614 2930 542,
1639 2894 1685 2923 sed
1717 2894 1751 2922 iis
1769 2892 1901 2928 refragari
