2031 3048
133 170 187 198 309
694 177 866 206 APOLOGlA
885 177 1022 206 CONTRA
1042 180 1201 211 ARIANOS.
1690 186 1741 214 5H)

133 231 298 266 πανταχόθεν
317 232 505 268 συνελθόντων,
527 235 608 271 ἡμεῖς
623 236 674 272 μὲν
692 238 907 274 προααλούμεθα

967 239 1025 272 bus,
1047 240 1155 269 Eusebii
1170 241 1257 269 socios
1268 242 1473 277 provocavimus
1493 243 1525 270 ad
1545 243 1682 278 judicium.
1701 243 1741 271 Illi

131 277 194 309 τοὺς
217 280 358 312 κοινωνοὺς
380 280 434 316 (19)
454 281 509 307 τῶν
529 283 593 318 περὶ
614 283 742 311 Εὐσέϐιον
758 286 798 316 είς
814 285 904 321 κρίσιν

965 293 1030 312 vero
1040 287 1138 321 quibus
1151 295 1205 322 pra.-
1215 288 1300 315 oculis
1314 293 1405 316 essent
1416 296 1463 316 sua
1478 277 1597 316 facinora
1606 308 1614 320 ,
1633 296 1742 323 conspe-

139 324 252 351 Ἐκεῖνοι
272 325 300 352 δὲ
319 326 372 368 πρὸ
394 327 539 364 ὀφθαλμῶν
562 329 668 365 ἔχοντες
689 330 707 357 ἃ
725 331 856 367 ἔπραξαν,
869 332 907 358 κα¹

965 332 1016 359 ctis
1028 340 1135 367 quoque
1148 334 1204 361 suis
1217 335 1416 363 accusatoribus
1430 335 1476 369 qui
1490 334 1742 369 advenerant,jndi-

133 370 276 406 βλέποντες
295 373 358 404 τοὺς
376 374 536 407 ἀνελθόντας
552 377 721 412 κατηγόρους
743 378 841 410 αὐτῶν,
858 379 907 412 ἐφο

965 378 1036 405 cium
1064 378 1285 406 reformidabant.
1312 380 1415 407 Etenim
1437 387 1497 407 cum
1519 386 1613 406 omnes
1636 380 1740 407 sincera

132 416 227 444 ὄοῦντο
252 417 301 453 τὴν
322 419 429 454 κρίσιν·
444 421 490 447 καὶ
511 421 565 457 γὰρ
586 423 694 449 πάντων
713 423 840 459 καθαρῶς
862 424 907 452 ἀπ

964 428 1055 451 mente
1068 425 1245 457 accederent;
1261 425 1297 451 illi
1310 432 1403 452 rursus
1418 425 1529 451 comites
1543 423 1740 458 Musonianum,

131 463 313 497 αντησάντων,
323 464 399 492 αὐτοὶ
413 465 492 492 πάλιν
504 467 634 503 ἐπήγοντο
646 469 704 504 μεθ’
715 470 817 496 ἑαυτῶν
827 470 907 506 κόμη-

964 473 991 495 et
1003 468 1164 504 Hesychium
1180 470 1363 498 Castrensium
1384 477 1472 498 secum
1489 470 1635 503 adduxere,
1647 476 1677 497 ut
1693 479 1742 505 pro

130 517 180 541 τας
186 509 252 545 (ΞΟ),
265 511 464 544 Μουσωνιανὸν,
475 513 522 540 κα)⁸
538 514 662 549 Ἡσύχιον
675 515 720 542 τὸν
731 517 907 552 Καστρήσιον.

964 521 1010 541 sua
1027 515 1232 547 consuetudine,
1247 516 1350 543 illorum
1363 520 1494 551 potestate
1505 515 1576 548 freti,
1590 516 1660 551 quod
1673 516 1740 544 libe-

131 556 176 589 ἵν’,
192 557 286 593 ὥσπερ
296 558 446 591 εἰώθεισαν,
462 561 495 595 τῇ
507 560 618 586 ἐκείνων
631 560 748 596 ἐξουσίᾳ,
758 561 832 588 ταῦθ’
843 562 907 596 ἅπτε

963 563 1006 586 ret
1022 559 1194 594 perﬁcerent.
1209 560 1275 587 Cum
1290 565 1378 587 autem
1394 561 1495 595 absque
1506 561 1648 588 comitibus
1662 568 1742 596 syno-

130 602 269 630 ἐϐούλοντο
286 605 432 640 πράξωσιν.
466 606 572 642 Ἐπειδὴ
592 607 620 633 δὲ
639 607 722 643 χωρὶς
749 609 876 644 κομήτων
896 609 907 634 εί

964 603 1013 631 dus
1032 603 1225 636 celebraretur,
1249 613 1280 632 ac
1297 605 1385 633 nullus
1399 606 1434 633 ibi
1461 606 1537 633 miles
1555 606 1633 640 122
1659 606 1742 633 inter-

131 649 238 682 σύνοδος
260 648 303 686 ἦν,
327 652 374 678 καὶ
403 652 570 688 στρατιώτης
594 653 681 686 οὐδεὶς
699 654 802 688 ἐγίνετο
821 655 912 690 μέσος,

130 695 318 732 ἐταράχθησαν
331 697 478 732 πληγέντες
495 698 547 725 ὑπὸ
569 699 615 725 τοῦ
638 699 796 731 συνειδότος.
815 700 913 726 Οὐκέτι

69 766 75 772 ,
129 741 183 778 γὰρ
193 742 231 774 ὡς
244 743 338 778 ἤθελον
348 745 497 780 ἐκρίνοντο,
511 745 568 772 ἀλλ’
577 745 615 778 ὡς
632 747 646 772 ό
655 746 710 781 (21)
724 746 774 781 τῆς
787 746 914 782 ἀληθείας

129 787 227 824 ἀπῄτει
237 788 323 823 λόγος.
338 790 398 816 Ἐπὶ
411 790 478 817 πολὺ
490 791 579 818 τοίνυν
589 791 666 827 ἡμῶν
677 792 911 827 προκαλουμένων,

129 834 177 860 καὶ⁵
205 834 254 869 τῆς
279 836 386 862 συνόδου
409 836 464 862 τῶν
479 837 634 864 ἐπισκόπων
655 837 844 873 προκαλούσης
865 837 913 864 αύ-

128 879 191 910 τοὺς
202 879 267 914 (22),
284 880 329 906 καὶ
344 881 484 916 λεγούσης·
501 891 509 907 ι
527 881 639 908 Ἦλθετε
660 882 796 917 κριθῆναι,
816 882 859 908 διὰ
885 882 912 909 τί

128 924 216 951 τοίνυν
234 924 355 956 ἐλθόντες
365 926 554 960 ὑποποδίζετε;
575 928 673 963 Ἐχρῆν
689 928 742 963 γὰρ
753 928 824 962 ὑμᾶς
838 928 854 962 ἢ
874 928 911 964 μὴ

128 969 225 1001 ἐλθεῖν,
242 970 258 1006 ἢ
276 971 400 1003 ἐλθόντας
417 972 454 1008 μὴ
471 972 639 1008 κρύπτεσθαι
650 982 657 988 ι
683 973 760 1000 τοῦτο
776 973 829 1009 γὰρ
847 974 911 1009 ὑμῖν

128 1016 206 1052 φέρει
221 1017 350 1052 μεγίστην
364 1019 545 1053 κατάγνωσιν.
569 1019 643 1052 Ἰδοὺ,
664 1020 788 1056 πάρεισιν
808 1021 832 1047 οἱ
848 1020 911 1055 περὶ

134 1061 300 1093 Ἀθαναία-ιον,
316 1062 363 1095 οὓς
377 1064 496 1096 ἀπόντας
509 1064 671 1098 διεϐάλλετε,
690 1066 734 1098 ἵν’,
747 1065 774 1092 ετ
792 1074 818 1092 τι
834 1066 911 1101 νομί-

127 1107 186 1139 ζετε
199 1107 255 1143 (25)
269 1108 352 1144 ἔχειν,
364 1109 517 1146 διελέγξητε
539 1111 648 1143 τούτους
666 1111 816 1147 παρόντας·
841 1113 865 1139 εί
882 1112 910 1139 δὲ

129 1154 298 1190 μὴδύνασθε,
323 1156 514 1191 προσποιεῖσθε
537 1157 565 1182 δὲ
596 1157 631 1191 μὴ
657 1156 811 1191 βούλεσθαι,
836 1155 910 1191 δῆλοί

126 1201 188 1226 ἐστε
208 1200 382 1235 συκοφάνται,
398 1202 445 1228 καὶ
458 1201 561 1237 ταύτην
581 1202 645 1237 ὑμῖν
666 1202 683 1237 ἡ
704 1201 810 1232 σύνοδος
830 1200 909 1228 δώσει

125 1245 175 1282 τὴν
191 1246 289 1282 κρίσιν.
310 1257 318 1272 ι
340 1247 371 1273 Οί
389 1247 416 1273 δὲ
436 1247 522 1274 ταῦτα
537 1247 711 1279 ἀκούσαντες,
730 1247 777 1274 καὶ
797 1255 910 1281 καταγι-

125 1291 274 1323 νώσκοντες
296 1291 400 1318 ἑαυτῶν
430 1291 548 1327 (ηδεισαν
573 1292 627 1328 γὰρ
659 1292 677 1319 ἃ.
699 1292 833 1328 ἔπραξαν,
862 1291 909 1318 καὶ

125 1336 276 1364 ἐπλάσαντο
290 1336 350 1364 καθ’
360 1337 459 1372 ἡμῶν),
477 1337 651 1373 ᾐσχύνθησαν
663 1337 828 1372 ἀπαντῆσαι,
844 1337 909 1363 πολ-

126 1380 174 1416 λὴν
187 1382 233 1408 καὶ
249 1382 361 1418 ἀπρεπῆ
377 1382 436 1409 καθ’
450 1383 554 1409 ἑαυτῶν
571 1383 620 1419 τὴν
639 1383 819 1418 συκοφαντίαν
832 1382 908 1417 ἐλέγ-

127 1425 229 1458 ξαντες.
244 1427 277 1453 Ἦ
285 1427 375 1454 τοίνυν
384 1427 450 1461 ἁγία
462 1428 577 1459 σύνοδος,
591 1428 762 1462 καταγνοῦσα
768 1429 817 1463 τῆς
827 1429 910 1463 ἀπρε-

126 1471 193 1504 ποῦς
211 1473 258 1500 καὶ
273 1473 392 1500 ὑπόπτου
407 1474 496 1509 φυγῆς
511 1475 632 1507 ἐκείνων,
654 1475 762 1508 ἐδέξατο
781 1476 854 1510 ἡμᾶς
867 1476 908 1507 εἰς

125 1518 281 1552 ἀπολογίαν.
302 1520 513 1555 Διηγησσμένων
537 1520 566 1546 δὲ
589 1520 668 1556 ἡμῶν
693 1521 737 1547 διὰ
762 1521 906 1557 μαρτύρων

963 653 1044 681 esset,
1060 649 1176 684 perculsi
1195 657 1209 676 a
1232 657 1280 677 sua
1300 651 1464 679 conscientia
1488 652 1652 678 consternati
1668 656 1740 679 sunt.

963 695 1022 722 Non
1045 695 1116 722 enim
1140 696 1253 730 amplius
1277 703 1326 731 pro
1341 703 1389 723 sua
1411 696 1521 724 libidine
1538 697 1741 731 iudicabantur,

963 740 1010 767 sed
1023 745 1052 767 ut
1069 741 1192 769 veritatis
1203 741 1272 768 ratio
1285 741 1447 776 postulabat.
1460 742 1543 770 Nobis
1554 743 1634 777 igitur
1643 743 1742 770 iterum

962 793 1044 823 atque
1058 789 1156 816 iterum
1181 788 1391 823 provocantibus
1401 793 1429 815 et
1438 789 1625 823 episcoporum
1640 789 1742 823 synodo

962 842 1008 862 eos
1023 834 1065 862 his
1081 834 1171 862 verbis
1193 838 1348 861 accersente
1369 843 1375 861 :
1395 843 1405 860 ι
1421 833 1479 861 Huc
1500 835 1650 862 accessistis
1665 840 1694 861 ut
1708 835 1742 862 ad

960 879 1089 914 judicium
1109 886 1157 906 vos
1174 879 1320 910 sisteretis,
1344 886 1393 906 cur
1405 878 1498 913 itaque
1510 883 1652 913 postquam
1668 880 1742 906 veni-

963 925 1023 956 stis,
1045 931 1093 951 vos
1103 923 1274 950 subducitis?
1285 923 1410 957 Oportuit
1420 924 1492 950 enim
1506 928 1554 950 aut
1564 931 1617 950 non
1629 924 1742 951 accede-

962 975 1004 1000 re,
1029 973 1074 994 aut
1093 972 1235 1002 postquam
1261 967 1426 1000 accessistis,
1453 975 1506 995 non
1527 968 1712 1003 subterfugere
1731 977 1739 1001 ;

961 1013 1012 1040 hoc
1026 1013 1096 1040 enim
1116 1014 1260 1040 maximum
1273 1019 1315 1040 est
1328 1019 1421 1041 contra
1430 1021 1478 1041 vos
1491 1021 1688 1049 argumentum.
1700 1016 1740 1043 En

961 1060 1060 1088 adsunt
1074 1059 1239 1087 Athanasius
1251 1065 1278 1087 et
1292 1060 1358 1087 socii
1370 1067 1436 1094 quos
1448 1060 1575 1088 absentes
1586 1061 1742 1088 calumniati

960 1105 1040 1137 estis;
1057 1109 1086 1132 ut
1100 1105 1121 1132 si
1137 1105 1201 1139 quid
1216 1105 1359 1132 dicendum
1375 1105 1476 1133 habere
1499 1106 1608 1141 putetis,
1624 1114 1742 1141 praesen-

962 1156 1002 1179 tes
1019 1151 1181 1186 coarguatis.
1198 1151 1257 1183 Sin,
1275 1159 1336 1178 cum
1352 1159 1405 1179 non
1424 1151 1542 1186 possitis,
1557 1159 1605 1179 vos
1620 1153 1689 1179 nolle
1704 1153 1742 1180 si-

959 1198 1080 1229 mulatis,
1105 1201 1198 1232 aperte
1225 1197 1398 1232 sycophantae
1421 1198 1498 1228 estis,
1526 1202 1553 1225 et
1578 1198 1649 1225 hanc
1665 1199 1742 1227 vobis

960 1242 1078 1277 synodus
1096 1240 1164 1268 feret
1177 1241 1352 1268 sententiam.
1370 1250 1380 1266 ›
1397 1240 1500 1274 Quibus
1509 1241 1611 1269 auditis
1625 1242 1675 1275 illi,
1691 1250 1740 1270 sua

959 1296 990 1317 se
1001 1290 1151 1316 damnante
1165 1288 1330 1316 conscientia
1346 1288 1480 1323 (sciebant
1498 1288 1570 1316 enim
1592 1295 1653 1324 quae
1668 1287 1742 1316 fece-

963 1340 1033 1368 rant,
1047 1339 1074 1362 et
1085 1342 1145 1370 quae
1160 1335 1305 1362 adversum
1323 1341 1371 1362 nos
1383 1334 1593 1370 conﬂuxerant),
1613 1335 1742 1364 accedere

957 1381 1037 1408 veriti
1050 1386 1130 1414 sunt;
1146 1380 1239 1416 sicque
1259 1381 1393 1414 ingentem
1412 1388 1443 1407 ac
1456 1380 1554 1408 faidam
1576 1381 1741 1409 calumniam

959 1434 1036 1454 suam
1051 1426 1140 1462 palam
1156 1425 1255 1454 fecere.
1273 1426 1375 1454 Sancta
1396 1434 1461 1462 ergo
1484 1428 1603 1462 synodus
1617 1428 1741 1455 animad-

959 1479 1036 1500 versa
1052 1480 1146 1499 eorum
1157 1472 1228 1506 turpi
1241 1476 1322 1507 atque
1336 1476 1460 1506 suspecta
1476 1471 1550 1506 fuga,
1567 1480 1615 1500 nos
1633 1473 1741 1500 admisit

958 1520 992 1546 ad
1015 1518 1210 1546 defensionem.
1238 1517 1305 1545 Cum
1328 1523 1428 1550 autem,
1458 1519 1571 1545 testibus
1600 1518 1739 1553 firmisque

125 1564 173 1590 καὶ
183 1563 343 1597 ἀποδείξεων
354 1567 387 1591 τὰ
399 1565 552 1601 πραχθέντα
565 1565 626 1592 καθ’
637 1567 725 1601 ἡμῶν,
739 1566 904 1601 ἐθαύμασαν·

958 1565 1160 1600 probationibus
1174 1563 1312 1596 adhibitis,
1328 1571 1387 1598 quae
1401 1568 1494 1590 contra
1518 1571 1568 1591 nos
1588 1569 1663 1599 gesta
1681 1564 1739 1591 fue-

125 1609 173 1636 καὶ
193 1609 310 1642 ἅπαντες
326 1611 493 1646 ἐπέγνωσαν,
514 1612 555 1638 ὅτι
568 1612 612 1638 διὰ
629 1612 706 1639 τοῦτο
718 1613 828 1645 είκότως
842 1614 906 1647 ἐφο-

125 1655 246 1692 ϐήθησαν
267 1656 315 1691 τὴν
330 1656 447 1690 σύνοδον,
458 1657 501 1683 ἵνα
519 1657 556 1692 μὴ
567 1658 607 1689 είς
622 1658 766 1693 πρόσωπον
776 1658 908 1694 ἐλεγχθῶ-

126 1709 168 1727 σιν
180 1709 187 1716 ·
207 1701 299 1735 ἔλεγόν
319 1710 348 1728 τε
359 1710 366 1717 ⁸
389 1702 469 1733 Ἴσως
484 1702 638 1737 νομίζοντες
653 1703 690 1738 μὴ
710 1703 906 1738 παραγίνεσθαι

124 1746 188 1777 τοὺς
202 1746 265 1781 περὶ
281 1746 448 1778 Ἀθανάσιον,
463 1747 621 1781 ἀπήντησαν
631 1747 684 1774 ἀπὺ
691 1748 740 1783 τῆς
751 1748 905 1784 Ἀνατολῆς,

125 1791 235 1825 δπουγε,
254 1791 352 1823 ίδόντες
363 1791 461 1823 αὐτοὺς
472 1792 752 1828 παρρησιαζομένους,
777 1794 824 1820 καὶ
839 1803 906 1828 προ-

125 1836 305 1872 καλουμένους
325 1837 374 1872 τὴν
389 1837 489 1874 κρίσιν,
511 1837 664 1872 φεύγουσιν.
686 1839 773 1874 Ἦμᾶς
793 1839 842 1874 μὲν
860 1838 907 1866 οὖν

124 1883 286 1915 ἀπεδέξαντο
299 1884 337 1915 ὡς
347 1883 523 1919 ἀδικηθέντας
540 1884 586 1910 καὶ
604 1884 691 1920 μάτην
703 1884 905 1920 διαϐληθέντας,

125 1930 172 1956 καὶ
185 1929 325 1965 ἐκύρωσαν
342 1929 381 1956 ἔτι
400 1930 498 1966 μᾶλλον
513 1931 552 1962 εἰς
564 1932 637 1966 ἡμᾶς
650 1931 700 1967 τήν
717 1940 750 1958 τε
766 1932 907 1959 κοινωνίαν

125 1975 171 2002 καὶ
181 1976 290 2012 ἀγάπην
299 1976 354 2011 (24)
365 1983 371 1991 ⁸
383 1977 445 2008 τοὺς
455 1976 483 2003 δὲ
493 1977 636 2009 κοινωνοὺς
646 1978 693 2004 καὶ
703 1978 906 2014 ἀναιδεστέρους

124 2021 285 2056 γενομένους
298 2022 347 2057 τῆς
363 2021 494 2048 Εὑσεὸίου
509 2023 676 2058 κακουργίας
696 2023 830 2057 καθεῖλον,
841 2023 906 2050 Θεό-

124 2066 209 2103 δωρον
229 2067 283 2094 ἀπὸ
311 2068 483 2104 Ἡρακλείας,
513 2069 667 2105 Νάρκισσον
694 2070 748 2096 άπὸ
773 2070 908 2106 Νερωνιά-

124 2111 169 2143 δος
191 2111 259 2147 (25),
291 2113 416 2140 ’Δκάκιον
441 2113 496 2140 ἀπὸ
513 2114 688 2150 Καισαρείας,
704 2115 837 2149 Στέφανον
852 2115 907 2142 ἀπὸ

131 2158 301 2193 Ἀντιοχείας,
315 2159 361 2185 καὶ
373 2159 523 2197 Οὺιρσάκιον
545 2161 592 2186 καὶ
611 2160 747 2187 Οὐάλεντα
768 2161 821 2187 ἀπὸ
835 2162 906 2188 Παν-

123 2205 224 2236 νονίας,
243 2204 289 2231 καὶ
303 2205 478 2240 Μηνόφαντον
493 2205 547 2232 ἀπὸ
569 2206 692 2241 Ἐφέσου,
711 2207 758 2233 καὶ
771 2206 905 2243 Γεώργιον

958 1616 1030 1645 rant,
1043 1611 1238 1643 retulissemus,
1264 1609 1443 1637 admiratione
1462 1609 1532 1644 capti
1545 1614 1608 1637 sunt
1628 1610 1739 1637 :omni-

957 1657 1060 1692 busque
1074 1656 1161 1692 palam
1180 1655 1244 1689 fuit,
1254 1655 1315 1689 jure
1331 1655 1429 1682 merito
1444 1662 1491 1682 eos
1503 1655 1634 1691 synodum
1654 1656 1739 1683 refor-

957 1703 1084 1737 midasse,
1096 1707 1126 1730 ut
1136 1710 1171 1730 ne
1182 1709 1274 1729 coram
1283 1702 1519 1729 convincerentur.
1532 1701 1599 1728 Tum
1613 1701 1739 1730 aiebant:

958 1750 997 1777 Eo
1010 1749 1125 1777 fortasse
1136 1756 1169 1776 ex
1183 1747 1294 1776 Oriente
1310 1751 1444 1775 venerunt
1457 1748 1543 1782 ,quod
1560 1747 1738 1776 Athanasium

957 1803 1018 1823 cum
1043 1795 1099 1822 suis
1115 1798 1242 1830 putarent
1254 1801 1306 1822 non
1325 1801 1496 1821 accessurum
1516 1794 1667 1829 :siquidem
1678 1803 1739 1823 cer-

957 1845 1053 1868 nentes
1063 1847 1109 1868 eos
1124 1841 1205 1868 rebus
1221 1840 1277 1868 suis
1290 1839 1426 1867 conﬁdere
1445 1847 1476 1867 ac
1487 1839 1513 1866 in
1527 1841 1570 1875 jus
1581 1847 1738 1875 provocare,

958 1885 1049 1921 fugam
1063 1885 1176 1914 faciunt.
1191 1885 1246 1913 Nos
1260 1886 1353 1920 igitur,
1371 1890 1463 1920 utpote
1476 1886 1573 1920 injuria
1587 1886 1698 1915 affectos
1708 1895 1739 1916 ac

957 1932 991 1959 de
1007 1931 1082 1959 falsis
1101 1931 1260 1959 criminibus
1280 1935 1430 1963 accusatos,
1448 1937 1620 1966 receperunt;
1638 1932 1738 1960 ﬁrmio-

958 1978 1035 2012 rique
1057 1977 1190 2005 sententia
1213 1983 1262 2004 nos
1287 1977 1320 2004 ad
1345 1977 1562 2004 communionem
1586 1982 1612 2005 et
1638 1985 1738 2013 agapen

957 2023 1140 2051 admittendos
1161 2023 1353 2050 decreverunt.
1374 2020 1436 2049 Illos
1458 2027 1548 2050 autem
1563 2023 1609 2057 qui
1631 2023 1738 2051 Eusebii
1756 2031 1761 2039 '

956 2069 1088 2097 scelerum
1111 2075 1171 2096 sese
1193 2073 1333 2095 consortes
1355 2068 1436 2095 etiam
1462 2067 1508 2095 illo
1531 2067 1739 2102 impudentiores

957 2115 1157 2146 exhibuerant,
1180 2114 1415 2147 condemnarunt,
1440 2113 1610 2141 Theodorum
1642 2122 1738 2150 nempe

958 2159 1095 2187 Heraclea:
1117 2159 1284 2194 episcopum,
1304 2158 1458 2186 Narcissum
1479 2158 1648 2191 Neroniadis,
1668 2159 1737 2187 Aca-

956 2206 1027 2233 cium
1045 2204 1186 2237 Cazsareae,
1203 2204 1367 2239 Stephanum
1382 2204 1540 2236 Antiochiae,
1554 2203 1692 2231 Ursacium
1708 2208 1736 2231 et

123 2249 179 2276 ἀπὸ
192 2250 361 2282 Λαοδικείας.
379 2251 434 2277 Καὶ
445 2251 566 2289 ἔγραψαν
580 2253 636 2284 τοῖς
645 2252 799 2287 ἁπανταχοῦ
810 2253 859 2288 τῆς
871 2254 906 2280 ol-

958 2250 1097 2278 Valentem
1122 2250 1149 2277 in
1180 2249 1318 2277 Pannonia
1348 2249 1499 2284 episcopos,
1527 2249 1734 2284 Menophantum

123 2295 258 2331 κουμένης
273 2296 439 2329 ἐπισκόποις,
457 2298 504 2324 καὶ
519 2299 552 2334 τῇ
567 2298 680 2325 ἐκάστου
695 2298 749 2325 τῶν
763 2298 903 2334 ἀδικηθέν-

123 2350 177 2369 των
188 2342 319 2378 παροικίᾳ
329 2342 396 2378 (26),
406 2343 501 2371 ταῦτα·

122 2454 228 2481 videtur
251 2454 424 2483 Athanasius.
456 2455 532 2483 lianc
555 2464 612 2484 rem
644 2457 711 2486 alias
733 2458 818 2488 fusius
835 2467 897 2496 age-

122 2497 278 2560 m'ii'sism
292 2524 408 2560 Reg.,et
423 2525 459 2552 ita
478 2525 618 2560 legendum
637 2527 732 2555 suadet
750 2529 848 2559 similis
861 2530 902 2559 lo-

122 2566 170 2585 cus
186 2559 265 2586 infra.
283 2559 363 2591 Editi,
379 2559 560 2593 κοινωνικούς.

159 2593 214 2634 (2Q)
231 2593 309 2634 Reg”
323 2595 448 2634 κάμπας.
461 2595 521 2623 Mox
528 2597 810 2634 _i_dem,_Kae-rpﬁctov.
821 2599 904 2629 Paulo

123 2628 270 2672 postnegq
278 2629 350 2665 ἅπερ
360 2628 513 2665 βούλονται.
527 2631 587 2658 Mox
601 2632 670 2660 idem
682 2628 714 2661 de
723 2628 807 2667 more,
819 2628 904 2672 χωρὶς

121 2670 251 2698 κομιτων.
330 2699 335 2705 _
832 2670 835 2671 ⁷
862 2670 867 2672 ⁷

122 2736 150 2758 ω
154 2697 215 2759 I(:21)
227 2698 255 2726 ln
271 2699 353 2727 editis
368 2700 446 2728 artic.
461 2701 476 2728 ὁ
495 2700 580 2729 deest.
606 2701 635 2729 In
656 2701 722 2738 Reg.
751 2710 816 2732 vero
826 2706 905 2741 ,legi-

228 2767 314 2811 Editi,
328 2770 516 2811 προκαλούσης
531 2771 637 2805 αὐτούς,
653 2776 680 2799 et
701 2773 737 2801 ita
752 2773 847 2811 legisse
860 2775 902 2802 vi-

125 2801 204 2846 detur
225 2801 407 2846 ﬁannius'qui
431 2801 513 2846 vertit
529 2801 900 2846 σοι...ᾆσοιηενειξᾼῑίίθέ.

121 2836 338 2876 ἀπορτελλούσης
354 2836 421 2876 προς
434 2840 543 2876 αὐτούς,
558 2849 611 2870 non
625 2841 801 2872 incommode.

160 2871 217 2908 (23)
238 2871 322 2908 Heg,
331 2871 468 2911 νομίζητε.

953 2297 1061 2333 Ephesi,
1080 2301 1108 2324 et
1118 2295 1262 2331 Georgium
1277 2295 1424 2324 Laodiceae.
1437 2295 1663 2330 Scripseruntque
1677 2304 1735 2323 om-

955 2345 1035 2374 nibus
1044 2343 1144 2377 ubique
1159 2346 1292 2369 terrarum
1310 2341 1454 2376 episcopis,
1464 2346 1491 2368 et
1505 2341 1538 2368 ad
1552 2341 1672 2376 singulas
1686 2349 1733 2368 eo-

954 2401 1015 2422 rum
1027 2391 1160 2428 parcecias
1171 2389 1216 2425 qui
1231 2389 1354 2424 iniuriam
1371 2389 1441 2425 passi
1451 2389 1565 2422 fuerant,
1574 2389 1617 2417 his
1626 2390 1714 2418 verbis
1725 2399 1734 2418 :

994 2459 1051 2494 (24)
1068 2459 1115 2494 Adi
1128 2465 1241 2494 agapen,
1261 2458 1287 2484 id
1310 2462 1350 2484 est
1365 2457 1397 2484 ad
1411 2457 1536 2494 convivia
1554 2456 1680 2494 ﬁdelium.
1697 2457 1735 2484 De

955 2491 1007 2530 qua
1023 2491 1193 2530 vocetusius
1218 2497 1383 2527 pertractant
1409 2493 1547 2525 Suicerus,
1579 2491 1696 2527 Cangius
1706 2497 1734 2520 et

955 2527 999 2558 alii
1015 2527 1194 2560 complurimi.

991 2564 1048 2605 (ΞΒ)
1062 2561 1256 2605 Νῳιιγνιάδοςῖἶ
1273 2561 1300 2589 1η
1317 2561 1411 2605 Hilarii
1441 2561 1597 2605 fragmentis
1620 2561 1732 2605 legitur,

957 2595 1106 2626 Narcissus
1123 2597 1279 2632 lrenopolis,
1312 2597 1359 2624 sed
1382 2595 1510 2624 mendose
1540 2604 1589 2631 pro
1615 2595 1733 2631 Neropo-

955 2635 998 2662 lis.

991 2669 1047 2704 (26)
1065 2667 1217 2704 Hapomla,
1238 2666 1300 2694 Haec
1314 2673 1366 2704 vox
1387 2666 1520 2704 interdum
1546 2666 1661 2704 sumitur
1683 2673 1733 2704 pro

991 2673 1047 2704 (’26)
1065 2673 1217 2703 Παροικιᾳ.
1238 2673 1300 2694 Haec
1314 2673 1366 2694 vox
1387 2673 1520 2694 interdum
1546 2673 1661 2694 sumitur
1683 2673 1732 2728 pro

956 2704 1083 2737 dioecesi,
1099 2709 1128 2731 ut
1140 2704 1190 2730 hoc
1207 2702 1264 2729 loco
1279 2705 1306 2729 et
1318 2701 1386 2728 alias
1408 2702 1554 2736 saepissime
1568 2702 1637 2736 apud
1647 2703 1682 2728 At
1692 2709 1732 2728 ia-

958 2740 1076 2772 nasium,
1092 2739 1226 2766 interdum
1250 2744 1299 2772 pro
1316 2737 1430 2772 quadam
1456 2736 1575 2763 Ecclesia
1593 2736 1730 2770 peculiari,

955 2773 1063 2800 utinfra
1078 2780 1190 2808 cernere
1202 2776 1254 2808 est,
1272 2772 1317 2808 ubi
1335 2771 1467 2808 Mareotcs
1481 2771 1612 2808 ¹νεαροικίσ.
1627 2779 1731 2808 nuncu-

952 2814 1042 2842 patur.
1057 2808 1122 2836 Vide
1139 2807 1273 2834 Valesium
1297 2807 1324 2834 in
1344 2806 1420 2834 Notis
1434 2807 1466 2833 ad
1486 2806 1598 2839 Euseb.,
1619 2814 1646 2841 ι).
1660 2806 1686 2839 ι,
1702 2811 1730 2842 et

951 2841 1135 2905 Sirmondum.
1156 2842 1240 2878 Hujus
1265 2842 1339 2871 vocis
1361 2843 1487 2877 frequens
1499 2847 1542 2870 est
1564 2849 1627 2871 usus
1659 2841 1729 2878 apud

973 2883 1054 2905 atres.

973 2883 1054 2906 atres.
