2031 3048
108 178 162 206 515

663 176 831 206 APOLOGIA
850 175 987 206 CONTRA
1004 174 1164 206 ARIANOS.

1665 177 1716 211 5N

110 236 175 271 παρ’
197 233 275 270 ἡμῶν
294 233 363 261 ὥστε
388 233 522 270 παρεῖναι.
558 234 626 261 Ἀλλ’
651 235 748 261 ἐκεῖνοι
769 234 822 261 ὑπὸ
841 234 887 270 τῆς

939 241 1019 269 quam
1034 235 1171 268 indecens,
1189 235 1243 262 imo
1257 239 1346 271 potius
1360 239 1440 271 quam
1463 236 1628 273 impossibile
1650 240 1716 267 illud

109 280 287 315 συνειδήσεως
311 279 584 314 καταγινωσκόμενοι,
608 280 742 315 ἀπρεπέσι
755 279 888 315 χρώμενοι

109 325 272 362 προφάσεσι,
296 325 450 360 φυγοδικεῖν
475 325 600 361 ἤρξαντο.
630 324 735 357 Ἦξίουν
762 325 816 360 γὰρ
843 324 889 352 τὸν

109 371 205 404 ἀθῶον,
226 371 263 403 ὡς
283 370 441 403 ὑπεύθυνον,
463 371 517 397 ἀπὸ
527 370 577 406 τῆς
595 371 730 406 ἡμετέρας
749 370 889 402 κοινωνίας

107 418 294 450 ἐκϐάλλεσθαι,
314 418 345 445 οὐ
365 418 538 453 συνορῶντες,
550 417 586 449 ὡς
603 417 734 453 ἀπρεπὲς,
747 418 844 453 μᾶλλον
860 418 888 445 δὲ

107 463 237 490 ἀδύνατον
255 460 289 498 ἦν
300 462 388 489 τοῦτο.
401 463 455 489 Καὶ
473 462 507 489 τὰ
525 462 709 498 ὑπομνήματα
721 462 749 489 δὲ
763 457 796 490 τὰ
810 463 839 489 ἐν
850 462 888 498 τῷ

106 508 243 545 Μαρεὼτῃ
255 508 386 543 γενόμενα
398 507 450 535 ὑπὸ
456 508 582 544 παμπονή
587 516 640 544 ρων
647 508 693 535 καὶ
701 507 888 540 ὲξωλεστάτων

106 553 188 580 τινῶν
202 553 351 588 νεωτέρων,
375 551 416 584 οἷς
428 553 477 580 οὐκ
499 554 531 581 ἄν
544 562 586 585 τις
598 553 757 580 ἐπίστευσεν
769 553 830 580 οὐδὲ
843 553 888 580 τὸν

105 599 221 634 τυχόντα
236 598 338 634 βαθμὸν
353 598 400 625 τοῦ
409 599 517 636 κλήρου,
531 599 677 634 συνέστηκε
691 598 760 626 κατὰ
775 599 888 635 μονομέ-

108 652 182 678 ρειαν
202 644 356 679 πεπρᾶχθαι
381 643 446 679 (55).
471 644 537 671 οὒτε
562 644 616 680 γὰρ
640 645 654 671 ὁ
672 644 784 679 ἁδελφὸς
808 645 888 680 ἡμῶν

111 689 268 722 Ἀθανάσιος
278 691 291 716 ὁ
308 690 464 722 ἐπίσκοπος,
484 690 545 717 οὔτε
562 691 703 727 Μακάριος
712 692 726 717 ό
738 690 887 727 πρεσϐύτε-

107 744 153 772 ρος
167 736 181 761 ὁ
196 735 429 772 κατηγορούμενος
448 737 492 764 ὑπ’
509 737 598 765 αὐτῶν
619 739 720 774 παρῆν.
741 739 796 765 Kal
814 739 887 773 ὅμως

105 781 199 817 ἡπαρ⁸
209 781 298 808 αὐτῶν
315 781 458 818 ἐρώτησις,
481 784 580 819 μᾶλλον
597 783 625 810 δὲ
642 784 758 820 ύποϐολὴ
775 785 792 820 ἡ
812 792 887 818 γενο-

106 827 185 863 μένη,
202 827 292 864 πάσης
303 828 432 864 αἰσχύνης
443 827 477 864 ἦν
489 830 584 865 μεστή·
598 829 636 865 πῆ
650 831 699 865 μὲν
712 830 766 865 γὰρ
776 829 886 861 ἐθνικοὶ,

105 873 143 908 πῆ
162 872 190 900 δὲ
203 872 398 908 κατηχούμενοι
412 873 565 909 ἡρωτῶντο,
579 873 628 909 οὐχ
639 874 691 906 ῖνα,
703 874 772 909 ἅπερ
786 873 886 906 ἴσασιν,

104 905 228 951 ιῐπωσιν,
243 905 299 945 ἀλλ’
326 905 378 950 ῖνα,
395 905 466 955 ἅπερ
491 920 555 955 παρ’
581 905 670 946 αὐτῶν
686 905 887 954 μεμαθήκασι,
901 905 924 934 Β

103 962 266 996 ψεύσωνται.
277 963 330 989 Καὶ
340 963 394 998 γὰρ
409 964 456 990 καὶ
474 963 550 999 ὑμῶν
562 964 618 999 (54)
630 964 683 990 τῶν
696 964 888 1000 πρεσϐυτέρων

104 1008 298 1044 φροντιζόντων
305 1007 350 1035 ἐπὶ
358 1009 390 1044 τῇ
399 1009 516 1045 ἀπουσίᾳ
527 1009 573 1037 τοῦ
583 1009 715 1045 ὑμετέρου
727 1010 887 1042 ἐπισκόπου,

103 1054 152 1081 καὶ
177 1053 343 1089 βουλομένων
358 1056 482 1091 παρεῖναι
510 1056 555 1081 ἐπὶ
569 1057 602 1091 τῇ
618 1055 748 1089 ἐξετάσει.
772 1056 820 1083 καὶ
839 1055 888 1092 τὴν

102 1099 231 1135 ἀλήθειαν
244 1099 338 1133 δεῖξαι,
355 1101 402 1127 καὶ
412 1100 446 1127 τὰ
456 1100 540 1136 ψευδῆ
556 1101 698 1136 διελέγξαι,
710 1101 796 1133 οὐδεὶς
810 1101 887 1136 λόγος

103 1145 223 1179 γέγονεν·
249 1146 300 1172 οὐκ
330 1146 481 1181 ἐπέτρεψαν
498 1147 552 1182 γὰρ
572 1146 644 1183 ὑμᾶς
668 1149 804 1183 παρεῖναι,
819 1147 887 1174 ἀλλὰ

103 1190 150 1217 καὶ
165 1190 223 1225 μεθ’
240 1190 344 1226 ὕϐρεως
351 1191 486 1223 ἐξέϐαλον.
503 1193 557 1219 Kal
567 1193 591 1218 εί
605 1193 652 1219 καὶ
665 1192 699 1219 τὰ
709 1193 823 1228 μάλιστα
837 1202 887 1228 φα-

102 1235 170 1270 νερὰ
193 1235 259 1261 πᾶσι
278 1235 430 1272 καθέστηκε
445 1236 492 1263 καὶ
506 1237 538 1263 ὲκ
559 1236 660 1263 τούτων
677 1237 694 1272 ἡ
710 1237 886 1271 συκοφαντία,

102 1279 188 1315 ὅμως,
199 1281 459 1316 ἀναγινωσκομένων
476 1281 529 1308 τῶν
544 1282 757 1318 ὑπομνημάτων,
770 1282 886 1318 εὕρομεν

101 1325 184 1353 αὑτὸν
196 1326 241 1353 τὸν
272 1329 450 1364 παμπόνηρον
479 1328 611 1364 Ἰσχύραν,
627 1328 672 1355 τὸν
689 1329 736 1355 ἐπὶ
750 1330 783 1364 τῇ
806 1337 887 1356 συκο-

102 1371 201 1407 φαντίᾳ
213 1371 306 1407 μισθὸν
319 1373 382 1408 παρ’
403 1373 490 1400 αὐτῶν
502 1374 618 1400 λαϐόντα
636 1374 667 1401 τὸ
687 1374 782 1401 δοκοῦν
800 1374 886 1410 ϐνομα

101 1416 151 1451 τῆς
163 1417 322 1453 ἐπισκοπῆς,
337 1418 507 1454 διελέγχοντα
523 1421 619 1447 ἑαυτοῦ
634 1421 684 1456 τὴν
694 1420 883 1456 συκοφαντίαν.

101 1459 187 1492 Αὐτὸς
215 1460 269 1496 γὰρ
296 1462 311 1487 ό
327 1461 449 1498 Ὶσχύρας
471 1463 499 1490 ἑν
522 1463 613 1496 αὐτοῖς
637 1466 692 1496 τοῖς
708 1465 885 1500 ὑπομνήμασι

938 283 1019 307 esset.
1035 279 1104 313 Quin
1118 285 1146 307 et
1156 285 1330 307 monumenta
1344 280 1370 307 in
1388 281 1507 309 Mareote
1524 282 1607 314 edita,
1621 290 1637 310 a
1654 291 1715 312 sce-

939 324 1110 353 leratissimis
1124 330 1153 352 et
1171 325 1358 360 perditissimis
1381 326 1541 360 quibusdam
1561 328 1717 357 adolescen-

939 371 1020 404 tibus,
1031 371 1129 406 quibus
1136 379 1170 398 ne
1179 372 1318 399 minimum
1331 372 1438 406 quidem
1451 373 1594 400 clericatus
1604 375 1714 408 gradum

938 417 1071 452 quispiam
1089 416 1255 449 contulisset,
1268 425 1320 444 una
1333 417 1418 445 solum
1428 419 1572 453 epartibus
1585 426 1716 454 praesente
1745 442 1756 452 ,,

938 460 1007 487 facta
1032 460 1115 488 fuisse
1134 461 1276 488 constabat
1292 470 1299 488 :
1314 469 1378 488 nam
1402 469 1489 496 neque
1511 463 1595 491 frater
1624 468 1717 492 noster

937 506 1112 540 Athanasius,
1127 514 1215 541 neque
1224 507 1358 535 Macarius
1372 508 1513 544 presbyter
1527 510 1560 537 ab
1571 509 1625 537 illis
1636 517 1716 538 accu-

937 557 1023 585 satus,
1040 551 1094 580 illic
1115 552 1265 580 adfuerant.
1288 553 1320 580 Et
1339 553 1438 587 alioqui
1459 561 1552 582 eorum
1576 554 1716 589 inquisitio

937 605 984 625 seu
1006 598 1095 633 potius
1112 598 1281 626 fraudulenta
1300 598 1443 633 subjectio,
1458 599 1531 626 omni
1549 600 1716 634 turpitudine

936 643 1014 679 plena
1039 648 1113 677 erat;
1137 652 1200 672 nam
1221 652 1282 672 cum
1307 644 1418 677 ethnici,
1443 648 1498 672 tum
1527 646 1715 674 catechumenl

938 689 1182 724 interrogabantur,
1195 696 1247 717 non
1262 693 1292 717 ut
1312 697 1371 724 qua:
1393 690 1496 718 scirent
1510 689 1641 724 dicerent,
1663 691 1712 720 sed

937 738 967 762 ut
985 742 1044 769 quae
1059 735 1156 762 abillis
1175 735 1326 763 didicerant
1347 735 1415 763 falso
1434 735 1597 771 proferrent.
1624 736 1716 772 Siqui-

938 779 998 807 dem
1014 784 1042 807 et
1057 783 1176 807 vestrum
1201 780 1440 816 presbyterorum,
1460 781 1506 816 qui
1531 781 1642 810 absente
1661 782 1716 818 cpia

937 831 1019 859 scopo
1036 824 1075 852 rei
1097 831 1189 852 curam
1214 824 1359 860 gerebatis,
1382 832 1414 852 ac
1430 825 1556 853 voluistis
1573 826 1715 861 quaestioni

938 869 1079 903 interesse,
1102 874 1130 897 et
1159 870 1301 898 veritatem
1330 870 1497 905 patefacere,
1521 871 1715 906 mendaciaque

938 915 1066 949 refutare,
1091 915 1161 943 nulla
1182 919 1224 943 est
1242 915 1335 943 habita
1359 916 1430 944 ratio
1444 923 1453 943 ε
1469 923 1555 951 neque
1579 915 1651 944 enim
1665 923 1714 944 vos

937 961 1032 989 adesse
1051 965 1254 994 concesserunt,
1281 962 1327 989 sed
1352 962 1546 990 contumeliose
1562 961 1712 997 eiecerunt.

936 1007 975 1034 Ac
992 1007 1055 1035 licet
1074 1008 1138 1035 hinc
1151 1008 1267 1035 maxime
1281 1015 1374 1035 eorum
1391 1007 1566 1043 sycophantia
1587 1007 1714 1035 omnibus

937 1057 1075 1088 comperta
1091 1053 1136 1087 sit,
1151 1057 1270 1081 attamen
1295 1053 1358 1080 dum
1380 1057 1554 1081 monumenta
1576 1053 1620 1081 illa
1642 1052 1714 1089 lege-

936 1103 1053 1132 rentur,
1088 1099 1313 1134 deprehendimus
1348 1099 1435 1134 ipsum
1474 1098 1713 1127 sceleratissimum

935 1143 1082 1179 lschyram,
1108 1144 1153 1178 qui
1174 1151 1259 1171 vacuo
1276 1143 1445 1179 episcopatus
1464 1144 1583 1177 nomine,
1597 1144 1625 1172 in
1641 1150 1713 1172 Iner—

935 1190 1027 1218 cedem
1047 1189 1230 1225 sycophantiae
1247 1197 1314 1222 suae,
1333 1194 1375 1217 est
1395 1190 1430 1217 ab
1446 1188 1498 1217 illis
1518 1189 1646 1222 donatus,
1668 1196 1714 1217 ca-

936 1235 1063 1262 lumniam
1086 1243 1161 1262 suam
1178 1241 1334 1270 coarguere.
1356 1233 1386 1262 In
1407 1235 1503 1263 iisdem
1524 1235 1596 1263 enim
1617 1243 1715 1263 monu-

936 1279 1034 1307 mentis
1049 1280 1177 1307 narrabat
1193 1280 1251 1314 ipse
1267 1279 1400 1314 Ischyras,
1423 1287 1452 1307 se
1468 1286 1520 1315 qua
1541 1280 1607 1308 hora
1628 1279 1714 1308 Maca-

936 1326 1006 1353 rium
1023 1326 1051 1353 in
1064 1333 1140 1353 suam
1157 1325 1252 1353 cellam
1269 1325 1375 1353 venisse
1397 1325 1557 1359 aﬂirmabat,
1583 1329 1713 1360 aegrotum

932 1372 1050 1407 iacuisse
1065 1381 1072 1398 ι
1090 1372 1152 1400 licet
1162 1379 1178 1399 e
1187 1375 1280 1399 contra
1293 1371 1436 1400 Eusebiani
1446 1371 1566 1399 scribere
1575 1372 1634 1399 ausi
1647 1372 1711 1405 sint,

935 1417 1082 1453 lschyram,
1105 1425 1166 1445 cum
1189 1417 1322 1445 Macarius
1347 1417 1517 1452 supervenit,
1547 1418 1656 1446 stetisse
1685 1422 1714 1446 et

935 1463 1097 1490 oblationem
1119 1463 1226 1491 fecisse.

101 1507 252 1543 διελάλησε,
281 1507 340 1535 κατ’
355 1509 462 1545 ἐκείνην
484 1510 533 1546 τὴν
555 1511 638 1546 ὥραν,
663 1512 691 1538 ἐν
711 1509 728 1550 ᾖ
758 1512 900 1548 Μακάριον
919 1509 1075 1545 ἐληλυθέναι
1101 1511 1141 1542 εἰς
1174 1510 1205 1537 τὺ
1228 1509 1332 1537 κελλίον
1350 1509 1445 1537 ἑαυτοῦ
1463 1509 1655 1542 διεϐεϐαιοῦτο,
1667 1517 1711 1536 νο·

103 1553 200 1581 σοῦντα
227 1556 286 1582 τότε
302 1557 479 1584 κατακεῖσθαι
502 1558 606 1585 έαυτόψ
636 1561 724 1587 καίτοι
751 1560 806 1587 τῶν
837 1559 901 1596 περὶ
934 1557 1062 1585 Εὐσέϐιον
1087 1556 1190 1592 γράψαι
1216 1557 1408 1593 τολμησάντων
1438 1557 1548 1584 ἑστάναι
1576 1557 1637 1584 τότε
1665 1557 1712 1584 τὸν

108 1599 232 1634 ’ἰσχύραν
253 1602 300 1628 καὶ
311 1603 483 1638 προσφέρειν,
497 1603 540 1630 ὅτε
550 1605 691 1641 Μακάριος
701 1607 812 1643 ἐπέστη.

138 1645 182 1673 58,
197 1646 318 1682 Κάκείνη
341 1647 370 1674 δὲ
383 1649 450 1674 πᾶσι
463 1649 567 1684 φανερὰ
589 1651 757 1687 καθέστηκεν
770 1653 786 1688 ἡ
806 1662 885 1681 συκο-

971 1657 1016 1684 58.
1036 1657 1105 1690 Quin
1122 1655 1203 1683 etiam
1217 1663 1247 1683 ea
1261 1663 1313 1691 qua
1326 1660 1387 1691 post
1398 1656 1440 1684 usi
1458 1661 1521 1684 sunt
1534 1657 1711 1693 sycophantia

104 1694 201 1727 φαντία
217 1695 264 1721 καὶ
275 1694 394 1731 διαϐολὴ,
406 1695 440 1731 ἢν
455 1696 599 1732 ᾐτιάσαντο
610 1698 678 1733 μετὰ
692 1699 787 1726 ταῦτα.
798 1701 885 1736 Ἔφα-

104 1746 154 1765 σαν
169 1739 223 1775 γὰρ
233 1741 280 1767 καὶ
291 1741 471 1776 κατεϐόησαν,
489 1743 568 1777 φόνον
579 1743 735 1780 δεδρακέναι
751 1746 796 1772 τὸν
805 1747 886 1773 Ἀθα-

103 1784 205 1817 νάσιον,
217 1785 265 1812 καὶ
282 1785 320 1818 ὡς
339 1787 475 1822 Ἀρσένιόν
488 1795 548 1814 τινα
558 1787 717 1816 Μελιτιανὸν
740 1790 885 1818 ἐπίσκοπον

103 1831 280 1868 ἀνῃρηκέναι,
298 1832 339 1867 ἐφ’
349 1829 371 1866 ᾦ
380 1832 555 1868 προσποιητῷ
570 1833 713 1869 στεναγμῷ
726 1835 773 1861 καὶ
783 1836 885 1863 πεπλα-

104 1877 215 1912 σμένοις
227 1877 354 1913 δάκρυσιν
368 1878 554 1914 ὑπεκρίνοντο,
569 1879 617 1905 καὶ
627 1879 717 1914 ἠξίουν
728 1881 774 1908 τοῦ
785 1880 886 1915 ζῶντος

103 1922 140 1954 ὡς
149 1922 307 1959 τεθνηκότος
317 1923 347 1950 τὸ
358 1923 436 1959 σῶμα
446 1923 616 1959 ἀποδοθῆναι.
626 1924 693 1952 Ἀλλ’
702 1926 751 1952 οὐκ
761 1927 885 1961 ἄγνωστα

103 1968 199 2002 γέγονε
212 1968 246 1996 τὰ
260 1969 412 2005 σοφίσματα
426 1969 538 1997 τούτων.
567 1971 707 2005 Ἔγνωσαν
723 1971 777 2008 γὰρ
799 1973 885 2000 ᾶπαν-

103 2021 148 2046 τες
165 2014 232 2049 (53),
248 2014 296 2050 ζῇν
307 2015 352 2042 τὸν
373 2014 525 2051 ἄνθρωπον,
540 2016 587 2042 καὶ
606 2017 635 2043 ὲν
662 2018 718 2049 τοῖς
740 2017 823 2049 ζῶσιν
843 2019 885 2051 εξ-

103 2059 256 2092 ιτάζεσθαι·
268 2061 314 2087 καὶ
326 2061 416 2096 ἐπειδὴ
442 2061 534 2096 ἑώρων
548 2062 658 2094 ἑαυτοὺς
671 2064 694 2089 οἱ
712 2064 780 2099 πρὸς
798 2065 884 2092 πάντα

104 2105 226 2141 εὐχερεῖς
252 2106 468 2142 διελεγχομένους
484 2108 530 2134 ἐπὶ
544 2109 599 2139 τοῖς
625 2108 762 2144 ψεύσμασι
781 2111 885 2143 τούτοις

109 2151 201 2186 (αὐτὸς
217 2150 270 2186 γὰρ
286 2150 339 2183 ζῶν
352 2152 366 2177 ὁ
383 2152 517 2188 Ἀρσένιος
533 2152 667 2181 ἐδείκνυεν
683 2154 776 2181 ἑαυτὸν
791 2156 827 2192 μὴ
843 2158 886 2183 ἁν-

104 2194 222 2231 ῃρῆσθαι
245 2195 311 2230 μηδὲ
323 2195 502 2232 τεθνηκέναι),
518 2198 593 2232 ὅμως
604 2199 652 2234 οὐχ
670 2199 818 2235 ἡσύχασαν,
828 2201 884 2228 ἀλλ’

105 2240 201 2276 ἑτέρας
209 2241 459 2277 συκοφαντίαςπρὸς
467 2243 523 2274 ταῖς
539 2243 684 2279 προτέραις
697 2247 884 2281 συκοφαντίαις

105 2286 263 2322 ἐπεζήτουν,
273 2287 315 2313 ἵνα
326 2287 405 2314 πάλιν
418 2289 646 2324 μηχανησάμενοι,
661 2291 882 2330 διαϐάλλωσιβϐ)

104 2331 151 2358 τὸν
173 2331 324 2367 ἄνθρωπον.
340 2332 371 2358 Τί
391 2330 447 2364 οὖν,
472 2334 622 2369 ἀγαπητοί;
643 2335 700 2362 Οὐκ
718 2337 852 2374 ἐταράχθη
899 2328 921 2356 Ῑ)

104 2376 217 2411 ἀδελφὸς
231 2376 309 2412 ἡμῶν
328 2377 493 2410 Ἀθανάσιος,
510 2378 578 2405 ἀλλὰ
595 2379 673 2406 πάλιν
683 2381 766 2416 πολλῇ
780 2383 885 2418 παρῥη-

105 2421 151 2457 σία
165 2421 313 2458 χρώμενος,
329 2423 503 2458 προεκαλεῖτο
516 2424 562 2451 καὶ
585 2425 631 2451 ἐπὶ
652 2426 754 2458 τούτοις
775 2428 881 2460 αὐτούς’

105 2468 152 2495 καὶ
169 2469 246 2503 ἡμεῖς
263 2469 292 2495 δὲ
317 2469 455 2505 ηὐχόμεθα
478 2471 525 2497 καὶ
550 2472 772 2508 προετρεπόμεθα
798 2474 883 2502 ἐλθεῖν

105 2513 203 2546 αὐτοὺς
214 2515 253 2547 είς
262 2514 311 2550 τὴν
323 2515 423 2551 κρίσιν,
437 2516 494 2548 καὶ,
503 2516 582 2552 εῐιτερ
594 2516 729 2549 δύνανται,
739 2518 882 2554 διελέγξαι.

107 2560 140 2586 ’Ὠ
149 2560 198 2595 τῆς
208 2560 307 2597 πολλῆς
317 2561 470 2594 πλεονεξίας
479 2562 485 2588 l
497 2562 519 2589 ὣ
530 2563 578 2597 τῆς
587 2562 675 2598 δεινῆς
682 2564 866 2600 ὑπερηφανίας
875 2567 882 2593 !

107 2606 206 2641 μᾶλλον
220 2607 292 2640 δὲ,ει
307 2608 347 2635 δεῖ
360 2608 474 2644 τάληθὲς
489 2609 583 2642 εἰπεῖν,
600 2609 622 2635 ὢ
638 2611 725 2646 κακῆς
741 2611 787 2638 καὶ
800 2612 884 2639 ὑπευ-

214 2674 293 2714 ἓθεη
305 2678 472 2714 -μονομερίαν
488 2679 653 2714 πεπρᾶχθαι.

141 2709 203 2752 ῷά).
213 2708 291 2752 Regi,
396 2708 446 2752 Ajlii
461 2720 520 2752 cu_m
534 2708 624 2752 editis,
633 2714 720 2750 ἡμῶν,
732 2723 883 2751 perperam.

107 2741 204 2783 ﬁahnii
216 2741 304 2783 verio
320 2741 360 2774 'sic
372 2747 453 2775 habet
465 2757 472 2775 :
486 2745 570 2774 Nulla
582 2741 745 2777 enini'nou'ri
754 2741 824 2778 itii};
830 2741 885 2780 iiii:

107 2778 160 2804 bim
172 2783 220 2811 est,
236 2781 282 2820 qui
295 2782 436 2820 presbyteri
451 2791 541 2809 sumus
555 2783 706 2820 ᾼιΙιᾳηαοίἰ.
723 2785 804 2818 Quasi
819 2778 885 2815 vero

106 2820 206 2874 ιριὲρὲ
212 2816 329 2850 episcopi
345 2816 464 2844 Sardicae
478 2818 562 2844 coacti
576 2819 717 2847 Athanasii
730 2816 884 2856 presbyteri

142 2882 199 2918 (35)
216 2883 293 2919 Reg.,
311 2885 418 2917 πάντες.
430 2886 499 2921 Mox,
516 2886 562 2914 καὶ
583 2888 611 2914 ὲν
626 2890 681 2921 τοῖς
697 2889 779 2921 ζῶσιν
793 2890 884 2924 ἐξετά-

937 1707 964 1731 et
977 1703 1109 1731 calumnia
1130 1703 1255 1730 omnibtts
1275 1702 1417 1731 manifesta
1431 1707 1480 1732 est.
1498 1703 1615 1731 Aiebant
1627 1704 1710 1738 enim,

936 1753 963 1776 et
975 1749 1078 1784 magnis
1098 1748 1260 1776 clamoribus
1276 1748 1456 1782 afﬁrmabant,
1477 1749 1577 1777 caedem
1593 1750 1713 1778 Athana-

935 1795 1006 1822 sium
1025 1799 1202 1829 perpetrasse,
1217 1797 1243 1822 et
1260 1795 1402 1822 Arsenium
1425 1796 1568 1830 quemdam
1590 1795 1713 1824 Meletia-

934 1849 998 1870 num
1015 1841 1170 1875 episcopum
1189 1840 1330 1874 occidisse,
1345 1848 1425 1875 quam
1441 1847 1497 1868 rem
1521 1841 1648 1868 simulato
1664 1849 1711 1877 ge-

937 1887 1005 1914 mitu
1027 1890 1054 1914 et
1081 1886 1157 1914 falsis
1179 1885 1306 1922 lacrymis
1325 1885 1517 1921 deplorabant,
1542 1887 1712 1921 postulantes

935 1932 1051 1960 viventis
1071 1938 1167 1966 corpus
1187 1932 1265 1967 quasi
1293 1932 1317 1959 is
1340 1936 1463 1960 mortuus
1476 1937 1548 1960 esset
1559 1932 1610 1960 sibi
1630 1933 1709 1960 tradi.

935 1977 988 2005 Sed
1012 1985 1064 2006 non
1088 1978 1165 2006 latuit
1197 1977 1276 2014 124
1300 1985 1392 2006 eorum
1418 1978 1564 2007 valrities:
1586 1980 1711 2007 omnibus

933 2023 1005 2050 enim
1018 2028 1183 2059 compertum
1202 2023 1253 2051 fuit
1269 2024 1405 2051 hominem
1421 2025 1524 2056 vivere,
1540 2029 1567 2052 el
1582 2025 1653 2053 inter
1667 2025 1710 2053 vl-

933 2076 980 2096 vos
998 2070 1133 2097 numerari
1152 2074 1199 2098 :et
1220 2078 1281 2098 cum
1298 2070 1486 2104 conspicerent
1510 2071 1547 2098 illi
1571 2072 1604 2099 ad
1631 2079 1712 2100 omne

935 2115 1023 2142 scelus
1046 2116 1163 2150 prompti
1183 2116 1245 2149 viri,
1266 2123 1295 2144 se
1314 2117 1446 2144 mendacii
1465 2117 1601 2144 convictos
1623 2127 1630 2146 :
1653 2117 1712 2152 ipse

935 2161 1005 2188 enim
1020 2161 1151 2189 Arsenius
1168 2162 1254 2195 vivus,
1277 2170 1306 2189 se
1321 2163 1431 2190 minime
1443 2163 1560 2191 occisum
1574 2167 1620 2190 aut
1638 2170 1711 2189 mor-

933 2212 1008 2235 tuum
1023 2215 1082 2235 esse
1095 2208 1184 2242 palam
1200 2208 1281 2241 fecit;
1296 2209 1379 2237 nihilo
1397 2214 1485 2236 tamen
1498 2209 1584 2243 magis
1598 2207 1709 2242 quieve-

934 2258 1007 2285 runt,
1031 2254 1077 2280 sed
1099 2253 1166 2281 alias
1192 2255 1382 2289 sycophantias
1410 2255 1549 2290 prioribus
1574 2253 1709 2280 addendos

936 2299 1077 2333 quaesiere,
1096 2303 1125 2327 ut
1143 2299 1283 2334 quibusvis
1305 2300 1437 2327 machinis
1458 2300 1598 2332 adhibitis,
1624 2299 1710 2327 homi-

936 2351 997 2371 nem
1020 2345 1107 2372 denuo
1128 2346 1367 2374 calumniarentur.
1385 2345 1455 2379 Quid
1477 2345 1570 2380 igitur,
1598 2344 1711 2372 dilecti?

936 2388 1111 2424 Nequaquam
1126 2392 1286 2426 perterritus
1310 2395 1352 2419 est
1374 2391 1460 2418 frater
1481 2395 1573 2418 noster
1591 2389 1711 2417 Athana.

937 2434 1002 2465 sius,
1019 2435 1067 2462 sed
1080 2435 1177 2463 iterum
1193 2444 1290 2472 magna
1303 2444 1369 2464 usus
1382 2435 1490 2469 ﬁducia,
1502 2442 1549 2463 eos
1563 2435 1589 2462 in
1600 2434 1643 2469 jus
1653 2441 1711 2469 pro-

936 2480 1048 2507 vocabat
1065 2488 1133 2508 :nos
1146 2488 1252 2516 quoque
1267 2482 1421 2516 rogavimus
1436 2480 1594 2515 hortatique
1606 2486 1710 2511 smnus,

937 2529 967 2551 ut
978 2525 1079 2560 judicio
1093 2533 1124 2554 se
1136 2527 1264 2555 sisterent
1275 2532 1313 2560 et,
1325 2527 1348 2555 si
1364 2531 1485 2562 possent,
1498 2527 1632 2554 hominem
1646 2533 1711 2553 con-

936 2571 1085 2598 vincerent.
1105 2571 1128 2600 0
1150 2580 1274 2608 magnam
1298 2573 1503 2608 arrogantiam!
1533 2579 1550 2599 o
1575 2572 1711 2605 ingentem

937 2616 1106 2651 superbiam!
1121 2623 1167 2645 aut
1178 2619 1277 2653 potius,
1289 2619 1312 2646 si
1328 2626 1392 2646 vere
1403 2618 1546 2646 dicendum
1558 2621 1610 2649 est,
1623 2624 1640 2644 ο
1655 2624 1712 2644 ma-

940 2686 1044 2724 ζεσθαέ,
1061 2695 1121 2721 quae
1132 2688 1254 2724 loquendi
1265 2688 1377 2717 formula
1394 2689 1462 2716 infra
1485 2695 1591 2723 quoque
1615 2695 1713 2724 usuve-

936 2723 984 2748 nit.
1010 2721 1106 2750 Cicero
1132 2721 1181 2759 pro
1201 2724 1310 2758 Quintia
1334 2734 1340 2751 :
1361 2733 1392 2752 ne
1417 2721 1563 2752 numeretur
1583 2724 1653 2751 inter
1673 2723 1712 2750 ai-

935 2764 1031 2829 Ῐοῖὲίῇ
1042 2792 1112 2820 ldem
1123 2793 1202 2829 Reg,
1215 2793 1370 2821 διαϐάλωσι.
1386 2794 1460 2821 Alias
1474 2793 1662 2829 sycophantias
1678 2792 1712 2820 ab

935 2826 1094 2855 Eusebianis
1107 2826 1227 2863 objectas
1243 2831 1304 2858 vide
1321 2837 1401 2864 supra
1417 2829 1443 2856 in
1458 2826 1571 2864 epistola
1599 2828 1713 2856 Alexan-

935 2861 1018 2890 drina:
1035 2863 1139 2897 synodi.
