  <div class='ocr_page' id='page_1' title='image "/cluster/home/n/w/nwhite01/storage/ocr_20150623/25/njp.32101010944591/443.png"; bbox 0 0 2031 3048; ppageno 0'>
   <div class='ocr_carea' id='block_1_1' title="bbox 306 161 360 190">
    <p class='ocr_par' dir='ltr' id='par_1_1' title="bbox 306 161 360 190">
     <span class='ocr_line' id='line_1_1' title="bbox 306 161 360 190; baseline -0.019 0"><span class='ocrx_word' id='word_1_1' title='bbox 306 161 360 190; x_wconf 68' lang='lat'><strong>345</strong></span> 
     </span>
    </p>
   </div>
   <div class='ocr_carea' id='block_1_2' title="bbox 587 132 1610 186">
    <p class='ocr_par' dir='ltr' id='par_1_2' title="bbox 587 132 1610 186">
     <span class='ocr_line' id='line_1_2' title="bbox 587 132 1610 186; baseline -0.008 -1"><span class='ocrx_word' id='word_1_2' title='bbox 587 158 615 185; x_wconf 89' lang='lat' dir='ltr'><strong>S.</strong></span> <span class='ocrx_word' id='word_1_3' title='bbox 635 132 816 186; x_wconf 41' lang='lat' dir='ltr'><strong>ATH-ANASII</strong></span> <span class='ocrx_word' id='word_1_4' title='bbox 835 155 911 184; x_wconf 78' lang='grc' dir='ltr'>ΟΡΡ,</span> <span class='ocrx_word' id='word_1_5' title='bbox 931 155 1021 183; x_wconf 79' lang='lat' dir='ltr'><strong>PARS</strong></span> <span class='ocrx_word' id='word_1_6' title='bbox 1039 156 1061 184; x_wconf 82' lang='grc'><strong>1.</strong></span> <span class='ocrx_word' id='word_1_7' title='bbox 1082 169 1116 176; x_wconf 90' lang='lat'><strong>-—</strong></span> <span class='ocrx_word' id='word_1_8' title='bbox 1135 153 1318 182; x_wconf 79' lang='lat' dir='ltr'><strong>HISTORICA</strong></span> <span class='ocrx_word' id='word_1_9' title='bbox 1338 151 1381 179; x_wconf 84' lang='grc' dir='ltr'><strong>ΕΤ</strong></span> <span class='ocrx_word' id='word_1_10' title='bbox 1401 150 1610 179; x_wconf 77' lang='lat' dir='ltr'><strong>DOGMATICA.</strong></span> 
     </span>
    </p>
   </div>
   <div class='ocr_carea' id='block_1_3' title="bbox 1860 147 1918 175">
    <p class='ocr_par' dir='ltr' id='par_1_3' title="bbox 1860 147 1918 175">
     <span class='ocr_line' id='line_1_3' title="bbox 1860 147 1918 175; baseline 0 0"><span class='ocrx_word' id='word_1_11' title='bbox 1860 147 1918 175; x_wconf 70' lang='grc'><strong>316</strong></span> 
     </span>
    </p>
   </div>
   <div class='ocr_carea' id='block_1_4' title="bbox 308 208 1093 252">
    <p class='ocr_par' dir='ltr' id='par_1_4' title="bbox 308 216 1082 252">
     <span class='ocr_line' id='line_1_4' title="bbox 308 216 1082 252; baseline -0.008 -4"><span class='ocrx_word' id='word_1_12' title='bbox 308 220 374 252; x_wconf 84' lang='lat' dir='ltr'><strong>iam,</strong></span> <span class='ocrx_word' id='word_1_13' title='bbox 384 223 411 248; x_wconf 87' lang='lat' dir='ltr'><strong>et</strong></span> <span class='ocrx_word' id='word_1_14' title='bbox 424 218 537 247; x_wconf 83' lang='lat' dir='ltr'><strong>crimine</strong></span> <span class='ocrx_word' id='word_1_15' title='bbox 547 217 690 245; x_wconf 81' lang='lat' dir='ltr'><strong>obnoxiam</strong></span> <span class='ocrx_word' id='word_1_16' title='bbox 704 216 914 244; x_wconf 82' lang='lat' dir='ltr'><strong>conscientiam!</strong></span> <span class='ocrx_word' id='word_1_17' title='bbox 926 216 997 251; x_wconf 89' lang='lat' dir='ltr'><strong>quod</strong></span> <span class='ocrx_word' id='word_1_18' title='bbox 1018 222 1082 243; x_wconf 85' lang='lat' dir='ltr'><strong>sane</strong></span> 
     </span>
    </p>
   </div>
   <div class='ocr_carea' id='block_1_5' title="bbox 1145 208 1919 252">
    <p class='ocr_par' dir='ltr' id='par_1_5' title="bbox 1145 208 1919 248">
     <span class='ocr_line' id='line_1_5' title="bbox 1145 208 1919 248; baseline -0.008 -7"><span class='ocrx_word' id='word_1_19' title='bbox 1145 215 1213 241; x_wconf 70' lang='grc' dir='ltr'>ιύνου</span> <span class='ocrx_word' id='word_1_20' title='bbox 1240 213 1432 248; x_wconf 75' lang='grc' dir='ltr'>συνειδήσεωςί</span> <span class='ocrx_word' id='word_1_21' title='bbox 1461 211 1539 239; x_wconf 78' lang='grc' dir='ltr'>τοῦτο</span> <span class='ocrx_word' id='word_1_22' title='bbox 1559 211 1612 246; x_wconf 82' lang='grc' dir='ltr'><strong>γὰρ</strong></span> <span class='ocrx_word' id='word_1_23' title='bbox 1626 210 1692 237; x_wconf 81' lang='grc' dir='ltr'>πᾶσι</span> <span class='ocrx_word' id='word_1_24' title='bbox 1715 208 1919 245; x_wconf 69' lang='grc' dir='ltr'>πεφανέρωται.</span> 
     </span>
    </p>
   </div>
   <div class='ocr_carea' id='block_1_6' title="bbox 307 261 1084 299">
    <p class='ocr_par' dir='ltr' id='par_1_6' title="bbox 307 261 1084 299">
     <span class='ocr_line' id='line_1_6' title="bbox 307 261 1084 299; baseline -0.006 -6"><span class='ocrx_word' id='word_1_25' title='bbox 307 265 373 294; x_wconf 85' lang='lat' dir='ltr'><strong>nulli</strong></span> <span class='ocrx_word' id='word_1_26' title='bbox 387 272 440 292; x_wconf 94' lang='lat' dir='ltr'><strong>non</strong></span> <span class='ocrx_word' id='word_1_27' title='bbox 456 264 624 299; x_wconf 78' lang='lat' dir='ltr'><strong>exploratum</strong></span> <span class='ocrx_word' id='word_1_28' title='bbox 641 268 692 290; x_wconf 88' lang='lat' dir='ltr'><strong>est.</strong></span> <span class='ocrx_word' id='word_1_29' title='bbox 707 262 853 296; x_wconf 73' lang='lat' dir='ltr'><strong>Quocirca,</strong></span> <span class='ocrx_word' id='word_1_30' title='bbox 872 262 963 288; x_wconf 91' lang='lat' dir='ltr'><strong>dilecti</strong></span> <span class='ocrx_word' id='word_1_31' title='bbox 974 261 1084 293; x_wconf 77' lang='lat' dir='ltr'><strong>fratres,</strong></span> 
     </span>
    </p>
   </div>
   <div class='ocr_carea' id='block_1_7' title="bbox 308 307 1084 342">
    <p class='ocr_par' dir='ltr' id='par_1_7' title="bbox 308 307 1084 342">
     <span class='ocr_line' id='line_1_7' title="bbox 308 307 1084 342; baseline -0.006 -5"><span class='ocrx_word' id='word_1_32' title='bbox 308 317 448 337; x_wconf 88' lang='lat' dir='ltr'><strong>monemus</strong></span> <span class='ocrx_word' id='word_1_33' title='bbox 462 316 508 336; x_wconf 86' lang='lat' dir='ltr'><strong>vos</strong></span> <span class='ocrx_word' id='word_1_34' title='bbox 517 312 545 335; x_wconf 86' lang='lat' dir='ltr'><strong>et</strong></span> <span class='ocrx_word' id='word_1_35' title='bbox 557 308 704 339; x_wconf 83' lang='lat' dir='ltr'><strong>hortantur,</strong></span> <span class='ocrx_word' id='word_1_36' title='bbox 725 312 753 334; x_wconf 92' lang='lat' dir='ltr'><strong>ut</strong></span> <span class='ocrx_word' id='word_1_37' title='bbox 768 315 822 342; x_wconf 71' lang='lat' dir='ltr'><strong>prae</strong></span> <span class='ocrx_word' id='word_1_38' title='bbox 844 307 969 334; x_wconf 85' lang='lat' dir='ltr'><strong>omnibus</strong></span> <span class='ocrx_word' id='word_1_39' title='bbox 984 311 1084 334; x_wconf 86' lang='lat' dir='ltr'><strong>rectam</strong></span> 
     </span>
    </p>
   </div>
   <div class='ocr_carea' id='block_1_8' title="bbox 308 349 1084 384">
    <p class='ocr_par' dir='ltr' id='par_1_8' title="bbox 308 349 1084 384">
     <span class='ocr_line' id='line_1_8' title="bbox 308 349 1084 384; baseline -0.005 -4"><span class='ocrx_word' id='word_1_40' title='bbox 308 353 436 380; x_wconf 68' lang='lat' dir='ltr'><strong>Ecclesiae</strong></span> <span class='ocrx_word' id='word_1_41' title='bbox 448 352 589 380; x_wconf 72' lang='lat' dir='ltr'><strong>catholica:</strong></span> <span class='ocrx_word' id='word_1_42' title='bbox 604 352 683 379; x_wconf 78' lang='lat' dir='ltr'><strong>ﬁdem</strong></span> <span class='ocrx_word' id='word_1_43' title='bbox 706 351 858 378; x_wconf 86' lang='lat' dir='ltr'><strong>retineatis.</strong></span> <span class='ocrx_word' id='word_1_44' title='bbox 876 350 959 377; x_wconf 80' lang='lat' dir='ltr'><strong>Multa</strong></span> <span class='ocrx_word' id='word_1_45' title='bbox 976 349 1084 384; x_wconf 87' lang='lat' dir='ltr'><strong>quidem</strong></span> 
     </span>
    </p>
   </div>
   <div class='ocr_carea' id='block_1_9' title="bbox 310 397 1085 434">
    <p class='ocr_par' dir='ltr' id='par_1_9' title="bbox 310 397 1085 434">
     <span class='ocr_line' id='line_1_9' title="bbox 310 397 1085 434; baseline -0.005 -8"><span class='ocrx_word' id='word_1_46' title='bbox 310 399 400 434; x_wconf 86' lang='lat' dir='ltr'><strong>gravia</strong></span> <span class='ocrx_word' id='word_1_47' title='bbox 420 403 448 426; x_wconf 84' lang='lat' dir='ltr'><strong>et</strong></span> <span class='ocrx_word' id='word_1_48' title='bbox 463 399 563 426; x_wconf 85' lang='lat' dir='ltr'><strong>atrocia</strong></span> <span class='ocrx_word' id='word_1_49' title='bbox 588 398 735 429; x_wconf 81' lang='lat' dir='ltr'><strong>tolerastis,</strong></span> <span class='ocrx_word' id='word_1_50' title='bbox 751 397 848 424; x_wconf 83' lang='lat' dir='ltr'><strong>multas</strong></span> <span class='ocrx_word' id='word_1_51' title='bbox 867 403 974 430; x_wconf 89' lang='lat' dir='ltr'><strong>quoque</strong></span> <span class='ocrx_word' id='word_1_52' title='bbox 988 400 1085 423; x_wconf 87' lang='lat' dir='ltr'><strong>contu-</strong></span> 
     </span>
    </p>
   </div>
   <div class='ocr_carea' id='block_1_10' title="bbox 309 442 1086 478">
    <p class='ocr_par' dir='ltr' id='par_1_10' title="bbox 309 442 1086 478">
     <span class='ocr_line' id='line_1_10' title="bbox 309 442 1086 478; baseline -0.005 -6"><span class='ocrx_word' id='word_1_53' title='bbox 309 445 405 472; x_wconf 86' lang='lat' dir='ltr'><strong>melias</strong></span> <span class='ocrx_word' id='word_1_54' title='bbox 417 449 444 471; x_wconf 91' lang='lat' dir='ltr'><strong>et</strong></span> <span class='ocrx_word' id='word_1_55' title='bbox 456 444 569 478; x_wconf 80' lang='lat' dir='ltr'><strong>injurias</strong></span> <span class='ocrx_word' id='word_1_56' title='bbox 584 443 711 470; x_wconf 78' lang='lat' dir='ltr'><strong>sustinuit</strong></span> <span class='ocrx_word' id='word_1_57' title='bbox 730 443 864 470; x_wconf 82' lang='lat' dir='ltr'><strong>catholica</strong></span> <span class='ocrx_word' id='word_1_58' title='bbox 881 442 999 469; x_wconf 83' lang='lat' dir='ltr'><strong>Ecclesia</strong></span> <span class='ocrx_word' id='word_1_59' title='bbox 1016 451 1023 468; x_wconf 96' lang='lat'><strong>:</strong></span> <span class='ocrx_word' id='word_1_60' title='bbox 1039 442 1086 468; x_wconf 91' lang='lat' dir='ltr'><strong>sed</strong></span> 
     </span>
    </p>
   </div>
   <div class='ocr_carea' id='block_1_11' title="bbox 307 487 1084 525">
    <p class='ocr_par' dir='ltr' id='par_1_11' title="bbox 307 487 1084 525">
     <span class='ocr_line' id='line_1_11' title="bbox 307 487 1084 525; baseline -0.005 -9"><span class='ocrx_word' id='word_1_61' title='bbox 307 491 351 525; x_wconf 82' lang='lat' dir='ltr'><strong>qui</strong></span> <span class='ocrx_word' id='word_1_62' title='bbox 363 490 560 524; x_wconf 76' lang='lat' dir='ltr'><strong>perseveraverit</strong></span> <span class='ocrx_word' id='word_1_63' title='bbox 572 497 652 523; x_wconf 68' lang='lat' dir='ltr'><strong>usque</strong></span> <span class='ocrx_word' id='word_1_64' title='bbox 670 489 696 514; x_wconf 85' lang='lat' dir='ltr'><strong>in</strong></span> <span class='ocrx_word' id='word_1_65' title='bbox 717 488 806 523; x_wconf 74' lang='lat' dir='ltr'><strong>ﬁnem,</strong></span> <span class='ocrx_word' id='word_1_66' title='bbox 826 487 868 514; x_wconf 85' lang='lat' dir='ltr'><strong>hic</strong></span> <span class='ocrx_word' id='word_1_67' title='bbox 887 487 973 514; x_wconf 63' lang='lat' dir='ltr'><strong>salvus</strong></span> <span class='ocrx_word' id='word_1_68' title='bbox 989 487 1037 513; x_wconf 81' lang='lat' dir='ltr'><strong>erit</strong></span> <span class='ocrx_word' id='word_1_69' title='bbox 1051 487 1084 513; x_wconf 86' lang='lat'><strong>&quot;.</strong></span> 
     </span>
    </p>
   </div>
   <div class='ocr_carea' id='block_1_12' title="bbox 309 531 1086 568">
    <p class='ocr_par' dir='ltr' id='par_1_12' title="bbox 309 531 1086 568">
     <span class='ocr_line' id='line_1_12' title="bbox 309 531 1086 568; baseline -0.006 -6"><span class='ocrx_word' id='word_1_70' title='bbox 309 536 399 568; x_wconf 86' lang='lat' dir='ltr'><strong>Quare</strong></span> <span class='ocrx_word' id='word_1_71' title='bbox 413 535 436 562; x_wconf 87' lang='lat' dir='ltr'><strong>si</strong></span> <span class='ocrx_word' id='word_1_72' title='bbox 453 535 517 568; x_wconf 92' lang='lat' dir='ltr'><strong>quid</strong></span> <span class='ocrx_word' id='word_1_73' title='bbox 531 535 628 561; x_wconf 89' lang='lat' dir='ltr'><strong>iterum</strong></span> <span class='ocrx_word' id='word_1_74' title='bbox 651 538 746 560; x_wconf 88' lang='lat' dir='ltr'><strong>contra</strong></span> <span class='ocrx_word' id='word_1_75' title='bbox 761 540 806 560; x_wconf 80' lang='lat' dir='ltr'><strong>vos</strong></span> <span class='ocrx_word' id='word_1_76' title='bbox 820 533 1024 568; x_wconf 80' lang='lat' dir='ltr'><strong>aggrediantur,</strong></span> <span class='ocrx_word' id='word_1_77' title='bbox 1037 531 1086 558; x_wconf 87' lang='lat' dir='ltr'><strong>tri-</strong></span> 
     </span>
    </p>
   </div>
   <div class='ocr_carea' id='block_1_13' title="bbox 308 576 1085 614">
    <p class='ocr_par' dir='ltr' id='par_1_13' title="bbox 308 576 1085 614">
     <span class='ocr_line' id='line_1_13' title="bbox 308 576 1085 614; baseline -0.006 -7"><span class='ocrx_word' id='word_1_78' title='bbox 308 580 412 608; x_wconf 87' lang='lat' dir='ltr'><strong>bulatio</strong></span> <span class='ocrx_word' id='word_1_79' title='bbox 431 579 475 606; x_wconf 83' lang='lat' dir='ltr'><strong>illa</strong></span> <span class='ocrx_word' id='word_1_80' title='bbox 489 579 577 614; x_wconf 78' lang='lat' dir='ltr'><strong>gaudii</strong></span> <span class='ocrx_word' id='word_1_81' title='bbox 599 578 675 605; x_wconf 85' lang='lat' dir='ltr'><strong>vobis</strong></span> <span class='ocrx_word' id='word_1_82' title='bbox 696 578 754 604; x_wconf 89' lang='lat' dir='ltr'><strong>loco</strong></span> <span class='ocrx_word' id='word_1_83' title='bbox 777 578 826 609; x_wconf 88' lang='lat' dir='ltr'><strong>sit;</strong></span> <span class='ocrx_word' id='word_1_84' title='bbox 852 585 913 604; x_wconf 85' lang='lat' dir='ltr'><strong>nam</strong></span> <span class='ocrx_word' id='word_1_85' title='bbox 937 576 1085 604; x_wconf 91' lang='lat' dir='ltr'><strong>istiusmodi</strong></span> 
     </span>
    </p>
   </div>
   <div class='ocr_carea' id='block_1_14' title="bbox 309 622 1087 658">
    <p class='ocr_par' dir='ltr' id='par_1_14' title="bbox 309 622 1087 658">
     <span class='ocr_line' id='line_1_14' title="bbox 309 622 1087 658; baseline -0.006 -6"><span class='ocrx_word' id='word_1_86' title='bbox 309 624 468 652; x_wconf 78' lang='lat' dir='ltr'><strong>alliictiones</strong></span> <span class='ocrx_word' id='word_1_87' title='bbox 480 631 542 658; x_wconf 87' lang='lat' dir='ltr'><strong>pars</strong></span> <span class='ocrx_word' id='word_1_88' title='bbox 558 628 619 650; x_wconf 86' lang='lat' dir='ltr'><strong>sunt</strong></span> <span class='ocrx_word' id='word_1_89' title='bbox 634 622 767 657; x_wconf 80' lang='lat' dir='ltr'><strong>martyrii,</strong></span> <span class='ocrx_word' id='word_1_90' title='bbox 781 627 808 649; x_wconf 89' lang='lat' dir='ltr'><strong>et</strong></span> <span class='ocrx_word' id='word_1_91' title='bbox 824 622 976 656; x_wconf 84' lang='lat' dir='ltr'><strong>hujusmodi</strong></span> <span class='ocrx_word' id='word_1_92' title='bbox 989 626 1087 648; x_wconf 69' lang='lat' dir='ltr'><strong>vestra:</strong></span> 
     </span>
    </p>
   </div>
   <div class='ocr_carea' id='block_1_15' title="bbox 310 668 1087 697">
    <p class='ocr_par' dir='ltr' id='par_1_15' title="bbox 310 668 1087 697">
     <span class='ocr_line' id='line_1_15' title="bbox 310 668 1087 697; baseline -0.003 -1"><span class='ocrx_word' id='word_1_93' title='bbox 310 669 493 697; x_wconf 76' lang='lat' dir='ltr'><strong>confessiones</strong></span> <span class='ocrx_word' id='word_1_94' title='bbox 518 674 547 696; x_wconf 89' lang='lat' dir='ltr'><strong>et</strong></span> <span class='ocrx_word' id='word_1_95' title='bbox 571 673 703 695; x_wconf 82' lang='lat' dir='ltr'><strong>tormenta</strong></span> <span class='ocrx_word' id='word_1_96' title='bbox 724 676 771 694; x_wconf 85' lang='lat' dir='ltr'><strong>sua</strong></span> <span class='ocrx_word' id='word_1_97' title='bbox 789 668 913 695; x_wconf 85' lang='lat' dir='ltr'><strong>mercede</strong></span> <span class='ocrx_word' id='word_1_98' title='bbox 934 675 985 694; x_wconf 93' lang='lat' dir='ltr'><strong>non</strong></span> <span class='ocrx_word' id='word_1_99' title='bbox 1010 675 1087 694; x_wconf 87' lang='lat' dir='ltr'><strong>care-</strong></span> 
     </span>
    </p>
   </div>
   <div class='ocr_carea' id='block_1_16' title="bbox 310 712 1085 747">
    <p class='ocr_par' dir='ltr' id='par_1_16' title="bbox 310 712 1085 747">
     <span class='ocr_line' id='line_1_16' title="bbox 310 712 1085 747; baseline -0.003 -7"><span class='ocrx_word' id='word_1_100' title='bbox 310 713 377 740; x_wconf 85' lang='lat' dir='ltr'><strong>bunt</strong></span> <span class='ocrx_word' id='word_1_101' title='bbox 391 722 399 739; x_wconf 88' lang='lat'><strong>:</strong></span> <span class='ocrx_word' id='word_1_102' title='bbox 415 713 460 740; x_wconf 87' lang='lat' dir='ltr'><strong>sed</strong></span> <span class='ocrx_word' id='word_1_103' title='bbox 473 713 631 740; x_wconf 82' lang='lat' dir='ltr'><strong>certaminis</strong></span> <span class='ocrx_word' id='word_1_104' title='bbox 646 712 766 747; x_wconf 65' lang='lat' dir='ltr'><strong>praemiis</strong></span> <span class='ocrx_word' id='word_1_105' title='bbox 780 720 795 739; x_wconf 90' lang='lat' dir='ltr'><strong>a</strong></span> <span class='ocrx_word' id='word_1_106' title='bbox 812 713 865 739; x_wconf 85' lang='lat' dir='ltr'><strong>Deo</strong></span> <span class='ocrx_word' id='word_1_107' title='bbox 879 713 995 739; x_wconf 81' lang='lat' dir='ltr'><strong>donandi</strong></span> <span class='ocrx_word' id='word_1_108' title='bbox 1011 713 1085 739; x_wconf 86' lang='lat' dir='ltr'><strong>estis.</strong></span> 
     </span>
    </p>
   </div>
   <div class='ocr_carea' id='block_1_17' title="bbox 310 757 1086 793">
    <p class='ocr_par' dir='ltr' id='par_1_17' title="bbox 310 757 1086 793">
     <span class='ocr_line' id='line_1_17' title="bbox 310 757 1086 793; baseline 0 -8"><span class='ocrx_word' id='word_1_109' title='bbox 310 758 489 792; x_wconf 84' lang='lat' dir='ltr'><strong>Quamobrem</strong></span> <span class='ocrx_word' id='word_1_110' title='bbox 507 766 555 793; x_wconf 88' lang='lat' dir='ltr'><strong>pro</strong></span> <span class='ocrx_word' id='word_1_111' title='bbox 573 766 638 784; x_wconf 85' lang='lat' dir='ltr'><strong>sana</strong></span> <span class='ocrx_word' id='word_1_112' title='bbox 665 758 716 784; x_wconf 86' lang='lat' dir='ltr'><strong>ﬁde</strong></span> <span class='ocrx_word' id='word_1_113' title='bbox 739 757 908 792; x_wconf 88' lang='lat' dir='ltr'><strong>potissimum</strong></span> <span class='ocrx_word' id='word_1_114' title='bbox 937 758 1086 790; x_wconf 83' lang='lat' dir='ltr'><strong>decertate,</strong></span> 
     </span>
    </p>
   </div>
   <div class='ocr_carea' id='block_1_18' title="bbox 311 803 1088 838">
    <p class='ocr_par' dir='ltr' id='par_1_18' title="bbox 311 803 1088 838">
     <span class='ocr_line' id='line_1_18' title="bbox 311 803 1088 838; baseline -0.003 -7"><span class='ocrx_word' id='word_1_115' title='bbox 311 811 415 832; x_wconf 90' lang='lat' dir='ltr'><strong>necnon</strong></span> <span class='ocrx_word' id='word_1_116' title='bbox 433 812 481 838; x_wconf 89' lang='lat' dir='ltr'><strong>pro</strong></span> <span class='ocrx_word' id='word_1_117' title='bbox 495 804 647 831; x_wconf 85' lang='lat' dir='ltr'><strong>innocentia</strong></span> <span class='ocrx_word' id='word_1_118' title='bbox 663 804 804 830; x_wconf 80' lang='lat' dir='ltr'><strong>Athanasii</strong></span> <span class='ocrx_word' id='word_1_119' title='bbox 820 803 939 838; x_wconf 76' lang='lat' dir='ltr'><strong>episcopi</strong></span> <span class='ocrx_word' id='word_1_120' title='bbox 958 804 1042 830; x_wconf 85' lang='lat' dir='ltr'><strong>vestri</strong></span> <span class='ocrx_word' id='word_1_121' title='bbox 1061 808 1088 830; x_wconf 89' lang='lat' dir='ltr'><strong>et</strong></span> 
     </span>
    </p>
   </div>
   <div class='ocr_carea' id='block_1_19' title="bbox 312 848 1089 884">
    <p class='ocr_par' dir='ltr' id='par_1_19' title="bbox 312 848 1089 884">
     <span class='ocr_line' id='line_1_19' title="bbox 312 848 1089 884; baseline -0.001 -8"><span class='ocrx_word' id='word_1_122' title='bbox 312 850 491 877; x_wconf 88' lang='lat' dir='ltr'><strong>comministri</strong></span> <span class='ocrx_word' id='word_1_123' title='bbox 509 849 602 876; x_wconf 85' lang='lat' dir='ltr'><strong>nostri.</strong></span> <span class='ocrx_word' id='word_1_124' title='bbox 626 848 690 875; x_wconf 85' lang='lat' dir='ltr'><strong>Nam</strong></span> <span class='ocrx_word' id='word_1_125' title='bbox 711 856 798 884; x_wconf 90' lang='lat' dir='ltr'><strong>neque</strong></span> <span class='ocrx_word' id='word_1_126' title='bbox 816 856 872 876; x_wconf 87' lang='lat' dir='ltr'><strong>rem</strong></span> <span class='ocrx_word' id='word_1_127' title='bbox 889 849 999 876; x_wconf 88' lang='lat' dir='ltr'><strong>silentio</strong></span> <span class='ocrx_word' id='word_1_128' title='bbox 1018 855 1089 883; x_wconf 65' lang='lat' dir='ltr'><strong>prte-</strong></span> 
     </span>
    </p>
   </div>
   <div class='ocr_carea' id='block_1_20' title="bbox 1139 254 1921 293">
    <p class='ocr_par' dir='ltr' id='par_1_20' title="bbox 1139 254 1921 293">
     <span class='ocr_line' id='line_1_20' title="bbox 1139 254 1921 293; baseline -0.009 -8"><span class='ocrx_word' id='word_1_129' title='bbox 1139 259 1229 291; x_wconf 86' lang='grc' dir='ltr'>’Ὀθεν,</span> <span class='ocrx_word' id='word_1_130' title='bbox 1244 259 1378 293; x_wconf 80' lang='grc' dir='ltr'>ἀγαπητοὶ</span> <span class='ocrx_word' id='word_1_131' title='bbox 1390 257 1508 291; x_wconf 75' lang='grc' dir='ltr'>ἀδελφοὶ,</span> <span class='ocrx_word' id='word_1_132' title='bbox 1533 255 1774 291; x_wconf 83' lang='grc' dir='ltr'>ὑπομιμνήσκομεν</span> <span class='ocrx_word' id='word_1_133' title='bbox 1789 254 1835 280; x_wconf 76' lang='grc' dir='ltr'><strong>καὶ</strong></span> <span class='ocrx_word' id='word_1_134' title='bbox 1850 261 1921 288; x_wconf 87' lang='grc' dir='ltr'>προ-</span> 
     </span>
    </p>
   </div>
   <div class='ocr_carea' id='block_1_21' title="bbox 1137 299 1921 340">
    <p class='ocr_par' dir='ltr' id='par_1_21' title="bbox 1137 299 1921 340">
     <span class='ocr_line' id='line_1_21' title="bbox 1137 299 1921 340; baseline -0.01 -9"><span class='ocrx_word' id='word_1_135' title='bbox 1137 304 1292 340; x_wconf 80' lang='grc' dir='ltr'>τρεπόμεθα</span> <span class='ocrx_word' id='word_1_136' title='bbox 1309 304 1381 338; x_wconf 80' lang='grc' dir='ltr'>ὑμᾶς</span> <span class='ocrx_word' id='word_1_137' title='bbox 1394 302 1445 338; x_wconf 84' lang='grc' dir='ltr'>πρὸ</span> <span class='ocrx_word' id='word_1_138' title='bbox 1463 302 1568 328; x_wconf 81' lang='grc' dir='ltr'>πάντων</span> <span class='ocrx_word' id='word_1_139' title='bbox 1583 301 1632 336; x_wconf 82' lang='grc' dir='ltr'>τὴν</span> <span class='ocrx_word' id='word_1_140' title='bbox 1650 299 1731 335; x_wconf 80' lang='grc' dir='ltr'>ὀρθὴν</span> <span class='ocrx_word' id='word_1_141' title='bbox 1758 299 1847 325; x_wconf 85' lang='grc' dir='ltr'>πίστιν</span> <span class='ocrx_word' id='word_1_142' title='bbox 1868 299 1921 333; x_wconf 83' lang='grc' dir='ltr'>τῆς</span> 
     </span>
    </p>
   </div>
   <div class='ocr_carea' id='block_1_22' title="bbox 1138 343 1921 384">
    <p class='ocr_par' dir='ltr' id='par_1_22' title="bbox 1138 343 1921 384">
     <span class='ocr_line' id='line_1_22' title="bbox 1138 343 1921 384; baseline -0.009 -8"><span class='ocrx_word' id='word_1_143' title='bbox 1138 350 1283 384; x_wconf 81' lang='grc' dir='ltr'>καθολικῆς</span> <span class='ocrx_word' id='word_1_144' title='bbox 1302 348 1462 382; x_wconf 73' lang='grc' dir='ltr'>Ἐκκλησίιις</span> <span class='ocrx_word' id='word_1_145' title='bbox 1477 347 1609 381; x_wconf 74' lang='grc' dir='ltr'><strong>κατέχειν.</strong></span> <span class='ocrx_word' id='word_1_146' title='bbox 1627 345 1716 372; x_wconf 84' lang='grc' dir='ltr'>Πολλά</span> <span class='ocrx_word' id='word_1_147' title='bbox 1738 344 1786 379; x_wconf 82' lang='grc' dir='ltr'>μὲν</span> <span class='ocrx_word' id='word_1_148' title='bbox 1802 344 1856 378; x_wconf 81' lang='grc' dir='ltr'>γὰρ</span> <span class='ocrx_word' id='word_1_149' title='bbox 1871 343 1921 370; x_wconf 74' lang='grc' dir='ltr'>καὶ</span> 
     </span>
    </p>
   </div>
   <div class='ocr_carea' id='block_1_23' title="bbox 1137 389 1922 428">
    <p class='ocr_par' dir='ltr' id='par_1_23' title="bbox 1137 389 1922 428">
     <span class='ocr_line' id='line_1_23' title="bbox 1137 389 1922 428; baseline -0.01 -7"><span class='ocrx_word' id='word_1_150' title='bbox 1137 395 1211 421; x_wconf 87' lang='grc' dir='ltr'>δεινά</span> <span class='ocrx_word' id='word_1_151' title='bbox 1238 394 1284 420; x_wconf 74' lang='grc' dir='ltr'><strong>καὶ</strong></span> <span class='ocrx_word' id='word_1_152' title='bbox 1297 393 1401 428; x_wconf 75' lang='grc' dir='ltr'>χαλεπὰ</span> <span class='ocrx_word' id='word_1_153' title='bbox 1415 392 1573 422; x_wconf 79' lang='grc' dir='ltr'><strong>πεπόνθατε,</strong></span> <span class='ocrx_word' id='word_1_154' title='bbox 1594 390 1694 421; x_wconf 84' lang='grc' dir='ltr'>πολλὰς</span> <span class='ocrx_word' id='word_1_155' title='bbox 1713 389 1741 416; x_wconf 80' lang='grc' dir='ltr'>δὲ</span> <span class='ocrx_word' id='word_1_156' title='bbox 1756 389 1847 423; x_wconf 67' lang='grc' dir='ltr'>ὕϐρεις</span> <span class='ocrx_word' id='word_1_157' title='bbox 1871 389 1922 414; x_wconf 62' lang='grc' dir='ltr'>καὶ</span> 
     </span>
    </p>
   </div>
   <div class='ocr_carea' id='block_1_24' title="bbox 1138 433 1921 472">
    <p class='ocr_par' dir='ltr' id='par_1_24' title="bbox 1138 433 1921 472">
     <span class='ocr_line' id='line_1_24' title="bbox 1138 433 1921 472; baseline -0.01 -7"><span class='ocrx_word' id='word_1_158' title='bbox 1138 439 1244 469; x_wconf 75' lang='grc' dir='ltr'><strong>ἀδικίας</strong></span> <span class='ocrx_word' id='word_1_159' title='bbox 1266 438 1410 472; x_wconf 83' lang='grc' dir='ltr'><strong>ὑπέμεινεν</strong></span> <span class='ocrx_word' id='word_1_160' title='bbox 1434 437 1450 471; x_wconf 80' lang='grc' dir='ltr'>ἡ</span> <span class='ocrx_word' id='word_1_161' title='bbox 1478 435 1607 470; x_wconf 79' lang='grc' dir='ltr'>καθολικὴ</span> <span class='ocrx_word' id='word_1_162' title='bbox 1637 433 1792 468; x_wconf 76' lang='grc' dir='ltr'><strong>Ἐκκλησία·</strong></span> <span class='ocrx_word' id='word_1_163' title='bbox 1819 433 1875 458; x_wconf 83' lang='grc' dir='ltr'>ἀλλ’</span> <span class='ocrx_word' id='word_1_164' title='bbox 1903 433 1921 458; x_wconf 81' lang='grc' dir='ltr'><em>ὁ</em></span> 
     </span>
    </p>
   </div>
   <div class='ocr_carea' id='block_1_25' title="bbox 1138 478 1922 518">
    <p class='ocr_par' dir='ltr' id='par_1_25' title="bbox 1138 478 1922 518">
     <span class='ocr_line' id='line_1_25' title="bbox 1138 478 1922 518; baseline -0.011 -7"><span class='ocrx_word' id='word_1_165' title='bbox 1138 484 1300 518; x_wconf 77' lang='grc' dir='ltr'><strong>ὑπομείνας</strong></span> <span class='ocrx_word' id='word_1_166' title='bbox 1323 485 1366 515; x_wconf 73' lang='grc' dir='ltr'>εἰς</span> <span class='ocrx_word' id='word_1_167' title='bbox 1384 482 1479 514; x_wconf 75' lang='grc' dir='ltr'>τέλος,</span> <span class='ocrx_word' id='word_1_168' title='bbox 1500 479 1589 513; x_wconf 77' lang='grc' dir='ltr'>οὗτος</span> <span class='ocrx_word' id='word_1_169' title='bbox 1614 479 1789 512; x_wconf 80' lang='grc' dir='ltr'>σωθήσεται.</span> <span class='ocrx_word' id='word_1_170' title='bbox 1820 478 1922 512; x_wconf 66' lang='grc' dir='ltr'>Διόπερ</span> 
     </span>
    </p>
   </div>
   <div class='ocr_carea' id='block_1_26' title="bbox 1139 524 1922 564">
    <p class='ocr_par' dir='ltr' id='par_1_26' title="bbox 1139 524 1922 564">
     <span class='ocr_line' id='line_1_26' title="bbox 1139 524 1922 564; baseline -0.009 -7"><span class='ocrx_word' id='word_1_171' title='bbox 1139 530 1190 557; x_wconf 74' lang='grc' dir='ltr'><strong>κᾶν</strong></span> <span class='ocrx_word' id='word_1_172' title='bbox 1207 530 1246 556; x_wconf 77' lang='grc' dir='ltr'>ἐτι</span> <span class='ocrx_word' id='word_1_173' title='bbox 1258 531 1344 556; x_wconf 81' lang='grc' dir='ltr'>ποιεῖν</span> <span class='ocrx_word' id='word_1_174' title='bbox 1362 529 1516 564; x_wconf 80' lang='grc' dir='ltr'><strong>τολμήσωσι</strong></span> <span class='ocrx_word' id='word_1_175' title='bbox 1528 527 1589 554; x_wconf 86' lang='grc' dir='ltr'>καθ’</span> <span class='ocrx_word' id='word_1_176' title='bbox 1610 526 1696 562; x_wconf 80' lang='grc' dir='ltr'>ὑμῶν,</span> <span class='ocrx_word' id='word_1_177' title='bbox 1714 527 1730 561; x_wconf 82' lang='grc' dir='ltr'>ὴ</span> <span class='ocrx_word' id='word_1_178' title='bbox 1745 525 1833 559; x_wconf 69' lang='grc' dir='ltr'>θλίψις</span> <span class='ocrx_word' id='word_1_179' title='bbox 1859 524 1922 551; x_wconf 69' lang='grc' dir='ltr'>ἀντὶ</span> 
     </span>
    </p>
   </div>
   <div class='ocr_carea' id='block_1_27' title="bbox 1139 571 1923 612">
    <p class='ocr_par' dir='ltr' id='par_1_27' title="bbox 1139 571 1923 612">
     <span class='ocr_line' id='line_1_27' title="bbox 1139 571 1923 612; baseline -0.009 -10"><span class='ocrx_word' id='word_1_180' title='bbox 1139 577 1225 612; x_wconf 80' lang='grc' dir='ltr'>χαρᾶς</span> <span class='ocrx_word' id='word_1_181' title='bbox 1242 576 1305 610; x_wconf 85' lang='grc' dir='ltr'>ὑμῖν</span> <span class='ocrx_word' id='word_1_182' title='bbox 1329 574 1407 601; x_wconf 74' lang='grc' dir='ltr'>ἔστω·</span> <span class='ocrx_word' id='word_1_183' title='bbox 1423 574 1457 600; x_wconf 73' lang='grc' dir='ltr'><strong>τὰ</strong></span> <span class='ocrx_word' id='word_1_184' title='bbox 1471 574 1524 609; x_wconf 82' lang='grc' dir='ltr'>γὰρ</span> <span class='ocrx_word' id='word_1_185' title='bbox 1540 572 1651 599; x_wconf 81' lang='grc' dir='ltr'>τοιαῦτα</span> <span class='ocrx_word' id='word_1_186' title='bbox 1665 571 1812 606; x_wconf 81' lang='grc' dir='ltr'>παθήματα</span> <span class='ocrx_word' id='word_1_187' title='bbox 1839 571 1923 606; x_wconf 79' lang='grc' dir='ltr'>μέρος</span> 
     </span>
    </p>
   </div>
   <div class='ocr_carea' id='block_1_28' title="bbox 1139 616 1923 657">
    <p class='ocr_par' dir='ltr' id='par_1_28' title="bbox 1139 616 1923 657">
     <span class='ocr_line' id='line_1_28' title="bbox 1139 616 1923 657; baseline -0.008 -9"><span class='ocrx_word' id='word_1_188' title='bbox 1139 622 1197 648; x_wconf 78' lang='grc' dir='ltr'>ἐστὶ</span> <span class='ocrx_word' id='word_1_189' title='bbox 1210 621 1369 657; x_wconf 84' lang='grc' dir='ltr'><strong>μαρτυρίου,</strong></span> <span class='ocrx_word' id='word_1_190' title='bbox 1387 621 1434 646; x_wconf 74' lang='grc' dir='ltr'>καὶ</span> <span class='ocrx_word' id='word_1_191' title='bbox 1444 621 1471 646; x_wconf 83' lang='grc' dir='ltr'>αἱ</span> <span class='ocrx_word' id='word_1_192' title='bbox 1485 619 1606 646; x_wconf 81' lang='grc' dir='ltr'>τοιαῦται</span> <span class='ocrx_word' id='word_1_193' title='bbox 1618 617 1694 653; x_wconf 80' lang='grc' dir='ltr'>ὑμῶν</span> <span class='ocrx_word' id='word_1_194' title='bbox 1708 617 1846 652; x_wconf 75' lang='grc' dir='ltr'>ὁμολογίαι</span> <span class='ocrx_word' id='word_1_195' title='bbox 1874 616 1923 642; x_wconf 78' lang='grc' dir='ltr'>καὶ</span> 
     </span>
    </p>
   </div>
   <div class='ocr_carea' id='block_1_29' title="bbox 1139 662 1924 702">
    <p class='ocr_par' dir='ltr' id='par_1_29' title="bbox 1139 662 1924 702">
     <span class='ocr_line' id='line_1_29' title="bbox 1139 662 1924 702; baseline -0.009 -8"><span class='ocrx_word' id='word_1_196' title='bbox 1139 668 1166 694; x_wconf 83' lang='grc' dir='ltr'>αἱ</span> <span class='ocrx_word' id='word_1_197' title='bbox 1192 667 1301 702; x_wconf 75' lang='grc' dir='ltr'>βάσανοι</span> <span class='ocrx_word' id='word_1_198' title='bbox 1326 667 1375 692; x_wconf 84' lang='grc' dir='ltr'>οὐκ</span> <span class='ocrx_word' id='word_1_199' title='bbox 1401 665 1510 700; x_wconf 83' lang='grc' dir='ltr'>ἄμισθοι</span> <span class='ocrx_word' id='word_1_200' title='bbox 1532 665 1718 699; x_wconf 82' lang='grc' dir='ltr'><strong>τυγχάνουσιν,</strong></span> <span class='ocrx_word' id='word_1_201' title='bbox 1743 662 1799 689; x_wconf 81' lang='grc' dir='ltr'>ἀλλ’</span> <span class='ocrx_word' id='word_1_202' title='bbox 1819 662 1924 697; x_wconf 82' lang='grc' dir='ltr'>ἀπολή-</span> 
     </span>
    </p>
   </div>
   <div class='ocr_carea' id='block_1_30' title="bbox 1139 707 1923 747">
    <p class='ocr_par' dir='ltr' id='par_1_30' title="bbox 1139 707 1923 747">
     <span class='ocr_line' id='line_1_30' title="bbox 1139 707 1923 747; baseline -0.008 -9"><span class='ocrx_word' id='word_1_203' title='bbox 1139 711 1221 746; x_wconf 77' lang='grc' dir='ltr'>ψεσθε</span> <span class='ocrx_word' id='word_1_204' title='bbox 1234 711 1308 747; x_wconf 78' lang='grc' dir='ltr'>παρὰ</span> <span class='ocrx_word' id='word_1_205' title='bbox 1318 711 1364 737; x_wconf 83' lang='grc' dir='ltr'>τοῦ</span> <span class='ocrx_word' id='word_1_206' title='bbox 1375 710 1442 736; x_wconf 81' lang='grc' dir='ltr'>Θεοῦ</span> <span class='ocrx_word' id='word_1_207' title='bbox 1453 710 1486 736; x_wconf 78' lang='grc' dir='ltr'><strong>τὰ</strong></span> <span class='ocrx_word' id='word_1_208' title='bbox 1496 710 1608 736; x_wconf 85' lang='grc' dir='ltr'>ἒπαθλα.</span> <span class='ocrx_word' id='word_1_209' title='bbox 1626 708 1697 735; x_wconf 83' lang='grc' dir='ltr'>Διότι</span> <span class='ocrx_word' id='word_1_210' title='bbox 1722 707 1836 742; x_wconf 76' lang='grc' dir='ltr'>μάλιστα</span> <span class='ocrx_word' id='word_1_211' title='bbox 1847 707 1923 740; x_wconf 81' lang='grc' dir='ltr'>ἀγω-</span> 
     </span>
    </p>
   </div>
   <div class='ocr_carea' id='block_1_31' title="bbox 1140 751 1926 792">
    <p class='ocr_par' dir='ltr' id='par_1_31' title="bbox 1140 751 1926 792">
     <span class='ocr_line' id='line_1_31' title="bbox 1140 751 1926 792; baseline -0.006 -9"><span class='ocrx_word' id='word_1_212' title='bbox 1140 757 1243 788; x_wconf 74' lang='grc' dir='ltr'>νίζεσθε</span> <span class='ocrx_word' id='word_1_213' title='bbox 1259 757 1328 792; x_wconf 80' lang='grc' dir='ltr'>ὑπὲρ</span> <span class='ocrx_word' id='word_1_214' title='bbox 1341 756 1390 790; x_wconf 77' lang='grc' dir='ltr'>τῆς</span> <span class='ocrx_word' id='word_1_215' title='bbox 1409 754 1581 790; x_wconf 74' lang='grc' dir='ltr'>ὑγιαινούσης</span> <span class='ocrx_word' id='word_1_216' title='bbox 1589 754 1704 785; x_wconf 81' lang='grc' dir='ltr'>πίστεως</span> <span class='ocrx_word' id='word_1_217' title='bbox 1716 753 1763 779; x_wconf 75' lang='grc' dir='ltr'>καὶ</span> <span class='ocrx_word' id='word_1_218' title='bbox 1776 753 1824 786; x_wconf 75' lang='grc' dir='ltr'>τῆς</span> <span class='ocrx_word' id='word_1_219' title='bbox 1842 751 1926 778; x_wconf 75' lang='grc' dir='ltr'>καθα-</span> 
     </span>
    </p>
   </div>
   <div class='ocr_carea' id='block_1_32' title="bbox 1143 797 1924 839">
    <p class='ocr_par' dir='ltr' id='par_1_32' title="bbox 1143 797 1924 839">
     <span class='ocr_line' id='line_1_32' title="bbox 1143 797 1924 839; baseline -0.009 -9"><span class='ocrx_word' id='word_1_220' title='bbox 1143 804 1253 839; x_wconf 70' lang='grc' dir='ltr'>ρότητος</span> <span class='ocrx_word' id='word_1_221' title='bbox 1264 803 1310 829; x_wconf 82' lang='grc' dir='ltr'>τοῦ</span> <span class='ocrx_word' id='word_1_222' title='bbox 1332 802 1478 828; x_wconf 77' lang='grc' dir='ltr'>ἐπισκόπου</span> <span class='ocrx_word' id='word_1_223' title='bbox 1492 801 1568 836; x_wconf 81' lang='grc' dir='ltr'>ὑμῶν</span> <span class='ocrx_word' id='word_1_224' title='bbox 1589 799 1744 826; x_wconf 77' lang='grc' dir='ltr'>Ἀθανασίου</span> <span class='ocrx_word' id='word_1_225' title='bbox 1754 798 1800 824; x_wconf 82' lang='grc' dir='ltr'>τοῦ</span> <span class='ocrx_word' id='word_1_226' title='bbox 1818 797 1924 824; x_wconf 81' lang='grc' dir='ltr'>συλλει-</span> 
     </span>
    </p>
   </div>
   <div class='ocr_carea' id='block_1_33' title="bbox 1141 843 1924 884">
    <p class='ocr_par' dir='ltr' id='par_1_33' title="bbox 1141 843 1924 884">
     <span class='ocr_line' id='line_1_33' title="bbox 1141 843 1924 884; baseline -0.009 -9"><span class='ocrx_word' id='word_1_227' title='bbox 1141 848 1254 884; x_wconf 76' lang='grc' dir='ltr'><strong>¹Ιουργοῦ</strong></span> <span class='ocrx_word' id='word_1_228' title='bbox 1270 848 1356 883; x_wconf 82' lang='grc' dir='ltr'>ἡμῶν.</span> <span class='ocrx_word' id='word_1_229' title='bbox 1366 847 1418 873; x_wconf 74' lang='grc' dir='ltr'><strong>Καὶ</strong></span> <span class='ocrx_word' id='word_1_230' title='bbox 1433 846 1485 882; x_wconf 77' lang='grc' dir='ltr'><strong>γὰρ</strong></span> <span class='ocrx_word' id='word_1_231' title='bbox 1495 846 1553 872; x_wconf 74' lang='grc' dir='ltr'>οὐδὲ</span> <span class='ocrx_word' id='word_1_232' title='bbox 1564 847 1643 880; x_wconf 83' lang='grc' dir='ltr'><strong>ἡμεῖς</strong></span> <span class='ocrx_word' id='word_1_233' title='bbox 1661 853 1697 871; x_wconf 88' lang='grc' dir='ltr'><strong>πα</strong></span> <span class='ocrx_word' id='word_1_234' title='bbox 1702 843 1819 879; x_wconf 86' lang='grc' dir='ltr'>ρεσιωπή</span> <span class='ocrx_word' id='word_1_235' title='bbox 1825 851 1924 878; x_wconf 83' lang='grc' dir='ltr'>σαμεν,</span> 
     </span>
    </p>
   </div>
   <div class='ocr_carea' id='block_1_34' title="bbox 312 889 1093 928">
    <p class='ocr_par' dir='ltr' id='par_1_34' title="bbox 312 894 1088 928">
     <span class='ocr_line' id='line_1_34' title="bbox 312 894 1088 928; baseline -0.003 -7"><span class='ocrx_word' id='word_1_236' title='bbox 312 895 462 927; x_wconf 85' lang='lat' dir='ltr'><strong>terivimus,</strong></span> <span class='ocrx_word' id='word_1_237' title='bbox 477 902 564 928; x_wconf 90' lang='lat' dir='ltr'><strong>neque</strong></span> <span class='ocrx_word' id='word_1_238' title='bbox 578 894 745 928; x_wconf 81' lang='lat' dir='ltr'><strong>negleximus</strong></span> <span class='ocrx_word' id='word_1_239' title='bbox 760 902 818 928; x_wconf 66' lang='lat' dir='ltr'><strong>qua:</strong></span> <span class='ocrx_word' id='word_1_240' title='bbox 834 899 930 922; x_wconf 72' lang='lat' dir='ltr'><strong>vestra:</strong></span> <span class='ocrx_word' id='word_1_241' title='bbox 949 894 1088 921; x_wconf 83' lang='lat' dir='ltr'><strong>securitati</strong></span> 
     </span>
    </p>
   </div>
   <div class='ocr_carea' id='block_1_35' title="bbox 1145 889 1924 928">
    <p class='ocr_par' dir='ltr' id='par_1_35' title="bbox 1145 889 1924 928">
     <span class='ocr_line' id='line_1_35' title="bbox 1145 889 1924 928; baseline -0.008 -8"><span class='ocrx_word' id='word_1_242' title='bbox 1145 894 1198 920; x_wconf 60' lang='grc' dir='ltr'>οὐδὲ</span> <span class='ocrx_word' id='word_1_243' title='bbox 1220 893 1396 928; x_wconf 74' lang='grc' dir='ltr'>ήμελήσαμεν</span> <span class='ocrx_word' id='word_1_244' title='bbox 1409 892 1457 926; x_wconf 79' lang='grc' dir='ltr'>τῆς</span> <span class='ocrx_word' id='word_1_245' title='bbox 1473 891 1549 926; x_wconf 79' lang='grc' dir='ltr'>ὑμῶν</span> <span class='ocrx_word' id='word_1_246' title='bbox 1570 889 1740 925; x_wconf 72' lang='grc' dir='ltr'>ἀμεριμνίας</span> <span class='ocrx_word' id='word_1_247' title='bbox 1753 890 1840 924; x_wconf 77' lang='grc' dir='ltr'>χάριν·</span> <span class='ocrx_word' id='word_1_248' title='bbox 1864 889 1924 915; x_wconf 76' lang='grc' dir='ltr'>ἀλλ’</span> 
     </span>
    </p>
   </div>
   <div class='ocr_carea' id='block_1_36' title="bbox 311 940 1091 975">
    <p class='ocr_par' dir='ltr' id='par_1_36' title="bbox 311 940 1091 975">
     <span class='ocr_line' id='line_1_36' title="bbox 311 940 1091 975; baseline -0.001 -7"><span class='ocrx_word' id='word_1_249' title='bbox 311 940 512 968; x_wconf 82' lang='lat' dir='ltr'><strong>c0nducebant:</strong></span> <span class='ocrx_word' id='word_1_250' title='bbox 531 940 577 967; x_wconf 84' lang='lat' dir='ltr'><strong>sed</strong></span> <span class='ocrx_word' id='word_1_251' title='bbox 599 947 630 967; x_wconf 85' lang='lat' dir='ltr'><strong>ea</strong></span> <span class='ocrx_word' id='word_1_252' title='bbox 655 940 821 972; x_wconf 86' lang='lat' dir='ltr'><strong>curavimus,</strong></span> <span class='ocrx_word' id='word_1_253' title='bbox 842 947 874 967; x_wconf 90' lang='lat' dir='ltr'><strong>ea</strong></span> <span class='ocrx_word' id='word_1_254' title='bbox 897 940 1011 975; x_wconf 86' lang='lat' dir='ltr'><strong>egimus,</strong></span> <span class='ocrx_word' id='word_1_255' title='bbox 1030 947 1091 973; x_wconf 65' lang='lat' dir='ltr'><strong>qua:</strong></span> 
     </span>
    </p>
   </div>
   <div class='ocr_carea' id='block_1_37' title="bbox 313 985 1090 1020">
    <p class='ocr_par' dir='ltr' id='par_1_37' title="bbox 313 985 1090 1020">
     <span class='ocr_line' id='line_1_37' title="bbox 313 985 1090 1020; baseline -0.003 -7"><span class='ocrx_word' id='word_1_256' title='bbox 313 986 453 1013; x_wconf 80' lang='lat' dir='ltr'><strong>charitatis</strong></span> <span class='ocrx_word' id='word_1_257' title='bbox 467 986 534 1013; x_wconf 83' lang='lat' dir='ltr'><strong>ratio</strong></span> <span class='ocrx_word' id='word_1_258' title='bbox 547 986 672 1020; x_wconf 87' lang='lat' dir='ltr'><strong>postulat.</strong></span> <span class='ocrx_word' id='word_1_259' title='bbox 686 985 811 1012; x_wconf 85' lang='lat' dir='ltr'><strong>Fratrum</strong></span> <span class='ocrx_word' id='word_1_260' title='bbox 825 986 924 1020; x_wconf 83' lang='lat' dir='ltr'><strong>quippe</strong></span> <span class='ocrx_word' id='word_1_261' title='bbox 937 990 1090 1013; x_wconf 87' lang='lat' dir='ltr'><strong>nostrorum</strong></span> 
     </span>
    </p>
   </div>
   <div class='ocr_carea' id='block_1_38' title="bbox 315 1030 1092 1064">
    <p class='ocr_par' dir='ltr' id='par_1_38' title="bbox 315 1030 1092 1064">
     <span class='ocr_line' id='line_1_38' title="bbox 315 1030 1092 1064; baseline -0.001 -5"><span class='ocrx_word' id='word_1_262' title='bbox 315 1031 472 1059; x_wconf 76' lang='lat' dir='ltr'><strong>atllictorum</strong></span> <span class='ocrx_word' id='word_1_263' title='bbox 491 1032 576 1059; x_wconf 81' lang='lat' dir='ltr'><strong>vicem</strong></span> <span class='ocrx_word' id='word_1_264' title='bbox 593 1031 724 1064; x_wconf 82' lang='lat' dir='ltr'><strong>dolemus,</strong></span> <span class='ocrx_word' id='word_1_265' title='bbox 748 1036 776 1059; x_wconf 92' lang='lat' dir='ltr'><strong>et</strong></span> <span class='ocrx_word' id='word_1_266' title='bbox 803 1031 908 1058; x_wconf 92' lang='lat' dir='ltr'><strong>illorum</strong></span> <span class='ocrx_word' id='word_1_267' title='bbox 934 1030 1092 1058; x_wconf 79' lang='lat' dir='ltr'><strong>aﬂlictiones</strong></span> 
     </span>
    </p>
   </div>
   <div class='ocr_carea' id='block_1_39' title="bbox 314 1077 610 1104">
    <p class='ocr_par' dir='ltr' id='par_1_39' title="bbox 314 1077 610 1104">
     <span class='ocr_line' id='line_1_39' title="bbox 314 1077 610 1104; baseline -0.003 0"><span class='ocrx_word' id='word_1_268' title='bbox 314 1083 422 1104; x_wconf 86' lang='lat' dir='ltr'><strong>nostras</strong></span> <span class='ocrx_word' id='word_1_269' title='bbox 436 1077 610 1104; x_wconf 75' lang='lat' dir='ltr'><strong>arbitramur.</strong></span> 
     </span>
    </p>
   </div>
   <div class='ocr_carea' id='block_1_40' title="bbox 349 1132 1094 1167">
    <p class='ocr_par' dir='ltr' id='par_1_40' title="bbox 349 1132 1094 1167">
     <span class='ocr_line' id='line_1_40' title="bbox 349 1132 1094 1167; baseline -0.001 -7"><span class='ocrx_word' id='word_1_270' title='bbox 349 1132 393 1161; x_wconf 76' lang='lat'><strong>39.</strong></span> <span class='ocrx_word' id='word_1_271' title='bbox 411 1132 545 1166; x_wconf 84' lang='lat' dir='ltr'><strong>Quocirca</strong></span> <span class='ocrx_word' id='word_1_272' title='bbox 571 1133 629 1160; x_wconf 72' lang='lat' dir='ltr'><strong>haec</strong></span> <span class='ocrx_word' id='word_1_273' title='bbox 658 1132 802 1160; x_wconf 85' lang='lat' dir='ltr'><strong>retulimus</strong></span> <span class='ocrx_word' id='word_1_274' title='bbox 830 1133 864 1160; x_wconf 88' lang='lat' dir='ltr'><strong>ad</strong></span> <span class='ocrx_word' id='word_1_275' title='bbox 893 1132 1031 1167; x_wconf 82' lang='lat' dir='ltr'><strong>ptisslmos</strong></span> <span class='ocrx_word' id='word_1_276' title='bbox 1065 1137 1094 1159; x_wconf 92' lang='lat' dir='ltr'><strong>et</strong></span> 
     </span>
    </p>
   </div>
   <div class='ocr_carea' id='block_1_41' title="bbox 316 1177 1092 1212">
    <p class='ocr_par' dir='ltr' id='par_1_41' title="bbox 316 1177 1092 1212">
     <span class='ocr_line' id='line_1_41' title="bbox 316 1177 1092 1212; baseline -0.001 -7"><span class='ocrx_word' id='word_1_277' title='bbox 316 1177 365 1205; x_wconf 83' lang='lat' dir='ltr'><strong>Dei</strong></span> <span class='ocrx_word' id='word_1_278' title='bbox 396 1178 596 1205; x_wconf 85' lang='lat' dir='ltr'><strong>amantissimos</strong></span> <span class='ocrx_word' id='word_1_279' title='bbox 619 1178 814 1212; x_wconf 86' lang='lat' dir='ltr'><strong>imperatores,</strong></span> <span class='ocrx_word' id='word_1_280' title='bbox 848 1183 972 1212; x_wconf 78' lang='lat' dir='ltr'><strong>rogantes</strong></span> <span class='ocrx_word' id='word_1_281' title='bbox 999 1185 1092 1205; x_wconf 88' lang='lat' dir='ltr'><strong>eorum</strong></span> 
     </span>
    </p>
   </div>
   <div class='ocr_carea' id='block_1_42' title="bbox 315 1223 1094 1258">
    <p class='ocr_par' dir='ltr' id='par_1_42' title="bbox 315 1223 1094 1258">
     <span class='ocr_line' id='line_1_42' title="bbox 315 1223 1094 1258; baseline 0 -8"><span class='ocrx_word' id='word_1_282' title='bbox 315 1223 522 1256; x_wconf 81' lang='lat' dir='ltr'><strong>humanitatem,</strong></span> <span class='ocrx_word' id='word_1_283' title='bbox 536 1228 625 1251; x_wconf 86' lang='lat' dir='ltr'><strong>uteos</strong></span> <span class='ocrx_word' id='word_1_284' title='bbox 641 1224 687 1258; x_wconf 86' lang='lat' dir='ltr'><strong>qui</strong></span> <span class='ocrx_word' id='word_1_285' title='bbox 709 1223 798 1250; x_wconf 91' lang='lat' dir='ltr'><strong>adhuc</strong></span> <span class='ocrx_word' id='word_1_286' title='bbox 817 1228 949 1251; x_wconf 79' lang='lat' dir='ltr'><strong>vexantur</strong></span> <span class='ocrx_word' id='word_1_287' title='bbox 973 1228 1002 1251; x_wconf 84' lang='lat' dir='ltr'><strong>et</strong></span> <span class='ocrx_word' id='word_1_288' title='bbox 1025 1223 1094 1250; x_wconf 71' lang='lat' dir='ltr'><strong>auli-</strong></span> 
     </span>
    </p>
   </div>
   <div class='ocr_carea' id='block_1_43' title="bbox 315 1269 1094 1304">
    <p class='ocr_par' dir='ltr' id='par_1_43' title="bbox 315 1269 1094 1304">
     <span class='ocr_line' id='line_1_43' title="bbox 315 1269 1094 1304; baseline 0.001 -8"><span class='ocrx_word' id='word_1_289' title='bbox 315 1274 417 1302; x_wconf 77' lang='lat' dir='ltr'><strong>guntur</strong></span> <span class='ocrx_word' id='word_1_290' title='bbox 450 1269 547 1296; x_wconf 90' lang='lat' dir='ltr'><strong>dimitti</strong></span> <span class='ocrx_word' id='word_1_291' title='bbox 561 1269 683 1303; x_wconf 83' lang='lat' dir='ltr'><strong>jubeant,</strong></span> <span class='ocrx_word' id='word_1_292' title='bbox 701 1269 912 1304; x_wconf 80' lang='lat' dir='ltr'><strong>decernantque,</strong></span> <span class='ocrx_word' id='word_1_293' title='bbox 938 1275 966 1296; x_wconf 91' lang='lat' dir='ltr'><strong>ut</strong></span> <span class='ocrx_word' id='word_1_294' title='bbox 985 1277 1019 1296; x_wconf 86' lang='lat' dir='ltr'><strong>ne</strong></span> <span class='ocrx_word' id='word_1_295' title='bbox 1034 1270 1094 1304; x_wconf 80' lang='lat' dir='ltr'><strong>quis</strong></span> 
     </span>
    </p>
   </div>
   <div class='ocr_carea' id='block_1_44' title="bbox 314 1315 1095 1351">
    <p class='ocr_par' dir='ltr' id='par_1_44' title="bbox 314 1315 1095 1351">
     <span class='ocr_line' id='line_1_44' title="bbox 314 1315 1095 1351; baseline 0.001 -9"><span class='ocrx_word' id='word_1_296' title='bbox 314 1315 448 1351; x_wconf 78' lang='lat' dir='ltr'><strong>iudicum,</strong></span> <span class='ocrx_word' id='word_1_297' title='bbox 463 1323 576 1349; x_wconf 83' lang='lat' dir='ltr'><strong>quorum</strong></span> <span class='ocrx_word' id='word_1_298' title='bbox 593 1315 710 1343; x_wconf 72' lang='lat' dir='ltr'><strong>cilicium</strong></span> <span class='ocrx_word' id='word_1_299' title='bbox 730 1320 772 1342; x_wconf 87' lang='lat' dir='ltr'><strong>est</strong></span> <span class='ocrx_word' id='word_1_300' title='bbox 788 1316 928 1350; x_wconf 82' lang='lat' dir='ltr'><strong>popularia</strong></span> <span class='ocrx_word' id='word_1_301' title='bbox 945 1316 1030 1344; x_wconf 84' lang='lat' dir='ltr'><strong>solum</strong></span> <span class='ocrx_word' id='word_1_302' title='bbox 1049 1323 1095 1343; x_wconf 90' lang='lat' dir='ltr'><strong>cu-</strong></span> 
     </span>
    </p>
   </div>
   <div class='ocr_carea' id='block_1_45' title="bbox 317 1359 1093 1395">
    <p class='ocr_par' dir='ltr' id='par_1_45' title="bbox 317 1359 1093 1395">
     <span class='ocr_line' id='line_1_45' title="bbox 317 1359 1093 1395; baseline 0.001 -9"><span class='ocrx_word' id='word_1_303' title='bbox 317 1367 390 1392; x_wconf 86' lang='lat' dir='ltr'><strong>rare,</strong></span> <span class='ocrx_word' id='word_1_304' title='bbox 405 1359 520 1387; x_wconf 87' lang='lat' dir='ltr'><strong>clericos</strong></span> <span class='ocrx_word' id='word_1_305' title='bbox 532 1359 648 1393; x_wconf 70' lang='lat' dir='ltr'><strong>iudicet,</strong></span> <span class='ocrx_word' id='word_1_306' title='bbox 673 1364 721 1387; x_wconf 86' lang='lat' dir='ltr'><strong>aut</strong></span> <span class='ocrx_word' id='word_1_307' title='bbox 747 1359 882 1387; x_wconf 89' lang='lat' dir='ltr'><strong>ullatenus</strong></span> <span class='ocrx_word' id='word_1_308' title='bbox 900 1360 926 1387; x_wconf 90' lang='lat' dir='ltr'><strong>in</strong></span> <span class='ocrx_word' id='word_1_309' title='bbox 945 1365 1093 1395; x_wconf 83' lang='lat' dir='ltr'><strong>posterum,</strong></span> 
     </span>
    </p>
   </div>
   <div class='ocr_carea' id='block_1_46' title="bbox 316 1405 1094 1438">
    <p class='ocr_par' dir='ltr' id='par_1_46' title="bbox 316 1405 1094 1438">
     <span class='ocr_line' id='line_1_46' title="bbox 316 1405 1094 1438; baseline 0.001 -6"><span class='ocrx_word' id='word_1_310' title='bbox 316 1406 458 1433; x_wconf 89' lang='lat' dir='ltr'><strong>occasione</strong></span> <span class='ocrx_word' id='word_1_311' title='bbox 476 1405 656 1432; x_wconf 87' lang='lat' dir='ltr'><strong>curandarum</strong></span> <span class='ocrx_word' id='word_1_312' title='bbox 673 1405 866 1438; x_wconf 84' lang='lat' dir='ltr'><strong>Ecclesiarum,</strong></span> <span class='ocrx_word' id='word_1_313' title='bbox 889 1406 1018 1433; x_wconf 87' lang='lat' dir='ltr'><strong>adversus</strong></span> <span class='ocrx_word' id='word_1_314' title='bbox 1036 1405 1094 1433; x_wconf 74' lang='lat' dir='ltr'><strong>ira-</strong></span> 
     </span>
    </p>
   </div>
   <div class='ocr_carea' id='block_1_47' title="bbox 317 1452 1096 1488">
    <p class='ocr_par' dir='ltr' id='par_1_47' title="bbox 317 1452 1096 1488">
     <span class='ocr_line' id='line_1_47' title="bbox 317 1452 1096 1488; baseline 0 -8"><span class='ocrx_word' id='word_1_315' title='bbox 317 1456 374 1480; x_wconf 85' lang='lat' dir='ltr'><strong>tres</strong></span> <span class='ocrx_word' id='word_1_316' title='bbox 389 1452 496 1486; x_wconf 87' lang='lat' dir='ltr'><strong>quidvis</strong></span> <span class='ocrx_word' id='word_1_317' title='bbox 519 1452 644 1479; x_wconf 90' lang='lat' dir='ltr'><strong>moliatur</strong></span> <span class='ocrx_word' id='word_1_318' title='bbox 659 1461 666 1479; x_wconf 86' lang='lat'>:</span> <span class='ocrx_word' id='word_1_319' title='bbox 692 1453 739 1480; x_wconf 90' lang='lat' dir='ltr'><strong>sed</strong></span> <span class='ocrx_word' id='word_1_320' title='bbox 755 1457 786 1479; x_wconf 92' lang='lat' dir='ltr'><strong>ut</strong></span> <span class='ocrx_word' id='word_1_321' title='bbox 798 1452 911 1487; x_wconf 84' lang='lat' dir='ltr'><strong>quisque</strong></span> <span class='ocrx_word' id='word_1_322' title='bbox 921 1452 988 1480; x_wconf 87' lang='lat' dir='ltr'><strong>citra</strong></span> <span class='ocrx_word' id='word_1_323' title='bbox 1005 1460 1096 1488; x_wconf 81' lang='lat' dir='ltr'><strong>perse-</strong></span> 
     </span>
    </p>
   </div>
   <div class='ocr_carea' id='block_1_48' title="bbox 318 1497 1094 1534">
    <p class='ocr_par' dir='ltr' id='par_1_48' title="bbox 318 1497 1094 1534">
     <span class='ocr_line' id='line_1_48' title="bbox 318 1497 1094 1534; baseline 0 -8"><span class='ocrx_word' id='word_1_324' title='bbox 318 1498 453 1526; x_wconf 86' lang='lat' dir='ltr'><strong>cutionem</strong></span> <span class='ocrx_word' id='word_1_325' title='bbox 473 1502 520 1525; x_wconf 91' lang='lat' dir='ltr'><strong>aut</strong></span> <span class='ocrx_word' id='word_1_326' title='bbox 536 1498 590 1525; x_wconf 93' lang='lat' dir='ltr'><strong>vim</strong></span> <span class='ocrx_word' id='word_1_327' title='bbox 606 1498 646 1525; x_wconf 89' lang='lat' dir='ltr'><strong>vel</strong></span> <span class='ocrx_word' id='word_1_328' title='bbox 664 1497 797 1532; x_wconf 85' lang='lat' dir='ltr'><strong>fraudem,</strong></span> <span class='ocrx_word' id='word_1_329' title='bbox 816 1506 865 1534; x_wconf 88' lang='lat' dir='ltr'><strong>pro</strong></span> <span class='ocrx_word' id='word_1_330' title='bbox 882 1503 942 1526; x_wconf 92' lang='lat' dir='ltr'><strong>voto</strong></span> <span class='ocrx_word' id='word_1_331' title='bbox 956 1504 983 1526; x_wconf 81' lang='lat' dir='ltr'><strong>et</strong></span> <span class='ocrx_word' id='word_1_332' title='bbox 997 1499 1094 1526; x_wconf 85' lang='lat' dir='ltr'><strong>volun-</strong></span> 
     </span>
    </p>
   </div>
   <div class='ocr_carea' id='block_1_49' title="bbox 318 1544 1095 1579">
    <p class='ocr_par' dir='ltr' id='par_1_49' title="bbox 318 1544 1095 1579">
     <span class='ocr_line' id='line_1_49' title="bbox 318 1544 1095 1579; baseline 0.001 -8"><span class='ocrx_word' id='word_1_333' title='bbox 318 1549 375 1571; x_wconf 84' lang='lat' dir='ltr'><strong>tate</strong></span> <span class='ocrx_word' id='word_1_334' title='bbox 390 1551 437 1571; x_wconf 74' lang='lat' dir='ltr'><strong>sna</strong></span> <span class='ocrx_word' id='word_1_335' title='bbox 453 1544 536 1572; x_wconf 87' lang='lat' dir='ltr'><strong>vitam</strong></span> <span class='ocrx_word' id='word_1_336' title='bbox 555 1548 628 1578; x_wconf 84' lang='lat' dir='ltr'><strong>agat,</strong></span> <span class='ocrx_word' id='word_1_337' title='bbox 646 1551 679 1571; x_wconf 88' lang='lat' dir='ltr'><strong>ac</strong></span> <span class='ocrx_word' id='word_1_338' title='bbox 691 1552 752 1571; x_wconf 92' lang='lat' dir='ltr'><strong>cum</strong></span> <span class='ocrx_word' id='word_1_339' title='bbox 767 1545 860 1579; x_wconf 89' lang='lat' dir='ltr'><strong>quiete</strong></span> <span class='ocrx_word' id='word_1_340' title='bbox 878 1550 906 1571; x_wconf 89' lang='lat' dir='ltr'><strong>et</strong></span> <span class='ocrx_word' id='word_1_341' title='bbox 919 1552 986 1579; x_wconf 86' lang='lat' dir='ltr'><strong>pace</strong></span> <span class='ocrx_word' id='word_1_342' title='bbox 1002 1545 1095 1572; x_wconf 87' lang='lat' dir='ltr'><strong>catho-</strong></span> 
     </span>
    </p>
   </div>
   <div class='ocr_carea' id='block_1_50' title="bbox 317 1588 1094 1623">
    <p class='ocr_par' dir='ltr' id='par_1_50' title="bbox 317 1588 1094 1623">
     <span class='ocr_line' id='line_1_50' title="bbox 317 1588 1094 1623; baseline 0.001 -8"><span class='ocrx_word' id='word_1_343' title='bbox 317 1588 397 1616; x_wconf 90' lang='lat' dir='ltr'><strong>licam</strong></span> <span class='ocrx_word' id='word_1_344' title='bbox 411 1592 439 1615; x_wconf 91' lang='lat' dir='ltr'><strong>et</strong></span> <span class='ocrx_word' id='word_1_345' title='bbox 449 1588 622 1623; x_wconf 86' lang='lat' dir='ltr'><strong>apostolicam</strong></span> <span class='ocrx_word' id='word_1_346' title='bbox 632 1593 751 1616; x_wconf 89' lang='lat' dir='ltr'><strong>sectetur</strong></span> <span class='ocrx_word' id='word_1_347' title='bbox 771 1589 861 1616; x_wconf 78' lang='lat' dir='ltr'><strong>(idem.</strong></span> <span class='ocrx_word' id='word_1_348' title='bbox 879 1589 964 1616; x_wconf 86' lang='lat' dir='ltr'><strong>Porro</strong></span> <span class='ocrx_word' id='word_1_349' title='bbox 975 1595 1094 1617; x_wconf 82' lang='lat' dir='ltr'><strong>vestram</strong></span> 
     </span>
    </p>
   </div>
   <div class='ocr_carea' id='block_1_51' title="bbox 318 1634 1094 1670">
    <p class='ocr_par' dir='ltr' id='par_1_51' title="bbox 318 1634 1094 1670">
     <span class='ocr_line' id='line_1_51' title="bbox 318 1634 1094 1670; baseline 0.003 -10"><span class='ocrx_word' id='word_1_350' title='bbox 318 1634 523 1661; x_wconf 85' lang='lat' dir='ltr'><strong>unanimitatem</strong></span> <span class='ocrx_word' id='word_1_351' title='bbox 540 1635 668 1661; x_wconf 91' lang='lat' dir='ltr'><strong>monitam</strong></span> <span class='ocrx_word' id='word_1_352' title='bbox 690 1635 825 1667; x_wconf 88' lang='lat' dir='ltr'><strong>volumus,</strong></span> <span class='ocrx_word' id='word_1_353' title='bbox 850 1635 1020 1670; x_wconf 78' lang='lat' dir='ltr'><strong>Gregorium,</strong></span> <span class='ocrx_word' id='word_1_354' title='bbox 1047 1636 1094 1670; x_wconf 88' lang='lat' dir='ltr'><strong>qui</strong></span> 
     </span>
    </p>
   </div>
   <div class='ocr_carea' id='block_1_52' title="bbox 319 1679 1095 1714">
    <p class='ocr_par' dir='ltr' id='par_1_52' title="bbox 319 1679 1095 1714">
     <span class='ocr_line' id='line_1_52' title="bbox 319 1679 1095 1714; baseline 0.003 -8"><span class='ocrx_word' id='word_1_355' title='bbox 319 1679 418 1707; x_wconf 88' lang='lat' dir='ltr'><strong>dicitur</strong></span> <span class='ocrx_word' id='word_1_356' title='bbox 434 1685 532 1714; x_wconf 63' lang='lat' dir='ltr'><strong>prater</strong></span> <span class='ocrx_word' id='word_1_357' title='bbox 551 1679 597 1714; x_wconf 85' lang='lat' dir='ltr'><strong>jus</strong></span> <span class='ocrx_word' id='word_1_358' title='bbox 621 1681 714 1714; x_wconf 82' lang='lat' dir='ltr'><strong>fasque</strong></span> <span class='ocrx_word' id='word_1_359' title='bbox 734 1682 768 1708; x_wconf 91' lang='lat' dir='ltr'><strong>ah</strong></span> <span class='ocrx_word' id='word_1_360' title='bbox 785 1681 919 1708; x_wconf 66' lang='lat' dir='ltr'><strong>haereticis</strong></span> <span class='ocrx_word' id='word_1_361' title='bbox 935 1681 1095 1714; x_wconf 88' lang='lat' dir='ltr'><strong>ordinatus,</strong></span> 
     </span>
    </p>
   </div>
   <div class='ocr_carea' id='block_1_53' title="bbox 319 1724 1097 1757">
    <p class='ocr_par' dir='ltr' id='par_1_53' title="bbox 319 1724 1097 1757">
     <span class='ocr_line' id='line_1_53' title="bbox 319 1724 1097 1757; baseline 0.001 -5"><span class='ocrx_word' id='word_1_362' title='bbox 319 1730 347 1752; x_wconf 91' lang='lat' dir='ltr'><strong>et</strong></span> <span class='ocrx_word' id='word_1_363' title='bbox 360 1724 386 1751; x_wconf 92' lang='lat' dir='ltr'><strong>in</strong></span> <span class='ocrx_word' id='word_1_364' title='bbox 399 1729 516 1751; x_wconf 83' lang='lat' dir='ltr'><strong>vestram</strong></span> <span class='ocrx_word' id='word_1_365' title='bbox 533 1725 626 1752; x_wconf 83' lang='lat' dir='ltr'><strong>urbem</strong></span> <span class='ocrx_word' id='word_1_366' title='bbox 643 1726 677 1752; x_wconf 84' lang='lat' dir='ltr'><strong>ab</strong></span> <span class='ocrx_word' id='word_1_367' title='bbox 690 1725 744 1752; x_wconf 91' lang='lat' dir='ltr'><strong>illis</strong></span> <span class='ocrx_word' id='word_1_368' title='bbox 766 1726 877 1757; x_wconf 88' lang='lat' dir='ltr'><strong>missus,</strong></span> <span class='ocrx_word' id='word_1_369' title='bbox 901 1727 1035 1753; x_wconf 64' lang='lat' dir='ltr'><strong>universae</strong></span> <span class='ocrx_word' id='word_1_370' title='bbox 1054 1734 1097 1753; x_wconf 86' lang='lat' dir='ltr'><strong>sa-</strong></span> 
     </span>
    </p>
   </div>
   <div class='ocr_carea' id='block_1_54' title="bbox 319 1770 1095 1806">
    <p class='ocr_par' dir='ltr' id='par_1_54' title="bbox 319 1770 1095 1806">
     <span class='ocr_line' id='line_1_54' title="bbox 319 1770 1095 1806; baseline 0.003 -10"><span class='ocrx_word' id='word_1_371' title='bbox 319 1776 373 1796; x_wconf 71' lang='lat' dir='ltr'><strong>cra:</strong></span> <span class='ocrx_word' id='word_1_372' title='bbox 384 1770 477 1804; x_wconf 85' lang='lat' dir='ltr'><strong>synodi</strong></span> <span class='ocrx_word' id='word_1_373' title='bbox 493 1770 595 1804; x_wconf 84' lang='lat' dir='ltr'><strong>judicio</strong></span> <span class='ocrx_word' id='word_1_374' title='bbox 604 1770 760 1797; x_wconf 85' lang='lat' dir='ltr'><strong>damnatum</strong></span> <span class='ocrx_word' id='word_1_375' title='bbox 774 1771 980 1806; x_wconf 88' lang='lat' dir='ltr'><strong>depositumque</strong></span> <span class='ocrx_word' id='word_1_376' title='bbox 1000 1771 1095 1804; x_wconf 81' lang='lat' dir='ltr'><strong>fuisse,</strong></span> 
     </span>
    </p>
   </div>
   <div class='ocr_carea' id='block_1_55' title="bbox 320 1816 1098 1852">
    <p class='ocr_par' dir='ltr' id='par_1_55' title="bbox 320 1816 1098 1852">
     <span class='ocr_line' id='line_1_55' title="bbox 320 1816 1098 1852; baseline 0.004 -10"><span class='ocrx_word' id='word_1_377' title='bbox 320 1819 390 1843; x_wconf 87' lang='lat' dir='ltr'><strong>tame</strong></span> <span class='ocrx_word' id='word_1_378' title='bbox 406 1816 428 1843; x_wconf 87' lang='lat' dir='ltr'><strong>si</strong></span> <span class='ocrx_word' id='word_1_379' title='bbox 449 1824 542 1844; x_wconf 85' lang='lat' dir='ltr'><strong>revera</strong></span> <span class='ocrx_word' id='word_1_380' title='bbox 562 1824 699 1851; x_wconf 91' lang='lat' dir='ltr'><strong>nunquam</strong></span> <span class='ocrx_word' id='word_1_381' title='bbox 715 1816 738 1844; x_wconf 87' lang='lat' dir='ltr'><strong>is</strong></span> <span class='ocrx_word' id='word_1_382' title='bbox 758 1822 787 1844; x_wconf 92' lang='lat' dir='ltr'><strong>ut</strong></span> <span class='ocrx_word' id='word_1_383' title='bbox 797 1818 940 1852; x_wconf 87' lang='lat' dir='ltr'><strong>episcopus</strong></span> <span class='ocrx_word' id='word_1_384' title='bbox 964 1817 999 1845; x_wconf 89' lang='lat' dir='ltr'><strong>sit</strong></span> <span class='ocrx_word' id='word_1_385' title='bbox 1022 1818 1098 1845; x_wconf 80' lang='lat' dir='ltr'><strong>babi-</strong></span> 
     </span>
    </p>
   </div>
   <div class='ocr_carea' id='block_1_56' title="bbox 320 1860 1098 1899">
    <p class='ocr_par' dir='ltr' id='par_1_56' title="bbox 320 1860 1098 1899">
     <span class='ocr_line' id='line_1_56' title="bbox 320 1860 1098 1899; baseline 0.004 -12"><span class='ocrx_word' id='word_1_386' title='bbox 320 1865 374 1888; x_wconf 87' lang='lat' dir='ltr'><strong>tus.</strong></span> <span class='ocrx_word' id='word_1_387' title='bbox 408 1860 518 1888; x_wconf 79' lang='lat' dir='ltr'><strong>lestrum</strong></span> <span class='ocrx_word' id='word_1_388' title='bbox 528 1862 608 1896; x_wconf 83' lang='lat' dir='ltr'><strong>igitur</strong></span> <span class='ocrx_word' id='word_1_389' title='bbox 621 1863 778 1897; x_wconf 87' lang='lat' dir='ltr'><strong>episcopum</strong></span> <span class='ocrx_word' id='word_1_390' title='bbox 792 1863 970 1899; x_wconf 79' lang='lat' dir='ltr'><strong>Athanasium</strong></span> <span class='ocrx_word' id='word_1_391' title='bbox 986 1863 1098 1890; x_wconf 87' lang='lat' dir='ltr'><strong>redeun-</strong></span> 
     </span>
    </p>
   </div>
   <div class='ocr_carea' id='block_1_57' title="bbox 322 1907 1098 1942">
    <p class='ocr_par' dir='ltr' id='par_1_57' title="bbox 322 1907 1098 1942">
     <span class='ocr_line' id='line_1_57' title="bbox 322 1907 1098 1942; baseline 0.004 -9"><span class='ocrx_word' id='word_1_392' title='bbox 322 1910 387 1939; x_wconf 88' lang='lat' dir='ltr'><strong>tem,</strong></span> <span class='ocrx_word' id='word_1_393' title='bbox 414 1914 474 1934; x_wconf 91' lang='lat' dir='ltr'><strong>cum</strong></span> <span class='ocrx_word' id='word_1_394' title='bbox 490 1907 586 1942; x_wconf 82' lang='lat' dir='ltr'><strong>gaudio</strong></span> <span class='ocrx_word' id='word_1_395' title='bbox 600 1908 759 1942; x_wconf 85' lang='lat' dir='ltr'><strong>recipiatis;</strong></span> <span class='ocrx_word' id='word_1_396' title='bbox 781 1908 841 1936; x_wconf 88' lang='lat' dir='ltr'><strong>ideo</strong></span> <span class='ocrx_word' id='word_1_397' title='bbox 856 1909 928 1936; x_wconf 91' lang='lat' dir='ltr'><strong>enim</strong></span> <span class='ocrx_word' id='word_1_398' title='bbox 945 1909 1019 1936; x_wconf 93' lang='lat' dir='ltr'><strong>illum</strong></span> <span class='ocrx_word' id='word_1_399' title='bbox 1038 1916 1098 1936; x_wconf 89' lang='lat' dir='ltr'><strong>cum</strong></span> 
     </span>
    </p>
   </div>
   <div class='ocr_carea' id='block_1_58' title="bbox 321 1951 1099 1989">
    <p class='ocr_par' dir='ltr' id='par_1_58' title="bbox 321 1951 1099 1989">
     <span class='ocr_line' id='line_1_58' title="bbox 321 1951 1099 1989; baseline 0.005 -12"><span class='ocrx_word' id='word_1_400' title='bbox 321 1957 389 1985; x_wconf 85' lang='lat' dir='ltr'><strong>pace</strong></span> <span class='ocrx_word' id='word_1_401' title='bbox 403 1951 564 1979; x_wconf 89' lang='lat' dir='ltr'><strong>dimisimus.</strong></span> <span class='ocrx_word' id='word_1_402' title='bbox 589 1951 666 1979; x_wconf 87' lang='lat' dir='ltr'><strong>Unde</strong></span> <span class='ocrx_word' id='word_1_403' title='bbox 690 1953 832 1980; x_wconf 84' lang='lat' dir='ltr'><strong>hortamur</strong></span> <span class='ocrx_word' id='word_1_404' title='bbox 855 1961 959 1987; x_wconf 85' lang='lat' dir='ltr'><strong>omnes,</strong></span> <span class='ocrx_word' id='word_1_405' title='bbox 984 1954 1030 1989; x_wconf 89' lang='lat' dir='ltr'><strong>qui</strong></span> <span class='ocrx_word' id='word_1_406' title='bbox 1056 1954 1099 1981; x_wconf 82' lang='lat' dir='ltr'><strong>vel</strong></span> 
     </span>
    </p>
   </div>
   <div class='ocr_carea' id='block_1_59' title="bbox 323 1995 1099 2030">
    <p class='ocr_par' dir='ltr' id='par_1_59' title="bbox 323 1995 1099 2030">
     <span class='ocr_line' id='line_1_59' title="bbox 323 1995 1099 2030; baseline 0.005 -8"><span class='ocrx_word' id='word_1_407' title='bbox 323 2000 395 2022; x_wconf 93' lang='lat' dir='ltr'><strong>metu</strong></span> <span class='ocrx_word' id='word_1_408' title='bbox 411 1995 451 2023; x_wconf 90' lang='lat' dir='ltr'><strong>vel</strong></span> <span class='ocrx_word' id='word_1_409' title='bbox 471 1997 647 2030; x_wconf 88' lang='lat' dir='ltr'><strong>quorumdam</strong></span> <span class='ocrx_word' id='word_1_410' title='bbox 669 1997 729 2024; x_wconf 86' lang='lat' dir='ltr'><strong>dolo</strong></span> <span class='ocrx_word' id='word_1_411' title='bbox 748 1998 927 2026; x_wconf 89' lang='lat' dir='ltr'><strong>circumventi</strong></span> <span class='ocrx_word' id='word_1_412' title='bbox 950 2007 1012 2026; x_wconf 91' lang='lat' dir='ltr'><strong>cum</strong></span> <span class='ocrx_word' id='word_1_413' title='bbox 1030 1999 1099 2026; x_wconf 88' lang='lat' dir='ltr'><strong>Gre-</strong></span> 
     </span>
    </p>
   </div>
   <div class='ocr_carea' id='block_1_60' title="bbox 323 2041 1098 2077">
    <p class='ocr_par' dir='ltr' id='par_1_60' title="bbox 323 2041 1098 2077">
     <span class='ocr_line' id='line_1_60' title="bbox 323 2041 1098 2077; baseline 0.006 -10"><span class='ocrx_word' id='word_1_414' title='bbox 323 2041 398 2075; x_wconf 85' lang='lat' dir='ltr'><strong>gorio</strong></span> <span class='ocrx_word' id='word_1_415' title='bbox 423 2043 664 2075; x_wconf 83' lang='lat' dir='ltr'><strong>comtnunicarunt,</strong></span> <span class='ocrx_word' id='word_1_416' title='bbox 689 2048 718 2070; x_wconf 92' lang='lat' dir='ltr'><strong>ut</strong></span> <span class='ocrx_word' id='word_1_417' title='bbox 738 2042 794 2076; x_wconf 89' lang='lat' dir='ltr'><strong>jam</strong></span> <span class='ocrx_word' id='word_1_418' title='bbox 808 2044 914 2075; x_wconf 90' lang='lat' dir='ltr'><strong>moniti,</strong></span> <span class='ocrx_word' id='word_1_419' title='bbox 933 2049 960 2072; x_wconf 92' lang='lat' dir='ltr'><strong>et</strong></span> <span class='ocrx_word' id='word_1_420' title='bbox 979 2045 1098 2077; x_wconf 81' lang='lat' dir='ltr'><strong>excitati,</strong></span> 
     </span>
    </p>
   </div>
   <div class='ocr_carea' id='block_1_61' title="bbox 323 2087 1100 2123">
    <p class='ocr_par' dir='ltr' id='par_1_61' title="bbox 323 2087 1100 2123">
     <span class='ocr_line' id='line_1_61' title="bbox 323 2087 1100 2123; baseline 0.005 -10"><span class='ocrx_word' id='word_1_421' title='bbox 323 2087 401 2114; x_wconf 88' lang='lat' dir='ltr'><strong>nobis</strong></span> <span class='ocrx_word' id='word_1_422' title='bbox 415 2095 516 2114; x_wconf 91' lang='lat' dir='ltr'><strong>morem</strong></span> <span class='ocrx_word' id='word_1_423' title='bbox 529 2093 666 2123; x_wconf 79' lang='lat' dir='ltr'><strong>gerentes,</strong></span> <span class='ocrx_word' id='word_1_424' title='bbox 686 2096 702 2115; x_wconf 92' lang='lat' dir='ltr'><strong>a</strong></span> <span class='ocrx_word' id='word_1_425' title='bbox 719 2089 876 2117; x_wconf 87' lang='lat' dir='ltr'><strong>detestanda</strong></span> <span class='ocrx_word' id='word_1_426' title='bbox 901 2091 960 2123; x_wconf 78' lang='lat' dir='ltr'><strong>eius</strong></span> <span class='ocrx_word' id='word_1_427' title='bbox 980 2098 1100 2117; x_wconf 81' lang='lat' dir='ltr'><strong>commu-</strong></span> 
     </span>
    </p>
   </div>
   <div class='ocr_carea' id='block_1_62' title="bbox 324 2132 1100 2169">
    <p class='ocr_par' dir='ltr' id='par_1_62' title="bbox 324 2132 1100 2169">
     <span class='ocr_line' id='line_1_62' title="bbox 324 2132 1100 2169; baseline 0.006 -10"><span class='ocrx_word' id='word_1_428' title='bbox 324 2132 405 2160; x_wconf 86' lang='lat' dir='ltr'><strong>nione</strong></span> <span class='ocrx_word' id='word_1_429' title='bbox 415 2133 557 2165; x_wconf 86' lang='lat' dir='ltr'><strong>desistant,</strong></span> <span class='ocrx_word' id='word_1_430' title='bbox 576 2141 608 2162; x_wconf 90' lang='lat' dir='ltr'><strong>ac</strong></span> <span class='ocrx_word' id='word_1_431' title='bbox 630 2134 757 2169; x_wconf 88' lang='lat' dir='ltr'><strong>deinceps</strong></span> <span class='ocrx_word' id='word_1_432' title='bbox 776 2142 837 2162; x_wconf 86' lang='lat' dir='ltr'><strong>sese</strong></span> <span class='ocrx_word' id='word_1_433' title='bbox 856 2135 984 2163; x_wconf 64' lang='lat' dir='ltr'><strong>Ecclesia</strong></span> <span class='ocrx_word' id='word_1_434' title='bbox 1006 2137 1100 2164; x_wconf 86' lang='lat' dir='ltr'><strong>catho-</strong></span> 
     </span>
    </p>
   </div>
   <div class='ocr_carea' id='block_1_63' title="bbox 324 2177 571 2214">
    <p class='ocr_par' dir='ltr' id='par_1_63' title="bbox 324 2177 571 2214">
     <span class='ocr_line' id='line_1_63' title="bbox 324 2177 571 2214; baseline 0.004 -9"><span class='ocrx_word' id='word_1_435' title='bbox 324 2177 383 2206; x_wconf 72' lang='lat' dir='ltr'><strong>lica:</strong></span> <span class='ocrx_word' id='word_1_436' title='bbox 396 2179 571 2214; x_wconf 70' lang='lat' dir='ltr'><strong>coniungant.</strong></span> 
     </span>
    </p>
   </div>
   <div class='ocr_carea' id='block_1_64' title="bbox 361 2289 597 2325">
    <p class='ocr_par' dir='ltr' id='par_1_64' title="bbox 361 2289 597 2325">
     <span class='ocr_line' id='line_1_64' title="bbox 361 2289 597 2325; baseline 0 -7"><span class='ocrx_word' id='word_1_437' title='bbox 361 2290 386 2307; x_wconf 87' lang='lat'>&quot;</span> <span class='ocrx_word' id='word_1_438' title='bbox 399 2289 494 2318; x_wconf 79' lang='lat' dir='ltr'><strong>Matth.</strong></span> <span class='ocrx_word' id='word_1_439' title='bbox 508 2299 537 2325; x_wconf 70' lang='grc' dir='ltr'>χ,</span> <span class='ocrx_word' id='word_1_440' title='bbox 552 2291 597 2318; x_wconf 79' lang='grc'><strong>22.</strong></span> 
     </span>
    </p>
   </div>
   <div class='ocr_carea' id='block_1_65' title="bbox 361 2360 1100 2400">
    <p class='ocr_par' dir='ltr' id='par_1_65' title="bbox 361 2360 1100 2400">
     <span class='ocr_line' id='line_1_65' title="bbox 361 2360 1100 2400; baseline 0.004 -13"><span class='ocrx_word' id='word_1_441' title='bbox 361 2360 417 2400; x_wconf 68' lang='grc' dir='ltr'><strong>ς57)</strong></span> <span class='ocrx_word' id='word_1_442' title='bbox 434 2360 498 2394; x_wconf 74' lang='lat' dir='ltr'><strong>Qua:</strong></span> <span class='ocrx_word' id='word_1_443' title='bbox 511 2361 538 2387; x_wconf 93' lang='lat' dir='ltr'><strong>in</strong></span> <span class='ocrx_word' id='word_1_444' title='bbox 553 2361 632 2400; x_wconf 69' lang='lat' dir='ltr'><strong>editis</strong></span> <span class='ocrx_word' id='word_1_445' title='bbox 656 2365 840 2400; x_wconf 79' lang='lat' dir='ltr'><strong>sequebantur</strong></span> <span class='ocrx_word' id='word_1_446' title='bbox 860 2367 921 2400; x_wconf 84' lang='lat' dir='ltr'><strong>post</strong></span> <span class='ocrx_word' id='word_1_447' title='bbox 942 2363 994 2390; x_wconf 85' lang='grc' dir='ltr'>ῐδια</span> <span class='ocrx_word' id='word_1_448' title='bbox 1018 2364 1100 2400; x_wconf 81' lang='grc' dir='ltr'>ἡγού-</span> 
     </span>
    </p>
   </div>
   <div class='ocr_carea' id='block_1_66' title="bbox 327 2394 1100 2432">
    <p class='ocr_par' dir='ltr' id='par_1_66' title="bbox 327 2394 1100 2432">
     <span class='ocr_line' id='line_1_66' title="bbox 327 2394 1100 2432; baseline 0.006 -11"><span class='ocrx_word' id='word_1_449' title='bbox 327 2394 553 2430; x_wconf 46' lang='grc' dir='ltr'>μεθαίρεηίηοηι</span> <span class='ocrx_word' id='word_1_450' title='bbox 570 2396 602 2423; x_wconf 90' lang='lat' dir='ltr'><strong>ad</strong></span> <span class='ocrx_word' id='word_1_451' title='bbox 627 2394 782 2432; x_wconf 81' lang='lat' dir='ltr'><strong>sequentem</strong></span> <span class='ocrx_word' id='word_1_452' title='bbox 800 2394 951 2432; x_wconf 72' lang='lat' dir='ltr'><strong>epistolam,</strong></span> <span class='ocrx_word' id='word_1_453' title='bbox 973 2404 1001 2426; x_wconf 92' lang='lat' dir='ltr'><strong>ut</strong></span> <span class='ocrx_word' id='word_1_454' title='bbox 1029 2394 1100 2426; x_wconf 73' lang='lat' dir='ltr'><strong>intra</strong></span> 
     </span>
    </p>
   </div>
   <div class='ocr_carea' id='block_1_67' title="bbox 327 2438 1101 2502">
    <p class='ocr_par' dir='ltr' id='par_1_67' title="bbox 327 2438 1101 2502">
     <span class='ocr_line' id='line_1_67' title="bbox 327 2438 474 2457; baseline -0.007 0"><span class='ocrx_word' id='word_1_455' title='bbox 327 2438 474 2457; x_wconf 88' lang='lat' dir='ltr'><strong>monemus.</strong></span> 
     </span>
     <span class='ocr_line' id='line_1_68' title="bbox 360 2465 1101 2502; baseline 0.007 -11"><span class='ocrx_word' id='word_1_456' title='bbox 360 2465 415 2501; x_wconf 79' lang='grc'><strong>(58)</strong></span> <span class='ocrx_word' id='word_1_457' title='bbox 431 2465 500 2498; x_wconf 64' lang='lat' dir='ltr'><strong>Haec,</strong></span> <span class='ocrx_word' id='word_1_458' title='bbox 522 2466 606 2502; x_wconf 83' lang='grc' dir='ltr'>χωρίς</span> <span class='ocrx_word' id='word_1_459' title='bbox 616 2475 687 2498; x_wconf 88' lang='grc' dir='ltr'>τινος</span> <span class='ocrx_word' id='word_1_460' title='bbox 696 2466 826 2502; x_wconf 84' lang='grc' dir='ltr'><strong>διωγμοῦ,</strong></span> <span class='ocrx_word' id='word_1_461' title='bbox 849 2467 875 2494; x_wconf 89' lang='lat' dir='ltr'><strong>in</strong></span> <span class='ocrx_word' id='word_1_462' title='bbox 890 2467 969 2495; x_wconf 82' lang='lat' dir='ltr'><strong>editis</strong></span> <span class='ocrx_word' id='word_1_463' title='bbox 980 2467 1101 2502; x_wconf 81' lang='lat' dir='ltr'><strong>deerant,</strong></span> 
     </span>
    </p>
   </div>
   <div class='ocr_carea' id='block_1_68' title="bbox 325 2501 889 2535">
    <p class='ocr_par' dir='ltr' id='par_1_68' title="bbox 325 2501 889 2535">
     <span class='ocr_line' id='line_1_69' title="bbox 325 2501 889 2535; baseline 0.002 -7"><span class='ocrx_word' id='word_1_464' title='bbox 325 2507 478 2535; x_wconf 48' lang='lat' dir='ltr'><strong>nogsumus</strong></span> <span class='ocrx_word' id='word_1_465' title='bbox 489 2509 522 2528; x_wconf 81' lang='lat' dir='ltr'><strong>ex</strong></span> <span class='ocrx_word' id='word_1_466' title='bbox 536 2501 602 2535; x_wconf 80' lang='lat' dir='ltr'><strong>Reg.</strong></span> <span class='ocrx_word' id='word_1_467' title='bbox 621 2506 648 2529; x_wconf 90' lang='lat' dir='ltr'><strong>et</strong></span> <span class='ocrx_word' id='word_1_468' title='bbox 663 2503 744 2529; x_wconf 85' lang='lat' dir='ltr'><strong>Basil.</strong></span> <span class='ocrx_word' id='word_1_469' title='bbox 764 2501 889 2529; x_wconf 85' lang='lat' dir='ltr'><strong>inutuati.</strong></span> 
     </span>
    </p>
   </div>
   <div class='ocr_carea' id='block_1_69' title="bbox 360 2534 650 2570">
    <p class='ocr_par' dir='ltr' id='par_1_69' title="bbox 360 2534 650 2570">
     <span class='ocr_line' id='line_1_70' title="bbox 360 2534 650 2570; baseline 0.01 -10"><span class='ocrx_word' id='word_1_470' title='bbox 360 2534 415 2570; x_wconf 61' lang='lat'><strong>(59)</strong></span> <span class='ocrx_word' id='word_1_471' title='bbox 435 2534 512 2569; x_wconf 80' lang='lat' dir='ltr'><strong>Reg.,</strong></span> <span class='ocrx_word' id='word_1_472' title='bbox 527 2534 650 2563; x_wconf 29' lang='grc' dir='ltr'><strong>ὑπὸίτῶν.</strong></span> 
     </span>
    </p>
   </div>
   <div class='ocr_carea' id='block_1_70' title="bbox 361 2569 1100 2609">
    <p class='ocr_par' dir='ltr' id='par_1_70' title="bbox 361 2569 1100 2609">
     <span class='ocr_line' id='line_1_71' title="bbox 361 2569 1100 2609; baseline 0.004 -14"><span class='ocrx_word' id='word_1_473' title='bbox 361 2569 602 2609; x_wconf 60' lang='grc' dir='ltr'>μωφρῥεπῴποτε</span> <span class='ocrx_word' id='word_1_474' title='bbox 620 2579 672 2598; x_wconf 82' lang='grc' dir='ltr'>υηο</span> <span class='ocrx_word' id='word_1_475' title='bbox 685 2572 776 2599; x_wconf 90' lang='lat' dir='ltr'><strong>verbo.</strong></span> <span class='ocrx_word' id='word_1_476' title='bbox 791 2570 818 2598; x_wconf 90' lang='lat' dir='ltr'><strong>In</strong></span> <span class='ocrx_word' id='word_1_477' title='bbox 834 2571 900 2606; x_wconf 81' lang='lat' dir='ltr'><strong>Reg.</strong></span> <span class='ocrx_word' id='word_1_478' title='bbox 917 2571 1010 2599; x_wconf 85' lang='lat' dir='ltr'><strong>melius</strong></span> <span class='ocrx_word' id='word_1_479' title='bbox 1022 2578 1100 2607; x_wconf 87' lang='lat' dir='ltr'><strong>qttam</strong></span> 
     </span>
    </p>
   </div>
   <div class='ocr_carea' id='block_1_71' title="bbox 325 2603 605 2635">
    <p class='ocr_par' dir='ltr' id='par_1_71' title="bbox 325 2603 605 2635">
     <span class='ocr_line' id='line_1_72' title="bbox 325 2603 605 2635; baseline 0.007 -5"><span class='ocrx_word' id='word_1_480' title='bbox 325 2603 401 2635; x_wconf 84' lang='lat' dir='ltr'><strong>editi,</strong></span> <span class='ocrx_word' id='word_1_481' title='bbox 413 2604 474 2630; x_wconf 74' lang='grc' dir='ltr'>οὐδὲ</span> <span class='ocrx_word' id='word_1_482' title='bbox 488 2604 605 2632; x_wconf 83' lang='grc' dir='ltr'>πώποτε.</span> 
     </span>
    </p>
   </div>
   <div class='ocr_carea' id='block_1_72' title="bbox 361 2639 1101 2677">
    <p class='ocr_par' dir='ltr' id='par_1_72' title="bbox 361 2639 1101 2677">
     <span class='ocr_line' id='line_1_73' title="bbox 361 2639 1101 2677; baseline 0.003 -12"><span class='ocrx_word' id='word_1_483' title='bbox 361 2639 497 2677; x_wconf 69' lang='lat' dir='ltr'><strong>(M)_Quze</strong></span> <span class='ocrx_word' id='word_1_484' title='bbox 525 2644 672 2677; x_wconf 79' lang='lat' dir='ltr'><strong>sequuntur</strong></span> <span class='ocrx_word' id='word_1_485' title='bbox 704 2644 762 2675; x_wconf 89' lang='lat' dir='ltr'><strong>post</strong></span> <span class='ocrx_word' id='word_1_486' title='bbox 784 2642 817 2676; x_wconf 81' lang='grc' dir='ltr'>τῇ</span> <span class='ocrx_word' id='word_1_487' title='bbox 838 2640 966 2677; x_wconf 86' lang='grc' dir='ltr'>καθολικῇ</span> <span class='ocrx_word' id='word_1_488' title='bbox 989 2641 1101 2676; x_wconf 85' lang='grc' dir='ltr'>Ἐκκλη-</span> 
     </span>
    </p>
   </div>
   <div class='ocr_carea' id='block_1_73' title="bbox 326 2675 1101 2737">
    <p class='ocr_par' dir='ltr' id='par_1_73' title="bbox 326 2675 1101 2737">
     <span class='ocr_line' id='line_1_74' title="bbox 326 2675 1101 2710; baseline 0.003 -10"><span class='ocrx_word' id='word_1_489' title='bbox 326 2681 384 2709; x_wconf 77' lang='grc' dir='ltr'>σιᾳ,</span> <span class='ocrx_word' id='word_1_490' title='bbox 402 2675 435 2700; x_wconf 88' lang='lat' dir='ltr'><strong>ad</strong></span> <span class='ocrx_word' id='word_1_491' title='bbox 449 2675 518 2702; x_wconf 90' lang='lat' dir='ltr'><strong>hanc</strong></span> <span class='ocrx_word' id='word_1_492' title='bbox 533 2676 672 2709; x_wconf 81' lang='lat' dir='ltr'><strong>epistolam</strong></span> <span class='ocrx_word' id='word_1_493' title='bbox 690 2677 835 2710; x_wconf 85' lang='lat' dir='ltr'><strong>pertinere.</strong></span> <span class='ocrx_word' id='word_1_494' title='bbox 855 2684 903 2703; x_wconf 89' lang='lat' dir='ltr'><strong>nec</strong></span> <span class='ocrx_word' id='word_1_495' title='bbox 917 2675 1038 2710; x_wconf 72' lang='lat' dir='ltr'><strong>sequenti</strong></span> <span class='ocrx_word' id='word_1_496' title='bbox 1053 2679 1101 2702; x_wconf 87' lang='lat' dir='ltr'><strong>ad-</strong></span> 
     </span>
     <span class='ocr_line' id='line_1_75' title="bbox 326 2708 1101 2737; baseline 0.004 -3"><span class='ocrx_word' id='word_1_497' title='bbox 326 2708 412 2735; x_wconf 85' lang='lat' dir='ltr'><strong>denda</strong></span> <span class='ocrx_word' id='word_1_498' title='bbox 427 2715 497 2737; x_wconf 87' lang='lat' dir='ltr'><strong>esse.</strong></span> <span class='ocrx_word' id='word_1_499' title='bbox 510 2714 599 2737; x_wconf 90' lang='lat' dir='ltr'><strong>monet</strong></span> <span class='ocrx_word' id='word_1_500' title='bbox 611 2710 684 2737; x_wconf 64' lang='grc' dir='ltr'>ΒαιῙὶ</span> <span class='ocrx_word' id='word_1_501' title='bbox 700 2711 800 2737; x_wconf 91' lang='lat' dir='ltr'><strong>codicis</strong></span> <span class='ocrx_word' id='word_1_502' title='bbox 818 2710 949 2737; x_wconf 79' lang='lat' dir='ltr'><strong>scriptor.</strong></span> <span class='ocrx_word' id='word_1_503' title='bbox 964 2712 1008 2737; x_wconf 82' lang='lat' dir='ltr'><strong>aui</strong></span> <span class='ocrx_word' id='word_1_504' title='bbox 1035 2718 1101 2737; x_wconf 68' lang='lat' dir='ltr'><strong>orae-</strong></span> 
     </span>
    </p>
   </div>
   <div class='ocr_carea' id='block_1_74' title="bbox 327 2714 1103 2778">
    <p class='ocr_par' dir='ltr' id='par_1_74' title="bbox 327 2714 1103 2778">
     <span class='ocr_line' id='line_1_76' title="bbox 327 2714 1103 2748; baseline 0.004 -14"><span class='ocrx_word' id='word_1_505' title='bbox 327 2714 412 2748; x_wconf 70' lang='lat' dir='ltr'><strong>uenda</strong></span> <span class='ocrx_word' id='word_1_506' title='bbox 427 2715 497 2740; x_wconf 81' lang='lat' dir='ltr'><strong>esse,</strong></span> <span class='ocrx_word' id='word_1_507' title='bbox 510 2714 599 2737; x_wconf 91' lang='lat' dir='ltr'><strong>monet</strong></span> <span class='ocrx_word' id='word_1_508' title='bbox 611 2714 684 2744; x_wconf 75' lang='lat' dir='ltr'><strong>Hegii</strong></span> <span class='ocrx_word' id='word_1_509' title='bbox 700 2714 800 2737; x_wconf 87' lang='lat' dir='ltr'><strong>codicis</strong></span> <span class='ocrx_word' id='word_1_510' title='bbox 818 2714 949 2744; x_wconf 80' lang='lat' dir='ltr'><strong>scriptor,</strong></span> <span class='ocrx_word' id='word_1_511' title='bbox 964 2714 1008 2745; x_wconf 89' lang='lat' dir='ltr'><strong>qui</strong></span> <span class='ocrx_word' id='word_1_512' title='bbox 1035 2718 1103 2744; x_wconf 68' lang='lat' dir='ltr'><strong>prae—</strong></span> 
     </span>
     <span class='ocr_line' id='line_1_77' title="bbox 327 2744 1102 2778; baseline 0.004 -9"><span class='ocrx_word' id='word_1_513' title='bbox 327 2748 415 2776; x_wconf 84' lang='lat' dir='ltr'><strong>posrto</strong></span> <span class='ocrx_word' id='word_1_514' title='bbox 424 2744 564 2774; x_wconf 88' lang='lat' dir='ltr'><strong>asterisco.</strong></span> <span class='ocrx_word' id='word_1_515' title='bbox 581 2750 607 2771; x_wconf 89' lang='lat' dir='ltr'><strong>et</strong></span> <span class='ocrx_word' id='word_1_516' title='bbox 621 2745 731 2772; x_wconf 85' lang='lat' dir='ltr'><strong>inl‘erius</strong></span> <span class='ocrx_word' id='word_1_517' title='bbox 743 2745 838 2772; x_wconf 88' lang='lat' dir='ltr'><strong>deinde</strong></span> <span class='ocrx_word' id='word_1_518' title='bbox 851 2747 935 2772; x_wconf 88' lang='lat' dir='ltr'><strong>altera</strong></span> <span class='ocrx_word' id='word_1_519' title='bbox 948 2752 1010 2772; x_wconf 85' lang='lat' dir='ltr'><strong>nota</strong></span> <span class='ocrx_word' id='word_1_520' title='bbox 1021 2752 1102 2778; x_wconf 89' lang='lat' dir='ltr'><strong>appo-</strong></span> 
     </span>
    </p>
   </div>
   <div class='ocr_carea' id='block_1_75' title="bbox 326 2778 1102 2821">
    <p class='ocr_par' dir='ltr' id='par_1_75' title="bbox 326 2778 1102 2821">
     <span class='ocr_line' id='line_1_78' title="bbox 326 2778 1102 2821; baseline 0.003 -17"><span class='ocrx_word' id='word_1_521' title='bbox 326 2779 399 2821; x_wconf 46' lang='grc' dir='ltr'><strong>ίξὶιιι,Ι</strong></span> <span class='ocrx_word' id='word_1_522' title='bbox 409 2779 447 2805; x_wconf 90' lang='lat' dir='ltr'><strong>sic</strong></span> <span class='ocrx_word' id='word_1_523' title='bbox 463 2778 551 2821; x_wconf 64' lang='lat' dir='ltr'><strong>habet,</strong></span> <span class='ocrx_word' id='word_1_524' title='bbox 570 2779 625 2821; x_wconf 57' lang='grc' dir='ltr'>ἀπξ</span> <span class='ocrx_word' id='word_1_525' title='bbox 635 2779 683 2821; x_wconf 63' lang='grc' dir='ltr'>τοῦ</span> <span class='ocrx_word' id='word_1_526' title='bbox 701 2779 814 2821; x_wconf 72' lang='grc' dir='ltr'>σημείου</span> <span class='ocrx_word' id='word_1_527' title='bbox 834 2779 935 2821; x_wconf 33' lang='grc' dir='ltr'>τούτου,</span> <span class='ocrx_word' id='word_1_528' title='bbox 947 2780 1026 2821; x_wconf 81' lang='grc' dir='ltr'>μέχρι</span> <span class='ocrx_word' id='word_1_529' title='bbox 1041 2779 1102 2821; x_wconf 59' lang='grc' dir='ltr'>τούτ</span> 
     </span>
    </p>
   </div>
   <div class='ocr_carea' id='block_1_76' title="bbox 326 2812 1102 2850">
    <p class='ocr_par' dir='ltr' id='par_1_76' title="bbox 326 2812 1102 2850">
     <span class='ocr_line' id='line_1_79' title="bbox 326 2812 1102 2850; baseline 0.005 -12"><span class='ocrx_word' id='word_1_530' title='bbox 326 2819 373 2850; x_wconf 80' lang='grc' dir='ltr'><strong>του</strong></span> <span class='ocrx_word' id='word_1_531' title='bbox 381 2812 526 2850; x_wconf 20' lang='grc' dir='ltr'>ᾃὲχειηκατὰ</span> <span class='ocrx_word' id='word_1_532' title='bbox 542 2814 697 2850; x_wconf 75' lang='grc' dir='ltr'>προσθήκην</span> <span class='ocrx_word' id='word_1_533' title='bbox 710 2812 777 2849; x_wconf 67' lang='grc' dir='ltr'>αὕτη</span> <span class='ocrx_word' id='word_1_534' title='bbox 803 2815 820 2850; x_wconf 86' lang='grc' dir='ltr'><strong>ή</strong></span> <span class='ocrx_word' id='word_1_535' title='bbox 834 2812 960 2850; x_wconf 75' lang='grc' dir='ltr'>ἐπιστολὴ</span> <span class='ocrx_word' id='word_1_536' title='bbox 983 2812 1029 2850; x_wconf 67' lang='grc' dir='ltr'>τῆς</span> <span class='ocrx_word' id='word_1_537' title='bbox 1046 2815 1102 2849; x_wconf 82' lang='grc' dir='ltr'>μετ’</span> 
     </span>
    </p>
   </div>
   <div class='ocr_carea' id='block_1_77' title="bbox 328 2847 1103 2884">
    <p class='ocr_par' dir='ltr' id='par_1_77' title="bbox 328 2847 1103 2884">
     <span class='ocr_line' id='line_1_80' title="bbox 328 2847 1103 2884; baseline 0.006 -12"><span class='ocrx_word' id='word_1_538' title='bbox 328 2847 421 2882; x_wconf 75' lang='grc' dir='ltr'>αὐτῆς,</span> <span class='ocrx_word' id='word_1_539' title='bbox 443 2849 523 2882; x_wconf 79' lang='grc' dir='ltr'>ήγουν</span> <span class='ocrx_word' id='word_1_540' title='bbox 537 2847 585 2883; x_wconf 77' lang='grc' dir='ltr'>τῆς</span> <span class='ocrx_word' id='word_1_541' title='bbox 609 2847 790 2884; x_wconf 67' lang='grc' dir='ltr'>πρὸςπάντας</span> <span class='ocrx_word' id='word_1_542' title='bbox 804 2847 988 2884; x_wconf 71' lang='grc' dir='ltr'>ἐπισκόπους,</span> <span class='ocrx_word' id='word_1_543' title='bbox 1002 2847 1028 2877; x_wconf 69' lang='lat' dir='ltr'><strong>id</strong></span> <span class='ocrx_word' id='word_1_544' title='bbox 1047 2847 1103 2884; x_wconf 58' lang='lat' dir='ltr'><strong>&#39;esl,</strong></span> 
     </span>
    </p>
   </div>
   <div class='ocr_carea' id='block_1_78' title="bbox 1143 936 1925 976">
    <p class='ocr_par' dir='ltr' id='par_1_78' title="bbox 1143 936 1925 976">
     <span class='ocr_line' id='line_1_81' title="bbox 1143 936 1925 976; baseline -0.008 -9"><span class='ocrx_word' id='word_1_545' title='bbox 1143 941 1338 976; x_wconf 72' lang='grc' dir='ltr'>ὲφροντίσαμεν</span> <span class='ocrx_word' id='word_1_546' title='bbox 1358 940 1404 965; x_wconf 77' lang='grc' dir='ltr'>καὶ</span> <span class='ocrx_word' id='word_1_547' title='bbox 1421 938 1619 972; x_wconf 77' lang='grc' dir='ltr'>πεποιήκαμεν,</span> <span class='ocrx_word' id='word_1_548' title='bbox 1635 937 1706 972; x_wconf 80' lang='grc' dir='ltr'>ἆπερ</span> <span class='ocrx_word' id='word_1_549' title='bbox 1722 937 1736 961; x_wconf 79' lang='grc' dir='ltr'>ὁ</span> <span class='ocrx_word' id='word_1_550' title='bbox 1748 936 1796 970; x_wconf 80' lang='grc' dir='ltr'>τῆς</span> <span class='ocrx_word' id='word_1_551' title='bbox 1813 936 1925 970; x_wconf 80' lang='grc' dir='ltr'><strong>ἀγάπης</strong></span> 
     </span>
    </p>
   </div>
   <div class='ocr_carea' id='block_1_79' title="bbox 1142 980 1924 1019">
    <p class='ocr_par' dir='ltr' id='par_1_79' title="bbox 1142 980 1924 1019">
     <span class='ocr_line' id='line_1_82' title="bbox 1142 980 1924 1019; baseline -0.01 -6"><span class='ocrx_word' id='word_1_552' title='bbox 1142 985 1218 1019; x_wconf 72' lang='grc' dir='ltr'>λόγος</span> <span class='ocrx_word' id='word_1_553' title='bbox 1247 985 1364 1012; x_wconf 72' lang='grc' dir='ltr'>ἀπαιτεῖ.</span> <span class='ocrx_word' id='word_1_554' title='bbox 1391 983 1588 1018; x_wconf 83' lang='grc' dir='ltr'>Συμπὰσχομεν</span> <span class='ocrx_word' id='word_1_555' title='bbox 1620 981 1672 1016; x_wconf 75' lang='grc' dir='ltr'><strong>γὰρ</strong></span> <span class='ocrx_word' id='word_1_556' title='bbox 1695 982 1749 1012; x_wconf 85' lang='grc' dir='ltr'>τοῖς</span> <span class='ocrx_word' id='word_1_557' title='bbox 1775 980 1924 1015; x_wconf 79' lang='grc' dir='ltr'>πάσχουσιν</span> 
     </span>
    </p>
   </div>
   <div class='ocr_carea' id='block_1_80' title="bbox 1142 1023 1925 1065">
    <p class='ocr_par' dir='ltr' id='par_1_80' title="bbox 1142 1023 1925 1065">
     <span class='ocr_line' id='line_1_83' title="bbox 1142 1023 1925 1065; baseline -0.011 -8"><span class='ocrx_word' id='word_1_558' title='bbox 1142 1031 1264 1065; x_wconf 75' lang='grc' dir='ltr'><strong>ἀδελφοῖς</strong></span> <span class='ocrx_word' id='word_1_559' title='bbox 1275 1031 1291 1065; x_wconf 84' lang='grc' dir='ltr'>ὴ</span> <span class='ocrx_word' id='word_1_560' title='bbox 1296 1029 1363 1063; x_wconf 82' lang='grc' dir='ltr'>μῶν,</span> <span class='ocrx_word' id='word_1_561' title='bbox 1382 1029 1428 1054; x_wconf 81' lang='grc' dir='ltr'>καὶ</span> <span class='ocrx_word' id='word_1_562' title='bbox 1443 1027 1477 1054; x_wconf 81' lang='grc' dir='ltr'><strong>τὰ</strong></span> <span class='ocrx_word' id='word_1_563' title='bbox 1491 1027 1603 1054; x_wconf 75' lang='grc' dir='ltr'>ἐκείνων</span> <span class='ocrx_word' id='word_1_564' title='bbox 1613 1025 1761 1060; x_wconf 79' lang='grc' dir='ltr'>παθήματα</span> <span class='ocrx_word' id='word_1_565' title='bbox 1773 1024 1827 1050; x_wconf 72' lang='grc' dir='ltr'>ἴδια</span> <span class='ocrx_word' id='word_1_566' title='bbox 1841 1023 1925 1059; x_wconf 70' lang='grc' dir='ltr'>ἡγού-</span> 
     </span>
    </p>
   </div>
   <div class='ocr_carea' id='block_1_81' title="bbox 1145 1077 1297 1113">
    <p class='ocr_par' dir='ltr' id='par_1_81' title="bbox 1145 1077 1297 1113">
     <span class='ocr_line' id='line_1_84' title="bbox 1145 1077 1297 1113; baseline -0.013 -9"><span class='ocrx_word' id='word_1_567' title='bbox 1145 1077 1212 1113; x_wconf 82' lang='grc' dir='ltr'>μεθα</span> <span class='ocrx_word' id='word_1_568' title='bbox 1231 1077 1297 1112; x_wconf 69' lang='lat'><strong>(37).</strong></span> 
     </span>
    </p>
   </div>
   <div class='ocr_carea' id='block_1_82' title="bbox 1178 1127 1926 1168">
    <p class='ocr_par' dir='ltr' id='par_1_82' title="bbox 1178 1127 1926 1168">
     <span class='ocr_line' id='line_1_85' title="bbox 1178 1127 1926 1168; baseline -0.009 -8"><span class='ocrx_word' id='word_1_569' title='bbox 1178 1134 1221 1162; x_wconf 78' lang='grc'><strong>59.</strong></span> <span class='ocrx_word' id='word_1_570' title='bbox 1235 1133 1334 1168; x_wconf 79' lang='grc' dir='ltr'>Διόπερ</span> <span class='ocrx_word' id='word_1_571' title='bbox 1345 1133 1544 1167; x_wconf 78' lang='grc' dir='ltr'>ἀνηνέγκαμεν,</span> <span class='ocrx_word' id='word_1_572' title='bbox 1555 1130 1601 1158; x_wconf 78' lang='grc' dir='ltr'><strong>καὶ</strong></span> <span class='ocrx_word' id='word_1_573' title='bbox 1608 1129 1762 1165; x_wconf 74' lang='grc' dir='ltr'>ἠξιώσαμεν</span> <span class='ocrx_word' id='word_1_574' title='bbox 1772 1128 1836 1159; x_wconf 77' lang='grc' dir='ltr'>τοὺς</span> <span class='ocrx_word' id='word_1_575' title='bbox 1846 1127 1926 1154; x_wconf 74' lang='grc' dir='ltr'>εὐσε-</span> 
     </span>
    </p>
   </div>
   <div class='ocr_carea' id='block_1_83' title="bbox 1144 1174 1920 1213">
    <p class='ocr_par' dir='ltr' id='par_1_83' title="bbox 1144 1174 1920 1213">
     <span class='ocr_line' id='line_1_86' title="bbox 1144 1174 1920 1213; baseline -0.009 -7"><span class='ocrx_word' id='word_1_576' title='bbox 1144 1180 1288 1211; x_wconf 74' lang='grc' dir='ltr'>ϐεστάτους</span> <span class='ocrx_word' id='word_1_577' title='bbox 1300 1180 1346 1206; x_wconf 84' lang='grc' dir='ltr'>καὶ</span> <span class='ocrx_word' id='word_1_578' title='bbox 1365 1178 1583 1213; x_wconf 72' lang='grc' dir='ltr'>θεοφιλεστάτους</span> <span class='ocrx_word' id='word_1_579' title='bbox 1601 1175 1736 1212; x_wconf 81' lang='grc' dir='ltr'>βασιλέας,</span> <span class='ocrx_word' id='word_1_580' title='bbox 1748 1175 1821 1205; x_wconf 78' lang='grc' dir='ltr'>ὅπως</span> <span class='ocrx_word' id='word_1_581' title='bbox 1840 1174 1857 1208; x_wconf 83' lang='grc' dir='ltr'>ἡ</span> <span class='ocrx_word' id='word_1_582' title='bbox 1879 1182 1920 1207; x_wconf 86' lang='grc' dir='ltr'>φι-</span> 
     </span>
    </p>
   </div>
   <div class='ocr_carea' id='block_1_84' title="bbox 1144 1217 1926 1260">
    <p class='ocr_par' dir='ltr' id='par_1_84' title="bbox 1144 1217 1926 1260">
     <span class='ocr_line' id='line_1_87' title="bbox 1144 1217 1926 1260; baseline -0.01 -9"><span class='ocrx_word' id='word_1_583' title='bbox 1144 1225 1300 1260; x_wconf 82' lang='grc' dir='ltr'>λανθρωπία</span> <span class='ocrx_word' id='word_1_584' title='bbox 1316 1224 1404 1250; x_wconf 72' lang='grc' dir='ltr'>αὐτῶν</span> <span class='ocrx_word' id='word_1_585' title='bbox 1416 1224 1463 1250; x_wconf 75' lang='grc' dir='ltr'>καὶ</span> <span class='ocrx_word' id='word_1_586' title='bbox 1477 1224 1538 1254; x_wconf 78' lang='grc' dir='ltr'>τοὺς</span> <span class='ocrx_word' id='word_1_587' title='bbox 1548 1222 1588 1248; x_wconf 73' lang='grc' dir='ltr'>ἔτι</span> <span class='ocrx_word' id='word_1_588' title='bbox 1604 1222 1756 1256; x_wconf 85' lang='grc' dir='ltr'>κάμνοντας</span> <span class='ocrx_word' id='word_1_589' title='bbox 1772 1219 1818 1245; x_wconf 75' lang='grc' dir='ltr'>καὶ</span> <span class='ocrx_word' id='word_1_590' title='bbox 1833 1217 1926 1249; x_wconf 76' lang='grc' dir='ltr'>πιεζο-</span> 
     </span>
    </p>
   </div>
   <div class='ocr_carea' id='block_1_85' title="bbox 1145 1263 1926 1305">
    <p class='ocr_par' dir='ltr' id='par_1_85' title="bbox 1145 1263 1926 1305">
     <span class='ocr_line' id='line_1_88' title="bbox 1145 1263 1926 1305; baseline -0.009 -9"><span class='ocrx_word' id='word_1_591' title='bbox 1145 1271 1241 1305; x_wconf 81' lang='grc' dir='ltr'>μένους</span> <span class='ocrx_word' id='word_1_592' title='bbox 1269 1269 1394 1304; x_wconf 82' lang='grc' dir='ltr'>ἀνεθῆναι</span> <span class='ocrx_word' id='word_1_593' title='bbox 1409 1269 1534 1304; x_wconf 74' lang='grc' dir='ltr'>κελεύσῃ.</span> <span class='ocrx_word' id='word_1_594' title='bbox 1562 1268 1609 1294; x_wconf 67' lang='grc' dir='ltr'><strong>κα)⁴</strong></span> <span class='ocrx_word' id='word_1_595' title='bbox 1629 1266 1798 1302; x_wconf 80' lang='grc' dir='ltr'>προστάξωσι</span> <span class='ocrx_word' id='word_1_596' title='bbox 1823 1263 1926 1299; x_wconf 82' lang='grc' dir='ltr'>μηδένα</span> 
     </span>
    </p>
   </div>
   <div class='ocr_carea' id='block_1_86' title="bbox 1143 1309 1926 1349">
    <p class='ocr_par' dir='ltr' id='par_1_86' title="bbox 1143 1309 1926 1349">
     <span class='ocr_line' id='line_1_89' title="bbox 1143 1309 1926 1349; baseline -0.008 -8"><span class='ocrx_word' id='word_1_597' title='bbox 1143 1315 1197 1341; x_wconf 79' lang='grc' dir='ltr'><strong>τῶν</strong></span> <span class='ocrx_word' id='word_1_598' title='bbox 1208 1313 1349 1347; x_wconf 75' lang='grc' dir='ltr'>δικαστῶν,</span> <span class='ocrx_word' id='word_1_599' title='bbox 1366 1311 1406 1345; x_wconf 73' lang='grc' dir='ltr'>οἷς</span> <span class='ocrx_word' id='word_1_600' title='bbox 1428 1314 1490 1349; x_wconf 83' lang='grc' dir='ltr'>περὶ</span> <span class='ocrx_word' id='word_1_601' title='bbox 1515 1313 1601 1348; x_wconf 88' lang='grc' dir='ltr'>μόνων</span> <span class='ocrx_word' id='word_1_602' title='bbox 1614 1312 1667 1339; x_wconf 80' lang='grc' dir='ltr'>τῶν</span> <span class='ocrx_word' id='word_1_603' title='bbox 1685 1311 1820 1346; x_wconf 79' lang='grc' dir='ltr'>δημοσίων</span> <span class='ocrx_word' id='word_1_604' title='bbox 1835 1309 1926 1344; x_wconf 82' lang='grc' dir='ltr'>μέλειν</span> 
     </span>
    </p>
   </div>
   <div class='ocr_carea' id='block_1_87' title="bbox 1144 1355 1926 1397">
    <p class='ocr_par' dir='ltr' id='par_1_87' title="bbox 1144 1355 1926 1397">
     <span class='ocr_line' id='line_1_90' title="bbox 1144 1355 1926 1397; baseline -0.008 -9"><span class='ocrx_word' id='word_1_605' title='bbox 1144 1362 1287 1397; x_wconf 85' lang='grc' dir='ltr'>προσήκει,</span> <span class='ocrx_word' id='word_1_606' title='bbox 1308 1361 1375 1396; x_wconf 86' lang='grc' dir='ltr'>μήτε</span> <span class='ocrx_word' id='word_1_607' title='bbox 1392 1360 1494 1396; x_wconf 87' lang='grc' dir='ltr'>κρίνειν</span> <span class='ocrx_word' id='word_1_608' title='bbox 1520 1359 1676 1395; x_wconf 81' lang='grc' dir='ltr'>κληρικοὺς,</span> <span class='ocrx_word' id='word_1_609' title='bbox 1700 1359 1768 1393; x_wconf 86' lang='grc' dir='ltr'>μήτε</span> <span class='ocrx_word' id='word_1_610' title='bbox 1782 1357 1850 1388; x_wconf 82' lang='grc' dir='ltr'>ὅλως</span> <span class='ocrx_word' id='word_1_611' title='bbox 1877 1355 1926 1382; x_wconf 77' lang='grc' dir='ltr'><strong>τοῦ</strong></span> 
     </span>
    </p>
   </div>
   <div class='ocr_carea' id='block_1_88' title="bbox 1144 1404 1926 1442">
    <p class='ocr_par' dir='ltr' id='par_1_88' title="bbox 1144 1404 1926 1442">
     <span class='ocr_line' id='line_1_91' title="bbox 1144 1404 1926 1442; baseline -0.004 -9"><span class='ocrx_word' id='word_1_612' title='bbox 1144 1406 1247 1438; x_wconf 85' lang='grc' dir='ltr'>λοιποῦ,</span> <span class='ocrx_word' id='word_1_613' title='bbox 1262 1405 1457 1442; x_wconf 68' lang='grc' dir='ltr'>προφάσειτιῖΝ</span> <span class='ocrx_word' id='word_1_614' title='bbox 1472 1405 1649 1440; x_wconf 76' lang='grc' dir='ltr'>Ἐκκλησιιῖιν,</span> <span class='ocrx_word' id='word_1_615' title='bbox 1662 1406 1809 1440; x_wconf 72' lang='grc' dir='ltr'>ἐπιχειρεῖν</span> <span class='ocrx_word' id='word_1_616' title='bbox 1820 1413 1846 1430; x_wconf 89' lang='grc' dir='ltr'><strong>τι</strong></span> <span class='ocrx_word' id='word_1_617' title='bbox 1855 1404 1926 1431; x_wconf 78' lang='grc' dir='ltr'>κατὰ</span> 
     </span>
    </p>
   </div>
   <div class='ocr_carea' id='block_1_89' title="bbox 1144 1443 1926 1486">
    <p class='ocr_par' dir='ltr' id='par_1_89' title="bbox 1144 1443 1926 1486">
     <span class='ocr_line' id='line_1_92' title="bbox 1144 1443 1926 1486; baseline 0 -8"><span class='ocrx_word' id='word_1_618' title='bbox 1144 1452 1199 1479; x_wconf 85' lang='grc' dir='ltr'><strong>τῶν</strong></span> <span class='ocrx_word' id='word_1_619' title='bbox 1223 1451 1354 1486; x_wconf 82' lang='grc' dir='ltr'>ἀδελφῶν,</span> <span class='ocrx_word' id='word_1_620' title='bbox 1381 1451 1437 1478; x_wconf 81' lang='grc' dir='ltr'>ἀλλ’</span> <span class='ocrx_word' id='word_1_621' title='bbox 1461 1451 1503 1477; x_wconf 84' lang='grc' dir='ltr'><strong>ἴνα</strong></span> <span class='ocrx_word' id='word_1_622' title='bbox 1524 1451 1635 1482; x_wconf 74' lang='grc' dir='ltr'>ἕκαστος</span> <span class='ocrx_word' id='word_1_623' title='bbox 1651 1451 1733 1486; x_wconf 85' lang='grc' dir='ltr'>χωρίς</span> <span class='ocrx_word' id='word_1_624' title='bbox 1765 1443 1836 1482; x_wconf 76' lang='grc' dir='ltr'>τινος</span> <span class='ocrx_word' id='word_1_625' title='bbox 1861 1451 1926 1478; x_wconf 78' lang='grc' dir='ltr'>διο)-</span> 
     </span>
    </p>
   </div>
   <div class='ocr_carea' id='block_1_90' title="bbox 1145 1496 1928 1533">
    <p class='ocr_par' dir='ltr' id='par_1_90' title="bbox 1145 1496 1928 1533">
     <span class='ocr_line' id='line_1_93' title="bbox 1145 1496 1928 1533; baseline -0.003 -9"><span class='ocrx_word' id='word_1_626' title='bbox 1145 1497 1216 1533; x_wconf 85' lang='grc' dir='ltr'>γμοῦ</span> <span class='ocrx_word' id='word_1_627' title='bbox 1231 1497 1296 1533; x_wconf 75' lang='grc'><strong>(58),</strong></span> <span class='ocrx_word' id='word_1_628' title='bbox 1313 1497 1396 1532; x_wconf 88' lang='grc' dir='ltr'>χωρίς</span> <span class='ocrx_word' id='word_1_629' title='bbox 1411 1505 1481 1527; x_wconf 87' lang='grc' dir='ltr'>τινος</span> <span class='ocrx_word' id='word_1_630' title='bbox 1497 1496 1555 1531; x_wconf 79' lang='grc' dir='ltr'>βίας</span> <span class='ocrx_word' id='word_1_631' title='bbox 1568 1496 1614 1522; x_wconf 76' lang='grc' dir='ltr'>καὶ</span> <span class='ocrx_word' id='word_1_632' title='bbox 1624 1496 1787 1528; x_wconf 80' lang='grc' dir='ltr'>πλεονεξίας,</span> <span class='ocrx_word' id='word_1_633' title='bbox 1797 1496 1835 1528; x_wconf 79' lang='grc' dir='ltr'>ὡς</span> <span class='ocrx_word' id='word_1_634' title='bbox 1850 1496 1928 1531; x_wconf 78' lang='grc' dir='ltr'>εὒχε-</span> 
     </span>
    </p>
   </div>
   <div class='ocr_carea' id='block_1_91' title="bbox 1144 1542 1928 1578">
    <p class='ocr_par' dir='ltr' id='par_1_91' title="bbox 1144 1542 1928 1578">
     <span class='ocr_line' id='line_1_94' title="bbox 1144 1542 1928 1578; baseline -0.003 -8"><span class='ocrx_word' id='word_1_635' title='bbox 1144 1551 1190 1570; x_wconf 80' lang='grc' dir='ltr'><strong>ται</strong></span> <span class='ocrx_word' id='word_1_636' title='bbox 1206 1544 1252 1570; x_wconf 74' lang='grc' dir='ltr'>καὶ</span> <span class='ocrx_word' id='word_1_637' title='bbox 1267 1543 1400 1578; x_wconf 86' lang='grc' dir='ltr'>βούλεται,</span> <span class='ocrx_word' id='word_1_638' title='bbox 1419 1542 1462 1577; x_wconf 80' lang='grc' dir='ltr'>ζῇ,</span> <span class='ocrx_word' id='word_1_639' title='bbox 1475 1543 1521 1569; x_wconf 75' lang='grc' dir='ltr'>καὶ</span> <span class='ocrx_word' id='word_1_640' title='bbox 1544 1542 1600 1577; x_wconf 82' lang='grc' dir='ltr'>μεθ’</span> <span class='ocrx_word' id='word_1_641' title='bbox 1617 1542 1729 1577; x_wconf 79' lang='grc' dir='ltr'>ἡσυχίας</span> <span class='ocrx_word' id='word_1_642' title='bbox 1751 1542 1797 1568; x_wconf 75' lang='grc' dir='ltr'>καὶ</span> <span class='ocrx_word' id='word_1_643' title='bbox 1815 1542 1928 1577; x_wconf 80' lang='grc' dir='ltr'>εἰρήνης</span> 
     </span>
    </p>
   </div>
   <div class='ocr_carea' id='block_1_92' title="bbox 1145 1588 1926 1625">
    <p class='ocr_par' dir='ltr' id='par_1_92' title="bbox 1145 1588 1926 1625">
     <span class='ocr_line' id='line_1_95' title="bbox 1145 1588 1926 1625; baseline -0.003 -9"><span class='ocrx_word' id='word_1_644' title='bbox 1145 1589 1193 1625; x_wconf 87' lang='grc' dir='ltr'><strong>τὴν</strong></span> <span class='ocrx_word' id='word_1_645' title='bbox 1220 1589 1364 1625; x_wconf 85' lang='grc' dir='ltr'>καθολικὴν</span> <span class='ocrx_word' id='word_1_646' title='bbox 1383 1589 1430 1616; x_wconf 77' lang='grc' dir='ltr'>καὶ</span> <span class='ocrx_word' id='word_1_647' title='bbox 1441 1588 1619 1623; x_wconf 83' lang='grc' dir='ltr'>ἀποστολικὴν</span> <span class='ocrx_word' id='word_1_648' title='bbox 1645 1588 1733 1614; x_wconf 84' lang='grc' dir='ltr'>πίστιν</span> <span class='ocrx_word' id='word_1_649' title='bbox 1751 1589 1926 1624; x_wconf 82' lang='grc' dir='ltr'>μετέρχηται.</span> 
     </span>
    </p>
   </div>
   <div class='ocr_carea' id='block_1_93' title="bbox 1145 1634 1928 1670">
    <p class='ocr_par' dir='ltr' id='par_1_93' title="bbox 1145 1634 1928 1670">
     <span class='ocr_line' id='line_1_96' title="bbox 1145 1634 1928 1670; baseline -0.003 -8"><span class='ocrx_word' id='word_1_650' title='bbox 1145 1636 1292 1670; x_wconf 84' lang='grc' dir='ltr'>Γρηγόριος</span> <span class='ocrx_word' id='word_1_651' title='bbox 1309 1636 1421 1670; x_wconf 84' lang='grc' dir='ltr'>μέντοιὸ</span> <span class='ocrx_word' id='word_1_652' title='bbox 1431 1635 1596 1670; x_wconf 78' lang='grc' dir='ltr'>παρανόμως</span> <span class='ocrx_word' id='word_1_653' title='bbox 1610 1634 1684 1670; x_wconf 78' lang='grc' dir='ltr'>παρὰ</span> <span class='ocrx_word' id='word_1_654' title='bbox 1694 1634 1747 1660; x_wconf 86' lang='grc' dir='ltr'>τῶν</span> <span class='ocrx_word' id='word_1_655' title='bbox 1759 1634 1812 1668; x_wconf 79' lang='lat'><strong>(59)</strong></span> <span class='ocrx_word' id='word_1_656' title='bbox 1826 1635 1928 1669; x_wconf 73' lang='grc' dir='ltr'>αἱρετι-</span> 
     </span>
    </p>
   </div>
   <div class='ocr_carea' id='block_1_94' title="bbox 1145 1680 1928 1717">
    <p class='ocr_par' dir='ltr' id='par_1_94' title="bbox 1145 1680 1928 1717">
     <span class='ocr_line' id='line_1_97' title="bbox 1145 1680 1928 1717; baseline -0.001 -9"><span class='ocrx_word' id='word_1_657' title='bbox 1145 1682 1201 1708; x_wconf 82' lang='grc' dir='ltr'>κῶν</span> <span class='ocrx_word' id='word_1_658' title='bbox 1214 1682 1359 1717; x_wconf 79' lang='grc' dir='ltr'>λεγόμενος</span> <span class='ocrx_word' id='word_1_659' title='bbox 1385 1681 1597 1715; x_wconf 76' lang='grc' dir='ltr'>κατασταθῆναι,</span> <span class='ocrx_word' id='word_1_660' title='bbox 1612 1681 1658 1706; x_wconf 73' lang='grc' dir='ltr'>καὶ</span> <span class='ocrx_word' id='word_1_661' title='bbox 1672 1681 1712 1711; x_wconf 77' lang='grc' dir='ltr'><strong>εἰς</strong></span> <span class='ocrx_word' id='word_1_662' title='bbox 1726 1680 1774 1715; x_wconf 82' lang='grc' dir='ltr'>τὴν</span> <span class='ocrx_word' id='word_1_663' title='bbox 1792 1680 1928 1715; x_wconf 80' lang='grc' dir='ltr'>ὑμετέραν</span> 
     </span>
    </p>
   </div>
   <div class='ocr_carea' id='block_1_95' title="bbox 1146 1725 1928 1762">
    <p class='ocr_par' dir='ltr' id='par_1_95' title="bbox 1146 1725 1928 1762">
     <span class='ocr_line' id='line_1_98' title="bbox 1146 1725 1928 1762; baseline -0.003 -9"><span class='ocrx_word' id='word_1_664' title='bbox 1146 1727 1221 1754; x_wconf 82' lang='grc' dir='ltr'>πόλιν</span> <span class='ocrx_word' id='word_1_665' title='bbox 1229 1727 1292 1762; x_wconf 83' lang='grc' dir='ltr'>παρ’</span> <span class='ocrx_word' id='word_1_666' title='bbox 1305 1727 1392 1753; x_wconf 78' lang='grc' dir='ltr'>αὐτῶν</span> <span class='ocrx_word' id='word_1_667' title='bbox 1403 1725 1575 1757; x_wconf 81' lang='grc' dir='ltr'>ἀποσταλείς·</span> <span class='ocrx_word' id='word_1_668' title='bbox 1585 1726 1631 1752; x_wconf 75' lang='grc' dir='ltr'>καὶ</span> <span class='ocrx_word' id='word_1_669' title='bbox 1643 1725 1721 1752; x_wconf 84' lang='grc' dir='ltr'>τοῦτο</span> <span class='ocrx_word' id='word_1_670' title='bbox 1733 1726 1786 1761; x_wconf 75' lang='grc' dir='ltr'>γὰρ</span> <span class='ocrx_word' id='word_1_671' title='bbox 1797 1727 1928 1760; x_wconf 69' lang='grc' dir='ltr'>γινωσκέ-</span> 
     </span>
    </p>
   </div>
   <div class='ocr_carea' id='block_1_96' title="bbox 1146 1771 1928 1809">
    <p class='ocr_par' dir='ltr' id='par_1_96' title="bbox 1146 1771 1928 1809">
     <span class='ocr_line' id='line_1_99' title="bbox 1146 1771 1928 1809; baseline -0.001 -9"><span class='ocrx_word' id='word_1_672' title='bbox 1146 1782 1184 1800; x_wconf 87' lang='grc' dir='ltr'><strong>τω</strong></span> <span class='ocrx_word' id='word_1_673' title='bbox 1198 1773 1273 1807; x_wconf 80' lang='grc' dir='ltr'>ὑμῶν</span> <span class='ocrx_word' id='word_1_674' title='bbox 1298 1774 1314 1808; x_wconf 87' lang='grc' dir='ltr'>ὴ</span> <span class='ocrx_word' id='word_1_675' title='bbox 1339 1773 1482 1808; x_wconf 72' lang='grc' dir='ltr'>ὁμοψυχία,</span> <span class='ocrx_word' id='word_1_676' title='bbox 1504 1773 1544 1798; x_wconf 81' lang='grc' dir='ltr'>ὅτι</span> <span class='ocrx_word' id='word_1_677' title='bbox 1572 1771 1660 1807; x_wconf 83' lang='grc' dir='ltr'>κρίσει</span> <span class='ocrx_word' id='word_1_678' title='bbox 1687 1773 1736 1807; x_wconf 79' lang='grc' dir='ltr'>τῆς</span> <span class='ocrx_word' id='word_1_679' title='bbox 1751 1774 1824 1808; x_wconf 77' lang='grc' dir='ltr'>ἱερᾶς</span> <span class='ocrx_word' id='word_1_680' title='bbox 1838 1774 1928 1809; x_wconf 82' lang='grc' dir='ltr'>πάσης</span> 
     </span>
    </p>
   </div>
   <div class='ocr_carea' id='block_1_97' title="bbox 1148 1817 1928 1855">
    <p class='ocr_par' dir='ltr' id='par_1_97' title="bbox 1148 1817 1928 1855">
     <span class='ocr_line' id='line_1_100' title="bbox 1148 1817 1928 1855; baseline 0 -9"><span class='ocrx_word' id='word_1_681' title='bbox 1148 1819 1256 1846; x_wconf 79' lang='grc' dir='ltr'>συνόδου</span> <span class='ocrx_word' id='word_1_682' title='bbox 1264 1818 1411 1855; x_wconf 82' lang='grc' dir='ltr'>καθῃρέθη,</span> <span class='ocrx_word' id='word_1_683' title='bbox 1420 1819 1444 1844; x_wconf 90' lang='grc' dir='ltr'>εἰ</span> <span class='ocrx_word' id='word_1_684' title='bbox 1454 1818 1499 1844; x_wconf 82' lang='grc' dir='ltr'>καὶ</span> <span class='ocrx_word' id='word_1_685' title='bbox 1512 1818 1547 1844; x_wconf 79' lang='grc' dir='ltr'>τὸ,</span> <span class='ocrx_word' id='word_1_686' title='bbox 1558 1817 1673 1852; x_wconf 75' lang='grc' dir='ltr'>μάλιστα</span> <span class='ocrx_word' id='word_1_687' title='bbox 1692 1818 1861 1845; x_wconf 86' lang='grc' dir='ltr'>οὐδεπώποτε</span> <span class='ocrx_word' id='word_1_688' title='bbox 1870 1819 1928 1854; x_wconf 70' lang='grc'><strong>(40)</strong></span> 
     </span>
    </p>
   </div>
   <div class='ocr_carea' id='block_1_98' title="bbox 1148 1863 1928 1899">
    <p class='ocr_par' dir='ltr' id='par_1_98' title="bbox 1148 1863 1928 1899">
     <span class='ocr_line' id='line_1_101' title="bbox 1148 1863 1928 1899; baseline 0 -8"><span class='ocrx_word' id='word_1_689' title='bbox 1148 1865 1208 1892; x_wconf 83' lang='grc' dir='ltr'>οὐδὲ</span> <span class='ocrx_word' id='word_1_690' title='bbox 1222 1865 1259 1896; x_wconf 86' lang='grc' dir='ltr'>ὼς</span> <span class='ocrx_word' id='word_1_691' title='bbox 1271 1865 1418 1896; x_wconf 80' lang='grc' dir='ltr'>ἐπίσκοπος</span> <span class='ocrx_word' id='word_1_692' title='bbox 1429 1864 1496 1895; x_wconf 77' lang='grc' dir='ltr'>ὅλως</span> <span class='ocrx_word' id='word_1_693' title='bbox 1508 1864 1650 1898; x_wconf 84' lang='grc' dir='ltr'>γενόμενος</span> <span class='ocrx_word' id='word_1_694' title='bbox 1660 1863 1798 1899; x_wconf 79' lang='grc' dir='ltr'>ἐνομίσθη.</span> <span class='ocrx_word' id='word_1_695' title='bbox 1811 1863 1928 1899; x_wconf 76' lang='grc' dir='ltr'>Χαίρετε</span> 
     </span>
    </p>
   </div>
   <div class='ocr_carea' id='block_1_99' title="bbox 1148 1909 1928 1944">
    <p class='ocr_par' dir='ltr' id='par_1_99' title="bbox 1148 1909 1928 1944">
     <span class='ocr_line' id='line_1_102' title="bbox 1148 1909 1928 1944; baseline 0.001 -8"><span class='ocrx_word' id='word_1_696' title='bbox 1148 1910 1236 1936; x_wconf 83' lang='grc' dir='ltr'>τοίνυν</span> <span class='ocrx_word' id='word_1_697' title='bbox 1246 1909 1482 1944; x_wconf 77' lang='grc' dir='ltr'>ἀπολαμϐάνοντες</span> <span class='ocrx_word' id='word_1_698' title='bbox 1502 1909 1604 1935; x_wconf 73' lang='grc' dir='ltr'>ἑαυτῶν</span> <span class='ocrx_word' id='word_1_699' title='bbox 1618 1909 1662 1935; x_wconf 78' lang='grc' dir='ltr'>τὸν</span> <span class='ocrx_word' id='word_1_700' title='bbox 1681 1909 1828 1936; x_wconf 76' lang='grc' dir='ltr'>ἐπίσκοπον</span> <span class='ocrx_word' id='word_1_701' title='bbox 1848 1910 1928 1937; x_wconf 79' lang='grc' dir='ltr'>Ἀθα-</span> 
     </span>
    </p>
   </div>
   <div class='ocr_carea' id='block_1_100' title="bbox 1148 1954 1928 1991">
    <p class='ocr_par' dir='ltr' id='par_1_100' title="bbox 1148 1954 1928 1991">
     <span class='ocr_line' id='line_1_103' title="bbox 1148 1954 1928 1991; baseline 0.001 -9"><span class='ocrx_word' id='word_1_702' title='bbox 1148 1955 1249 1982; x_wconf 86' lang='grc' dir='ltr'>νάσιον·</span> <span class='ocrx_word' id='word_1_703' title='bbox 1261 1954 1303 1981; x_wconf 83' lang='grc' dir='ltr'><strong>διὰ</strong></span> <span class='ocrx_word' id='word_1_704' title='bbox 1318 1954 1395 1981; x_wconf 79' lang='grc' dir='ltr'>τοῦτο</span> <span class='ocrx_word' id='word_1_705' title='bbox 1410 1955 1464 1990; x_wconf 80' lang='grc' dir='ltr'><strong>γὰρ</strong></span> <span class='ocrx_word' id='word_1_706' title='bbox 1473 1955 1520 1981; x_wconf 81' lang='grc' dir='ltr'>καὶ</span> <span class='ocrx_word' id='word_1_707' title='bbox 1539 1956 1596 1990; x_wconf 80' lang='grc' dir='ltr'>μετ’</span> <span class='ocrx_word' id='word_1_708' title='bbox 1617 1955 1726 1991; x_wconf 80' lang='grc' dir='ltr'>εἰρήνης</span> <span class='ocrx_word' id='word_1_709' title='bbox 1738 1956 1817 1982; x_wconf 82' lang='grc' dir='ltr'>αὐτὸν</span> <span class='ocrx_word' id='word_1_710' title='bbox 1828 1956 1928 1983; x_wconf 77' lang='grc' dir='ltr'>ἀπελύ-</span> 
     </span>
    </p>
   </div>
   <div class='ocr_carea' id='block_1_101' title="bbox 1150 2000 1928 2036">
    <p class='ocr_par' dir='ltr' id='par_1_101' title="bbox 1150 2000 1928 2036">
     <span class='ocr_line' id='line_1_104' title="bbox 1150 2000 1928 2036; baseline 0.003 -10"><span class='ocrx_word' id='word_1_711' title='bbox 1150 2009 1245 2035; x_wconf 80' lang='grc' dir='ltr'>σαμεν.</span> <span class='ocrx_word' id='word_1_712' title='bbox 1257 2000 1336 2026; x_wconf 86' lang='grc' dir='ltr'>Ὅθεν</span> <span class='ocrx_word' id='word_1_713' title='bbox 1349 2000 1396 2027; x_wconf 75' lang='grc' dir='ltr'>καὶ</span> <span class='ocrx_word' id='word_1_714' title='bbox 1403 2000 1585 2035; x_wconf 77' lang='grc' dir='ltr'>παραινοῦμεν</span> <span class='ocrx_word' id='word_1_715' title='bbox 1602 2001 1667 2027; x_wconf 74' lang='grc' dir='ltr'>πᾶσι</span> <span class='ocrx_word' id='word_1_716' title='bbox 1681 2002 1748 2032; x_wconf 82' lang='grc' dir='ltr'>τοῖς.</span> <span class='ocrx_word' id='word_1_717' title='bbox 1763 2000 1778 2036; x_wconf 87' lang='grc' dir='ltr'><strong>ῆ</strong></span> <span class='ocrx_word' id='word_1_718' title='bbox 1790 2001 1832 2028; x_wconf 77' lang='grc' dir='ltr'><strong>διὰ</strong></span> <span class='ocrx_word' id='word_1_719' title='bbox 1845 2002 1928 2035; x_wconf 76' lang='grc' dir='ltr'>φόϐον</span> 
     </span>
    </p>
   </div>
   <div class='ocr_carea' id='block_1_102' title="bbox 1148 2044 1928 2082">
    <p class='ocr_par' dir='ltr' id='par_1_102' title="bbox 1148 2044 1928 2082">
     <span class='ocr_line' id='line_1_105' title="bbox 1148 2044 1928 2082; baseline 0.004 -12"><span class='ocrx_word' id='word_1_720' title='bbox 1148 2045 1166 2080; x_wconf 81' lang='grc' dir='ltr'>ἢ</span> <span class='ocrx_word' id='word_1_721' title='bbox 1181 2045 1224 2071; x_wconf 82' lang='grc' dir='ltr'><strong>διὰ</strong></span> <span class='ocrx_word' id='word_1_722' title='bbox 1239 2044 1404 2080; x_wconf 88' lang='grc' dir='ltr'>περιδρομήν</span> <span class='ocrx_word' id='word_1_723' title='bbox 1422 2053 1512 2076; x_wconf 79' lang='grc' dir='ltr'>τινων.</span> <span class='ocrx_word' id='word_1_724' title='bbox 1527 2046 1705 2081; x_wconf 83' lang='grc' dir='ltr'>κοινωνήσασι</span> <span class='ocrx_word' id='word_1_725' title='bbox 1717 2046 1867 2082; x_wconf 78' lang='grc' dir='ltr'>Γρηγορίῳ,</span> <span class='ocrx_word' id='word_1_726' title='bbox 1883 2048 1928 2073; x_wconf 68' lang='grc' dir='ltr'>ἱνα</span> 
     </span>
    </p>
   </div>
   <div class='ocr_carea' id='block_1_103' title="bbox 1149 2091 1927 2128">
    <p class='ocr_par' dir='ltr' id='par_1_103' title="bbox 1149 2091 1927 2128">
     <span class='ocr_line' id='line_1_106' title="bbox 1149 2091 1927 2128; baseline 0 -9"><span class='ocrx_word' id='word_1_727' title='bbox 1149 2091 1207 2123; x_wconf 86' lang='grc' dir='ltr'><strong>νῦν⁹</strong></span> <span class='ocrx_word' id='word_1_728' title='bbox 1225 2091 1440 2127; x_wconf 85' lang='grc' dir='ltr'>ὑπομνησθέντες</span> <span class='ocrx_word' id='word_1_729' title='bbox 1464 2092 1510 2118; x_wconf 85' lang='grc' dir='ltr'>καὶ</span> <span class='ocrx_word' id='word_1_730' title='bbox 1535 2093 1736 2128; x_wconf 86' lang='grc' dir='ltr'>προτραπέντες</span> <span class='ocrx_word' id='word_1_731' title='bbox 1753 2093 1800 2119; x_wconf 72' lang='grc' dir='ltr'><strong>καὶ</strong></span> <span class='ocrx_word' id='word_1_732' title='bbox 1813 2094 1927 2120; x_wconf 82' lang='grc' dir='ltr'>ἀναπει-</span> 
     </span>
    </p>
   </div>
   <div class='ocr_carea' id='block_1_104' title="bbox 1151 2138 1928 2174">
    <p class='ocr_par' dir='ltr' id='par_1_104' title="bbox 1151 2138 1928 2174">
     <span class='ocr_line' id='line_1_107' title="bbox 1151 2138 1928 2174; baseline 0.003 -10"><span class='ocrx_word' id='word_1_733' title='bbox 1151 2138 1257 2170; x_wconf 86' lang='grc' dir='ltr'>σθέντες</span> <span class='ocrx_word' id='word_1_734' title='bbox 1281 2139 1343 2174; x_wconf 83' lang='grc' dir='ltr'>παρ’</span> <span class='ocrx_word' id='word_1_735' title='bbox 1362 2138 1449 2173; x_wconf 79' lang='grc' dir='ltr'>ἡμῶν,</span> <span class='ocrx_word' id='word_1_736' title='bbox 1479 2138 1633 2165; x_wconf 82' lang='grc' dir='ltr'>παύσωνται</span> <span class='ocrx_word' id='word_1_737' title='bbox 1661 2139 1709 2174; x_wconf 84' lang='grc' dir='ltr'>τῆς</span> <span class='ocrx_word' id='word_1_738' title='bbox 1735 2139 1802 2174; x_wconf 80' lang='grc' dir='ltr'>πρὸς</span> <span class='ocrx_word' id='word_1_739' title='bbox 1825 2140 1928 2167; x_wconf 80' lang='grc' dir='ltr'>ἐκεῖνον</span> 
     </span>
    </p>
   </div>
   <div class='ocr_carea' id='block_1_105' title="bbox 1153 2184 1927 2221">
    <p class='ocr_par' dir='ltr' id='par_1_105' title="bbox 1153 2184 1927 2221">
     <span class='ocr_line' id='line_1_108' title="bbox 1153 2184 1927 2221; baseline 0.001 -11"><span class='ocrx_word' id='word_1_740' title='bbox 1153 2185 1274 2220; x_wconf 78' lang='grc' dir='ltr'>μυσαράς</span> <span class='ocrx_word' id='word_1_741' title='bbox 1284 2184 1432 2217; x_wconf 80' lang='grc' dir='ltr'>κοινωνίας,</span> <span class='ocrx_word' id='word_1_742' title='bbox 1450 2184 1497 2210; x_wconf 77' lang='grc' dir='ltr'>καὶ</span> <span class='ocrx_word' id='word_1_743' title='bbox 1509 2184 1600 2211; x_wconf 79' lang='grc' dir='ltr'>λοιπὸν</span> <span class='ocrx_word' id='word_1_744' title='bbox 1617 2185 1728 2216; x_wconf 77' lang='grc' dir='ltr'>ἑαυτοὺς</span> <span class='ocrx_word' id='word_1_745' title='bbox 1747 2185 1882 2220; x_wconf 65' lang='grc' dir='ltr'>συνάψωσι</span> <span class='ocrx_word' id='word_1_746' title='bbox 1893 2187 1927 2221; x_wconf 78' lang='grc' dir='ltr'>τῇ</span> 
     </span>
    </p>
   </div>
   <div class='ocr_carea' id='block_1_106' title="bbox 1117 2229 1514 2267">
    <p class='ocr_par' dir='ltr' id='par_1_106' title="bbox 1117 2229 1514 2267">
     <span class='ocr_line' id='line_1_109' title="bbox 1117 2229 1514 2267; baseline 0.003 -12"><span class='ocrx_word' id='word_1_747' title='bbox 1117 2240 1138 2267; x_wconf 72' lang='grc' dir='ltr'><strong>ι)</strong></span> <span class='ocrx_word' id='word_1_748' title='bbox 1152 2229 1281 2265; x_wconf 78' lang='grc' dir='ltr'>καθολικῇ</span> <span class='ocrx_word' id='word_1_749' title='bbox 1295 2229 1440 2264; x_wconf 74' lang='grc' dir='ltr'>Ἐκκλησία</span> <span class='ocrx_word' id='word_1_750' title='bbox 1448 2229 1514 2264; x_wconf 73' lang='grc' dir='ltr'><strong>(Η).</strong></span> 
     </span>
    </p>
   </div>
   <div class='ocr_carea' id='block_1_107' title="bbox 1153 2363 1929 2401">
    <p class='ocr_par' dir='ltr' id='par_1_107' title="bbox 1153 2363 1929 2401">
     <span class='ocr_line' id='line_1_110' title="bbox 1153 2363 1929 2401; baseline -0.005 -8"><span class='ocrx_word' id='word_1_751' title='bbox 1153 2374 1209 2401; x_wconf 74' lang='lat' dir='ltr'><strong>quae</strong></span> <span class='ocrx_word' id='word_1_752' title='bbox 1223 2366 1255 2392; x_wconf 82' lang='lat' dir='ltr'><strong>ab</strong></span> <span class='ocrx_word' id='word_1_753' title='bbox 1267 2366 1315 2392; x_wconf 85' lang='lat' dir='ltr'><strong>hac</strong></span> <span class='ocrx_word' id='word_1_754' title='bbox 1330 2370 1392 2392; x_wconf 83' lang='lat' dir='ltr'><strong>nota</strong></span> <span class='ocrx_word' id='word_1_755' title='bbox 1419 2373 1499 2397; x_wconf 74' lang='lat' dir='ltr'><strong>usque</strong></span> <span class='ocrx_word' id='word_1_756' title='bbox 1521 2364 1556 2392; x_wconf 82' lang='lat' dir='ltr'><strong>ad</strong></span> <span class='ocrx_word' id='word_1_757' title='bbox 1572 2369 1716 2399; x_wconf 72' lang='lat' dir='ltr'><strong>sequentem</strong></span> <span class='ocrx_word' id='word_1_758' title='bbox 1738 2363 1875 2401; x_wconf 63' lang='lat' dir='ltr'><strong>habentur,</strong></span> <span class='ocrx_word' id='word_1_759' title='bbox 1894 2364 1929 2401; x_wconf 64' lang='lat' dir='ltr'><strong>ad</strong></span> 
     </span>
    </p>
   </div>
   <div class='ocr_carea' id='block_1_108' title="bbox 1153 2399 1930 2435">
    <p class='ocr_par' dir='ltr' id='par_1_108' title="bbox 1153 2399 1930 2435">
     <span class='ocr_line' id='line_1_111' title="bbox 1153 2399 1930 2435; baseline -0.003 -8"><span class='ocrx_word' id='word_1_760' title='bbox 1153 2399 1219 2427; x_wconf 77' lang='lat' dir='ltr'><strong>Imm:</strong></span> <span class='ocrx_word' id='word_1_761' title='bbox 1241 2400 1375 2435; x_wconf 77' lang='lat' dir='ltr'><strong>epistolam</strong></span> <span class='ocrx_word' id='word_1_762' title='bbox 1400 2401 1554 2434; x_wconf 76' lang='lat' dir='ltr'><strong>pertinent,</strong></span> <span class='ocrx_word' id='word_1_763' title='bbox 1579 2407 1625 2435; x_wconf 70' lang='lat' dir='ltr'><strong>nec</strong></span> <span class='ocrx_word' id='word_1_764' title='bbox 1653 2400 1680 2435; x_wconf 77' lang='lat' dir='ltr'><strong>in</strong></span> <span class='ocrx_word' id='word_1_765' title='bbox 1703 2399 1865 2433; x_wconf 71' lang='lat' dir='ltr'><strong>subuquenti</strong></span> <span class='ocrx_word' id='word_1_766' title='bbox 1894 2399 1930 2435; x_wconf 70' lang='lat' dir='ltr'><strong>ad</strong></span> 
     </span>
    </p>
   </div>
   <div class='ocr_carea' id='block_1_109' title="bbox 1153 2433 1931 2469">
    <p class='ocr_par' dir='ltr' id='par_1_109' title="bbox 1153 2433 1931 2469">
     <span class='ocr_line' id='line_1_112' title="bbox 1153 2433 1931 2469; baseline -0.003 -7"><span class='ocrx_word' id='word_1_767' title='bbox 1153 2444 1239 2463; x_wconf 75' lang='lat' dir='ltr'><strong>omnes</strong></span> <span class='ocrx_word' id='word_1_768' title='bbox 1256 2433 1404 2469; x_wconf 66' lang='lat' dir='ltr'><strong>episcopos</strong></span> <span class='ocrx_word' id='word_1_769' title='bbox 1423 2435 1551 2469; x_wconf 80' lang='lat' dir='ltr'><strong>leguntur.</strong></span> <span class='ocrx_word' id='word_1_770' title='bbox 1591 2433 1721 2460; x_wconf 82' lang='lat' dir='ltr'><strong>Nimirum</strong></span> <span class='ocrx_word' id='word_1_771' title='bbox 1758 2434 1931 2469; x_wconf 79' lang='lat' dir='ltr'><strong>ainanuensis</strong></span> 
     </span>
    </p>
   </div>
   <div class='ocr_carea' id='block_1_110' title="bbox 1154 2468 1930 2504">
    <p class='ocr_par' dir='ltr' id='par_1_110' title="bbox 1154 2468 1930 2504">
     <span class='ocr_line' id='line_1_113' title="bbox 1154 2468 1930 2504; baseline -0.004 -7"><span class='ocrx_word' id='word_1_772' title='bbox 1154 2478 1215 2498; x_wconf 89' lang='lat' dir='ltr'><strong>cum</strong></span> <span class='ocrx_word' id='word_1_773' title='bbox 1227 2478 1273 2497; x_wconf 89' lang='lat' dir='ltr'><strong>eas</strong></span> <span class='ocrx_word' id='word_1_774' title='bbox 1285 2469 1412 2504; x_wconf 87' lang='lat' dir='ltr'><strong>epistolas</strong></span> <span class='ocrx_word' id='word_1_775' title='bbox 1426 2468 1482 2496; x_wconf 78' lang='lat' dir='ltr'><strong>fere</strong></span> <span class='ocrx_word' id='word_1_776' title='bbox 1503 2469 1603 2495; x_wconf 89' lang='lat' dir='ltr'><strong>similes</strong></span> <span class='ocrx_word' id='word_1_777' title='bbox 1627 2469 1789 2504; x_wconf 80' lang='lat' dir='ltr'><strong>adverteret,</strong></span> <span class='ocrx_word' id='word_1_778' title='bbox 1811 2468 1930 2502; x_wconf 89' lang='lat' dir='ltr'><strong>priorem</strong></span> 
     </span>
    </p>
   </div>
   <div class='ocr_carea' id='block_1_111' title="bbox 1155 2503 1931 2538">
    <p class='ocr_par' dir='ltr' id='par_1_111' title="bbox 1155 2503 1931 2538">
     <span class='ocr_line' id='line_1_114' title="bbox 1155 2503 1931 2538; baseline -0.004 -7"><span class='ocrx_word' id='word_1_779' title='bbox 1155 2510 1258 2532; x_wconf 86' lang='lat' dir='ltr'><strong>tantum</strong></span> <span class='ocrx_word' id='word_1_780' title='bbox 1283 2503 1444 2538; x_wconf 81' lang='lat' dir='ltr'><strong>descripsit,</strong></span> <span class='ocrx_word' id='word_1_781' title='bbox 1469 2504 1627 2538; x_wconf 79' lang='lat' dir='ltr'><strong>quibusdam</strong></span> <span class='ocrx_word' id='word_1_782' title='bbox 1658 2511 1718 2538; x_wconf 69' lang='lat' dir='ltr'><strong>qnte</strong></span> <span class='ocrx_word' id='word_1_783' title='bbox 1750 2503 1776 2529; x_wconf 88' lang='lat' dir='ltr'><strong>in</strong></span> <span class='ocrx_word' id='word_1_784' title='bbox 1811 2504 1931 2529; x_wconf 89' lang='lat' dir='ltr'><strong>secunda</strong></span> 
     </span>
    </p>
   </div>
   <div class='ocr_carea' id='block_1_112' title="bbox 1156 2537 1932 2574">
    <p class='ocr_par' dir='ltr' id='par_1_112' title="bbox 1156 2537 1932 2574">
     <span class='ocr_line' id='line_1_115' title="bbox 1156 2537 1932 2574; baseline -0.004 -8"><span class='ocrx_word' id='word_1_785' title='bbox 1156 2541 1286 2566; x_wconf 76' lang='lat' dir='ltr'><strong>duntaxat</strong></span> <span class='ocrx_word' id='word_1_786' title='bbox 1299 2537 1455 2574; x_wconf 73' lang='lat' dir='ltr'><strong>legebantur</strong></span> <span class='ocrx_word' id='word_1_787' title='bbox 1473 2537 1670 2574; x_wconf 12' lang='lat' dir='ltr'><strong>adimarginem</strong></span> <span class='ocrx_word' id='word_1_788' title='bbox 1687 2537 1795 2568; x_wconf 85' lang='lat' dir='ltr'><strong>additis,</strong></span> <span class='ocrx_word' id='word_1_789' title='bbox 1809 2545 1843 2564; x_wconf 90' lang='lat' dir='ltr'><strong>ne</strong></span> <span class='ocrx_word' id='word_1_790' title='bbox 1857 2538 1932 2564; x_wconf 75' lang='lat' dir='ltr'><strong>exci-</strong></span> 
     </span>
    </p>
   </div>
   <div class='ocr_carea' id='block_1_113' title="bbox 1152 2573 1933 2608">
    <p class='ocr_par' dir='ltr' id='par_1_113' title="bbox 1152 2573 1933 2608">
     <span class='ocr_line' id='line_1_116' title="bbox 1152 2573 1933 2608; baseline -0.004 -7"><span class='ocrx_word' id='word_1_791' title='bbox 1152 2574 1259 2605; x_wconf 86' lang='lat' dir='ltr'><strong>derent,</strong></span> <span class='ocrx_word' id='word_1_792' title='bbox 1273 2573 1414 2608; x_wconf 81' lang='lat' dir='ltr'><strong>monetque</strong></span> <span class='ocrx_word' id='word_1_793' title='bbox 1431 2573 1547 2601; x_wconf 81' lang='lat' dir='ltr'><strong>vicissim</strong></span> <span class='ocrx_word' id='word_1_794' title='bbox 1558 2594 1566 2605; x_wconf 90' lang='lat'><strong>,</strong></span> <span class='ocrx_word' id='word_1_795' title='bbox 1580 2580 1611 2600; x_wconf 88' lang='lat' dir='ltr'><strong>ea</strong></span> <span class='ocrx_word' id='word_1_796' title='bbox 1627 2580 1686 2607; x_wconf 63' lang='lat' dir='ltr'><strong>qua:</strong></span> <span class='ocrx_word' id='word_1_797' title='bbox 1702 2577 1850 2606; x_wconf 87' lang='lat' dir='ltr'><strong>sequuntur</strong></span> <span class='ocrx_word' id='word_1_798' title='bbox 1870 2576 1933 2606; x_wconf 90' lang='lat' dir='ltr'><strong>post</strong></span> 
     </span>
    </p>
   </div>
   <div class='ocr_carea' id='block_1_114' title="bbox 1151 2608 1932 2644">
    <p class='ocr_par' dir='ltr' id='par_1_114' title="bbox 1151 2608 1932 2644">
     <span class='ocr_line' id='line_1_117' title="bbox 1151 2608 1932 2644; baseline -0.005 -9"><span class='ocrx_word' id='word_1_799' title='bbox 1151 2610 1184 2644; x_wconf 78' lang='grc' dir='ltr'>τῇ</span> <span class='ocrx_word' id='word_1_800' title='bbox 1199 2609 1327 2644; x_wconf 82' lang='grc' dir='ltr'>καθολικῇ</span> <span class='ocrx_word' id='word_1_801' title='bbox 1348 2608 1502 2643; x_wconf 77' lang='grc' dir='ltr'>Ἐκκλησία,</span> <span class='ocrx_word' id='word_1_802' title='bbox 1513 2608 1594 2644; x_wconf 83' lang='lat' dir='ltr'><strong>priori</strong></span> <span class='ocrx_word' id='word_1_803' title='bbox 1609 2609 1705 2644; x_wconf 79' lang='lat' dir='ltr'><strong>80ll_llll,</strong></span> <span class='ocrx_word' id='word_1_804' title='bbox 1723 2613 1750 2634; x_wconf 88' lang='lat' dir='ltr'><strong>et</strong></span> <span class='ocrx_word' id='word_1_805' title='bbox 1763 2613 1932 2644; x_wconf 83' lang='lat' dir='ltr'><strong>nequaquam</strong></span> 
     </span>
    </p>
   </div>
   <div class='ocr_carea' id='block_1_115' title="bbox 1152 2642 1933 2676">
    <p class='ocr_par' dir='ltr' id='par_1_115' title="bbox 1152 2642 1933 2676">
     <span class='ocr_line' id='line_1_118' title="bbox 1152 2642 1933 2676; baseline -0.004 -6"><span class='ocrx_word' id='word_1_806' title='bbox 1152 2642 1327 2676; x_wconf 63' lang='lat' dir='ltr'><strong>subsequenti&#39;</strong></span> <span class='ocrx_word' id='word_1_807' title='bbox 1349 2651 1408 2670; x_wconf 89' lang='lat' dir='ltr'><strong>esse</strong></span> <span class='ocrx_word' id='word_1_808' title='bbox 1441 2642 1614 2670; x_wconf 70' lang='lat' dir='ltr'><strong>inscribenda.</strong></span> <span class='ocrx_word' id='word_1_809' title='bbox 1647 2642 1811 2669; x_wconf 69' lang='lat' dir='ltr'><strong>Suhodorari</strong></span> <span class='ocrx_word' id='word_1_810' title='bbox 1839 2646 1933 2668; x_wconf 83' lang='lat' dir='ltr'><strong>tamen</strong></span> 
     </span>
    </p>
   </div>
   <div class='ocr_carea' id='block_1_116' title="bbox 1152 2675 1932 2712">
    <p class='ocr_par' dir='ltr' id='par_1_116' title="bbox 1152 2675 1932 2712">
     <span class='ocr_line' id='line_1_119' title="bbox 1152 2675 1932 2712; baseline -0.004 -7"><span class='ocrx_word' id='word_1_811' title='bbox 1152 2678 1215 2705; x_wconf 89' lang='lat' dir='ltr'><strong>licet</strong></span> <span class='ocrx_word' id='word_1_812' title='bbox 1233 2675 1354 2712; x_wconf 69' lang='lat' dir='ltr'><strong>quaedam</strong></span> <span class='ocrx_word' id='word_1_813' title='bbox 1369 2679 1451 2705; x_wconf 86' lang='lat' dir='ltr'><strong>verba</strong></span> <span class='ocrx_word' id='word_1_814' title='bbox 1467 2685 1526 2711; x_wconf 70' lang='lat' dir='ltr'><strong>qua:</strong></span> <span class='ocrx_word' id='word_1_815' title='bbox 1550 2677 1584 2704; x_wconf 89' lang='lat' dir='ltr'><strong>ad</strong></span> <span class='ocrx_word' id='word_1_816' title='bbox 1605 2681 1765 2712; x_wconf 83' lang='lat' dir='ltr'><strong>sequentem</strong></span> <span class='ocrx_word' id='word_1_817' title='bbox 1786 2675 1932 2712; x_wconf 83' lang='lat' dir='ltr'><strong>epistolam</strong></span> 
     </span>
    </p>
   </div>
   <div class='ocr_carea' id='block_1_117' title="bbox 1153 2711 1934 2747">
    <p class='ocr_par' dir='ltr' id='par_1_117' title="bbox 1153 2711 1934 2747">
     <span class='ocr_line' id='line_1_120' title="bbox 1153 2711 1934 2747; baseline -0.004 -8"><span class='ocrx_word' id='word_1_818' title='bbox 1153 2711 1329 2747; x_wconf 79' lang='lat' dir='ltr'><strong>pertinerent,</strong></span> <span class='ocrx_word' id='word_1_819' title='bbox 1349 2714 1503 2740; x_wconf 81' lang='lat' dir='ltr'><strong>earumdem</strong></span> <span class='ocrx_word' id='word_1_820' title='bbox 1517 2712 1675 2747; x_wconf 82' lang='lat' dir='ltr'><strong>negligentia</strong></span> <span class='ocrx_word' id='word_1_821' title='bbox 1687 2712 1712 2738; x_wconf 92' lang='lat' dir='ltr'><strong>in</strong></span> <span class='ocrx_word' id='word_1_822' title='bbox 1727 2711 1809 2746; x_wconf 92' lang='lat' dir='ltr'><strong>priori</strong></span> <span class='ocrx_word' id='word_1_823' title='bbox 1822 2717 1934 2747; x_wconf 81' lang='lat' dir='ltr'><strong>reman-</strong></span> 
     </span>
    </p>
   </div>
   <div class='ocr_carea' id='block_1_118' title="bbox 1155 2746 1934 2780">
    <p class='ocr_par' dir='ltr' id='par_1_118' title="bbox 1155 2746 1934 2780">
     <span class='ocr_line' id='line_1_121' title="bbox 1155 2746 1934 2780; baseline -0.004 -6"><span class='ocrx_word' id='word_1_824' title='bbox 1155 2746 1223 2775; x_wconf 81' lang='lat' dir='ltr'><strong>sisse</strong></span> <span class='ocrx_word' id='word_1_825' title='bbox 1240 2748 1314 2774; x_wconf 91' lang='lat' dir='ltr'><strong>nullo</strong></span> <span class='ocrx_word' id='word_1_826' title='bbox 1324 2748 1478 2775; x_wconf 86' lang='lat' dir='ltr'><strong>discrimine</strong></span> <span class='ocrx_word' id='word_1_827' title='bbox 1493 2746 1619 2774; x_wconf 75' lang='lat' dir='ltr'><strong>distincta</strong></span> <span class='ocrx_word' id='word_1_828' title='bbox 1640 2754 1647 2772; x_wconf 90' lang='lat'><strong>:</strong></span> <span class='ocrx_word' id='word_1_829' title='bbox 1672 2747 1789 2780; x_wconf 86' lang='lat' dir='ltr'><strong>itemque</strong></span> <span class='ocrx_word' id='word_1_830' title='bbox 1802 2746 1934 2772; x_wconf 79' lang='lat' dir='ltr'><strong>nonnulla</strong></span> 
     </span>
    </p>
   </div>
   <div class='ocr_carea' id='block_1_119' title="bbox 1156 2780 1934 2817">
    <p class='ocr_par' dir='ltr' id='par_1_119' title="bbox 1156 2780 1934 2817">
     <span class='ocr_line' id='line_1_122' title="bbox 1156 2780 1934 2817; baseline -0.004 -8"><span class='ocrx_word' id='word_1_831' title='bbox 1156 2783 1226 2810; x_wconf 88' lang='lat' dir='ltr'><strong>hanc</strong></span> <span class='ocrx_word' id='word_1_832' title='bbox 1238 2783 1351 2816; x_wconf 88' lang='lat' dir='ltr'><strong>primam</strong></span> <span class='ocrx_word' id='word_1_833' title='bbox 1369 2782 1529 2816; x_wconf 86' lang='lat' dir='ltr'><strong>spectantia,</strong></span> <span class='ocrx_word' id='word_1_834' title='bbox 1552 2781 1722 2817; x_wconf 82' lang='lat' dir='ltr'><strong>subsequenti</strong></span> <span class='ocrx_word' id='word_1_835' title='bbox 1736 2781 1803 2808; x_wconf 83' lang='lat' dir='ltr'><strong>l&#39;also</strong></span> <span class='ocrx_word' id='word_1_836' title='bbox 1820 2780 1934 2813; x_wconf 83' lang='lat' dir='ltr'><strong>ascribi;</strong></span> 
     </span>
    </p>
   </div>
   <div class='ocr_carea' id='block_1_120' title="bbox 1156 2817 1582 2845">
    <p class='ocr_par' dir='ltr' id='par_1_120' title="bbox 1156 2817 1582 2845">
     <span class='ocr_line' id='line_1_123' title="bbox 1156 2817 1582 2845; baseline 0 -1"><span class='ocrx_word' id='word_1_837' title='bbox 1156 2817 1203 2844; x_wconf 88' lang='lat' dir='ltr'><strong>sed</strong></span> <span class='ocrx_word' id='word_1_838' title='bbox 1217 2817 1326 2845; x_wconf 87' lang='lat' dir='ltr'><strong>levioris</strong></span> <span class='ocrx_word' id='word_1_839' title='bbox 1338 2817 1465 2844; x_wconf 88' lang='lat' dir='ltr'><strong>momenti</strong></span> <span class='ocrx_word' id='word_1_840' title='bbox 1477 2823 1520 2844; x_wconf 85' lang='lat' dir='ltr'><strong>res</strong></span> <span class='ocrx_word' id='word_1_841' title='bbox 1532 2821 1582 2844; x_wconf 81' lang='lat' dir='ltr'><strong>est.</strong></span> 
     </span>
    </p>
   </div>
  </div>
