2031 3048
283 170 336 199 519

563 169 592 197 S.
613 168 796 197 ATHANASII
815 167 891 197 OPP.
912 167 1002 196 PARS
1019 164 1042 196 l.
1057 183 1092 189 —
1108 162 1292 195 HISTORICA
1311 165 1355 194 ET
1374 165 1582 194 DOGMATICA.

1841 166 1899 196 320

284 227 430 264 iudicando
444 231 506 255 sunt
522 227 575 254 usi.
593 227 655 254 Ideo
669 226 749 253 diuisi
774 226 807 253 iis
830 233 898 260 quas
911 225 1000 252 lusere
1021 223 1061 251 fa-

1123 223 1162 249 >οὖ
1176 223 1223 249 καὶ
1236 222 1434 249 συνεπισκόπου
1451 221 1530 257 ἡμῶν
1550 221 1707 248 Ἀθανασίου
1719 221 1768 257 τὴν
1782 222 1900 259 καθαρό-

287 275 370 306 bulis,
383 279 463 308 atque
479 272 631 299 rumoribus
644 280 714 307 quos
734 272 767 299 de
785 272 830 299 illo
843 277 969 306 sparsere
984 279 990 297 :
1009 270 1064 297 imo

286 320 538 351 animadvertentes,
547 325 576 345 se
585 326 636 344 non
646 325 707 345 vera
718 325 795 352 posse
803 325 834 344 ea
840 325 895 344 rum
905 324 994 344 rermn
1003 324 1065 351 pro-

287 366 358 393 ferre
373 370 550 400 argumenta;
567 373 627 392 cum
645 368 736 391 essent
752 363 778 390 in
795 363 861 390 urbe
881 362 1003 394 Sardit-a,
1018 369 1065 388 no-

287 411 395 438 luerunt
416 411 449 437 ad
471 411 600 446 synodum
621 416 777 438 sanctorum
792 411 911 438 omnium
929 409 1066 444 episcopo-

287 465 347 484 rum
363 457 503 484 accedere.
523 457 611 491 Atque
625 457 689 484 hinc
703 457 815 491 aequitas
825 456 918 491 judicii
932 455 1023 482 fratris
1038 459 1066 481 et

291 502 445 536 coepiscnpi
472 501 556 528 nostri
580 501 641 529 Julii
667 501 765 536 liquido
789 500 922 536 apparuit,
941 499 986 534 qui
1012 506 1065 526 non

290 547 434 575 temerario
459 547 583 579 consilio,
615 547 662 574 sed
685 554 746 574 cum
769 547 859 574 debita
891 545 1064 572 accuratioue

289 593 451 620 sententiam
468 592 538 624 tulit,
553 591 620 619 adeo
635 596 664 618 ut
681 591 745 618 nihil
763 591 799 618 sit
810 589 885 617 dubii
899 589 932 616 de
945 595 1067 616 commu-

291 639 374 666 nione
390 637 483 665 fratris
497 637 580 665 nostri
591 637 730 664 Athanasii
744 636 865 663 relictum
883 644 890 662 :
906 634 1006 669 quippe
1020 633 1065 667 qui

290 684 428 719 octoginta
443 684 584 718 episcopos
601 690 649 718 pro
664 690 693 710 se
706 681 832 709 habuerit
844 688 958 708 veraces
972 684 1066 706 testes.

289 730 312 757 Α
325 737 378 765 quo
393 729 456 756 illud
473 736 581 764 quoque
597 736 657 756 cum
674 727 800 762 aequitate
823 731 912 754 actum
927 729 980 757 est,
995 724 1066 759 quod

288 782 338 810 per
348 774 460 802 dilectos
474 773 570 801 fratres
587 778 695 801 nostros
708 772 880 808 presbyteros
899 778 972 804 suos,
989 770 1069 805 126

289 825 319 848 et
333 827 381 854 per
395 819 501 847 litteras
522 826 597 851 suas,
617 818 795 848 Eusebianos.
810 824 864 844 non
879 821 952 844 recto
965 815 1069 849 judicio

290 866 336 893 sed
353 865 377 892 vi
391 865 485 898 fretos,
502 865 638 899 sapienter
651 863 773 891 eluserit.
789 861 960 897 Quapropter
973 867 1070 888 omnes

1114 277 1181 304 τητα
1197 268 1242 304 βίᾳ
1256 268 1302 295 καὶ
1316 268 1452 304 τυραννίδι
1464 267 1640 294 συλλαϐέσθαι
1655 268 1833 300 ἐσπούδασαν,
1847 269 1899 296 καὶ

1113 313 1156 340 διὰ
1166 313 1244 340 τοῦτο
1260 313 1320 340 οὔτε
1334 313 1402 348 μετὰ
1423 313 1549 344 πίστεως,
1561 312 1616 339 οὗθ’
1631 312 1698 343 ὅλως
1711 313 1802 340 δικαία
1818 313 1900 348 γέγο-

1113 361 1187 395 νενή
1203 359 1265 395 παρ’
1282 359 1391 386 ἐκείνων
1415 359 1515 394 κρίσις·
1537 359 1631 394 διόπερ
1646 358 1705 385 οὺδέ
1723 358 1897 394 θαρροῦντες,

1113 402 1154 436 οἷς
1168 404 1434 440 ἑδραματούργησαν,
1447 403 1505 430 οὐδέ
1517 400 1557 436 οἷς
1568 403 1717 439 ἐθρύλησαν
1732 404 1790 430 κατ’
1803 404 1898 438 αὑτοῦ,

1115 449 1182 476 ἀλλὰ
1207 449 1253 476 καὶ
1265 449 1438 484 θεωροῦντες,
1455 449 1493 481 ὡς
1509 449 1540 476 οὐ
1566 449 1688 476 δύνανται
1705 450 1768 486 περὶ
1794 450 1900 477 τούτων

1114 494 1262 526 ἀποδείξεις
1278 494 1349 529 ἔχειν
1372 494 1490 530 ἀληθεῖς.
1506 495 1639 530 παρόντες
1660 496 1700 527 είς
1721 496 1769 532 τὴν
1789 496 1900 531 Σαρδῶν

1115 541 1201 573 πόλιν,
1210 541 1259 567 οὐκ
1273 541 1406 576 ἠθέλησαν
1419 541 1512 577 είςτὴν
1521 541 1627 568 σύνοδον
1635 541 1742 568 πάντων
1754 542 1808 568 τῶν
1815 542 1899 576 ἁγίων

1115 586 1271 614 ἐπισκόπων
1286 587 1450 622 ἀπαντῆσαν
1468 587 1500 614 ἐκ
1514 587 1546 623 δὴ
1562 586 1656 614 τούτου
1680 589 1784 623 φανερά
1798 589 1846 615 καὶ
1858 588 1899 615 δι-

1115 631 1180 659 καία
1189 632 1380 668 καθέστηκενὴ
1396 632 1538 668 κρίσιςτοῦ
1554 632 1668 668 ἀδελφοῦ
1683 634 1729 660 καὶ
1744 634 1901 661 συνεπισκό-

1116 687 1168 705 που
1181 678 1258 714 ἡμῶν
1279 678 1398 705 Ὶουλὶου-
1410 679 1501 714 οὐγὰρ
1512 679 1628 706 ἀσκεπτὶ
1641 679 1823 714 βεϐούλευται,
1832 680 1901 706 ἀλλά

1117 725 1164 751 καὶ
1178 724 1236 759 μετ’
1248 724 1408 760 ἐπιμελείας
1417 724 1527 760 ὥρισεν,
1536 725 1605 752 ὥστε
1619 720 1686 760 μηδέ
1703 725 1769 758 ὅλως
1777 725 1901 753 διστάσαι

1117 770 1182 806 περὶ
1196 770 1246 805 τῆς
1261 770 1404 802 κοινωνίας
1417 769 1464 797 τοῦ
1491 770 1605 805 ἀδελφοῦ
1631 770 1709 806 ήμῶν
1731 772 1899 799 Ἀθανασίου.

1117 814 1181 851 Εἶχε
1193 816 1247 851 γὰρ
1271 816 1426 843 ἐπισκόπων
1445 816 1606 852 ὀγδοήκοντα
1620 817 1729 852 ἀληθεῖς
1741 819 1881 854 μάρτυρας
1892 827 1900 835 ·

1118 859 1174 897 εἶχε
1185 861 1317 889 καὶτοῦτο
1329 862 1441 894 δίκαιον,
1453 863 1493 889 ὅτι
1507 862 1550 889 διὰ
1556 862 1610 889 τῶν
1622 863 1770 899 ἀγαπητῶν
1780 864 1902 899 ἀδελφῶν

290 910 389 944 ubique
403 909 522 944 episcopi
534 909 685 941 Athanasii,
708 911 801 942 utpote
818 906 982 939 innocentis,
994 911 1069 933 com-

1123 907 1197 943 ίιμῶν
1209 908 1263 934 τῶν
1279 908 1469 944 πρεσϐυτέρων
1485 906 1592 942 ἑαυτοῦ,
1609 909 1655 936 καὶ
1670 909 1713 936 διά
1731 911 1902 946 γραμμάτων

291 955 445 982 munionem
458 954 562 981 ﬁrmam
577 958 731 987 statumque
742 952 872 979 fecerunt.
889 951 954 978 illud
963 956 1070 985 quoque

292 1005 382 1028 vestra
407 1000 526 1027 charitas
549 1000 746 1026 animadvertat
761 1006 768 1024 :
782 997 850 1025 Cum
881 997 915 1024 ad
946 999 1068 1024 sanctam

291 1046 421 1082 synodum
451 1045 569 1073 Sardica:
595 1048 783 1080 congregatum
806 1043 970 1073 advenisset,
994 1045 1068 1072 tunc,

291 1093 329 1119 uti
342 1099 421 1126 supra
439 1091 566 1124 diximus,
579 1089 728 1118 Orientales
750 1090 901 1125 episcopos,
912 1093 940 1116 et
961 1087 1069 1122 scriptis

292 1137 402 1171 litteris,
413 1142 441 1164 et
465 1136 601 1164 mandatis
622 1143 674 1163 nou
698 1135 818 1169 scriptis,
836 1142 851 1161 a
874 1134 951 1161 nobis
973 1134 1070 1160 citatos

292 1189 457 1218 vocatosque
481 1182 576 1215 fuisse,
602 1187 630 1209 ut
652 1189 683 1210 se
705 1181 805 1215 judicio
825 1180 963 1208 sisterent.
977 1179 1012 1206 At.
1030 1179 1070 1206 illi

293 1237 340 1257 sua
362 1237 422 1257 sese
442 1230 586 1256 damnante
597 1227 771 1258 conscientia,
787 1226 909 1261 turpibus
932 1226 971 1252 usi
989 1225 1071 1258 tergi-

293 1275 491 1303 Versationibus
503 1274 632 1309 judicium
647 1273 836 1307 subterfugere
855 1275 1005 1305 cceperunt.
1021 1270 1071 1298 Po-

294 1322 432 1349 stulabaut
447 1321 518 1348 enim
545 1325 574 1347 ut
586 1321 755 1346 innocentem
764 1318 840 1353 quasi
858 1325 932 1345 reum
947 1325 961 1344 a
978 1321 1071 1344 nostra

293 1366 482 1395 communione
503 1365 678 1400 ejiceremus,
707 1372 760 1391 non
797 1364 966 1390 advertentes
990 1369 1071 1396 quam

295 1413 434 1444 indecens,
449 1411 503 1438 imo
521 1411 610 1446 potius
624 1417 703 1444 quam
725 1408 890 1442 impossibile
908 1408 971 1434 illud
987 1411 1069 1435 esset.

295 1457 366 1490 Quin
385 1460 412 1483 et
432 1461 603 1482 monumenta
620 1455 646 1482 in
662 1454 779 1481 Mareote
795 1454 867 1481 edita
882 1461 896 1480 a
917 1453 1072 1480 sceleratis-

295 1503 373 1531 simis
397 1506 425 1530 et
450 1500 640 1538 perditissimis
664 1499 822 1534 quibusdam
847 1499 1072 1531 adolescentibus,

295 1549 391 1583 quibus
405 1555 438 1575 ue
454 1547 592 1574 minimum
609 1547 716 1582 quidem
726 1545 866 1573 clericatus
877 1544 987 1579 gradum
998 1545 1072 1579 quis-

1122 952 1274 988 μεθώδευσε
1288 954 1349 985 τοὺς
1363 954 1426 990 περὶ
1445 953 1583 986 Εὐσέϐιον,
1595 956 1656 987 τοὺς
1669 955 1719 982 οὐκ
1728 957 1775 983 ἐπὶ
1803 958 1900 993 κρίσει,

1121 998 1177 1025 ἀλλ’
1190 999 1237 1025 ἐπὶ
1255 998 1301 1034 βίᾳ
1315 999 1413 1034 μᾶλλον
1426 999 1656 1036 ὲτπρειδομένους.
1675 1001 1755 1028 Ὅθεν
1766 1003 1790 1028 oi
1800 1011 1901 1030 παντα-

1121 1044 1169 1080 χοῦ
1198 1045 1297 1077 πάντες
1319 1045 1462 1072 ἐπίσκοποι
1485 1045 1535 1081 τὴν
1567 1047 1709 1074 κοινωνίαν
1743 1048 1900 1076 ’Δθανασίου

1121 1089 1287 1116 ἐϐεϐαίωσαν
1306 1089 1349 1116 διὰ
1370 1090 1418 1125 τὴν
1437 1089 1607 1126 καθαρότητα
1620 1091 1711 1118 αὑτοῦ.
1730 1092 1846 1120 Κάκείνο
1872 1094 1902 1120 δὲ

1123 1134 1198 1170 ὑμῶν
1211 1137 1227 1171 ἡ
1235 1135 1328 1170 ἀγάπη
1335 1136 1481 1172 συνοράτω·
1490 1134 1596 1172 Ἐπειδὴ
1607 1138 1647 1169 είς
1654 1137 1702 1172 τὴν
1712 1138 1790 1172 ἁγίαν
1797 1138 1903 1165 σύνοδον

1121 1181 1171 1216 τὴν
1186 1181 1215 1206 ἐν
1224 1181 1339 1216 Σαρδικῇ
1351 1182 1526 1216 συναχθεῖσαν
1535 1183 1706 1217 παρεγένετο,
1718 1184 1777 1210 τότε
1783 1184 1824 1219 δὴ,
1832 1185 1903 1212 mea

1123 1226 1298 1261 προείπομεν,
1327 1227 1374 1253 καὶ
1394 1227 1437 1254 διὰ
1464 1228 1633 1263 γραμμάτων
1649 1230 1696 1256 καὶ
1720 1229 1753 1255 δι’
1773 1230 1903 1266 ἀγράφων

1124 1271 1237 1298 ἐντολῶν
1247 1272 1458 1308 ὑπεμνήσθησαν
1483 1274 1508 1299 οἱ
1521 1274 1570 1309 τῆς
1592 1273 1672 1309 ἑῴας,
1692 1275 1739 1302 καὶ
1752 1275 1904 1310 ἐκλήθησαν

1124 1319 1188 1354 παρ’
1214 1318 1291 1354 ἡμῶν
1307 1317 1377 1346 ὥστε
1404 1321 1539 1356 παρεῖναι.
1563 1320 1632 1347 Ἀλλ’
1649 1322 1757 1352 ἐκεῖνοι,
1775 1322 1826 1348 ὑπὸ
1853 1322 1904 1357 τῆς

1125 1364 1301 1399 συνειδήσεως
1322 1366 1595 1401 καταγινωσκόμενοι,
1618 1367 1753 1402 ἁπρεπέσι
1771 1367 1905 1403 χρώμενοι

1125 1410 1287 1446 προφάσεσι,
1309 1410 1463 1445 φυγοδικεῖν
1492 1411 1617 1446 ἤρξαντο.
1646 1412 1751 1444 Ἠξίουν
1773 1413 1827 1448 γάρ
1857 1413 1904 1440 τὸν

1125 1456 1223 1488 ἀθῶον,
1236 1456 1273 1487 ὡς
1290 1456 1447 1488 ὑπεύθυνον,
1465 1457 1518 1484 ἀπὸ
1546 1458 1593 1492 τῆς
1616 1458 1750 1493 ἡμετέρας
1765 1459 1905 1491 κοινωνίας

1125 1501 1312 1534 ἐκϐάλλεσθαι,
1328 1502 1358 1528 οὐ
1375 1502 1538 1538 συνορῶντες
1556 1502 1594 1534 ὡς
1606 1503 1739 1539 ἀπρεπὲς,
1756 1504 1854 1539 μᾶλλον
1877 1505 1906 1531 δέ

1125 1547 1253 1574 ἀδύνατον
1266 1545 1299 1582 ἦν
1313 1547 1400 1575 τοῦτο,
1414 1548 1469 1574 Kal.
1484 1548 1517 1574 τά
1530 1549 1711 1584 ὑπομνήματα
1726 1549 1753 1576 δὲ
1764 1551 1797 1576 τὰ
1817 1551 1846 1577 ἐν
1867 1551 1906 1587 τῷ

295 1594 367 1630 piam
388 1592 555 1624 contulisset,
582 1575 634 1619 una
657 1592 744 1619 solum
766 1598 782 1618 e
797 1592 917 1625 partibus
933 1593 1071 1625 praesente,

1126 1589 1259 1625 Μαρεώτῃ
1271 1575 1401 1626 γενόμενα
1421 1591 1473 1618 ὑπὸ
1490 1575 1675 1628 παμπονή

296 1641 366 1668 facta
374 1647 434 1668 esse
441 1640 581 1666 constabat
591 1647 598 1665 :
607 1645 668 1665 nam
680 1644 764 1672 neque
772 1637 854 1663 frater
865 1641 954 1664 noster
961 1635 1076 1662 Athana-

296 1686 362 1718 sius,
373 1692 458 1719 neque
467 1684 597 1711 Macarius
609 1683 747 1718 presbyter
755 1682 789 1708 ab
800 1682 851 1708 illis
863 1685 1002 1708 accusatus
1021 1680 1075 1708 illic

297 1731 447 1759 adfuerant.
459 1730 488 1756 Et
497 1729 593 1763 alioqui
603 1736 693 1755 eorum
704 1727 840 1762 inquisitio
849 1734 895 1754 seu
904 1727 991 1762 potius
1002 1727 1075 1753 frau-

297 1775 405 1803 dulenta
417 1774 556 1808 subiectio,
571 1772 643 1799 omni
656 1771 820 1806 turpitudine
828 1771 904 1806 plena
919 1776 978 1798 erat.
991 1778 998 1796 :
1012 1778 1075 1797 nam

298 1828 359 1848 cum
372 1820 482 1851 ethnici.
495 1824 550 1846 tum
565 1817 749 1846 catechumeni
769 1817 1010 1850 interrogabantur,
1023 1823 1076 1843 non

298 1870 329 1893 ut
336 1873 394 1900 quas
403 1866 501 1892 scirent
513 1864 641 1895 dicerent.
651 1863 696 1890 sed
709 1869 737 1890 ut
745 1870 803 1897 qua:
811 1863 844 1890 ab
857 1862 908 1889 illis
916 1862 1075 1894 didicerant,

299 1910 366 1938 falso
385 1911 546 1945 proferrent.
562 1909 700 1942 Siquidem
717 1913 744 1935 et
764 1913 882 1935 vestrum
905 1907 1076 1942 presbytero-

299 1964 370 1987 rum,
386 1957 430 1990 qui
446 1957 557 1983 absente
575 1955 711 1989 episcopo,
726 1954 764 1981 rei
781 1961 873 1980 curam
885 1953 1032 1988 gerebatis,
1044 1960 1075 1979 ac

300 2002 422 2029 voluistis
430 2001 567 2036 quaestioni
575 2002 714 2032 interesse,
726 2004 753 2026 et
761 2000 900 2026 veritatem
915 1997 1075 2032 patefacere,

299 2047 493 2081 mendaciaque
506 2045 634 2076 refutare,
650 2045 721 2072 nulla
735 2049 777 2072 est
789 2045 877 2070 habita
894 2045 960 2070 ratio
973 2052 980 2076 ;
991 2050 1076 2077 neque

300 2091 372 2119 enim
392 2098 441 2118 vos
467 2091 563 2117 adesse
583 2094 785 2121 concosserunt,
813 2089 860 2116 sed
882 2088 1076 2115 contumeliose

299 2135 446 2170 ejecerunt.
461 2137 499 2163 Ac
514 2136 575 2162 licet
588 2136 649 2162 hinc
667 2135 783 2162 maxime
794 2142 886 2161 eorum
902 2134 1076 2169 sycopliautia

299 2181 424 2209 omnibus
445 2185 579 2215 comperta
608 2181 651 2211 sit,
670 2185 787 2206 attamen
817 2181 880 2207 dum
905 2184 1076 2206 monumenta

1125 1640 1178 1661 των
1189 1635 1268 1661 τινῶν
1280 1636 1426 1671 νεωτέρων,
1446 1634 1486 1669 οἷς
1497 1638 1547 1664 οὐκ
1573 1638 1605 1664 ἄν
1616 1647 1657 1670 τις
1674 1639 1830 1667 ἐπίστευσεν
1846 1641 1907 1668 οὐδὲ

1125 1678 1172 1705 τὸν
1187 1679 1299 1714 τυχόντα
1316 1680 1417 1715 βαθμὸν
1428 1681 1474 1708 τοῦ
1489 1682 1599 1717 κλήρου,
1615 1684 1759 1720 συνέστηκε
1776 1685 1846 1712 κατὰ
1860 1695 1907 1721 μοί

1125 1723 1268 1759 νομέρειαν
1283 1726 1447 1761 πεπράχθαι.
1479 1726 1546 1754 Οῠτε
1572 1727 1626 1764 γὰρ
1655 1730 1668 1755 ὁ
1690 1729 1801 1764 ἀδελφὸς
1828 1731 1908 1766 ἡμῶν

1132 1769 1286 1802 Ἀθανάσιος
1295 1772 1309 1797 ὁ
1318 1771 1474 1803 ἐπίσκοπος,
1483 1771 1544 1798 οὗτε
1559 1772 1696 1809 Μακάριος
1703 1775 1716 1801 ὁ
1726 1775 1906 1811 πρεσϐύτερος

1124 1814 1139 1841 ὁ
1165 1816 1398 1851 κατηγορούμενος
1423 1818 1468 1844 ὑπ’
1486 1818 1573 1845 αὐτῶν
1596 1820 1696 1855 παρῆν.
1728 1821 1782 1846 Καὶ
1798 1821 1871 1856 ὅμως
1890 1823 1906 1857 ἡ

1126 1861 1189 1896 παρ’
1206 1861 1294 1887 αὐτῶν
1306 1861 1446 1897 ἐρώτησις,
1463 1863 1563 1898 μᾶλλον
1575 1863 1602 1890 δὲ
1611 1864 1727 1900 ὑποϐολὴ
1736 1867 1752 1900 ὴ
1763 1866 1906 1901 γενομένη,

1125 1907 1215 1942 πάσης
1229 1907 1357 1942 αἰσχύνης
1377 1905 1409 1942 ἦν
1428 1909 1524 1944 μεστή·
1540 1910 1578 1945 πῆ
1603 1910 1652 1945 μὲν
1668 1910 1721 1946 γὰρ
1735 1911 1846 1944 ἐθνικοὶ,
1869 1913 1908 1948 πῆ

1125 1953 1153 1978 δὲ
1169 1953 1363 1987 κατηχούμενοι
1392 1954 1546 1989 ἠρωτῶντο,
1565 1955 1613 1990 οὐχ
1639 1955 1693 1987 ἵνα,
1709 1956 1781 1992 ἅπερ
1807 1957 1906 1991 ἴσασιν,

1125 1998 1246 2027 εἴπωσιν.
1275 1998 1330 2024 ἀλλ’
1355 1999 1407 2030 ἵνα,
1426 1999 1496 2034 ἅπερ
1521 2001 1584 2035 παρ’
1608 2001 1697 2028 αὐτῶν
1720 2003 1908 2039 μεμαθήκασι,

1124 2044 1286 2079 ψεύσωνται.
1310 2045 1366 2071 Kal.
1397 2045 1450 2080 γὰρ
1472 2046 1517 2072 καὶ
1540 2046 1616 2080 ὑμῶν
1641 2047 1695 2074 τῶν
1717 2048 1908 2084 πρεσϐυτέρων

1126 2090 1320 2126 φροντιζόντων
1330 2090 1375 2116 ἐπὶ
1384 2092 1415 2126 τῇ
1429 2091 1547 2126 ἀπουσίᾳ
1557 2091 1601 2118 τοῦ
1608 2092 1739 2128 ὑμετέρου
1749 2095 1907 2127 ἐπισκόπου,

1126 2137 1172 2162 καὶ
1187 2135 1356 2170 βουλομένων
1382 2138 1508 2172 παρεῖναι
1522 2138 1568 2164 ἐπὶ
1589 2139 1621 2173 τῇ
1637 2138 1768 2171 ἐξετάσει,
1785 2141 1831 2166 καὶ
1859 2140 1908 2176 τὴν

1127 2181 1255 2218 ἀλήθειαν
1271 2182 1365 2213 δεῖξαι,
1383 2183 1430 2208 καὶ
1455 2183 1488 2208 τά
1505 2182 1589 2218 ψευδῆ
1603 2184 1745 2218 διελέγξαι,
1762 2185 1848 2218 οὐδεὶς
1869 2186 1908 2213 λό-

301 2227 346 2256 illa
361 2228 524 2262 legerentur,
541 2227 766 2262 deprehendimus
786 2227 872 2261 ipsum
902 2226 1071 2253 sceleratissi-

1127 2236 1173 2262 γος
1190 2227 1308 2262 γέγονεν·
1321 2227 1370 2254 οὐκ
1386 2228 1536 2263 ἐπέτρεψαν
1543 2229 1597 2264 γὰρ
1606 2229 1676 2265 ὑμᾶς
1693 2233 1826 2265 παρεῖναι,
1843 2231 1910 2258 ἀλλὰ

300 2282 373 2302 mum
393 2274 541 2309 lscbyram,
556 2273 602 2308 qui
620 2280 705 2300 vacuo
722 2274 895 2307 episcopatus
912 2272 1031 2304 nomine,
1049 2273 1076 2299 in

300 2320 451 2347 mercedem
471 2319 654 2354 sycophantiae
675 2326 741 2350 sum,
757 2323 800 2345 est
822 2318 855 2344 ab
876 2318 928 2345 illis
950 2318 1076 2350 donatus,

299 2365 460 2394 calumniam
485 2372 560 2392 suam
581 2371 740 2398 coarguere.
763 2363 790 2390 lu
810 2363 906 2390 iisdem
928 2363 1000 2390 enim
1019 2370 1077 2390 mo-

299 2411 434 2439 numentis
447 2411 575 2438 narrabat.
596 2411 653 2445 ipse
666 2410 799 2445 lschyras,
814 2417 853 2442 se,
871 2417 923 2444 qua
940 2411 1004 2437 liora
1020 2409 1077 2436 Ma-

299 2458 402 2486 earium
416 2457 442 2484 in
455 2464 531 2485 suam
544 2455 641 2484 cellam
652 2456 758 2483 venisse
773 2455 933 2487 afﬁrmabat,
947 2459 1077 2489 aegrotum

297 2503 415 2538 iacuisse
437 2511 446 2531 :
470 2503 534 2530 licet
552 2509 568 2529 e
589 2507 682 2530 contra
700 2501 846 2529 Eusebiaui
875 2501 994 2528 scribere
1020 2500 1077 2527 ausi

300 2549 366 2580 sint,
383 2548 530 2584 lschyram,
546 2554 606 2574 cum
627 2547 760 2575 Macarius
787 2547 953 2582 supervenit,
971 2547 1079 2574 stetisse

299 2601 326 2622 ct
340 2595 502 2622 oblationem
517 2594 622 2621 fecisse.

1131 2274 1177 2300 καὶ
1207 2273 1264 2308 μεθ’
1278 2272 1382 2308 ὕϐρεως
1397 2273 1531 2305 ἐξέϐαλον.
1546 2275 1601 2301 Καὶ
1619 2276 1643 2301 εἰ
1672 2275 1718 2302 καὶ
1738 2277 1771 2303 τὰ
1793 2276 1910 2312 μάλιστα

1129 2320 1234 2354 φανερά
1249 2320 1314 2346 πᾶσι
1331 2319 1481 2355 καθέστηκε
1493 2321 1540 2348 καὶ
1548 2322 1579 2348 ἐκ
1590 2321 1691 2348 τούτων
1706 2323 1722 2358 ἡ
1733 2324 1909 2357 συκοφαντία,

1130 2366 1214 2401 ὅμως,
1229 2366 1486 2401 ἀναγινωσκομένων
1501 2366 1555 2393 τῶν
1567 2367 1777 2403 ὑπομνημάτων,
1795 2368 1909 2404 εὕρομεν

1131 2411 1210 2438 αὑτὸν
1229 2411 1273 2438 τὸν
1293 2412 1471 2447 παμπόνηρον
1493 2413 1626 2448 ’[σχύραν,
1643 2414 1688 2441 τὸν
1702 2415 1748 2441 ἐπὶ
1770 2417 1802 2450 τῇ
1831 2424 1911 2442 συκο-

1130 2458 1228 2493 φαντία
1246 2457 1339 2493 μισθὸν
1359 2459 1423 2493 παρ’
1439 2458 1527 2485 αὐτῶν
1547 2459 1663 2486 λαϐόντα
1678 2460 1708 2486 τὸ
1719 2460 1812 2487 δοκοῦν
1826 2461 1911 2495 ὄνομα

1129 2503 1179 2538 τῆς
1195 2503 1353 2539 ἐπισκοπῆς,
1363 2503 1531 2538 διελέγχοντα
1544 2504 1640 2531 ἑαυτοῦ
1658 2505 1707 2541 τὴν
1719 2506 1908 2540 συκοφαντίαν.

1129 2549 1214 2580 Αὐτὸς
1241 2548 1294 2584 γὰρ
1313 2550 1327 2575 ὁ
1351 2548 1472 2584 Ἰσχὺρας
1496 2550 1524 2575 ἐν
1547 2550 1638 2581 αὺτοῖς
1655 2552 1710 2582 τοῖς
1735 2551 1910 2586 ὑπομνήμασι

1128 2595 1278 2630 διελάλησε,
1308 2595 1366 2620 κατ’
1392 2595 1499 2629 ἐκείνην
1512 2595 1560 2630 τὴν
1577 2595 1662 2631 ὥραν,
1677 2597 1707 2622 ὲν
1767 2597 1908 2632 Μακάρων

299 2641 456 2677 ἐληλυθέναι
471 2641 511 2672 είς
526 2639 557 2666 τὸ
568 2640 671 2667 κελλίον
683 2639 780 2666 ἑαυτοῦ
796 2639 989 2672 διεϐεϐαιοῦτο,
1011 2641 1142 2669 νοσοῦντα
1160 2641 1220 2667 τότε
1236 2640 1412 2667 κατακεῖσθαι
1424 2641 1528 2668 ἑαυτόν·
1541 2641 1627 2668 καίτοι
1637 2641 1691 2668 τῶν
1700 2642 1762 2677 περὶ
1781 2643 1910 2670 Εὑσέϐιον

298 2688 401 2724 γράψαι
414 2687 614 2722 τολμησάντων,
631 2686 741 2713 ἑστάναι
758 2685 818 2712 τότε
833 2686 878 2712 τὸν
897 2686 1022 2722 Ἰσχύραν
1037 2688 1084 2714 καὶ
1103 2686 1280 2723 προσφέρειν,
1293 2686 1337 2712 ὅτε
1352 2686 1493 2721 Μακάριος
1506 2686 1618 2722 ἐπέστη.

333 2734 378 2761 42.
393 2734 462 2767 Quin
474 2732 554 2760 etiam
571 2740 602 2760 ea
613 2739 665 2766 qua
684 2736 744 2766 post
758 2732 799 2758 usi
816 2735 878 2758 sunt
897 2732 1075 2766 sycophantia

298 2785 325 2809 et
339 2780 474 2808 calumnia
491 2778 615 2806 omnibus
630 2777 770 2804 manifesta
785 2781 837 2805 est.
854 2777 971 2804 Aiebant
990 2777 1074 2810 enim,

298 2831 326 2854 et
339 2826 441 2860 magnis
457 2825 620 2852 clamoribus
640 2823 821 2854 allirmabant,
837 2822 939 2850 caedem
953 2823 1076 2850 Athana-

301 2872 370 2900 sium
384 2875 564 2905 perpetrasse,
583 2873 610 2898 et
632 2868 776 2897 Arsenium
796 2868 939 2903 quemdam
961 2868 1078 2898 Meletia~

1161 2730 1207 2758 Β.
1230 2730 1350 2766 Κάκείνη
1367 2729 1396 2756 δέ
1409 2731 1476 2756 πᾶσι
1503 2731 1606 2767 φανερά
1627 2731 1819 2767 καθέστηκενή
1831 2741 1910 2760 συκο-

1128 2776 1227 2810 φαντία
1251 2776 1297 2802 καὶ
1307 2775 1426 2811 διαϐολὴ,
1442 2776 1475 2812 ἢν
1487 2777 1632 2812 ᾐτιάσαντο
1641 2776 1709 2812 μετά
1718 2777 1813 2804 ταῦτα.
1824 2778 1910 2812 Ἐφα-

1129 2830 1179 2848 σαν
1201 2822 1255 2858 γὰρ
1265 2822 1311 2849 καὶ
1328 2823 1495 2858 κατεϐόησαν
1509 2823 1588 2857 φόνον
1601 2822 1756 2858 δεδρακέναι
1767 2822 1813 2850 τὸν
1831 2823 1909 2850 Ἀθα-

1130 2868 1231 2902 νάσιον,
1244 2868 1291 2896 καὶ
1303 2868 1340 2900 ὡς
1349 2869 1484 2904 Ἀρσένιόν
1497 2877 1568 2904 τινα,
1576 2869 1736 2896 Μελιτιανὸν
1749 2869 1908 2902 ἐπίσκοπον,
