2031 3048
149 170 195 197 521

690 165 858 198 ΛΡΟΙιΟΕΙΑ
878 169 1017 198 CONTRA
1037 170 1198 198 ARIANOS.

1710 167 1762 195 ΜΩ

149 228 325 265 ἀνῃρηκέναι,
351 230 392 264 ἐφ’
467 230 642 266 προσποιητῷ
657 231 798 266 στεναγμῷ
812 231 858 257 καὶ
887 240 929 256 πε-

987 238 1044 256 nnm
1059 231 1212 264 episcopum
1228 229 1360 257 occidisse
1375 239 1381 256 :
1394 236 1472 264 quant
1497 236 1552 256 rem
1576 227 1702 256 simillato
1714 235 1760 263 ge-

150 275 313 310 πλασμένοις
335 276 463 311 δάκρυσιν
487 276 672 311 ὑπεκρίνοντο,
691 277 737 303 καὶ
766 277 858 311 ἠξίουν
886 276 932 303 τοῦ

151 320 249 352 ζῶντος
261 321 298 353 ὡς
312 320 469 356 τεθνηκότος
484 321 514 346 τὺ
526 321 603 356 σῶμα
615 320 786 355 ἀποδοθῆναι.
804 321 871 347 Ἀλλ’
884 322 934 347 οὐκ

150 366 276 400 ἄγνωστα
290 366 383 400 γέγονε
396 366 429 392 τὰ
446 366 598 401 σοφίσματα
615 366 726 392 τούτων·
744 366 864 400 ἔγνωσαν
879 367 933 402 γὰρ

151 412 269 443 ἅπαντες
298 412 347 446 ζῇν
360 412 406 438 τὸν
422 411 573 447 ἄνθρωπον,
597 412 644 438 καί
660 413 688 438 ὲν
702 413 759 443 τοῖς
782 411 864 443 ζῶσιν
892 412 935 444 ἐξ·

149 457 302 489 ιτάζεσθαν
323 458 370 483 καὶ
386 457 477 492 ἐπειδὴ
488 457 580 493 ἐώρων
594 458 705 489 ἑαυτοὺς
726 459 749 484 οἱ
763 458 830 493 πρὸς
848 458 934 485 πάντα

151 503 272 538 εὐχερεῖς
293 502 513 537 διελεγχομένους
535 504 581 530 ἐπὶ
598 505 655 535 τοῖς
673 503 809 538 ψεύσμασι
819 504 932 535 τούτοις·

151 549 231 580 αὐτὸς
247 548 300 584 γὰρ
311 548 364 580 ζῶν
377 549 391 574 ὁ
413 549 546 584 ’Λρσένιος
557 549 690 576 ἐδείκνυεν
703 549 798 576 ἑαυτὸν
816 549 852 584 μὴ
869 549 934 583 ἀνῃ-

153 595 250 630 ρῆσθαι
275 594 341 630 μηδὲ
361 595 528 630 τεθνηκέναι“
553 596 626 630 ὅμως
641 595 689 630 οὐχ
705 595 857 630 ἡσύχασαν,
877 589 951 622 ἀλλ”

152 640 246 674 ἑτέρας
253 641 431 674 συκοφαντίας
443 640 509 676 πρὸς
519 642 578 672 ταῖς
586 640 731 676 προτέραις
744 641 935 674 συκοφαντίαις

151 685 310 721 ἐπεζήτουν,
322 686 365 712 ἵνα
373 686 463 718 πάλιν,
479 687 709 722 μηχανησάμενοι,
721 687 881 714 διαϐάλλωσι
890 688 935 714 τὸν

151 730 302 766 ἄνθρωπον.
315 730 347 756 Τί
356 728 412 762 οὖν,
421 732 555 766 ἀγαπητοί
565 741 572 763 ι
584 732 640 758 Οὐκ
654 732 789 767 ἐταράχθη
803 734 816 758 ὁ
825 733 935 766 ἀδελφὸς

150 776 230 810 ἡμῶν
251 775 419 808 Ἄθανάσιος,
437 776 504 802 ἀλλά
516 777 596 803 πάλιν
613 776 695 811 πολλῇ
713 778 853 812 παρρησίᾳ
867 777 936 813 χρώ-

154 830 231 856 μενος
249 822 423 857 προεκαλεῖτο
431 822 477 848 καὶ
493 823 538 848 ἐπὶ
554 822 658 854 τούτοις
669 823 775 854 αὐτούς.
793 824 846 848 Καὶ
857 824 936 858 ἡμεῖς

151 867 179 893 δὲ
199 867 339 902 ηὐχόμεθα
365 868 411 894 xui.
432 867 656 903 προετρεπόμεθα
676 868 762 895 ἐλθεῖν
775 869 872 900 αὐτοὺς
896 869 936 900 εἰς

152 911 200 948 τὴν
214 913 312 948 κρίσιν,
333 914 379 940 καὶ
402 914 480 949 εἴπερ
509 913 646 945 δύνανται,
672 914 816 948 διελέγξαι.
836 915 867 940 Ὢ
889 914 937 949 τῆς

152 958 251 992 πολλῆς
265 959 433 992 πλεονεξίαςί
446 959 468 985 ὣ
483 960 532 995 τῆς
551 960 639 994 δεινῆς
650 959 851 995 ὑπερηφανίαςῐ
870 960 937 994 μᾶλ-

151 1003 196 1030 λον
209 1003 247 1034 δὲ,
268 1005 292 1030 ει
308 1004 348 1030 δεῖ
359 1004 473 1039 τάληθὲς
490 1006 587 1035 εἰπεῖν,
598 1004 619 1031 ὢ
632 1005 720 1039 κακῆς
735 1005 780 1030 καὶ
789 1004 938 1030 ὑπευθύνου

148 1050 347 1085 ⁴σύνειδὴσεωςῑ
367 1051 445 1077 τοῦτο
469 1051 524 1087 γὰρ
549 1052 616 1077 πᾶσι
632 1051 832 1087 πεφανέρωται.
847 1050 937 1082 Ὅθεν,

150 1095 286 1131 ἀγαπητοὶ
295 1096 412 1130 ἀδελφοὶ,
425 1097 668 1133 ὑπομιμνήσκομεν
676 1098 722 1124 καὶ
730 1097 939 1133 πρπρεπόμεθα

151 1141 225 1176 ὑμᾶς
247 1141 299 1177 πρὸ
320 1142 427 1168 πάντων
452 1143 501 1178 τὴν
514 1143 596 1178 ὀρθὴν
614 1143 706 1169 πίστιν
717 1143 767 1177 τῆς
787 1143 938 1178 Καθολικῆς

159 1187 322 1222 Ἔκκλησίας
346 1188 479 1223 κατέχειν.
495 1188 582 1215 Πολλά
604 1188 653 1222 μὲν
668 1187 722 1224 γὰρ
741 1189 788 1215 καὶ
799 1188 872 1215 δεινά
893 1189 939 1215 καὶ

152 1232 259 1267 χαλεπά
284 1233 445 1265 πεπόνθατε,
470 1234 570 1264 πολλὰς
596 1233 624 1260 δὲ
652 1234 744 1270 ὕϐρεις
769 1235 816 1261 καὶ
835 1235 939 1267 ἀδικίας

151 1277 295 1312 ὑπέμεινεν
309 1280 325 1314 ἡ
339 1279 473 1314 Καθολικὴ
495 1279 649 1315 Ἐκκλησία’
661 1280 718 1306 ἀλλ’
735 1281 762 1306 '0
778 1281 940 1315 ὑπομείνας

150 1324 195 1355 εις
205 1323 301 1356 τέλος,
318 1322 405 1357 οὗτος
419 1323 595 1357 σωθήσεται.
613 1325 724 1360 Διὰπερ.
741 1326 793 1352 κᾶν
806 1326 939 1352 Ετιποιεῖν

152 1368 306 1404 τολμήσωσι
320 1370 380 1396 καθ’
390 1370 477 1405 ὑμῶν.
493 1371 510 1405 ἡ
525 1370 613 1405 Θλίψις
620 1371 679 1398 ἀντὶ
690 1373 774 1406 χαρᾶς
785 1372 848 1406 ὑμῖν
859 1372 937 1400 ἔστω·

151 1414 187 1441 τὰ
201 1414 254 1450 γὰρ
267 1415 376 1442 τοιαῦτα
392 1416 540 1450 παθήματα
558 1416 639 1452 μέρος
651 1417 709 1443 ἐστὶ
726 1417 884 1452 μαρτυρίου·
894 1418 940 1444 καὶ

153 1459 310 1486 αἱτοιαῦται
327 1460 403 1495 ὑμῶν
420 1460 559 1495 ὁμολογίαι
581 1462 627 1488 καὶ
639 1461 667 1487 αί
688 1461 798 1496 βάσανοι
814 1463 863 1489 οὐκ
874 1463 939 1498 ἀμι-

154 1505 212 1533 σθοι
232 1507 419 1542 τυγχάνουσιν,
439 1507 495 1534 ἀλλ’
511 1508 680 1544 ἀπολήψεσθε
707 1509 782 1543 παρὰ
804 1509 851 1536 τοῦ
871 1509 937 1536 Θεοῦ

153 1552 187 1579 τά
197 1552 309 1579 ἔπαθλα.
321 1553 392 1579 Διότι
408 1553 524 1588 μάλιστα
539 1553 704 1588 ἀγωνίζεσθε
715 1554 784 1590 ὑπὲρ
794 1555 843 1590 τῆς
851 1556 938 1589 ὑγιαι-

154 1597 251 1632 νούσης
268 1597 384 1630 πίστεως
397 1598 444 1625 καὶ
460 1599 508 1634 τῆς
530 1599 713 1634 καθαρότητος
726 1599 772 1626 τοῦ
789 1601 936 1627 ἐπισκόπου

154 1643 231 1678 ὑμῶν
254 1643 412 1670 Ἀθανασίου
439 1645 485 1671 τοῦ
500 1645 704 1680 συλλειτουργοῦ
719 1646 805 1680 ἡμῶν.
819 1647 872 1672 Καὶ
883 1646 937 1682 γὰρ

153 1689 214 1715 οὐδὲ
228 1690 308 1725 ἡμετς
330 1691 590 1726 παρεσιωπήσαμεν,
614 1691 674 1717 οὐδὲ
699 1692 875 1727 ὴμελὴσαμεν
888 1693 938 1727 τῆς

154 1734 231 1769 ὑμῶν
255 1735 418 1771 ἀμεριμνίας
454 1736 551 1771 χάριν·
577 1736 634 1763 ἀλλ’
664 1737 859 1773 ὲφροντίσαμεν
891 1738 938 1765 καὶ

154 1781 353 1816 πεποιήκαμεν,
364 1781 435 1817 ἅπερ
444 1782 458 1808 ὁ
472 1782 521 1817 τῆς
533 1782 642 1817 ἀγάπης
651 1783 728 1816 λόγος
735 1784 855 1810 ἀπαιτεῖ.
867 1784 938 1818 Συμ-

156 1826 296 1861 πάσχομεν
312 1827 365 1862 γὰρ
377 1829 431 1858 τοῖς
443 1827 590 1862 πάσχουσιν
606 1828 729 1862 ἀδελφοῖς
743 1828 830 1864 ἡμῶν,
846 1829 892 1855 καὶ
903 1829 938 1855 τὰ

154 1871 265 1898 ἐκείνων
278 1873 426 1907 παθήματα
443 1873 496 1900 ἴδια
515 1872 663 1908 ἡγούμεθα,
678 1874 724 1900 καὶ
737 1875 791 1905 τοῖς
806 1874 937 1909 δάκρυσιν

155 1917 232 1951 ὑμῶν
255 1918 289 1944 τὰ
305 1919 424 1954 ὑμέτερα
447 1919 551 1954 δάκρυα
575 1919 764 1955 συνεμίξαμεν.
785 1921 841 1955 Οὐχ
859 1921 937 1955 ὑμεῖς

153 1962 184 1989 δὲ
212 1963 286 1998 μόνοι
309 1965 470 1997 πεπόνθατε,
493 1965 611 1999 ἀδελφοὶ,
638 1965 706 1992 ἀλλά
725 1966 771 1992 καὶ
786 1967 877 1993 πολλοὶ
891 1966 937 1993 ἄλ-

153 2009 193 2035 λοι
217 2010 417 2046 συλλειτουργοὶ
433 2011 511 2047 ἡμῶν
528 2011 615 2038 ταῦτα
636 2011 757 2044 ἐλθόντες
782 2012 936 2048 ἀπωδύρον-

153 2063 184 2082 το
201 2055 268 2091 (t7).

189 2101 232 2128 ιδ.
252 2101 350 2138 Διόπερ
383 2102 573 2138 ἀνηνέγκαμεν
601 2104 648 2130 καὶ
680 2103 835 2139 ἠξιώσαμεν
872 2105 936 2136 τοὺς

153 2145 364 2177 εὑσεϐεστάτους
385 2147 432 2173 καὶ
457 2147 675 2181 θεοφιλεστάτους
702 2147 841 2182 βασιλέας,
862 2149 935 2179 ὅπως

152 2190 170 2225 ή
189 2190 375 2226 φιλανθρωπία
395 2192 485 2218 αὐτῶν
506 2192 553 2218 καὶ
577 2192 640 2222 τοὺς
656 2192 696 2219 ἐτι
721 2193 873 2227 κάμνοντας
890 2193 935 2219 καὶ

154 2235 329 2270 πιεζομένους
343 2237 469 2272 ἀνεθῆναι
485 2238 610 2274 κελεύσῃ,
623 2238 670 2264 καὶ
681 2238 852 2273 ιπροστάξωσι
869 2239 936 2274 μηδ-

153 2282 200 2309 ένα
219 2282 273 2309 τῶν
294 2282 436 2315 δικαστῶν,
456 2281 496 2316 οἷς
525 2285 589 2320 περὶ
615 2284 701 2319 μόνων
725 2285 778 2310 τῶν
802 2285 937 2320 δημοσίων

153 2328 245 2363 μέλειν
273 2330 421 2364 προσήκει,
448 2330 518 2365 μήτε
547 2329 648 2365 κρίνειν
676 2330 838 2366 κληρικοὺς,
868 2332 936 2366 μήτε

152 2374 220 2405 ὅλως
235 2374 281 2400 τοῦ
297 2374 389 2400 λοιποῦ
403 2375 537 2410 προφάσει
545 2375 598 2402 τῶν
607 2375 773 2410 Ἐκκλησιῶν
787 2377 935 2411 ἐπιχειρεῖν

151 2427 178 2445 τι
193 2419 263 2445 κατὰ
277 2419 331 2444 τῶν
352 2419 484 2454 ἀδελφῶν,
498 2420 554 2446 ἀλλ’
567 2421 610 2447 ἵνα
625 2421 738 2453 ἕκαστος
762 2422 846 2457 χωρίς
866 2430 938 2454 τινος

150 2463 282 2499 διωγμοῦ,
301 2464 383 2499 χωρίς
403 2473 475 2496 τινος
498 2465 557 2500 βίας
579 2466 626 2493 καὶ
642 2466 812 2499 πλεονεξίας,
833 2467 871 2500 ὡς
892 2467 938 2494 εὓ-

151 2517 226 2544 χεται
244 2509 291 2536 καὶ
308 2508 439 2544 βούλεται,
454 2510 502 2545 ζῇ,
525 2510 570 2537 καὶ
595 2510 653 2546 μεθ’
666 2511 780 2546 ἡσυχίας
796 2511 842 2539 καὶ
865 2512 939 2548 εἰρή-

150 2563 199 2590 νης
220 2555 269 2590 τὴν
290 2555 436 2590 καθολικὴν
459 2557 506 2583 καὶ
527 2556 707 2592 ἀποστολικὴν
730 2557 820 2584 πίστιν
839 2558 936 2593 μετέρ·

149 2608 240 2634 χηται.
263 2600 411 2636 Γρηγόριος
438 2600 530 2636 μέντοι
549 2602 563 2628 ό
588 2602 752 2637 παρανόμως
781 2602 857 2637 παρὰ
882 2603 936 2629 τῶν

149 2645 294 2679 αἱρετικῶν
307 2646 451 2681 λεγόμενος
464 2647 676 2681 κατασταθῆναι,
689 2647 735 2674 καὶ
751 2647 790 2678 εἰς
807 2648 855 2682 τὴν
872 2648 936 2683 ὑμε-

147 2689 230 2724 τέραν
246 2690 322 2717 πόλιν
338 2692 402 2726 παρ’
414 2691 503 2718 αὐτῶν
522 2691 683 2722 ἀποσταλείς
693 2699 699 2706 ·
721 2691 767 2718 καὶ
784 2691 863 2718 τοῦτο
881 2692 936 2728 γὰρ

147 2735 304 2768 γινωσκέτω
324 2736 430 2771 ὑμῶνὴ
451 2736 601 2771 ὀμοψυχία,
617 2736 658 2763 ὃτι
680 2736 768 2772 κρίσει
792 2736 839 2771 τῆς
862 2738 936 2773 ἱερᾶς

185 2791 208 2806 ⁵ο
223 2792 315 2819 Matth.
334 2801 360 2822 Χ.
375 2793 421 2819 22.

951 1575 973 1604 C

984 276 1050 302 ntitu
1087 281 1114 303 et
1137 275 1211 303 falsis
1234 275 1359 310 lacrymis
1383 275 1568 309 deplorabant,
1594 273 1763 309 postulantes

984 321 1100 348 viventis
1116 328 1213 355 corpus
1231 322 1308 355 quasi
1330 322 1353 348 is
1368 327 1489 348 mortuus
1509 326 1579 348 esset
1602 321 1651 348 sibi
1677 320 1760 348 tradi.

985 365 1039 392 Sed
1065 374 1116 392 non
1146 366 1224 393 latuit
1246 373 1339 393 eorum
1372 366 1493 393 vafrities
1515 366 1664 393 :onmibus
1689 367 1762 393 enim

985 417 1149 444 compertum
1180 411 1230 439 fuit
1255 411 1391 439 hominem
1415 412 1515 444 vivere,
1540 416 1568 440 et
1593 413 1664 438 inter
1687 413 1764 440 vivos

986 458 1122 484 numerari
1136 465 1143 483 :
1157 462 1256 484 etcum
1268 458 1457 492 conspicerem
1468 457 1516 490 illi,
1533 457 1565 484 ad
1585 465 1664 484 omne
1676 457 1764 485 scelus

988 504 1103 537 prompti
1116 503 1178 535 viri,
1187 510 1217 531 se
1228 503 1359 530 mendacii
1370 503 1507 530 convictos
1516 512 1523 530 :
1532 504 1588 538 ipse
1600 504 1670 530 enim
1683 504 1766 530 Arse-

986 549 1046 574 nius
1060 549 1137 575 vivus
1153 556 1183 576 se
1203 548 1315 576 minime
1333 549 1452 576 occisum
1473 553 1520 576 aut
1547 554 1681 576 mortuum
1703 556 1765 576 esse

985 593 1072 626 palam
1096 593 1172 626 fecit;
1200 594 1284 621 nihilo
1307 599 1397 622 tamen
1419 596 1506 629 magis
1531 595 1703 628 quieverunt,
1716 595 1763 621 sed

986 639 1053 665 alias
1067 640 1259 674 sycophantias
1273 640 1408 673 prioribus
1423 640 1558 667 atltlendas
1572 640 1712 674 quaesiere,
1726 644 1766 674 ut,

986 684 1129 718 quibusvis
1146 686 1279 713 machinis
1295 685 1434 716 adhibitis.
1455 686 1590 712 hominem
1616 686 1703 712 denuo
1720 693 1766 712 ca-

987 730 1196 758 lumniarentur.
1211 730 1281 763 Quid
1298 731 1389 765 igitur,
1401 731 1490 757 dilecti
1501 730 1695 765 ‘lNequaqnam
1706 737 1766 764 per-

986 775 1097 803 territus
1117 780 1159 802 est
1187 775 1270 803 frater
1291 780 1384 803 noster
1402 776 1576 807 Athanasius.
1595 777 1642 803 sed
1668 777 1766 803 iterum

987 828 1084 854 magna
1111 828 1176 848 usus
1202 820 1300 849 fiducia
1328 828 1374 850 eos
1399 822 1426 849 in
1448 822 1493 856 jus
1521 822 1694 856 provocabat.
1714 822 1768 849 Nos

987 872 1094 900 quoque
1110 866 1262 900 rogavimus
1277 867 1432 902 hortatique
1450 875 1554 899 sumus,
1568 871 1598 894 ut
1621 867 1722 901 judicio
1739 875 1769 894 se

954 904 974 931 Β
988 912 1129 944 sisterent,
1149 917 1176 939 et
1199 913 1221 940 si
1248 918 1367 947 possent,
1385 914 1519 940 hominem
1532 913 1733 941 convincerent.
1746 914 1768 942 Ο

987 965 1112 992 magnam
1135 959 1333 993 arrogantiam!
1350 967 1366 986 ο
1385 960 1520 994 ingentem
1541 959 1770 994 superbiamiaut

987 1005 1076 1038 potius
1094 1005 1117 1031 si
1134 1012 1197 1032 vere
1218 1005 1360 1032 dicendum
1382 1010 1433 1038 est,
1453 1013 1470 1033 o
1492 1005 1601 1038 malam,
1613 1010 1638 1032 et
1655 1006 1770 1033 crimine

987 1049 1133 1076 obnoxiam
1151 1051 1363 1077 conscientiam!
1384 1051 1455 1086 quod
1477 1057 1543 1078 sane
1568 1051 1634 1078 nulli
1653 1059 1706 1078 non
1721 1059 1769 1079 ex-

989 1095 1120 1128 ploratum
1145 1100 1196 1122 est.
1219 1096 1364 1130 Quocirca,
1388 1097 1478 1124 dilecti
1504 1096 1613 1129 l‘ratres,
1631 1103 1770 1125 monemus

988 1147 1036 1168 vos
1052 1145 1079 1168 et
1091 1141 1242 1174 hortamur,
1261 1147 1290 1168 ut
1302 1149 1357 1176 pne
1372 1142 1498 1170 omnibus
1520 1148 1621 1170 rectam
1640 1142 1768 1170 Ecclesia:

987 1185 1133 1213 Catholica:
1151 1185 1228 1213 ﬁdem
1247 1186 1396 1214 retineatis.
1417 1185 1498 1213 Multa
1511 1187 1619 1221 quidem
1635 1187 1726 1221 gravia
1739 1191 1768 1214 et

988 1232 1089 1258 atrocia
1106 1231 1251 1263 tolerastis,
1267 1231 1365 1258 multas
1377 1239 1483 1266 quoque
1498 1233 1674 1260 cantumelias
1688 1237 1714 1260 et
1727 1233 1769 1259 in—

985 1276 1014 1311 ju
1020 1277 1072 1304 rias
1079 1277 1205 1303 sustinuit
1217 1275 1355 1303 Catholica
1369 1273 1502 1304 Ecclesia:
1513 1277 1558 1304 sed
1567 1278 1611 1312 qui
1621 1285 1771 1312 persevera-

989 1323 1053 1349 verit
1066 1330 1145 1357 usque
1157 1323 1184 1348 in
1198 1322 1287 1356 ﬁnem,
1301 1322 1343 1349 hic
1355 1323 1440 1349 salvus
1458 1323 1507 1349 erit
1520 1322 1554 1349 ⁸ο.
1571 1323 1660 1356 Quare
1673 1323 1696 1350 si
1708 1323 1771 1358 quid

989 1368 1084 1395 iterum
1097 1371 1190 1395 contra
1204 1375 1252 1394 vos
1265 1368 1467 1402 aggrediantur,
1478 1368 1614 1396 tribulatio
1625 1368 1669 1395 illa
1680 1368 1772 1403 gaudii

988 1414 1065 1441 vobis
1077 1414 1135 1441 loco
1147 1413 1181 1441 sit
1200 1422 1207 1441 :
1220 1421 1280 1440 nam
1296 1414 1447 1441 istiusmodi
1463 1414 1623 1442 amicliones
1635 1421 1697 1450 pars
1707 1418 1772 1441 sunt

989 1460 1124 1495 martyrii,
1138 1465 1165 1487 et
1176 1460 1330 1494 hujusmodi
1346 1464 1441 1487 vestra:
1458 1460 1536 1495 127
1546 1459 1729 1488 confessiones
1742 1464 1772 1487 et

991 1510 1122 1533 tonnenla
1130 1513 1176 1533 stta
1185 1505 1308 1533 mercede
1324 1513 1377 1532 non
1387 1507 1516 1533 carebunt
1529 1513 1535 1530 :
1547 1506 1593 1533 sed
1610 1505 1769 1534 certaminis

989 1551 1106 1585 prtemiis
1114 1558 1128 1577 a
1139 1550 1193 1577 Deo
1199 1550 1314 1577 donandi
1322 1551 1579 1583 estis.Qnamobrem
1591 1557 1639 1584 pro
1646 1557 1711 1577 sana
1720 1550 1772 1578 ilde

991 1596 1157 1630 potissimum
1167 1596 1312 1627 decertata.
1320 1602 1422 1622 necnon
1432 1603 1479 1630 pro
1490 1596 1641 1624 innocentia
1653 1596 1772 1623 Athana-

991 1641 1022 1668 sii
1035 1641 1151 1675 episcopi
1166 1642 1247 1668 vestri
1263 1645 1290 1668 et
1303 1641 1480 1669 comministri
1492 1642 1588 1670 nostri.
1603 1641 1670 1668 Nam
1685 1649 1772 1676 neque

992 1694 1047 1714 rem
1058 1687 1165 1714 silentio
1172 1687 1376 1721 pnetcrivitnus,
1386 1696 1473 1723 neque
1485 1688 1651 1723 negleximus
1661 1696 1721 1724 qua:
1730 1697 1772 1718 ve-

991 1735 1053 1758 strae
1062 1732 1199 1758 securitati
1207 1732 1404 1759 conducebant:
1415 1733 1460 1760 sed
1468 1740 1499 1760 ea
1509 1733 1772 1770 curavimus,eaegi-

991 1784 1050 1804 tuus
1063 1784 1123 1811 qua:
1141 1777 1279 1804 charitatis
1296 1778 1366 1805 ratio
1382 1778 1508 1812 postulat.
1525 1778 1652 1807 Fratrum
1671 1780 1770 1815 quippe

991 1827 1144 1849 ttostrorum
1172 1821 1331 1851 aillictorum
1361 1825 1446 1851 vicem
1472 1824 1607 1857 dolemus,
1624 1830 1651 1852 et
1663 1825 1770 1854 illorum

990 1865 1158 1899 aﬁlictioncs,
1172 1872 1279 1895 nostras
1291 1868 1462 1901 arbitramur,
1473 1865 1506 1897 τί
1516 1874 1623 1898 nostras
1638 1870 1772 1907 lacrymas

991 1919 1050 1939 cum
1060 1913 1156 1941 vestris
1169 1914 1398 1942 commiscuimus.
1408 1913 1500 1950 Neque
1511 1922 1560 1943 vos
1571 1916 1701 1944 duntxat
1716 1917 1772 1945 Iasi

990 1959 1066 1990 estis,
1082 1959 1189 1990 iratres,
1203 1959 1250 1986 sed
1265 1959 1296 1986 de
1312 1960 1406 1987 iisdem
1424 1960 1491 1995 ipsis
1505 1961 1659 1996 complures
1677 1961 1722 1989 alii
1735 1969 1770 1990 ex

990 2004 1183 2031 comministris
1211 2005 1321 2037 nostris,
1361 2005 1413 2032 huc
1441 2013 1501 2032 cum
1526 2006 1675 2039 venissent,
1702 2006 1771 2035 fusis

989 2047 1116 2083 lacrymis
1129 2050 1270 2084 conquesti
1282 2055 1357 2078 sunt.

1024 2094 1068 2122 45.
1085 2094 1217 2127 Quocirca
1240 2096 1299 2123 haec
1315 2095 1454 2125 retulimus
1472 2097 1507 2124 ad
1527 2098 1663 2132 pilssimos
1674 2102 1702 2125 et
1717 2098 1765 2126 Dei

989 2141 1188 2168 amantissimos
1209 2142 1395 2177 imperatores,
1415 2147 1540 2177 rogantes
1560 2150 1654 2170 eorum
1670 2144 1765 2172 huma-

990 2187 1110 2218 nitatem,
1125 2192 1154 2214 ut
1169 2194 1215 2214 eos
1227 2188 1272 2222 qui
1287 2187 1374 2215 adhuc
1397 2191 1531 2214 vexantur
1550 2192 1577 2215 et
1601 2187 1766 2223 afﬂiguntur,

989 2232 1086 2260 dimitti
1100 2233 1223 2266 jubeant,
1239 2234 1440 2268 decernantque
1456 2238 1495 2266 ut,
1514 2241 1548 2261 ne
1564 2234 1625 2268 quis
1637 2234 1770 2269 iudicum,

990 2286 1104 2313 quorttm
1118 2279 1234 2306 ollicium
1246 2283 1289 2307 est
1302 2280 1441 2314 popularia
1457 2279 1543 2307 solum
1565 2287 1672 2313 curare,
1689 2281 1770 2308 cleri-

990 2333 1036 2352 cos
1056 2326 1169 2360 jutlicet,
1194 2330 1240 2353 aut
1265 2326 1399 2354 ullatenus
1419 2327 1445 2353 in
1462 2331 1609 2361 posterum,
1628 2327 1770 2355 occasione

989 2373 1170 2398 curandarum
1190 2371 1383 2404 Ecclesiarum,
1396 2373 1526 2400 adversus
1551 2371 1648 2399 fratres
1663 2372 1769 2406 quidvis

988 2417 1114 2444 moliatur
1127 2426 1134 2443 :
1148 2419 1195 2444 sed
1220 2422 1250 2445 ut
1260 2418 1374 2453 quisque
1387 2418 1457 2445 citra
1481 2418 1706 2452 persecutionem,
1723 2422 1771 2445 aut

988 2463 1053 2494 vim,
1068 2463 1108 2490 vel
1124 2463 1256 2496 fraudem,
1270 2471 1318 2497 pro
1341 2469 1404 2491 voto
1417 2468 1445 2491 et
1461 2465 1599 2492 voluntate
1621 2471 1668 2492 sua
1684 2464 1768 2492 vitam

987 2513 1059 2543 agat,
1078 2517 1110 2536 ac
1123 2517 1184 2537 cum
1200 2510 1291 2545 quiete
1312 2515 1340 2538 et
1353 2517 1420 2545 pace
1440 2510 1600 2538 catholicam
1617 2515 1644 2537 et
1660 2515 1769 2544 aposto-

989 2554 1066 2581 licam
1083 2561 1202 2582 sectetur
1224 2555 1315 2584 ﬂdem.
1330 2555 1414 2584 Porro
1430 2561 1548 2584 vestram
1563 2556 1768 2583 unanimitatem

989 2601 1118 2628 monitam
1142 2602 1274 2634 volumus,
1296 2602 1468 2638 Gregorium,
1487 2602 1533 2637 qui
1559 2602 1658 2630 dicitur
1670 2606 1768 2636 praeter

984 2646 1030 2680 jus
1057 2647 1150 2682 {asque
1167 2648 1203 2675 ab
1219 2649 1355 2676 haereticis
1376 2649 1529 2679 ordinatus,
1552 2653 1579 2677 et
1603 2649 1629 2675 in
1647 2654 1766 2675 vestram

988 2693 1080 2720 urbem
1103 2693 1137 2721 ab
1153 2694 1206 2722 illis
1226 2695 1334 2728 missus,
1346 2695 1480 2723 universae
1495 2702 1579 2723 sacra:
1596 2694 1768 2730 synodijudi-

987 2739 1029 2766 cio
1043 2740 1199 2767 damnatum
1213 2741 1418 2776 depositumque
1433 2740 1532 2774 luisse;
1550 2741 1656 2769 tametsi
1671 2747 1766 2768 revera

953 2250 975 2278 D

185 2837 316 2878 (tipﬂeg.
332 2838 602 2878 dnuiﬁtipavco._Mne
613 2840 682 2878 idem
711 2845 769 2873 post
786 2840 936 2876 ἅνηνέγκαιμ

1015 2841 1093 2870 habet
1119 2841 1218 2875 τοξνυν,
1245 2849 1272 2869 et
1300 2842 1379 2878 paulo
1395 2847 1456 2878 post
1470 2842 1705 2874 θεοσεϐεστάτους,
1723 2841 1765 2868 ttbi

147 2871 175 2899 in
190 2874 269 2900 editis
282 2877 308 2898 et
321 2871 432 2900 caneris
442 2877 501 2900 cod.
518 2871 752 2906 θεοφιλεστάτους.

306 2919 441 2950 ΡΑΤιιοι..
458 2922 515 2951 Gn.
532 2922 588 2951 XX
597 2922 630 2952 Υ.

1594 2921 1626 2950 li
