2031 3048
155 168 207 196 329

699 170 872 199 APOLOGIA
890 171 1027 200 CONTRA
1047 155 1211 201 ARIANOS.

1715 176 1768 204 550

154 226 279 262 τοΰμενοι
295 227 344 263 τὴν
359 229 426 264 πρὸς
446 229 555 261 τούτους
576 231 716 257 κοινωνίαν
730 231 852 267 ἀνάγκην
870 230 924 268 εῐχο

973 254 977 264 ,
991 232 1035 260 nia
1050 232 1121 260 nulla
1134 233 1186 260 alia
1211 232 1243 260 de
1264 240 1345 260 causa
1359 240 1439 267 quam
1455 233 1639 262 abominandae
1653 233 1768 262 Ariano-

155 272 291 307 πυρᾶσθαι
315 273 369 309 (64)
393 275 504 302 τούτων.
531 275 623 303 Ταῦτα
640 276 730 304 τοίνυν
755 277 937 313 συνορῶντες,

153 318 192 349 είς
216 319 307 345 στενδν
321 318 390 354 εἶχον
404 320 436 346 τὰ
452 321 502 356 τῆς
515 322 713 358 προαιρέσεως·
728 323 873 359 ᾐσχύνοντο
889 324 938 359 μὲν

152 364 206 399 γὰρ
227 365 367 400 ὁμολογεῖν
382 366 400 393 ἃ
416 367 560 403 δεδράκασι
580 368 645 403 (65).
665 369 716 395 Διὰ
736 369 764 396 δὲ
785 370 815 397 τὸ
836 370 873 405 μὴ
894 371 937 396 δύ-
955 375 958 378 ‘

152 409 249 437 νασθαι
273 410 365 438 λοιπὸν
394 411 433 438 ἔτι
455 413 540 440 ταῦτα
567 413 750 448 κρύπτεσθαι,
778 416 937 450 ἀπήντησαν

151 455 192 487 tl;
211 456 259 492 τὴν
282 457 391 492 Σαρδῶν
417 459 502 491 πόλιν,
528 460 570 486 ἵνα
592 460 635 486 διὰ
657 461 706 495 τῆς
728 461 845 495 ἀφίξεως
871 462 937 488 ὑπό-

151 509 225 528 νοιαν
239 502 276 534 ὡς
292 503 328 538 μὴ
346 505 588 540 πλημμελήσαντες
607 506 719 540 δόξωσιν
738 508 933 544 ἀποφέρεσθαι.

157 545 266 578 Ἰδόντες
287 547 315 574 δὲ
327 549 389 580 τοὺς
409 551 472 585 παρ’
492 551 582 578 αὐτῶν
600 553 866 589 συκοφαντηθέντας,
888 555 935 581 καὶ

150 592 213 623 τοὺς
235 594 298 629 παρ’
313 594 401 622 αὐτῶν
418 596 567 629 παθόντας,
587 599 650 629 τοὺς
672 599 850 635 κατηγόρους,
873 601 934 632 τοὺς

150 637 275 672 ἐλέγχους
297 639 348 675 πρὸ
369 640 514 676 ὀφθαλμῶν
536 642 657 677 ἔχοντες,
679 643 764 670 ἐλθεῖν
786 645 835 672 οὐκ
857 645 933 672 ἐϐού-

148 683 224 710 λοντο
250 684 393 720 κληθέντες
424 687 497 723 (66),
516 689 605 716 καίτοι
638 690 690 716 τῶν
720 690 933 728 συλλειτουργῶν

148 729 227 763 ἡμῶν
248 729 415 764 Ἀθανασίου,
439 734 486 759 καὶ
511 734 680 770 Μαρκέλλου,
707 736 753 762 καὶ
775 736 931 772 Ἀσκληπᾶ,

147 775 230 811 πολλῇ
251 777 283 812 τῇ
306 778 445 814 παρρησίᾳ.
461 781 618 816 χρωμένων,
641 782 861 818 ἀποδυρομένων,
885 784 932 810 κα)¹

147 822 337 857 ἐπικειμένων,
365 825 411 866 καὶ,
428 826 654 862 προκαλουμένων
678 827 733 864 (67)
756 828 864 860 αὐτοὺς.
885 829 932 855 καὶ

146 867 388 904 ἐπαγγελλομένων
400 871 436 906 μὴ
455 872 533 906 μόνον
547 873 665 908 ἐλέγχειν
679 873 727 909 τὴν
741 875 930 908 συκοφαντίαν,

988 285 1047 305 rum
1061 277 1198 305 haereseos
1214 277 1316 313 gratia;
1335 278 1380 312 qui
1396 278 1467 305 enim
1486 285 1580 306 eorum
1597 280 1768 306 communio-

988 331 1048 351 nem
1065 324 1223 351 recusabant
1232 323 1289 351 hmc
1298 324 1412 358 experiri
1426 324 1512 352 coacti
1526 328 1598 352 sunt.
1611 323 1674 352 Hrec
1686 325 1768 359 igitur

988 369 1050 395 dum
1063 369 1315 402 animadverterent,
1326 369 1389 404 quid
1401 369 1503 396 consilii
1516 374 1644 404 caperent
1658 369 1764 404 ignora-

987 413 1068 446 bant;
1097 414 1292 441 erubescebant
1317 415 1389 442 cnim
1419 414 1538 441 facinora
1562 414 1683 442 confiteri
1705 421 1764 443 sua.

987 460 1061 494 Quod
1076 465 1165 488 autem
1189 461 1246 488 haec
1261 459 1330 487 ultra
1347 460 1430 487 latere
1457 467 1510 487 non
1527 460 1657 493 valerent,
1673 459 1766 488 Sardi-

986 513 1045 533 cam
1061 510 1199 537 venerant,
1218 510 1246 533 ut
1262 506 1376 534 adventu
1393 512 1442 533 suo
1458 505 1636 540 suspicionem
1651 505 1766 541 ﬂagitio-

985 559 1044 579 rum
1069 551 1158 579 levare
1168 551 1331 579 videremur.
1345 551 1380 578 At
1395 551 1438 579 ubi
1458 558 1505 579 eos
1522 558 1590 586 quos
1606 551 1648 579 vel
1663 552 1763 579 calum-

985 597 1037 624 niis
1053 596 1095 624 vel
1107 596 1306 624 calamitatibus
1316 595 1475 630 alllixerant,
1485 601 1656 624 accusatores
1668 597 1764 624 debitis

985 642 1153 670 documentis
1166 643 1311 670 instructos
1325 649 1511 677 conspexere;
1530 642 1616 670 vocati
1640 642 1715 674 licet,
1734 650 1764 670 se

984 689 1078 717 sistere
1086 689 1229 716 noluerunt
1240 697 1247 722 ;
1260 689 1383 723 quamvis
1391 688 1568 716 comministri
1579 689 1664 716 nostri
1677 689 1763 716 Atha-

984 735 1087 766 nasius.
1101 734 1244 762 Marcellus
1259 739 1287 762 et
1313 734 1452 769 Asclepas,
1469 741 1566 769 magna
1589 741 1650 762 cum
1666 733 1762 762 fiducia

983 785 1224 816 conquererentur,
1241 780 1381 813 instarent,
1398 784 1577 814 provocarent
1602 783 1630 807 et
1649 779 1762 814 pollice-

983 831 1075 852 rentur
1091 833 1120 854 se
1133 833 1186 853 non
1200 825 1286 853 solum
1299 825 1501 862 sycophantiam
1524 824 1697 858 refutaturos,
1714 825 1761 852 sed

981 871 1062 898 etiam
1089 876 1245 899 ostensuros
1261 875 1361 906 quanta
1386 871 1423 898 illi
1450 871 1552 899 scelera
1563 874 1762 906 perpetrassent

145 913 213 940 ἀλλὰ
238 914 284 940 καὶ
310 914 443 942 δεικνύναι
466 917 515 943 ὅσα
532 918 601 944 κατὰ
623 917 677 944 τῶν
691 919 859 954 Ἐκκλησιῶν
879 920 924 946 αὺ-

982 917 1109 944 adversus
1125 905 1348 944 Ecclesiasrsuas.
1377 917 1411 943 At
1427 916 1465 943 illi
1492 920 1565 943 tanto
1590 916 1762 944 conscientia

145 958 200 985 τῶν
221 960 434 996 ἐπλημμέλησαν
453 962 518 997 (68).
538 964 568 989 Οί
589 963 617 991 δὲ
643 964 760 1000 τοσούτῳ
784 965 857 1000 φόϐῳ
882 965 929 992 τοῦ

146 1006 292 1038 συνειδότος
318 1009 528 1044 κατεσχέθησαν,
557 1010 594 1042 ὼς
622 1013 717 1045 φυγεῖν
744 1012 858 1044 αὐτοὺς,
883 1013 930 1039 καὶ

143 1050 190 1078 διὰ
215 1052 265 1086 τῆς
292 1053 381 1088 φυγῆς
403 1054 452 1089 τὴν
484 1057 664 1090 συκοφαντίαν
692 1057 780 1084 αὐτῶν
805 1058 927 1092 ἐλέγξαι,

144 1096 191 1122 καὶ
212 1095 283 1132 ἅπερ
301 1097 524 1134 ἐπλημμέλησαν,
540 1100 583 1127 διὰ
601 1100 646 1127 τὸν
659 1101 778 1137 δρασμὸν
799 1103 930 1138 ὁμολογῆ-

145 1149 190 1168 σαι
216 1141 280 1177 (69).

178 1187 223 1214 46.
244 1188 275 1214 Et
295 1189 340 1215 καὶ
357 1189 390 1215 τὰ
419 1189 536 1224 μάλιστα
564 1191 651 1218 τοίνυν
675 1192 704 1218 ού
724 1193 802 1228 μόνον
826 1194 858 1221 ἐκ
874 1194 928 1221 τῶν

142 1233 291 1268 προτέρων,
304 1234 370 1260 ἀλλὰ
383 1235 429 1261 καὶ
445 1236 476 1262 ἐκ
491 1237 600 1269 τούτων,
620 1237 709 1264 αὐτῶν
726 1240 741 1274 ἡ
760 1241 928 1276 κακοτροπία

141 1278 279 1306 δείκνυται
304 1280 349 1306 καὶ
369 1282 550 1316 συκοφαντία,
573 1283 647 1318 ὅμως
667 1284 709 1310 ἵνα
735 1285 800 1320 μηδὲ
823 1286 856 1312 ἐκ
878 1287 927 1322 τῆς

143 1326 230 1360 φυγῆς
247 1327 381 1362 πρόφασίν
395 1334 456 1354 τινα
471 1328 566 1364 ἐτέρας
583 1330 750 1365 κακουργίας
766 1331 926 1366 πορίσασθαι

141 1371 301 1405 δυνηθῶσιν,
314 1373 489 1409 ἐσκεψάμεθα
503 1374 574 1400 κατὰ
586 1375 631 1401 τὸν
645 1375 692 1410 τῆς
709 1376 836 1411 ἀληθείας
849 1376 926 1412 λόγον

141 1417 176 1444 τὰ
191 1420 255 1454 παρ’
280 1419 390 1445 ἐκείνων
416 1419 690 1456 δραματουργηθέντα
717 1422 858 1454 ἐξετάσαι·
880 1425 926 1450 καὶ

140 1463 218 1490 τοῦτο
237 1463 397 1500 προθέμενοι
408 1485 414 1497 ,
433 1465 549 1501 εὕρομεν
563 1467 660 1499 αὐτοῦς
675 1468 720 1494 καὶ
742 1469 773 1494 ἐκ
789 1469 841 1495 τῶν
856 1478 925 1505 πρα-

140 1509 257 1544 χθέντων
270 1512 449 1546 συκοφάντας,
466 1513 512 1539 καὶ
533 1513 614 1548 μηδὲν
635 1514 726 1549 ἕτερον
747 1514 763 1550 ἢ
781 1515 925 1551 ἐπιϐουλὴν

981 967 1085 990 terrore
1111 963 1228 996 correpti
1242 966 1316 994 sunt,
1338 966 1366 988 ut
1392 961 1482 996 fugam
1502 961 1631 994 facerent,
1657 965 1684 989 et
1699 959 1760 996 fuga

979 1007 1142 1034 calumniam
1156 1015 1231 1035 suam
1245 1007 1398 1042 proderent,
1408 1014 1440 1035 ac
1452 1007 1553 1035 scelera
1569 1013 1616 1034 sua
1633 1006 1760 1042 fugiendo

979 1054 1138 1081 faterentur.

1013 1190 1057 1218 46.
1071 1190 1153 1218 Porro
1166 1190 1288 1225 quamvis
1300 1197 1393 1218 eorum
1403 1189 1559 1225 improbitas
1572 1193 1598 1217 et
1610 1189 1759 1225 sycophan-

979 1241 1014 1267 tia
1033 1247 1085 1267 non
1100 1240 1178 1267 modo
1191 1246 1224 1266 ex
1235 1238 1381 1273 prioribus,
1407 1238 1453 1265 sed
1479 1245 1511 1264 ex
1527 1237 1586 1265 istis
1601 1243 1706 1272 quoque
1722 1237 1758 1264 sit

977 1284 1115 1320 explorata
1129 1292 1136 1317 ;
1151 1288 1282 1316 attamen,
1297 1290 1332 1310 ne
1349 1289 1382 1310 ex
1398 1282 1459 1318 fuga
1476 1289 1522 1310 sua
1538 1282 1598 1309 novi
1615 1281 1756 1316 cujusdam

976 1332 1030 1360 doli
1045 1331 1212 1359 occasionem
1239 1334 1348 1363 captare
1360 1329 1482 1361 valeant,
1501 1329 1588 1356 visum
1602 1327 1654 1355 fuit
1677 1327 1755 1355 nobis

977 1378 1096 1413 improba
1107 1384 1199 1404 eorum
1210 1376 1328 1404 facinora
1342 1375 1417 1410 juxta
1435 1375 1558 1402 veritatis
1573 1380 1695 1401 normam
1707 1374 1758 1400 dis-

976 1424 1092 1458 quirere.
1115 1421 1155 1449 Re
1173 1423 1212 1450 sic
1234 1421 1380 1456 proposita,
1406 1419 1486 1455 13o
1505 1427 1552 1447 eos
1566 1427 1598 1447 ex
1613 1420 1669 1446 suis
1683 1419 1753 1446 actis

975 1469 1156 1505 sycophantas
1169 1475 1236 1500 esse,
1254 1471 1281 1494 et
1295 1473 1387 1494 revera
1402 1465 1512 1494 insidias
1522 1466 1664 1492 adversum
1678 1471 1752 1492 com-

975 1515 1114 1541 ministros
1134 1518 1239 1540 nostros
1267 1512 1397 1539 struxisse
1419 1510 1652 1546 deprehendimus.
1673 1510 1754 1536 Arse-

140 1555 210 1582 κατὰ
223 1555 276 1582 τῶν
293 1557 504 1594 συλλειτουργῶν
519 1559 596 1594 ἡμῶν
613 1560 809 1595 πεποιηκότας·
824 1561 852 1586 ὃν
869 1562 922 1597 γὰρ

975 1560 1035 1587 nius
1051 1559 1135 1591 cnim,
1163 1565 1242 1592 quem
1261 1557 1295 1584 ab
1315 1556 1464 1583 Athanasio
1488 1560 1613 1583 necatum
1635 1555 1754 1586 aiebant,

139 1600 231 1635 ἔλεγον
259 1603 334 1637 παρὰ
370 1603 525 1630 Ἀθανασίου
557 1604 736 1638 πεφονεῦσθαι
770 1607 916 1641 ’Λρσένιον,

137 1643 214 1677 οὗτος
227 1646 271 1682 ζῇ,
285 1647 332 1673 καὶ
346 1647 374 1674 ὲν
388 1649 442 1679 τοῖς
458 1647 539 1679 ζῶσιν
555 1648 717 1681 ἐξετάζεται.
738 1650 802 1677 ’Λπο
815 1652 842 1677 δὲ
859 1652 920 1678 τού-

138 1697 184 1716 του
205 1691 261 1726 (70)
279 1692 326 1718 καὶ
341 1691 374 1718 τὰ
391 1692 454 1727 περὶ
470 1692 523 1718 τῶν
540 1693 627 1720 ἄλλων
651 1694 829 1729 θρυλληθέντα
854 1696 918 1731 παρ’

139 1736 227 1764 αὐτῶν
247 1738 369 1772 φαίνεται
390 1739 544 1774 πλάσματα.
564 1740 672 1776 Ἐπειδὴ
690 1741 717 1767 δὲ
733 1742 778 1768 καὶ
793 1743 854 1778 περὶ
872 1751 918 1769 πο-

138 1782 231 1817 τηρίου
257 1783 410 1819 ἐθρύλλουν,
430 1785 468 1816 ὼς
491 1785 652 1818 κλασθέντος
675 1788 749 1823 παρὰ
775 1789 916 1824 Μακαρίου

137 1826 184 1853 τοῦ
208 1829 392 1864 πρεσϐυτέρου
419 1830 587 1863 Ἀθανασίου,
613 1832 805 1868 ἐμαρτύρησαν
827 1834 876 1868 μὲν
893 1835 916 1860 οἱ

138 1873 351 1908 παραγενόμενοι
372 1875 426 1901 ἀπὸ
440 1876 489 1911 τῆς
508 1876 718 1913 Ἀλεξανδρείας,
742 1879 788 1905 καὶ
804 1879 918 1915 Μαρεώ-

137 1925 183 1944 του
199 1919 314 1945 καὶτῶν
338 1920 437 1946 λοιπῶν
455 1921 544 1947 τόπων
567 1922 633 1957 (7l),
655 1923 695 1949 ὅτι
720 1924 802 1958 μηδὲν
815 1925 916 1951 τούτων

138 1962 308 1999 πέπρακται·
327 1966 373 1992 καὶ
398 1966 422 1992 οἱ
443 1967 584 1993 ἐπίσκοποι
600 1968 628 1994 δὲ
650 1969 799 2004 γράφοντες
818 1970 842 1996 οι
864 1971 917 1997 ἀπὸ

136 2008 186 2042 τῆς
200 2010 336 2043 Αἰγύπτου
356 2011 424 2046 πρὸς
443 2012 548 2039 Ἰούλιον
561 2013 606 2039 τὸν
619 2014 820 2050 συλλειτουργὺν
839 2016 917 2051 ἡμῶν

138 2054 238 2085 ίκανῶς
259 2055 456 2083 διεΰεϐαιοῦντο
479 2058 545 2092 μηδὲ
561 2058 687 2085 ὑπόνοιαν
710 2059 776 2091 ὅλως
790 2061 916 2096 τοιαύτην

136 2100 195 2125 ἐκεῖ
217 2101 387 2136 γεγενῆσθαι.
404 2102 506 2134 Ἄλλως
520 2111 549 2129 τε
562 2103 579 2130 ἃ
595 2104 719 2138 λέγουσιν
735 2106 917 2142 ὑπομνήματα

135 2146 207 2182 ἔχειν
220 2148 280 2174 κατ’
298 2148 378 2175 αὑτοῦ
394 2150 464 2176 κατὰ
479 2151 654 2186 μονομέρειαν
678 2152 824 2188 συνέστηκε
839 2161 916 2188 γεγε-

135 2191 230 2226 νῆσθαι
240 2200 247 2207 '
262 2194 308 2220 καὶ
323 2194 396 2228 ὅμως
415 2195 461 2220 καὶ
475 2196 503 2221 ὲν
519 2196 575 2226 τοῖς
596 2197 771 2231 ὑπομνήμασι
794 2197 914 2230 τούτοις,

969 1606 1116 1635 etiamnum
1134 1608 1270 1638 superstes
1282 1607 1322 1630 est
1337 1607 1364 1629 et
1385 1602 1455 1629 inter
1472 1601 1546 1628 vivos
1557 1604 1729 1628 'numeralur
1744 1607 1751 1626 :

969 1651 1087 1684 hincque
1102 1656 1132 1675 ca
1146 1648 1228 1674 etiam
1243 1655 1302 1681 qu:e
1312 1647 1344 1674 de
1353 1646 1413 1673 aliis
1424 1649 1581 1680 sparserunt
1594 1644 1678 1680 liquet
1694 1651 1755 1672 esse

968 1695 1090 1722 conficta.
1102 1692 1320 1727 Quandoquidem
1330 1696 1418 1719 autem
1428 1691 1464 1718 illi
1477 1691 1510 1719 de
1519 1691 1601 1718 calice
1611 1698 1626 1717 ιι
1637 1690 1754 1717 Macario

968 1740 1124 1775 presbytero
1143 1738 1282 1766 Athanasii
1305 1737 1443 1766 confracta
1466 1736 1686 1770 insusurrabant;
1707 1736 1753 1770 qui

967 1785 1126 1812 Alexandria
1133 1789 1158 1811 et
1167 1792 1198 1811 ex
1208 1783 1334 1817 lilareote,
1342 1791 1442 1810 necnon
1451 1791 1483 1818 ex
1492 1783 1551 1810 aliis
1559 1782 1624 1810 locis
1632 1782 1684 1809 huc
1691 1789 1754 1813 con.

967 1834 1113 1864 cesserant,
1126 1830 1214 1857 testati
1223 1833 1284 1857 sunt
1295 1829 1498 1864 nihilejusmodi
1507 1829 1679 1856 commissum
1690 1828 1754 1855 fuis-

967 1884 1006 1904 se.
1014 1876 1067 1903 lmo
1074 1876 1191 1911 episcopi
1201 1875 1318 1911 (Egyptii
1328 1876 1424 1903 litteris
1432 1875 1487 1903 suis
1495 1875 1526 1902 ad
1533 1874 1630 1902 Julium
1640 1875 1753 1902 commi-

967 1923 1080 1949 nistrum
1093 1926 1212 1948 nostrum
1225 1921 1405 1948 testimonium
1416 1921 1515 1952 ferunt.
1527 1928 1561 1948 ne
1572 1920 1750 1955 suspicionem

967 1968 1073 2002 quidem
1083 1966 1161 2002 hujus
1173 1967 1210 1994 rei
1223 1967 1258 1994 ibi
1270 1967 1417 1995 exstitisse.
1432 1967 1515 1994 Porro
1525 1973 1557 1994 ea
1567 1974 1626 2001 quae
1640 1974 1670 1994 se
1686 1973 1752 1994 con-

968 2018 1009 2040 tra
1026 2013 1098 2040 illum
1114 2013 1216 2040 habere
1229 2013 1321 2040 dicunt
1335 2017 1508 2040 monumenta
1518 2033 1525 2045 ,
1543 2016 1651 2040 constat
1664 2012 1749 2038 altera

967 2059 1051 2086 solum
1070 2063 1144 2093 parte
1157 2063 1290 2093 praesente
1303 2059 1384 2086 fuisse
1398 2059 1469 2086 edita
1486 2067 1493 2086 :
1511 2063 1541 2086 et
1554 2058 1652 2094 alioqui
1665 2058 1691 2086 in
1707 2059 1750 2086 his

967 2104 1147 2132 monumentis
1165 2104 1321 2136 omciendis.
1339 2098 1438 2132 ethnici
1454 2106 1487 2139 fet
1504 2103 1690 2132 catechumeni
1706 2105 1749 2131 ln-

969 2151 1097 2185 terrogati
1122 2150 1208 2177 fuere.
1239 2149 1354 2182 Quidam
1373 2155 1461 2178 autem
1489 2158 1521 2177 cx
1547 2150 1748 2178 calechumenis

968 2196 1030 2228 illis,
1046 2196 1235 2230 interrogatus,
1249 2196 1337 2223 aiebat
1352 2203 1381 2224 se
1395 2197 1465 2223 intus
1479 2195 1560 2224 fuisse
1575 2195 1681 2231 quando
1694 2195 1746 2222 Ma-

135 2238 234 2265 ἐθνικοὶ
253 2239 299 2265 καὶ
313 2240 506 2275 κατηχούμενοι
527 2242 686 2278 ἢρωτῶντο·
702 2243 730 2276 ἐξ
747 2240 783 2270 ὧν
796 2241 835 2274 εἷς
852 2251 917 2269 κατ-

973 2242 1058 2268 carius
1073 2241 1097 2268 in
1123 2248 1183 2268 cum
1199 2242 1284 2268 locum
1301 2249 1330 2269 se
1345 2242 1452 2269 immisit
1473 2250 1480 2268 :
1499 2241 1567 2268 alius
1586 2242 1648 2268 item
1662 2240 1747 2268 inter-

135 2284 281 2320 ηχούμενος
294 2285 466 2320 ἐρωτώμενος
478 2286 594 2321 ἔφασκεν
605 2287 676 2314 ἔνδον
689 2286 767 2320 εἶναι,
780 2289 823 2315 ὅτε
833 2290 847 2315 ό
855 2289 910 2324 (7‘2)

241 2394 490 2432 [ἰοβηπειρᾶσθαι.
504 2396 573 2422 Ειίῐιὶ
584 2396 857 2432 ναι-ο.πγειρασθῆναι.

168 2429 331 2466 (ϋᾷλξΐίιροίί
347 2451 354 2463 ,
372 2429 558 2466 αἰσχυνόμενοι
575 2431 627 2465 γὰρ
650 2432 668 2458 ἃ.
683 2429 838 2466 δεδράκασι,
869 2431 912 2458 διὰ

131 2462 162 2499 τὸ
221 2463 348 2492 δύνασθαι
360 2466 409 2494 ἔτι.
419 2462 490 2499 Reg:
511 2462 602 2492 λοιπόν
613 2462 655 2492 ἔτι
665 2486 672 2497 ,
695 2467 720 2492 in
730 2462 821 2493 'editis
841 2473 912 2499 vero

130 2497 170 2558 gn
181 2497 264 2558 «aliaest.
276 2501 334 2529 Mox
349 2502 429 2533 idem,
445 2497 485 2532 είς
501 2501 549 2535 τὴν
559 2501 691 2536 Σάρδεων.
711 2501 788 2536 Reg.,
805 2497 844 2532 εἰς
864 2501 912 2536 τὴν

151 2541 182 2558 ΕΩ
198 2543 244 2558 ων.

151 2541 244 2567 εροων.

239 2569 352 2607 Tlteod.,
372 2571 503 2598 εἰσελθεῖν
516 2571 567 2597 οὐκ
591 2570 721 2605 ἠδύναντο
751 2570 906 2607 κληθέντες.

129 2600 259 2640 Similiter
270 2600 385 2633 llilarius
400 2616 406 2633 :
423 2607 507 2633 uenire
520 2600 666 2633 vocali'nan
676 2600 823 2640 potuerunt.

164 2638 220 2676 (Q7)
239 2639 352 2676 'rl'lteod.)
367 2640 621 2676 προσκαλουμένων.

158 2674 218 2732 ((68)
239 2674 444 2711 Ἐκοινώνηὰαν.
456 2677 500 2704 Sic
510 2674 602 2702 omnes
613 2682 672 2702 cum
695 2676 738 2702 ed.
756 2681 810 2701 tum
830 2683 905 2707 Inss.,

192 2716 300 2732 nl'mslnl
325 2709 484 2732 Tln-minrmi
514 2711 590 2732 lamin
611 2710 833 2732 éﬁlmtuélnaqu,
848 2712 905 2732 mli-

127 2709 173 2732 scd
192 2716 300 2745 prtestat
325 2709 485 2738 Theodoreti
512 2711 590 2738 lectio
611 2710 835 2745 ἐπλημμέλησαν,
848 2712 906 2744 qui-

127 2747 188 2768 cum
203 2743 318 2778 Hilarius
332 2746 523 2772 commiserant.

165 2779 220 2816 (tiu)
233 2779 345 2816 '_l‘he9d._,
354 2779 397 2807 διὰ
407 2780 461 2807 τῶν
472 2779 610 2816 δρασμῶν.

161 2813 217 2847 (70)
236 2814 302 2849 Ἀπὸ
313 2814 346 2840 δὲ
359 2815 476 2842 τούτου.
487 2813 531 2842 Sic
540 2813 604 2849 Reg.
615 2819 642 2840 et
653 2813 753 2842 Theod.
765 2815 833 2841 Editi
843 2821 906 2842 vero

125 2848 232 2888 Περὶ
245 2848 351 2889 τούτουί
367 2850 424 2889 Mox
440 2848 606 2889 θρυληθέντα
619 2849 688 2889 lteg.
709 2850 742 2876 de
759 2857 904 2889 mererum

126 2890 205 2911 unico
221 2883 246 2916 λ,
261 2889 289 2911 et
305 2883 373 2911 infra
389 2883 527 2920 ὲϐρύλουνζ
548 2884 580 2912 Ει
597 2889 656 2919 post
669 2885 726 2912 ha'c
744 2884 903 2916 κλασθέντος

966 2292 1073 2322 rogatus
1083 2288 1185 2315 dicebat
1200 2287 1331 2322 lschyram
1356 2287 1428 2315 illum
1455 2289 1488 2315 ab
1502 2289 1565 2322 ipsis
1577 2289 1744 2314 decantatum

965 2396 1030 2429 Reg.
1047 2403 1073 2423 et
1089 2397 1188 2425 Tltcod.
1207 2397 1315 2424 Atediti
1334 2397 1501 2429 θλασθέντος.

1000 2432 1054 2466 (71)
1068 2433 1133 2465 Reg.
1148 2437 1174 2458 et
1188 2433 1253 2458 edit.
1276 2432 1415 2464 Commcl.,
1429 2431 1542 2459 καὶτῶν
1556 2431 1656 2459 τόπων.
1671 2430 1742 2458 Edil.

965 2466 1063 2499 Paris.,
1072 2467 1119 2493 καὶ
1131 2466 1185 2493 τῶν
1198 2466 1297 2493 λοιπῶν
1307 2467 1406 2497 τόπων.
1418 2473 1445 2493 et
1454 2467 1493 2494 sic
1506 2471 1608 2494 veteres
1623 2466 1744 2494 Theodo-

964 2502 1014 2528 reti
1033 2503 1175 2534 editiones,
1194 2503 1263 2528 unde
1286 2502 1341 2529 hmc
1358 2502 1438 2528 lectio
1460 2502 1599 2535 desumpta
1625 2502 1741 2528 videtttr.

964 2536 1036 2563 Nova
1051 2536 1209 2564 Theodoreti
1222 2537 1314 2568 editio,
1328 2537 1438 2564 καὶτῶν
1450 2537 1536 2563 ἄλλων
1548 2536 1647 2563 τόπων.
1659 2535 1742 2563 Paulo

964 2577 1023 2605 post
1040 2571 1061 2598 Τ
1065 2572 1142 2598 ltcod.
1162 2571 1324 2606 γράψαντες.
1357 2572 1427 2598 lnl'ru
1457 2571 1558 2598 Thcod.
1584 2571 1687 2603 ’Ἄλλως
1711 2579 1741 2597 τε

959 2606 1082 2640 λέγουσιν
1098 2605 1280 2642 ὑπομνήματα
1291 2605 1367 2642 ’ἔχειν
1381 2607 1439 2633 κατ’
1453 2606 1551 2639 αὑτοῦ,
1570 2606 1588 2633 ἃ
1607 2607 1676 2633 κατὰ
1695 2614 1742 2642 μο-

959 2642 1102 2677 νομέρειαν
1117 2641 1215 2676 συνέϐη
1232 2641 1405 2675 γεγενῆσθαι.
1421 2642 1538 2668 llilarius
1553 2649 1616 2669 vero
1631 2649 1741 2676 propius

959 2678 992 2702 ad
1007 2677 1145 2703 Athanasii
1164 2677 1303 2703 lectionem
1320 2678 1424 2703 accedit
1440 2684 1445 2702 :
1461 2677 1556 2703 Dicunt
1571 2682 1658 2702 autem
1680 2681 1739 2702 acia

959 2712 1038 2737 etiam
1054 2719 1081 2738 se
1092 2712 1187 2738 habere
1198 2713 1321 2738 adversus
1341 2711 1424 2745 ipsum
1437 2719 1446 2738 :
1461 2719 1518 2744 qum
1532 2711 1624 2737 habent
1639 2715 1738 2745 (uuam,

959 2747 1063 2772 absente
1075 2751 1149 2779 parte
1161 2747 1243 2772 altera
1265 2751 1366 2773 constat
1388 2746 1468 2779 fuisse
1481 2745 1608 2780 confecta.
1638 2744 1739 2772 Ibidem

961 2780 1108 2816 Ιίθςχκατὰ
1125 2781 1288 2816 μονομερίαν
1308 2780 1433 2816 συνέστη.

1006 2813 1131 2850 72)Αι-1.’
1145 2817 1159 2842 ό
1180 2813 1254 2851 deest
1269 2816 1294 2851 in
1315 2817 1378 2851 lteg.
1406 2813 1434 2841 et
1466 2815 1568 2843 Theod.
1581 2813 1664 2844 Paulo
1677 2818 1738 2851 pou

959 2850 1023 2878 cdit.
1039 2850 1144 2878 Comm.
1165 2855 1188 2878 ct
1202 2850 1267 2886 Reg.
1281 2850 1471 2886 θρυλούμενον.
