2031 3048
178 157 230 185 353

717 158 890 188 APOLOGIA
909 158 1045 187 CONTRA
1067 159 1226 188 ARIANOS.

1736 142 1790 189 ast

178 215 211 241 δι’
225 215 299 242 οὐδὲν
304 215 396 251 ἓτερον
404 216 420 252 ἦ
429 217 472 243 ἵνα
480 217 527 252 τὴν
538 217 663 244 ἀσέϐειαν
674 217 828 254 διασπεῖραι
835 218 881 245 καὶ
890 218 951 245 πλα-

1011 219 1144 246 seminare
1171 223 1199 246 et
1215 218 1296 247 latius
1323 226 1482 254 propagare,
1499 226 1530 247 ac
1544 219 1613 253 piam
1635 219 1713 246 tidem
1728 227 1789 246 cor-

177 261 254 288 τῦναι
267 261 414 298 δυνηθῶσι,
428 263 474 289 καὶ
486 264 535 298 τὴν
549 263 648 298 εὐσεϐῆ
665 263 841 299 διαφθείρωσι
855 264 956 291 πίστιν.

213 339 256 366 ιε.
270 340 329 366 Εἰσὶ
344 340 372 366 δὲ
387 340 488 368 τούτων
514 341 583 376 μετά
600 342 663 373 τοὺς
685 341 749 376 περὶ
770 341 897 368 East-56:0»;
912 341 959 368 νῦν

178 385 286 421 Εξαρχοι
309 385 443 422 Θεόδωρος
462 388 476 413 6
496 387 549 413 ἀπὸ
576 386 748 422 Ἡρακλείας,
772 387 926 422 Νάρκισσος
944 388 958 413 6

178 431 232 458 ἀπὸ
243 432 410 467 Νερωνιάδος
423 432 473 467 τῆς
487 432 622 465 Κιλικίας,
647 432 780 466 Στέφανος
802 433 816 458 6
832 432 885 459 ἀπὸ
902 432 959 458 Ἀν-

176 478 304 513 τιοχείας,
326 478 459 513 Γεώργιος
481 480 495 505 6
521 479 574 505 ἀπὸ
605 479 772 510 Λαοδικείας,
800 478 925 509 ’Λκὰκιος
944 479 959 504 6

177 523 232 550 ἀπὸ
247 524 412 558 Καισαρείας
430 525 478 559 τῆς
502 525 692 560 Παλαιστίνης,
712 525 889 559 Μηνόφαντος
905 523 958 550 ἀπὸ

183 568 294 603 Ἐφέσου
316 569 366 604 τῆς
390 569 490 602 Ἀσίας,
517 570 667 605 ούρσάκιος
690 571 704 597 6
727 569 780 596 ἀπὸ
805 569 957 604 Σιγγιδόνου

175 614 226 649 τῆς
239 613 354 646 Μυσίας,
370 615 475 650 Ούάλης
490 615 543 642 ἀπὸ
557 616 691 652 Μουρσῶν
712 616 768 651 (83)
783 616 832 650 τῆς
855 616 958 642 Παννο-

177 661 251 692 νίας·
267 661 382 696 καὶγὰρ
400 658 471 688 οὗτοι
494 663 555 694 τοὺς
577 662 625 688 σὺν
649 662 740 693 αὐτοῖς
763 660 886 692 ἐλθόντας
905 660 958 687 ἀπὸ

175 707 225 742 τῆς
236 706 305 741 ἑῴας
322 707 371 733 οὐκ
381 707 529 743 ἐπέτρεπον
543 707 604 734 οὔτε
622 708 661 740 εὶς
675 708 724 743 τὴν
748 708 827 741 ἁγίαν
850 707 958 733 σύνοδον

175 751 315 784 εἰσελθεῖν,
339 751 399 779 οὔτε
418 753 485 785 ὅλως
499 755 538 785 είς
559 754 607 788 τὴν
636 754 797 788 Ἐκκλησίαν
819 753 865 779 τοῦ
888 752 956 779 Θεοῦ

175 798 367 834 παραϐάλλειν.
393 799 448 826 Καὶ
471 800 611 835 ἐρχόμενοι
632 800 660 827 δὲ
682 801 722 831 είς
741 799 790 834 τὴν
812 799 955 834 Σαρδικὴν,

175 843 246 870 κατὰ
261 843 358 875 τόπους
375 844 498 876 συνόδους
524 844 664 871 ἐποιοῦντο
683 845 750 880 πρὸς
771 844 892 876 ἑαυτοὺς,
910 844 956 870 καὶ

1009 270 1135 298 rumpere
1146 263 1275 291 valerent.

1044 341 1090 368 48.
1116 340 1217 368 Horum
1241 344 1330 368 autem
1347 340 1483 376 principes
1508 344 1570 375 post
1590 340 1734 368 Eusebium
1761 340 1790 368 hl

1008 392 1071 414 sunt
1089 397 1096 415 :
1114 387 1272 415 Theodorus
1291 387 1443 419 Heracleae,
1466 387 1607 414 Narcissus
1631 387 1790 415 Neroniadis

1008 433 1035 460 in
1062 432 1166 464 Cilicia,
1183 432 1335 468 Stephanus
1351 432 1513 464 Antiochiae,
1532 432 1664 466 Georgius
1690 431 1787 459 Laodi-

1008 487 1063 507 ceae
1076 499 1084 511 ,
1097 479 1211 507 Acacius
1234 479 1364 506 Caesarea:
1378 479 1406 506 in
1423 478 1564 506 Palaestina
1574 499 1581 511 ,
1594 477 1788 513 Mcnophantus

1009 524 1106 558 Ephesi
1122 524 1148 551 in
1161 525 1236 557 Asia,
1252 524 1380 552 Ursacius
1393 523 1534 559 Singidoni
1552 523 1578 550 in
1589 522 1788 558 Mysia,Valens

1008 569 1116 597 Mursiaa
1139 570 1165 596 in
1184 569 1336 597 Pannonia.
1352 569 1397 596 Isti
1423 569 1494 596 enim
1516 575 1563 596 eos
1576 569 1620 603 qui
1635 575 1726 596 secum
1753 568 1788 595 ab

1008 616 1117 643 Oriente
1136 620 1277 647 venerant.
1295 622 1347 642 non
1363 613 1556 649 permittebant
1570 613 1602 641 ad
1617 620 1723 641 sacram
1740 620 1788 648 sy-

1006 661 1104 689 nodum
1119 661 1258 694 accedere,
1271 668 1323 688 nec
1338 660 1393 688 ullo
1411 660 1491 687 modo
1506 660 1540 687 ad
1566 659 1713 686 Ecclesiam
1739 658 1786 686 Dei

1006 715 1034 735 se
1045 707 1178 734 conferre.
1193 707 1226 734 Et
1242 715 1302 734 cum
1320 706 1459 734 Sardicam
1476 705 1607 737 venirent.
1617 712 1664 739 per
1680 704 1788 732 diversa

1006 752 1063 780 loca
1077 752 1194 787 synodos
1216 751 1340 787 privatim
1357 751 1472 786 agebant
1487 770 1495 782 ,
1512 750 1693 784 adhibitisque
1706 749 1787 776 minis

1005 796 1108 824 fwdera
1129 796 1257 830 inibant,
1284 801 1314 824 ut
1341 804 1401 824 cum
1427 795 1566 823 Sardicam
1593 796 1785 828 advenissent,

1006 841 1160 868 nullatenus
1185 848 1246 869 sese
1270 841 1373 876 judicio
1388 841 1527 873 sisterent,
1543 848 1632 876 neque
1649 848 1700 868 ima
1723 848 1784 867 cum

176 888 310 924 συνθήκας
327 889 395 924 μετὰ
415 890 548 917 ἀπειλῶν·
570 889 640 917 ὥστε
660 890 786 921 ἐλθόντας
802 890 900 920 αὐτοὺς
916 890 951 921 είς

1006 891 1099 914 sancta
1117 888 1221 922 synodo
1241 887 1436 914 convenirent:
1452 887 1499 914 sed
1518 886 1700 921 perfunctorie
1715 885 1784 912 dua—

174 934 223 969 τὴν
239 934 384 971 Σαρδικὴν,
402 936 469 971 μηδὲ
482 936 550 968 ὂλως
566 937 606 968 είς
619 936 668 971 τὴν
681 936 769 972 κρίσιν
784 935 880 967 ἐλθεῖν,
894 935 954 971 μηδ’

174 980 221 1006 ἐπὶ
235 980 266 1006 τὸ
282 981 347 1007 αὐτὸ
370 974 505 1007 συνελθεῖν
526 983 559 1016 τῇ
583 981 648 1016 ἀγίᾳ
672 981 772 1016 συνόδῳ
797 981 863 1015 (14),
889 979 955 1007 ἀλλὰ

176 1026 255 1061 μόνον
269 1026 403 1059 ἐλθόντας,
420 1027 467 1053 καὶ
480 1026 626 1061 ἀφοσιώσει
641 1027 689 1062 τὴν
700 1027 842 1063 ἐπιδημίαν
853 1026 955 1053 ἑαυτῶν

173 1070 404 1106 απιδειξαμένους,
420 1072 524 1106 ταχέως
542 1073 645 1106 φυγεῖν.
667 1071 759 1098 Ταῦτα
784 1071 839 1106 γὰρ
853 1071 954 1106 γνῶναι

172 1114 340 1150 δεδυνήμεθα
358 1115 433 1152 παρά
451 1115 505 1142 τῶν
532 1116 740 1151 συλλειτουργῶν
762 1117 838 1151 ἡμῶν
859 1117 955 1143 Μακα-

175 1161 232 1196 ρίου
244 1160 297 1187 ἀπδ
311 1161 490 1196 Παλαιστίνης
504 1162 550 1188 καὶ
572 1161 708 1197 Ἀστερίου
735 1161 788 1188 ἀπὺ
815 1160 953 1196 Ἀραϐίας,

172 1206 227 1232 τῶν
254 1206 383 1233 ἐλθόντων
413 1207 461 1233 σὺν
500 1206 605 1239 αὐτοῖς,
637 1208 683 1233 καὶ
723 1207 955 1242 ἀναχωρησάντων

173 1253 227 1280 ἀπὸ
237 1254 285 1288 τῆς
296 1252 422 1284 ἀπιστίας
438 1252 537 1280 αὐτῶν.
551 1250 630 1279 οὗτοι
641 1252 705 1288 γὰρ,
716 1252 837 1284 ἐλθόντες
851 1253 890 1284 εἰς
905 1253 955 1286 τὴν

173 1299 253 1332 ἀγίαν
282 1298 398 1330 σύνοδον,
423 1298 473 1334 τὴν
501 1299 548 1334 μὲν
576 1297 636 1333 βίαν
658 1299 691 1334 ἢν
714 1298 822 1330 ἔπαθον,
845 1298 954 1325 ἀπωδύ-

173 1352 250 1380 ροντο
264 1343 329 1379 (85),
343 1344 417 1371 οὐδὲν
430 1344 458 1371 δὲ
477 1344 539 1380 παρ’
550 1344 639 1376 αὐτοῖς
662 1344 740 1381 ὀρθὸν
757 1344 847 1378 ἔλεγον
868 1344 954 1380 πράτ-

170 1390 274 1421 τεσθαι,
297 1389 485 1426 προστιθέντες
503 1390 549 1416 καὶ
569 1389 658 1422 τοῦτο,
680 1390 718 1421 ὡς
745 1389 798 1424 ἄρα
820 1387 873 1416 εἷεν
897 1390 955 1416 ἐκεῖ

171 1434 262 1461 πελ).οὶ
275 1434 324 1468 τῆς
335 1434 417 1469 ὀρθῆς
439 1434 657 1469 ἀντιποιούμενοι
672 1434 760 1469 δόξης,
784 1433 831 1460 καὶ
853 1433 954 1461 κωλυό-

172 1488 246 1514 μενοι
262 1481 326 1515 παρ’
342 1479 430 1506 αὐτῶν
443 1480 528 1507 ἐλθεῖν
539 1479 663 1510 ἐνταῦθα,
675 1479 718 1506 διὰ
733 1479 762 1505 :6
775 1479 895 1506 ἀπειλεῖν
908 1480 955 1506 καὶ

170 1523 383 1558 ἐπαγγέλλεσθαι
395 1523 464 1550 κατὰ
479 1524 533 1551 τῶν
551 1524 719 1559 βουλομένων
738 1524 887 1559 ἀναχωρεῖν
906 1524 953 1550 ἀπ’

1007 936 1081 960 taxat
1098 933 1214 959 adventu
1232 940 1280 960 suo
1309 933 1460 967 signiﬁcato
1472 953 1480 964 .
1507 932 1599 959 statim
1615 931 1784 966 aufugereut.

1007 978 1070 1005 Haec
1087 978 1158 1005 enim
1183 978 1305 1006 ediscere
1323 979 1400 1006 licuit
1421 986 1435 1005 a
1464 977 1660 1006 comministris
1684 977 1785 1004 nostris

1007 1022 1124 1050 Macario
1141 1024 1168 1050 in
1185 1023 1325 1051 Palaestina
1341 1023 1477 1058 episcopo,
1499 1026 1526 1050 et
1542 1022 1649 1049 Asterio
1669 1021 1696 1048 in
1713 1021 1784 1048 Ara-

1005 1067 1061 1099 hia,
1073 1068 1129 1102 qui,
1142 1072 1284 1102 postquam
1296 1075 1355 1095 cum
1371 1067 1423 1095 illis
1435 1071 1573 1099 venerant,
1585 1067 1619 1094 ab
1630 1074 1722 1094 eorum
1741 1066 1784 1094 in-

1005 1113 1135 1141 ﬁdelitate
1153 1121 1300 1142 recessere.
1319 1113 1350 1140 lli
1365 1113 1436 1140 enim
1453 1120 1514 1140 cum
1540 1114 1574 1139 ad
1592 1117 1713 1140 sanctam
1739 1119 1784 1147 sy-

1005 1160 1104 1188 nodum
1135 1161 1328 1192 advcnissent,
1347 1159 1380 1187 de
1407 1159 1431 1186 vi
1459 1158 1510 1186 sibi
1538 1158 1612 1185 illata
1642 1159 1783 1192 conquesti

1005 1210 1078 1238 sunt,
1103 1205 1281 1240 dicebantque
1306 1205 1373 1232 nihil
1389 1205 1424 1232 ab
1451 1204 1505 1232 illis
1533 1209 1606 1232 recte
1633 1211 1664 1230 ac
1677 1203 1785 1231 sincere

1005 1252 1058 1287 agi.
1083 1251 1223 1279 Addebam
1250 1252 1359 1286 insuper
1377 1250 1475 1278 mullos
1496 1258 1557 1278 cum
1578 1250 1631 1278 illis
1655 1257 1715 1277 esse
1738 1257 1783 1277 re-

1005 1302 1054 1324 cta:
1083 1297 1144 1325 ﬁdei
1172 1297 1299 1330 cultores,
1314 1297 1359 1332 qui
1386 1297 1419 1324 ab
1442 1297 1494 1324 illis
1512 1296 1655 1332 quominus
1671 1295 1723 1323 huc
1737 1303 1782 1323 ac-

1005 1343 1132 1370 cederent
1158 1343 1365 1377 impedirentur;
1389 1349 1435 1369 eos
1456 1343 1527 1370 enim
1553 1343 1597 1376 qui
1616 1349 1646 1369 se
1660 1342 1784 1370 deserere

1005 1387 1106 1415 vellent
1121 1388 1202 1415 minis
1222 1388 1419 1415 absterrebant.
1445 1387 1576 1421 Quocirca
1597 1392 1727 1415 curarunt
1752 1391 1782 1413 ut

1004 1433 1031 1460 in
1047 1440 1099 1460 una
1126 1433 1206 1460 domo
1232 1441 1327 1461 omnes
1356 1438 1514 1465 manerent.
1539 1440 1571 1460 ac
1597 1432 1660 1460 nulli
1686 1439 1784 1460 conca.

1004 1477 1104 1505 debant
1115 1478 1157 1505 vel
1173 1478 1312 1506 minimum
1327 1479 1434 1514 quidem
1455 1480 1583 1513 temporis
1603 1485 1724 1506 searsum
1736 1478 1785 1505 de-

1004 1532 1078 1558 gere.

169 1570 269 1597 αὐτῶν.
287 1570 388 1598 Τούτου
399 1571 464 1606 γοῦν
477 1572 557 1600 ἑνεκα
576 1573 623 1599 καὶ
647 1573 676 1600 ἐν
691 1572 731 1599 ἑνὶ
755 1573 821 1608 οἴκῳ
836 1573 939 1604 πάντας
955 1574 1043 1608 μεῖναι
1056 1572 1232 1604 ἐσπούδασαν,
1247 1575 1313 1610 μηδέ
1329 1574 1360 1601 τὸ
1373 1574 1540 1609 βραχύτατον
1560 1571 1671 1605 ίδιάζειν
1685 1572 1783 1604 αὐτοὺς

171 1617 372 1653 ἐπιτρέψαντες.

203 1694 247 1722 49.
269 1695 344 1722 Ἐπεὶ
359 1694 406 1724 οὖν
418 1698 468 1724 οὐκ
485 1697 536 1725 ἔδει
553 1700 773 1735 παρασιωπῆσαι,
793 1701 853 1728 οὐδέ
871 1701 951 1728 ἀνεκ-

1038 1701 1083 1728 69.
1105 1699 1326 1734 Quandoquidem
1351 1699 1433 1734 igitur
1458 1706 1506 1734 par
1521 1705 1574 1726 non
1588 1702 1660 1725 esset
1674 1698 1782 1727 silentio

169 1739 312 1776 διηγήτους
327 1742 404 1768 ἐᾶσαι
422 1742 472 1774 τὰς
491 1744 686 1777 συκοφαντίας,
707 1745 742 1771 τὰ
761 1745 863 1781 δεσμὰ,
889 1747 952 1777 τοὺς

169 1785 275 1818 φόνους,
291 1786 340 1818 τὰς
357 1787 474 1823 πληγὰς,
487 1788 536 1820 τὰς
547 1789 608 1826 περὶ
623 1790 676 1817 τῶν
695 1791 821 1817 πλαστῶν
843 1792 950 1817 ἐπιστο-

169 1830 221 1857 λῶν
237 1832 378 1865 συσκευὰς,
394 1833 442 1865 τὰς
457 1834 557 1867 αἰκίας,
574 1835 623 1867 τὰς
641 1835 793 1870 γυμνώσεις
810 1836 863 1862 τῶν
881 1845 950 1872 παρ-

168 1875 262 1909 θένων,
278 1876 327 1909 τὰς
347 1877 507 1914 ὲξοριστίας,
524 1880 574 1912 τὰς
587 1880 747 1913 καταλύσεις
767 1881 820 1908 τῶν
838 1882 950 1917 Ἐκκλη-

169 1922 243 1955 σιῶν,
257 1923 318 1955 τοὺς
334 1924 524 1960 ἐμπρησμοὺς,
540 1925 588 1957 τὰς
606 1926 762 1961 μεταθέσεις
778 1927 830 1953 ἀπὸ
845 1928 950 1963 μικρῶν

167 1968 270 1995 πόλεων
287 1970 327 2001 εἰς
340 1969 464 2004 μείζονας
476 1972 628 2006 παροικίας,
643 1971 688 1998 καὶ
709 1973 761 2008 πρό
775 1980 806 2007 γε
829 1973 947 2005 πάντων,

167 2013 216 2048 τὴν
227 2013 298 2040 κατά
310 2015 361 2048 τῆς
374 2015 456 2050 ὀρθῆς
469 2015 584 2047 πίστεως
602 2015 660 2051 (86)
680 2016 870 2043 ἐπαναστᾶσαν
885 2016 948 2055 δυσ-

167 2057 273 2093 ώνυμον
304 2058 446 2094 Ἀρειανὴν
472 2059 577 2094 αἰρεσιν
597 2059 630 2086 δι’
649 2059 755 2086 αὐτῶν·
776 2060 872 2092 τούτου
892 2061 950 2087 ἑνε-

167 2111 224 2134 κεν,
236 2104 298 2135 τοὺς
316 2103 365 2138 μὲν
376 2105 532 2139 ἀγαπητοὺς
547 2104 674 2139 ἀδελφοὺς
689 2106 767 2141 ἡμῶν
781 2107 828 2133 καὶ
847 2106 949 2133 συλλει-

166 2149 297 2182 τουργοὺς
317 2148 483 2181 Ἀθανὰσιον,
509 2149 557 2176 καὶ
577 2150 746 2186 Μάρκελλον,
763 2152 810 2177 καὶ
832 2152 943 2187 Ἀσκλη-

165 2194 221 2220 πᾶν
235 2193 304 2228 (87),
316 2194 363 2220 καὶ
379 2195 441 2226 τοὺς
455 2195 502 2221 σὺν
515 2196 605 2227 αὐτοῖς
625 2196 894 2233 συλλειτουργοῦντας
908 2197 946 2232 τῷ

165 2239 270 2274 Κυρίῳ,
292 2239 394 2271 ἀθώους
420 2241 466 2267 καὶ
488 2241 624 2277 καθαροὺς
647 2240 715 2269 εἶναι
738 2243 944 2278 ἀπεφηνάμεθα,

164 2283 318 2319 γράψαντες
341 2286 387 2311 καὶ
412 2287 451 2317 εἰς
472 2286 520 2321 τὴν
551 2288 664 2314 ἑκάστου
693 2289 850 2324 παροικίαν,
877 2289 946 2315 ὥστε

1002 1747 1211 1782 praetermittere
1227 1753 1321 1772 eorum
1337 1744 1537 1780 sycophantias,
1550 1744 1668 1776 vincula,
1680 1745 1780 1778 caedes,

1002 1792 1094 1825 plagas
1108 1810 1116 1824 ,
1131 1790 1346 1826 conspirationes
1371 1788 1549 1823 supposititiis
1571 1788 1693 1823 epistolis
1709 1794 1782 1816 stru-

1002 1840 1070 1868 ctas,
1085 1835 1208 1868 vulnera,
1221 1834 1355 1869 virginum
1376 1833 1572 1861 denudaliones
1583 1854 1591 1866 ,
1606 1833 1710 1865 exsilia.
1737 1842 1782 1862 ec—

1001 1881 1143 1908 clesiarum
1172 1879 1351 1907 desolationes
1363 1899 1371 1911 ,
1387 1879 1510 1906 incendia
1525 1899 1532 1911 ,
1549 1879 1738 1906 translationes
1765 1887 1780 1907 I

1002 1926 1151 1953 minoribus
1166 1925 1320 1953 civitatibus
1336 1925 1369 1952 ad
1385 1925 1500 1958 majores
1521 1925 1662 1958 dit‘eceses,
1677 1933 1707 1952 ac
1725 1933 1780 1960 pra:

1001 1972 1135 2003 omnibus,
1150 1971 1342 1998 exsecrandam
1366 1971 1490 1998 hmresim
1506 1971 1649 2003 Arianam,
1665 1978 1725 2006 quae
1748 1971 1781 1998 iis

1001 2018 1156 2045 auctoribus
1172 2023 1266 2044 contra
1283 2021 1384 2044 rectam
1399 2016 1478 2045 ﬁdem
1497 2016 1662 2050 iusurrexit;
1680 2017 1781 2044 idcirco

1001 2062 1111 2089 dilectos
1131 2062 1238 2096 quidem
1261 2061 1359 2088 fratres
1387 2067 1414 2088 et
1443 2062 1645 2089 comministros
1674 2067 1779 2089 nostros

1000 2108 1180 2135 Athanasium
1194 2127 1201 2139 ,
1228 2107 1382 2134 Marcellum
1399 2112 1426 2135 et
1438 2107 1592 2142 Asclepam,
1617 2112 1643 2134 et
1660 2108 1704 2142 qui
1719 2115 1780 2135 cum

1001 2152 1052 2180 illis
1064 2152 1179 2179 ministri
1195 2157 1257 2179 sunt
1273 2152 1397 2183 Domini,
1419 2153 1575 2179 innocentes
1591 2156 1617 2179 et
1628 2159 1710 2187 puros
1721 2159 1781 2180 esse

1000 2199 1215 2230 declaravimus;
1243 2197 1333 2225 missis
1347 2198 1379 2225 ad
1393 2198 1513 2233 singulas
1528 2198 1661 2226 dimceses
1672 2196 1780 2231 litterisl

1000 2249 1030 2270 ut
1048 2243 1178 2278 cujusque
1202 2242 1330 2270 Ecclesiae
1351 2242 1440 2277 populi
1459 2243 1500 2270 sui
1516 2242 1632 2277 episcopi
1651 2242 1780 2270 innocen-

1001 2290 1065 2317 tiam
1082 2294 1239 2325 agnoscant,
1254 2297 1369 2323 eumque
1385 2296 1435 2324 pro
1461 2289 1589 2324 episcopo
1605 2287 1721 2315 habeant
1748 2295 1780 2314 ac

164 2329 305 2362 γινώσκειν
329 2330 445 2366 ἑκάστης
467 2332 627 2368 Ἐκκλησίας
648 2333 710 2365 τοὺς
725 2334 804 2366 λαοὺς
821 2335 866 2361 τοῦ
885 2335 947 2362 ἰδίου

1003 2341 1156 2370 exspectent
1171 2336 1335 2364 redeuntem.
1352 2333 1414 2362 Illos
1434 2340 1523 2362 autem
1538 2335 1594 2368 qui,
1604 2334 1691 2361 instar
1705 2333 1779 2368 lupo.

163 2478 218 2513 atat
233 2480 267 2500 ex
285 2473 509 2513 przecedentibus,
534 2475 569 2503 ab
599 2476 749 2505 Athanasio
775 2485 944 2513 nequaquam

163 2509 309 2535 indicatum
325 2509 499 2538 arbitramur.

198 2543 254 2579 (83)
269 2543 372 2579 Theod.
385 2544 506 2579 Μυρσοῦ.
521 2544 604 2571 llilar.
621 2554 637 2572 a
650 2545 751 2574 Marsa.
761 2547 820 2574 Mox
830 2547 944 2579 Thom!"

198 2553 253 2578 tua)
276 2553 372 2570 tneou.
385 2553 428 2570 Μυ
450 2553 506 2571 σου.
523 2553 604 2571 Itttar.
621 2554 637 2572 a
650 2553 944 2579 Murm.Mox'I'lI90Il.,

160 2577 386 2618 τρῖς-σὺν-αὑτοῖς
401 2553 532 2618 tignariis-iv.
559 2579 640 2618 Paulo
661 2587 720 2614 post
744 2583 812 2618 idem
839 2583 946 2609 σύνοδον

161 2612 259 2651 ἐλθεῖν.
278 2612 339 2651 mox
355 2614 523 2651 παραϐαλεῖν
535 2612 737 2651 συνεχειίιρήσαν.
746 2617 813 2644 Infra
824 2618 945 2644 ἐποιοῦν-

160 2647 273 2688 τοιπρὸς
296 2647 420 2680 ἑαυτούς.
443 2650 545 2678 ῚἸιευιΙ.
563 2647 678 2685 ειᾞὲεζ
703 2651 772 2679 Editi
791 2652 851 2679 καθ’
881 2654 944 2679 ὲαυ‹

159 2689 232 2712 τους.

196 2717 398 2760 (θίλΤῇμᾰγξᾳ
426 2720 473 2760 καὶ
493 2719 614 2760 μεγέιλῃ.
628 2721 862 2760 συνόδῳῌΤίιθοιΙ.
882 2722 942 2760 Mm:

160 2750 410 2793 ﬁvgqgﬁofnplev
424 2750 632 2793 ἑαυτῶνὲίριιιὶιο
645 2750 868 2793 ροει,’Μακαρίου
890 2758 944 2784 ἀπὸ

159 2786 228 2826 Παλ.
246 2786 496 2826 Sicjli'eoiloretus.
508 2789 633 2826 illilarius
645 2786 710 2819 vero
729 2797 756 2819 et
777 2786 833 2826 ipse
860 2794 944 2820 Atha-

161 2821 253 2861 nasius
273 2821 340 2848 alias
352 2830 469 2857 semper,
488 2825 605 2859 Ἄρειον,
619 2825 722 2859 Arium,
736 2821 793 2855 non.
802 2835 865 2855 vero
890 2827 943 2854 Ma-

160 2863 265 2882 ιιπιυιιι
281 2862 388 2884 vocant.

1035 2478 1093 2514 (85)
1106 2479 1170 2512 Reg.
1195 2478 1380 2513 ἁπωδύραντο.
1398 2478 1476 2514 Infra
1497 2478 1565 2514 idem
1577 2475 1697 2514 (5575947.
1716 2477 1780 2514 Post

1000 2514 1056 2540 haec
1073 2513 1175 2541 Theod.
1196 2512 1315 2540 ἀπειλεῖν
1332 2513 1379 2540 καὶ
1395 2513 1574 2539 ἐντέλλεσθαι.
1601 2512 1724 2540 Valesius
1742 2512 1781 2539 le-

999 2548 1114 2582 gendum
1145 2553 1220 2582 putat
1252 2548 1466 2583 ὲπαγγέλλεσθαι
1496 2549 1542 2574 καὶ
1567 2547 1696 2574 ἀπειλεῖν.
1726 2547 1780 2574 Sed

999 2590 1129 2616 quorsum
1148 2583 1192 2609 illa
1209 2584 1352 2610 verborum
1381 2583 1582 2615 transnmtatio,
1612 2591 1672 2609 cum
1696 2583 1781 2616 ἐπαγ-ι

999 2617 1141 2652 γέλλεσθαι
1157 2618 1273 2652 idipsum
1289 2619 1324 2645 sit
1339 2618 1409 2651 quod
1426 2618 1556 2648 ἀπειλεῖν,
1579 2621 1609 2644 ut
1627 2617 1694 2644 alias
1710 2624 1781 2650 smpe

998 2652 1247 2679 animadvertimus.
1280 2652 1362 2679 Paulo
1384 2658 1443 2685 post
1465 2652 1567 2679 Themi.
1592 2653 1622 2679 ἑν
1652 2652 1693 2678 ἐνὶ
1714 2651 1781 2686 οτκῳ

998 2686 1109 2718 πάντες,
1124 2687 1170 2714 sed
1198 2687 1293 2714 melius
1305 2687 1408 2718 πάντας
1420 2708 1427 2718 ,
1442 2692 1471 2714 ut
1489 2687 1569 2714 habet
1584 2687 1684 2713 Athan.
1709 2686 1780 2712 lul'ra

997 2722 1218 2757 ἁνεκδιηγήτους,
1235 2722 1429 2749 Felckmannus
1445 2726 1521 2756 putat
1541 2721 1680 2757 legendum
1701 2721 1782 2757 ἀνακ-

997 2756 1172 2791 δικήτους,⁷οι
1185 2765 1249 2783 sane
1264 2757 1382 2784 llilarius
1395 2757 1429 2783 ita
1444 2757 1517 2791 legit,
1530 2757 1575 2790 qui
1593 2756 1674 2783 habet
1690 2764 1697 2783 :
1718 2756 1781 2789 quin

997 2800 1057 2826 ergo
1087 2799 1138 2818 non
1163 2793 1275 2825 oportuit
1303 2793 1487 2823 conticesccre,
1511 2799 1555 2818 nec
1582 2791 1667 2818 inulta
1689 2791 1782 2817 retines

997 2835 1033 2853 re.
1350 2836 1353 2838 ‘

1033 2861 1089 2897 (86)
1105 2861 1178 2888 Tltco
1190 2861 1206 2888 l.
1225 2866 1284 2896 post
1299 2861 1414 2893 πίστεως
1428 2861 1500 2888 addit
1517 2860 1576 2888 νῦν.
