2031 3048
164 169 218 199 553

707 165 876 195 APOLOGIA
893 165 1032 194 CONTRA
1050 165 1209 202 ARIANOS.

1715 164 1768 192 554

163 227 270 263 φθάσας
292 226 422 262 ἐδήλωσα,
436 225 505 252 ἀλλὰ
524 226 570 252 καὶ
595 224 642 252 νῦν
668 224 791 261 ἔγραψα·
818 225 871 251 εἰσὶ
890 223 936 259 γὰρ

998 224 1049 251 etsi
1077 231 1157 258 supra
1192 222 1287 255 retuli,
1303 223 1348 250 hic
1369 229 1475 258 quoque
1503 222 1642 250 scribenda
1677 221 1767 249 duxi:

164 273 307 308 Μάξιμος,
331 272 446 304 Ἀέτιος,
468 272 591 307 Ἄρειος,
615 270 767 306 Θεόδωρος,
787 270 940 305 Γερμανὸς,

163 318 315 350 Σιλουανὺς,
334 317 447 349 Παῦλος,
458 317 613 352 Πατρίκιος,
632 316 773 348 Ἐλπίδιος,
788 315 940 351 Γερμανὸς,

164 363 308 403 Ὲξΰσέὸιος,
331 363 477 399 Ζηνόὸιος,
501 363 621 395 Παῦλος,
642 363 798 398 Μακρῖνος,
821 363 939 398 Πέτρος,

164 409 307 440 Κλαύδιος.

158 470 159 473 η
197 455 242 482 58.
263 454 352 481 Ταῦτα
369 455 511 490 βλέποντες
525 455 673 490 οὑρσάκιος
690 455 737 481 καὶ
753 455 870 489 Οὐάλης,
889 463 939 481 κα-

162 501 300 535 τέγνωσαν
322 501 412 528 λοιπὸν
437 501 556 533 ἑαυτῶν,
585 501 632 527 καὶ
656 500 812 531 ἀνελθόντες
830 501 870 532 είς
892 499 942 535 τὴν

168 547 291 583 Ῥώμην,
309 547 546 583 ἐξωμολογήσαντο
560 547 606 573 καὶ
628 546 704 572 αὐτοὶ
724 546 940 580 μεταγινώσκον-

160 603 216 626 τες,
240 593 402 629 συγγνώμην
429 602 458 620 τε
481 595 614 629 ᾐτήσαντο
628 615 635 626 ,
657 593 702 620 καὶ
726 592 848 627 ἔγραψαν
872 592 940 627 πρὸς

165 640 275 666 Ἰούλιον
291 639 335 666 τὸν
347 640 493 666 ἐπίσκοπον
506 640 555 674 τῆς
569 639 755 675 πρεσῦυτέρας
774 638 881 674 Ῥώμης
893 639 940 665 καὶ

161 685 229 721 πρὸς
251 685 322 719 ἡμᾶς
338 683 432 711 ταῦτα.
455 685 494 711 Τὰ
512 685 601 719 μέντοι
625 684 777 719 ἀντίγραφα
801 684 938 720 ἀπεστάλη

162 738 207 766 μοι
223 729 297 765 παρὰ
309 729 438 756 Παυλίνου
454 729 499 756 τοῦ
515 729 662 756 ἐπισκόπου
682 729 832 764 Τριθέρων.

400 775 464 809 ((51)
484 776 673 802 ΕΡΜΗΝΕΙΑ

158 821 220 848 ἀπὸ
235 820 287 847 τοῦ
308 820 466 855 Ῥωμαϊκοῦ
480 820 534 853 τῆς
548 820 622 854 πρὸς
642 821 763 848 Ἰούλιον
774 820 939 855 ἐπιστολῆς

184 856 250 890 περὶ
261 855 315 890 τῆς
322 856 478 890 μετανοίας
491 856 659 889 Οὑρσακιου
672 856 720 882 καὶ
735 856 911 888 Οὐάλεντος.

995 273 1056 295 sunt
1069 270 1140 296 enim
1167 268 1298 295 Maximus
1309 289 1316 300 ,
1337 269 1430 295 Aelius
1443 288 1450 301 ,
1477 268 1557 295 Arius
1569 287 1576 299 ,
1591 266 1746 295 Theodorus
1759 287 1767 301 ,

991 314 1151 346 Germanus,
1171 313 1313 346 Silvanus,
1336 314 1444 346 Paulus,
1470 313 1616 346 Patricius,
1635 313 1767 348 Elpidius,

991 359 1153 393 Germanus,
1166 360 1309 392 Eusebius,
1329 360 1474 392 Zenobius,
1494 359 1607 391 Paulus,
1618 358 1766 393 Macrinus,

991 406 1097 437 Petrus.
1111 406 1249 433 Claudius.

1024 452 1068 480 58.
1087 452 1148 479 llaec
1159 460 1219 479 cum
1233 452 1354 479 viderent
1367 451 1495 479 Ursacius
1508 456 1536 479 et
1553 451 1660 483 Valens,
1673 459 1719 478 sua
1737 458 1768 478 se

990 497 1135 524 damnante
1150 497 1330 530 conscientia,
1348 498 1460 524 Romam
1483 502 1546 525 sunt
1561 497 1686 532 profecti,
1706 505 1769 531 pec-

991 549 1135 577 catumque
1155 551 1231 570 suum
1247 543 1404 578 pmnitentia
1419 544 1490 570 ducti
1506 543 1624 571 confessi
1649 548 1720 575 sunt.
1736 551 1768 570 ac

990 590 1096 616 veniam
1107 589 1285 623 postularunt,
1293 588 1417 623 Julioque
1425 589 1516 617 Romae
1524 590 1623 617 veteris
1630 590 1767 624 episcopo,

990 635 1109 669 itemque
1123 634 1200 662 nobis
1219 636 1274 661 bare
1294 638 1478 670 scripserunt:
1495 642 1607 669 quorum
1632 635 1768 669 exempla-

990 682 1029 708 ria
1046 681 1113 708 mihi
1128 686 1191 708 sunt
1204 688 1217 706 a
1233 681 1345 708 Paulino
1358 681 1530 709 Trevirorum
1540 682 1665 717 episcopo
1680 686 1768 708 trans-

990 727 1082 754 missa.
1352 724 1353 727 “

1222 771 1528 799 INTERPRETATIO

1031 826 1064 845 ea:
1080 817 1174 845 Latino
1184 822 1256 844 textu
1273 818 1391 851 epistola:
1407 817 1441 844 ad
1454 817 1563 847 latium,
1575 825 1671 852 papam
1688 817 1721 845 de

1151 854 1299 888 paenitentia
1314 852 1417 879 Ursacii
1435 858 1459 879 et
1484 852 1608 879 Valentis.

194 902 289 938 Κυρίῳ
304 901 502 936 μακαριωτάτῳ
516 901 594 935 πάπᾳ
609 901 710 936 Ἰουλίῳ
722 901 872 936 Οὺρσάχιος
891 901 936 927 καὶ

1025 899 1136 926 Domino
1167 899 1324 926 beatissimo
1344 906 1419 934 papae
1442 898 1513 926 Julio
1536 898 1634 925 Valens
1664 903 1692 926 et
1716 898 1768 927 Ur-

159 948 276 983 Οὐάλης.

202 994 307 1029 Ἐπειδὴ
321 993 482 1028 συνέστηκεν
494 994 567 1029 ἡμᾶς
577 994 630 1029 πρὸ
640 993 734 1020 τούτου
751 993 836 1020 πολλά
849 1001 878 1019 τε
892 993 938 1020 καὶ

158 1039 232 1066 δεινὰ
246 1040 308 1075 περὶ
322 1039 479 1067 Ἀθανασίου
489 1038 536 1066 τοῦ
549 1039 697 1065 ἐπισκόπου
711 1038 755 1065 διὰ
768 1038 938 1074 γραμμάτων

159 1085 388 1121 ὑποϐεϐληκέναι,
404 1084 549 1121 γράμμασί
573 1093 603 1111 τε
619 1085 668 1119 τῆς
689 1084 738 1119 σῆς
758 1083 938 1119 χρηστότητος

162 1130 376 1166 μεθοδευθέντες,
390 1131 436 1157 τοῦ
451 1131 609 1166 πράγματος
619 1130 697 1165 χάριν
716 1130 780 1165 περὶ
796 1126 826 1155 οὗ
841 1129 939 1164 ἐδηλώ-

159 1185 257 1211 σαμεν,
276 1177 326 1203 οὐκ
341 1176 510 1212 ἠδυνήθημεν
531 1176 607 1212 λόγον
620 1176 764 1203 ἀποδοῦναι
774 1185 780 1192 ·
794 1175 938 1211 ὁμολογοῦ-

135 1235 139 1240 -
160 1232 210 1258 μεν
226 1223 300 1259 παρὰ
313 1224 345 1258 τῇ
360 1225 391 1259 σῇ
407 1223 580 1259 χρηστότητι,
595 1223 734 1258 παρόντων
748 1222 802 1249 τῶν
818 1222 939 1257 ἀδελφῶν

158 1268 237 1304 ἡμῶν
251 1269 357 1296 πάντων
372 1268 426 1295 τῶν
447 1268 649 1304 πρεσϐυτέρων,
667 1268 707 1294 ὃτι
722 1267 811 1294 πάντα
833 1267 868 1294 τὰ
886 1267 939 1303 πρὸ

157 1314 252 1340 τούτου
272 1314 382 1340 ἐλθόντα
405 1314 444 1345 είς
461 1314 546 1346 ἀκοὰς
565 1314 641 1348 ὑμῶν
655 1314 710 1348 (52)
727 1314 791 1349 περὶ
815 1313 861 1340 τοῦ
878 1313 938 1340 ὀνό-

158 1367 242 1395 ματος
257 1359 303 1386 τοῦ
318 1359 514 1395 προειρημένου
535 1359 692 1386 Ἀθανασίου
704 1359 786 1394 ψευδῆ
808 1360 855 1386 καὶ
872 1359 937 1386 πλα-

159 1406 209 1432 στά
222 1406 289 1437 ἐστι,
302 1405 376 1441 πάσῃ
390 1413 420 1431 τε
435 1405 546 1440 δυνάμει
556 1405 682 1441 ἀλλότρια
694 1405 775 1432 αὑτοῦ
792 1405 920 1441 τυγχάνει
930 1414 936 1420 -

156 1449 201 1476 διά
215 1457 245 1475 τε
258 1449 336 1476 τοῦτο
349 1449 433 1484 ἡδέως
447 1449 656 1485 ἀντιποιούμεθα
669 1451 718 1486 τῆς
739 1450 881 1482 κοινωνίας
892 1450 937 1477 τοῦ

157 1495 356 1531 προειρημένου
378 1495 545 1528 Ἀθανασίου,
570 1496 687 1531 μάλιστα
705 1497 777 1532 ὅτιὴ
802 1496 938 1524 θεοσέϐειά

158 1549 215 1573 σου,
233 1542 303 1568 κατὰ
322 1542 372 1577 τὴν
395 1541 514 1576 εμφυτον
539 1542 637 1577 ἑαυτῆς
652 1542 707 1577 (55)
725 1541 935 1576 καλοκάγαθίαν,

156 1587 190 1622 τῇ
206 1587 293 1622 πλάνῃ
309 1587 386 1622 ἡμῶν
400 1587 551 1623 κατηξίωσε
570 1587 732 1624 συγγνώμην
742 1587 843 1615 δοῦναι.
861 1588 938 1622 Ὁμο-

157 1632 287 1668 λογοῦμεν
300 1633 329 1660 δὲ
350 1634 397 1660 καὶ
417 1633 506 1663 τοῦτο,
525 1634 565 1660 ὄτι
583 1633 616 1660 ἄν
634 1642 699 1660 ποτε
722 1634 796 1669 ἡμᾶς
811 1633 836 1660 οί
860 1633 938 1660 Ἀνα-

157 1679 257 1705 τολικο).
284 1679 450 1714 θελήσωσιν,
472 1679 488 1715 ἢ
512 1680 559 1706 καὶ
589 1680 669 1711 αὐτὸς
696 1680 854 1712 Ἀθανάσιος
881 1680 937 1715 (54)

157 1725 333 1760 κακοτρόπως
364 1726 428 1760 περὶ
453 1725 548 1752 τούτου
570 1726 610 1757 είς
633 1726 722 1762 κρίσιν
743 1725 873 1757 καλέσαι,
900 1725 937 1761 μὴ

157 1769 324 1804 ἀπέρχεσθαι
341 1770 415 1805 παρὰ
436 1769 548 1805 γνώμην
569 1770 618 1805 τῆς
640 1770 689 1804 σῆς
710 1769 875 1801 διαθέσεως·
892 1769 938 1796 τὸν

155 1815 185 1842 δὲ
202 1815 337 1850 αἱρετικὸν
353 1816 460 1850 Ἀρειον
486 1816 532 1842 καὶ
552 1816 615 1846 τοὺς
637 1814 870 1850 ὑπερασπίζοντας
890 1814 939 1840 αὑ-

156 1861 203 1887 τοῦ
218 1861 273 1896 (55)
286 1862 347 1893 τοὺς
363 1861 500 1895 λέγοντας,
515 1871 524 1886 ε
536 1859 590 1887 Ἦν
606 1869 671 1887 ποτε
686 1862 730 1887 ὅτε
737 1861 786 1887 οὐκ
799 1859 833 1896 ἦν
842 1861 937 1893 όΥίὸς,

157 1907 204 1934 καὶ
219 1908 259 1934 ὅτι
274 1909 305 1934 ἐκ
320 1907 366 1934 τοῦ
382 1907 418 1943 μὴ
427 1907 502 1939 όντος
512 1909 526 1934 ὁ
534 1907 595 1938 Υἱός
605 1907 671 1939 ἐστι,
683 1917 692 1933 ι
710 1907 828 1938 καὶτοὺς
839 1907 936 1943 ἀρνου-

158 1953 254 1989 μένους
263 1954 309 1980 τὸν
322 1954 437 1990 Χριστὸν
450 1954 515 1981 Θεὸν
526 1951 593 1980 εἶναι
601 1953 667 1980 Θεοῦ
678 1953 742 1980 Υἰδν
757 1954 810 1990 πρὸ
819 1953 935 1986 αἰώνων,

156 1997 246 2030 καθὼς
262 1999 309 2025 καὶ
332 2000 360 2026 ὲν
385 1999 424 2035 τῷ
438 1999 562 2035 προτέρῳ
580 1999 691 2034 λιϐέλλῳ
708 1999 763 2034 (56)
786 1999 888 2026 ἑαυτῶν
906 2000 936 2026 ὲν

155 2045 189 2081 τῇ
209 2045 361 2080 Μεδιολάνῳ
380 2045 597 2081 ὲπιδεδώκαμεν,
618 2045 665 2072 καὶ
679 2045 725 2072 νῦν
741 2045 787 2072 καὶ
804 2045 847 2071 ἀεὶ
869 2046 935 2072 ἀνα-

156 2090 346 2126 θεματίςομεν.
366 2091 458 2118 Ταῦτα
471 2091 499 2118 δὲ
514 2093 547 2127 τῇ
564 2092 635 2127 χειρὶ
651 2091 753 2117 ἑαυτῶν
766 2090 931 2126 γράψαντες,

156 2134 336 2170 ὁμολογοῦμεν
354 2136 443 2167 πάλιν,
455 2137 496 2162 ὅτι
512 2137 560 2172 τὴν
577 2136 717 2172 Ἀρειανὴν
735 2135 848 2170 αἵρεσιν,
864 2135 934 2161 καθὰ

987 945 1086 973 sacius.

1024 1000 1083 1036 (58)
1108 1000 1239 1034 Quoniam
1252 1005 1358 1028 constat
1380 1007 1429 1027 nos
1444 999 1559 1027 antehac
1575 1001 1657 1027 multa
1673 1001 1766 1036 gravia

989 1047 1021 1074 de
1036 1047 1144 1073 nomine
1162 1046 1303 1074 Athanasii
1328 1045 1446 1080 episcopi
1474 1046 1571 1073 litteris
1587 1047 1686 1074 nostris
1701 1047 1767 1074 iusi-

988 1100 1099 1125 nuasse.
1127 1097 1208 1127 atque
1233 1092 1328 1119 litteris
1354 1091 1510 1119 Sanctitatis
1537 1091 1602 1119 Tua!
1628 1094 1766 1125 conventi,

988 1137 1047 1172 ejus
1061 1138 1098 1165 rei
1112 1137 1146 1165 de
1158 1145 1211 1172 qua
1235 1137 1456 1172 signiﬁcavimus,
1484 1144 1536 1164 non
1550 1137 1707 1170 praestitisse
1721 1146 1767 1165 ra-

989 1185 1087 1211 tionem
1104 1193 1111 1210 :
1121 1184 1278 1217 proﬁtemur
1289 1183 1358 1216 apud
1368 1182 1542 1210 Sauctilatem
1552 1182 1646 1216 Tuam,
1661 1185 1767 1212 cunctis

989 1229 1166 1263 prasentibus
1191 1228 1358 1264 presbyteris
1384 1227 1515 1255 fratribus
1536 1228 1657 1261 nostris,
1675 1230 1766 1257 omnia

988 1282 1048 1309 quae
1060 1275 1173 1301 antehac
1186 1274 1219 1301 ad
1233 1281 1314 1302 aures
1341 1278 1448 1301 nostras
1470 1279 1653 1308 pervenerunt
1669 1275 1701 1302 de
1715 1282 1767 1302 no-

989 1321 1062 1347 mine
1076 1320 1205 1354 pmdicti,
1233 1319 1299 1346 falsa
1325 1319 1402 1346 nobis
1428 1326 1488 1346 esse
1511 1319 1656 1353 insinuata,
1684 1325 1766 1355 atque

989 1367 1115 1393 omnibus
1140 1365 1242 1392 viribus
1256 1371 1368 1392 carere:
1388 1371 1469 1399 atque
1496 1365 1555 1391 ideo
1570 1372 1618 1392 nos
1646 1365 1768 1393 libentis-

989 1411 1057 1438 sime
1071 1411 1194 1445 amplecti
1215 1410 1431 1437 communionem
1453 1410 1573 1444 praadicti
1600 1410 1741 1438 Athanasii
1757 1432 1766 1445 ,

989 1457 1106 1484 maxime
1120 1465 1180 1484 cum
1200 1457 1335 1484 Sanctitas
1349 1457 1405 1484 Tua
1419 1476 1427 1489 ,
1447 1464 1496 1492 pro
1506 1457 1591 1490 ,insita
1620 1458 1671 1484 sibi
1686 1458 1768 1485 bene-

989 1504 1118 1536 volentia,
1134 1504 1221 1531 errori
1238 1509 1330 1531 nostro
1344 1504 1449 1531 veniam
1465 1503 1544 1531 fuerit
1568 1504 1633 1531 dare
1645 1504 1766 1539 dignata.

991 1549 1150 1577 Proﬁtemur
1161 1550 1256 1581 etiam,
1271 1550 1341 1584 quod
1353 1549 1375 1577 si
1392 1549 1538 1584 aliquando
1555 1557 1604 1576 nos
1616 1549 1767 1577 Orientales

989 1594 1134 1626 voluerint,
1152 1593 1194 1621 vel
1205 1594 1274 1621 idem
1290 1594 1454 1621 Athanasius
1468 1594 1539 1621 malo
1550 1595 1639 1622 animo
1651 1596 1684 1622 ad
1700 1603 1767 1622 cau-

989 1647 1046 1667 sam
1067 1647 1174 1671 vocare.
1190 1641 1258 1667 citra
1280 1641 1473 1667 conscientiam
1496 1645 1569 1667 tuam
1586 1639 1642 1668 non‘
1657 1641 1767 1668 adfutu-

989 1692 1053 1716 ros;
1071 1685 1225 1712 llaereticum
1242 1692 1306 1712 vero
1330 1685 1424 1712 Arium
1445 1686 1491 1712 sed
1511 1690 1538 1712 et
1550 1686 1681 1713 satellites
1696 1687 1766 1721 ejus.

989 1730 1034 1764 qui
1045 1729 1153 1757 dicunt:
1165 1739 1175 1755 r
1187 1730 1251 1757 Erat
1263 1734 1367 1764 tempus
1381 1730 1490 1765 quando
1506 1739 1558 1758 non
1566 1737 1626 1759 erat
1635 1732 1729 1766 Filius,
1740 1738 1768 1760 et

989 1774 1034 1808 qui
1051 1774 1144 1801 dicunt
1160 1781 1194 1801 ex
1209 1774 1295 1802 nihilo
1309 1774 1419 1807 Filium,
1431 1785 1441 1801 ›
1459 1779 1486 1803 et
1497 1777 1542 1810 qui
1557 1783 1655 1811 negant
1669 1777 1768 1805 DeiFi-

990 1818 1055 1846 lium
1065 1823 1127 1847 ante
1139 1820 1237 1847 saecula
1251 1818 1335 1847 fuisse
1362 1819 1432 1855 (59),
1445 1822 1515 1848 sicut
1540 1829 1587 1856 per
1601 1822 1717 1856 priorem
1736 1824 1768 1850 li-

990 1861 1088 1889 bellum
1106 1867 1226 1889 nostrum
1248 1870 1328 1897 quem
1353 1864 1422 1898 apud
1444 1864 1622 1893 Mediolanum
1644 1868 1767 1901 porrexi-

990 1914 1059 1940 mus,
1074 1912 1100 1934 et
1132 1915 1203 1934 nunc
1228 1912 1255 1935 et
1285 1915 1391 1939 semper
1417 1909 1671 1938 anathematizasse.
1705 1911 1767 1940 lla:c

990 1960 1070 1979 manu
1088 1957 1177 1980 nostra
1190 1961 1249 1988 quae
1260 1955 1605 1990 scripsimus;proﬁtemur,
1623 1963 1651 1984 et
1671 1957 1766 1985 iterum

988 1999 1102 2026 dicimus
1127 2000 1248 2026 haeresim
1259 2000 1397 2034 Ariauam,
1413 2003 1575 2037 utsuperius
1598 2005 1724 2037 diximus,
1741 2011 1769 2034 et

987 2045 1045 2078 ejus
1055 2050 1180 2073 auctores
1192 2047 1217 2072 in
1230 2051 1387 2081 perpetuum
1407 2048 1559 2076 damnasse.
1573 2050 1606 2076 Et
1622 2059 1703 2078 manu
1716 2051 1767 2079 Ur-

988 2091 1052 2117 sacii
1069 2100 1074 2117 :
1093 2092 1146 2126 Ego
1162 2091 1291 2119 Ursacius
1305 2093 1446 2128 episcopus
1466 2094 1530 2121 huic
1543 2097 1704 2129 professioni
1718 2106 1768 2125 no-

989 2140 1052 2163 stra:
1072 2137 1233 2171 subscripsi.
1251 2138 1394 2172 (Similiter
1413 2143 1440 2165 et
1451 2138 1573 2175 Valens.)

156 2181 331 2216 προείπομεν,
343 2183 460 2213 καὶτοὺς
472 2182 572 2217 ταύτης
587 2182 716 2214 αὐθέντας
750 2181 948 2217 κατεκρίναμεν
967 2181 1007 2213 είς
1043 2182 1088 2209 τὸν
1113 2183 1207 2210 αἰῶνα.
1236 2183 1305 2217 Ἐγὼ
1333 2185 1484 2220 Οῠρσάκιος
1504 2188 1536 2222 τῇ
1560 2187 1689 2223 ὁμολογίᾳ
1715 2197 1766 2223 μου

155 2228 240 2264 ταύτῃ
251 2228 343 2265 παρὼν
357 2229 514 2265 ὑπέγραψα·
530 2230 627 2265 ὁμοίως
640 2231 685 2256 καὶ
697 2230 803 2265 Οὐάλης
812 2230 879 2265 (57).

191 2329 247 2366 (5i)
259 2330 325 2357 Cum
339 2330 396 2357 dua:
412 2330 531 2364 epistola!
547 2335 690 2364 sequentes
706 2331 799 2357 Latine
813 2330 932 2364 primum

155 2365 234 2392 editae
257 2367 311 2392 siut
334 2370 362 2392 ut
387 2366 520 2392 habentur
543 2366 612 2400 apud
642 2366 783 2397 Ililariuni,
801 2373 847 2392 eas
874 2366 935 2392 inde

156 2400 336 2427 transcribere
351 2400 435 2427 visum
449 2406 499 2427 est.

203 2435 247 2462 52)
264 2435 301 2461 Ita
318 2443 411 2462 omnes
421 2443 485 2462 mss.
502 2440 528 2462 et
541 2435 617 2462 editi.

203 2470 246 2506 55)
257 2470 301 2497 Sic
314 2471 377 2505 Reg.
393 2470 466 2503 $02.,
484 2471 578 2506 αὐτῆς.
594 2470 663 2497 Editi
679 2477 753 2501 vero,
767 2470 863 2497 αὐτοῦ.

192 2517 248 2550 (54)
257 2516 294 2543 lla
305 2516 372 2551 Reg.
382 2516 443 2543 Soz.
452 2521 478 2543 et
491 2516 624 2543 Hilarius:
643 2516 670 2542 in
681 2516 761 2542 editis
769 2522 869 2547 autem,
881 2516 935 2543 Εὑ-

156 2552 256 2583 σέΰιος,
271 2552 317 2578 sed
337 2552 472 2584 mendose,
484 2552 585 2584 jamdiu
599 2551 670 2578 enim
686 2551 739 2577 fato
753 2551 857 2578 functus
872 2557 932 2578 erat

156 2588 287 2614 Eusebius
301 2591 423 2620 uterque.
443 2585 504 2612 llaec
519 2590 606 2612 autem
624 2594 656 2612 eo
673 2586 749 2612 aiunt
765 2586 892 2613 Ursacius
904 2592 933 2613 et

156 2622 265 2653 Valens,
281 2622 342 2655 quia
360 2629 420 2648 cum
439 2621 578 2647 Athanasii
604 2628 667 2655 erga
683 2628 711 2647 se
727 2622 845 2647 animum
866 2629 932 2646 non-

155 2657 217 2682 tlum
235 2658 401 2689 exploratum
426 2656 565 2687 haberent,
587 2657 748 2683 verebantur
766 2663 809 2688 ne,
828 2657 867 2682 vel
898 2657 932 2683 ab

155 2691 313 2723 Athanasio,
329 2691 368 2718 vel
383 2691 416 2718 ab
432 2691 492 2718 aliis
506 2690 686 2718 Orientalibus
702 2692 734 2718 de
750 2691 860 2718 structis
874 2699 887 2717 a
904 2699 933 2718 se

155 2726 295 2753 calumniis
309 2727 334 2753 in
344 2726 471 2760 judicium
485 2731 654 2753 vocarentur.

191 2771 247 2807 (55)
262 2772 350 2804 Socr.,
359 2771 591 2807 ὑπερασπίζοντας
605 2771 689 2806 αὐτῷ.

192 2817 248 2852 (56)
263 2817 310 2845 llic
326 2818 430 2844 libellus
446 2818 480 2844 ab
495 2817 605 2853 Ursauio
617 2823 645 2844 ct
658 2817 770 2853 Valente
788 2817 813 2844 in
829 2819 932 2853 synodo

157 2851 345 2880 Mediolauensi
361 2853 422 2879 anni
431 2853 483 2879 3i!)
493 2858 534 2878 est
545 2852 660 2878 oblatus.
671 2852 746 2885 Quod
761 2851 931 2887 adsynmluul

294 2899 429 2928 PATnOL.
453 2900 511 2928 Gn.
536 2899 634 2928 XXV.

986 2328 1210 2356 Mediolauensem
1237 2328 1301 2354 anni
1326 2329 1376 2355 547
1401 2336 1529 2357 adversus
1554 2329 1697 2357 Photinnm
1721 2338 1767 2358 co-

987 2368 1074 2389 actam
1092 2363 1193 2390 referre
1209 2363 1387 2397 nequidquam
1413 2365 1501 2391 conati
1515 2370 1579 2392 sunt
1597 2365 1694 2391 eruditi
1707 2367 1768 2398 qui-

987 2399 1046 2424 dam
1061 2398 1119 2424 viri.
1134 2398 1171 2425 Eo
1182 2399 1252 2424 enim
1268 2406 1339 2425 anno
1353 2399 1455 2432 potiore
1470 2400 1528 2426 loco
1546 2399 1659 2431 Ursacii,
1677 2400 1768 2427 Valen-

987 2433 1053 2459 tiset
1068 2433 1227 2459 Arianorum
1241 2441 1284 2459 res
1299 2433 1381 2463 fuere.
1396 2442 1474 2467 quam
1490 2435 1558 2461 utad
1570 2435 1639 2461 hanc
1653 2436 1767 2462 necessi-

988 2471 1069 2503 tatem
1084 2468 1138 2494 sint
1150 2468 1248 2498 adacti,
1261 2469 1359 2501 quippe
1371 2470 1416 2502 qui
1429 2477 1460 2495 eo
1477 2470 1534 2502 ipso
1550 2477 1621 2495 anno
1636 2470 1765 2503 synodum

988 2502 1162 2536 Philippopoli
1188 2503 1359 2532 celebrarint.
1385 2511 1437 2536 qua
1465 2504 1550 2530 soluta
1580 2502 1713 2537 ingentem
1741 2506 1766 2531 in

987 2537 1139 2564 Catltolieus
1156 2539 1367 2570 persecutionem
1384 2538 1533 2572 Constantii
1550 2547 1600 2572 ope
1618 2538 1679 2565 freti
1694 2541 1768 2565 exci—

988 2573 1079 2598 tarint.
1096 2573 1160 2604 Quae
1184 2580 1226 2598 res
1245 2573 1307 2606 quin
1328 2573 1354 2598 iu
1377 2571 1471 2599 Ililarii
1498 2571 1617 2600 editione
1637 2582 1651 2599 a
1669 2576 1767 2600 nostris

985 2608 1115 2668 gdorgata
1135 2607 1192 2633 fuse
1208 2612 1371 2641 pertractata
1388 2608 1447 2638 l'uit,
1472 2616 1524 2635 non
1541 2609 1652 2635 ulterius
1666 2609 1711 2635 hic
1725 2609 1767 2635 in-

1004 2649 1051 2668 a2a
1075 2646 1137 2668 Itur.

1224 2675 1271 2702 καί
1282 2676 1411 2711 Οὺιιίης.
1421 2676 1482 2704 llam
1491 2677 1561 2712 apud
1576 2677 1706 2711 llilarium
1720 2678 1766 2704 (le-

1002 2720 1018 2737 ιι
1029 2720 1093 2737 evan
1109 2719 1150 2737 lll'.

1002 2717 1124 2737 lllcl'uﬂlll
1130 2720 1150 2737 Γ.

1054 2721 1065 2727 τι
1098 2718 1106 2736 ι
1144 2731 1150 2737 .

986 2718 1242 2781 Slufilgilclorntextus
1256 2745 1368 2774 Latinus
1385 2755 1416 2774 ex
1432 2747 1522 2774 Ililarii
1549 2747 1705 2781 fragmentis
1721 2747 1767 2774 de-

1059 2790 1119 2807 Illis.

987 2788 1210 2853 ῗιῗὶῗὶῧῖιῗομίςεο
1234 2817 1339 2842 videtur
1356 2817 1540 2853 Athanasius;
1566 2823 1589 2844 et
1612 2819 1657 2852 qui
1672 2821 1766 2853 negant

986 2851 1115 2879 C/u'islutu
1133 2851 1211 2878 Deum
1223 2861 1277 2878 esse
1289 2852 1333 2878 llci
1352 2851 1448 2879 Filium
1463 2859 1522 2880 alite
1537 2856 1643 2880 stvculu.

1575 2902 1612 2930 12
