2031 3048
251 149 305 182 355

344 210 494 240 DOHINO
510 211 556 238 ET
574 211 708 239 FRATRI
727 213 942 241 ATIIANASIO

480 245 618 282 tUnacius
633 252 657 274 et
680 247 785 276 Valens.

286 292 344 328 (60)
367 292 446 320 Dedit
471 299 500 320 se
526 293 632 320 occasio
657 293 749 321 fratris
767 299 794 322 et
819 296 1030 331 compreshyteri

248 338 335 366 nostri
349 337 476 373 Moysetis
491 337 625 366 venientis
633 339 666 365 ad
673 339 758 367 Tuam
774 340 960 374 Dilectionem,
971 341 1031 368 fra-

250 389 291 411 ter
307 383 480 416 charissime,
498 391 547 418 per
563 392 641 419 quem
660 385 708 412 tibi
721 385 834 413 salutem
850 386 1030 422 largissimam

249 429 364 457 dicimus
378 437 412 457 ex
423 430 635 465 Aquileiensium
661 431 782 464 civitate,
800 436 826 459 et
847 438 974 467 optamus
998 438 1028 460 ιιι

251 475 397 503 incolumis
413 475 516 503 litteras
533 481 642 504 nostras
657 485 811 505 recenseas.
835 478 945 506 Dederis
957 479 1029 506 enim

252 522 380 550 ﬁduciam
400 523 423 550 si
437 527 466 550 tu
483 531 589 558 quoque
602 524 773 552 rescribendo
795 525 882 552 vicem
895 525 972 552 nobis
991 532 1033 552 re-

248 569 364 604 pendas.
392 569 463 596 Sane
491 570 591 597 habere
618 570 697 606 1A0
721 578 769 598 nos
791 571 880 598 locum
903 576 990 598 tecum
1005 575 1032 598 et

249 616 466 644 communionem
477 617 687 644 ecclesiasticam
708 617 751 645 his
765 617 862 645 litteris
886 617 965 645 scito.
986 617 1031 644 Di-

239 663 310 704 tvina
327 663 413 698 pietas
428 667 453 690 te
469 663 613 696 custodiat,
632 663 726 690 frater.

284 799 332 827 ΗΑ)
344 805 406 828 sunt
418 800 577 828 illaalittera:
591 809 598 828 :
629 801 680 828 hoc
703 801 755 828 fuit
770 801 958 836 episcoporum
975 801 1030 829 sui-

249 846 362 882 fragium
374 847 560 882 judiciumque
585 847 671 874 nostri
693 854 775 874 causa
789 847 892 874 datum.
907 847 966 880 Quo
982 854 1032 874 au-

249 897 304 920 tem
321 893 410 927 palam
427 892 474 919 ﬁat
490 900 537 920 eos
552 900 603 920 non
617 893 704 926 gratia
723 893 849 927 quadam,
872 900 923 920 non
937 900 1030 920 ncces-

248 938 329 965 sitate
351 938 435 965 autvi
453 938 577 966 inductos
592 946 652 966 esse
672 939 704 966 ad
726 938 782 966 haec
797 939 942 974 agendum,
967 938 1031 966 libet

538 150 772 182 'SI'A/THANASII
791 156 867 183 ΟΡΡ.
889 155 980 184 PARS
999 158 1019 183 l.
1040 172 1074 177 —
1093 157 1276 185 lllSTORlCA
1298 157 1341 185 ET
1362 151 1577 185 DOGMATICA:

1820 158 1873 185 52:6

1139 216 1252 250 nmo
1270 215 1412 250 ΑΔΕΛΦῼ
1428 216 1611 250 mamma
1627 215 1815 249 ΕΠΙΣΚΟΠῼ

1203 251 1368 284 Οὑρσὰκιος
1381 252 1428 277 καὶ
1444 250 1562 284 (“nunc
1579 251 1748 277 ἐπίσκοποι.
1763 277 1769 284 υ

1127 296 1264 332 Ἀφορμὴν
1280 296 1405 331 εὑρόντες
1426 296 1470 323 διὰ
1484 296 1530 322 τοῦ
1549 295 1661 331 ἀδελφοῦ
1684 295 1732 322 καὶ
1747 300 1871 331 συμπρε-

1084 343 1213 378 σϐυτέρου
1230 342 1309 377 ἡμῶν
1326 342 1462 369 Μουσαίου
1473 363 1480 374 ,
1501 341 1648 377 ἐρχομένου
1672 341 1739 377 πρὸς
1754 341 1803 376 τὴν
1820 341 1870 376 σὴν

1082 388 1202 423 ἀγάπην,
1224 388 1321 422 ἀδελφὲ
1345 387 1490 422 ἀγαπητὲ,
1512 387 1544 413 δι’
1566 387 1649 414 αὐτοῦ
1674 395 1704 413 σε
1729 387 1777 413 καὶ
1797 387 1869 413 πάνυ

1082 433 1318 469 προσαγορεύομεν
1329 433 1382 459 ἀπὸ
1395 434 1444 468 τῆς
1459 433 1584 469 ’Δκυλίης
1594 433 1660 469 (61)⁷
1675 433 1721 460 καὶ
1733 432 1868 467 εὐχόμεθα

1083 479 1238 513 ὑγιαίνοντα
1251 487 1280 504 σε
1295 478 1329 505 τὰ
1343 479 1495 514 γράμματα
1508 478 1541 504 τὰ
1559 478 1681 514 ἡμέτερα
1696 477 1850 511 ἀναγνῶναι
1859 485 1865 491 ·

1081 525 1177 557 δώσεις
1190 525 1244 560 γὰρ
1260 525 1381 560 καὶήμίν
1397 524 1518 560 θαρρεῖν,
1536 523 1583 550 ἐὰν
1598 523 1687 550 καὶσὺ
1702 524 1732 550 ὲν
1749 523 1788 558 τῷ
1800 522 1867 558 γρά-

1082 579 1141 605 φειν
1157 571 1206 606 τὴν
1223 571 1339 606 ἀμοιϐὴν
1362 572 1428 606 ἡμῖν
1451 570 1566 605 ἀποδῷς.
1582 570 1701 596 Γίνωσκε
1716 569 1769 605 γὰρ
1793 569 1867 604 ἡμᾶς

1082 618 1193 653 εἰρήνην
1210 617 1282 652 ἔχειν
1300 617 1369 652 μετὰ
1384 616 1443 647 σοῦ,
1460 616 1507 643 καὶ
1525 615 1664 643 κοινωνίαν
1677 615 1748 650 ἔχειν
1768 614 1866 649 ἐκκλη-

1083 663 1236 698 σιαστικὴν,
1251 663 1297 690 καὶ
1319 662 1414 689 τούτου
1428 662 1570 698 γνώρισμα
1585 663 1602 697 ἡ
1627 661 1670 688 διὰ
1687 660 1788 687 τούτων
1812 660 1866 687 τῶν

1082 709 1253 744 γραμμάτων
1269 708 1448 745 προσηγορία.
1468 709 1500 734 'H
1518 708 1578 734 θεία
1598 707 1710 743 πρόνοιά
1727 715 1756 733 σε
1771 706 1867 741 διαφυ-

1081 754 1170 781 λάττοι
1186 754 1254 789 (62),
1269 754 1357 790 κύριε,
1373 754 1497 789 ἀγαπητὲ
1511 753 1619 787 ἀδελφέ.

1116 801 1156 827 Τὰ
1176 801 1224 835 μὲν
1243 799 1288 827 οὖν
1313 801 1452 836 γραφέντα
1464 800 1550 827 ταῦτα
1569 800 1635 835 (65),
1651 800 1699 826 καὶ
1723 799 1792 834 αὕτη
1811 798 1866 825 τῶν

1081 847 1236 874 ἐπισκόπων
1250 847 1266 881 ἡ
1280 845 1370 881 ψῆφος
1382 847 1428 873 καὶ
1445 846 1534 882 κρίσις
1546 845 1602 881 (64)
1617 846 1687 881 ὑπὲρ
1703 845 1791 881 ἡμῶν.
1804 846 1866 872 Ὅτι

1079 892 1109 918 δὲ
1128 892 1159 918 οὐ
1171 892 1356 927 κεχαρισμένα
1368 892 1561 927 πεποιήκασιν,
1576 891 1635 918 οὐδὲ
1650 890 1866 926 ἀναγκαζόμενοι

1081 937 1157 973 παρά
1176 945 1259 968 τινος,
1276 936 1416 972 βούλομαι,
1434 936 1644 972 συγχωρούντων
1661 936 1748 972 ὑμῶν,
1762 936 1866 964 ἄνωθεν

248 991 310 1011 cum
325 988 414 1010 vestra
427 984 496 1010 bona
512 984 589 1011 venia
607 991 664 1011 rem
679 984 759 1012 altius
773 984 805 1011 ab
821 985 932 1012 exordio
952 992 1027 1012 enar-

1081 983 1110 1016 ὲξ
1127 983 1213 1018 ἀρχῆς
1233 982 1413 1018 διηγήσασθαι
1432 982 1463 1009 τὸ
1476 983 1601 1018 πρᾶγμα,
1617 983 1660 1009 ἵνα
1674 982 1771 1017 γνῶτε,
1787 982 1824 1014 ὡς
1839 983 1864 1009 οἱ

248 1036 310 1056 rare
323 1038 331 1062 ;
347 1035 377 1056 ut
391 1029 561 1063 cognoscatis
576 1029 716 1065 episcopos
727 1030 795 1065 arqui
815 1030 932 1064 hortique
941 1029 1030 1057 studio

248 1075 313 1102 talia
334 1075 539 1110 conscripsisse,
567 1074 708 1103 Valentem
729 1083 793 1104 vero
814 1075 1029 1110 Ursaciumque,

250 1122 424 1157 quantumvis
440 1129 511 1153 sero,
532 1122 674 1149 veritatem
691 1126 779 1149 tamen
791 1129 851 1150 esse
867 1121 1016 1150 confessos.

283 1167 328 1196 59.
342 1167 437 1196 Petrus
451 1167 520 1203 apud
536 1175 585 1195 nos
597 1172 662 1195 ante
678 1168 899 1203 persecutionem
923 1168 1030 1203 episco-

249 1221 312 1248 pus,
325 1214 352 1241 in
362 1215 551 1249 persecutione
567 1219 670 1249 martyr
680 1213 815 1242 occubuit.
830 1213 880 1241 ilic
895 1213 1029 1241 Meletium

247 1259 294 1295 qui
310 1260 452 1295 episcopus
475 1259 502 1287 in
516 1259 633 1295 ASgypto
646 1264 716 1292 erat,
735 1259 912 1294 plurimorum
936 1259 1030 1287 convi-

247 1312 320 1334 ctum
334 1306 469 1334 scelerum
486 1325 494 1339 ,
523 1313 555 1333 ac
579 1305 749 1340 potissimum
766 1304 839 1340 quod
864 1304 1031 1332 immolasset

247 1351 339 1384 idolis,
352 1352 380 1379 in
396 1352 530 1379 communi
553 1352 740 1386 episcoporum
764 1351 866 1386 synodo
893 1350 1026 1385 deposuit.

249 1397 373 1426 Meletius
397 1405 463 1425 vero
476 1405 565 1431 neque
589 1397 622 1425 ad
646 1397 727 1424 aliam
743 1396 864 1432 confugit
877 1397 1028 1431 synodum,

246 1451 335 1479 neque
345 1444 452 1472 curavit
463 1443 532 1479 apud
547 1448 669 1478 posteros
679 1450 738 1471 sese
746 1449 863 1478 purgare
875 1451 882 1469 :
897 1442 945 1470 sed
957 1442 1030 1470 schi-

246 1490 342 1519 smatis
355 1495 451 1518 auctor
463 1489 523 1517 fuit.
540 1489 664 1525 Hincque
681 1489 781 1517 factum
800 1492 832 1517 ut
842 1488 902 1524 ejus
913 1493 1031 1516 sectato-

247 1543 293 1564 res
323 1537 456 1564 hactenus
486 1543 536 1571 pro
554 1535 718 1564 Christianis
734 1535 871 1563 Meletiani
906 1535 1028 1562 audiant.

245 1584 399 1619 Statimque
412 1583 463 1611 .ille
473 1583 614 1618 episcopos
625 1582 777 1610 maledictis
785 1582 867 1617 capit
881 1581 1028 1613 incessere;

245 1630 334 1665 primo
356 1629 464 1664 quidem
477 1629 564 1664 ipsum
581 1628 701 1661 Petrum,
715 1628 813 1655 dehinc
827 1627 959 1655 Achillam
983 1634 1031 1655 ca-

1083 1029 1132 1065 μὶν
1148 1030 1290 1056 ἐπίσκοποι
1301 1029 1388 1065 ὀρθῶς
1402 1030 1450 1056 καὶ
1460 1029 1570 1061 δικαίως
1585 1029 1738 1064 βουλόμενοι
1753 1028 1865 1056 τοιαῦτα

1081 1075 1216 1112 ἔγραψαν·
1233 1076 1247 1102 ὁ
1261 1075 1289 1102 δὲ
1303 1075 1409 1111 Οὐάλης
1421 1076 1468 1102 καὶ
1484 1075 1636 1111 Οὐρσάκιος
1658 1075 1708 1103 κᾶν
1727 1075 1776 1110 ὀψέ
1801 1083 1866 1102 ποτε

1080 1122 1129 1158 τὴν
1146 1121 1273 1157 ἀλήθειαν
1287 1121 1477 1157 ὡμολόγησαν.

1115 1166 1159 1195 59.
1175 1167 1277 1203 Πέτρος
1292 1167 1356 1203 παρ’
1369 1168 1436 1202 ἡμῖν
1446 1167 1499 1203 πρὸ
1510 1167 1559 1203 μὲν
1568 1166 1614 1194 τοῦ
1629 1167 1746 1203 διωγμοῦ
1756 1167 1866 1202 γέγονεν

1080 1212 1238 1245 ἐπίσκοπος,
1250 1213 1279 1239 ὲν
1294 1212 1322 1239 δὲ
1334 1213 1372 1248 τῷ
1388 1212 1499 1248 διωγμῷ
1515 1213 1563 1239 καὶ
1574 1213 1774 1249 ἐμαρτύρησεν.
1783 1210 1866 1246 Οὗτος

1080 1258 1207 1286 Μελίτιον
1219 1258 1273 1285 ἀπὸ
1285 1259 1335 1294 τῆς
1346 1259 1483 1293 Αἰγύπτου
1492 1259 1636 1295 λεγόμενον
1647 1260 1807 1292 ἐπίσκοπον,
1819 1260 1867 1286 ἐπὶ

1080 1304 1192 1336 πολλαῖς
1206 1304 1368 1340 ἐλεγχθέντα
1391 1305 1574 1340 παρανομίαις
1595 1305 1642 1332 καὶ
1659 1305 1739 1341 θυσίᾳ
1753 1305 1820 1341 (65),
1836 1306 1867 1331 ιν

1080 1350 1156 1384 κοινῇ
1173 1349 1274 1384 συνόδῳ
1296 1349 1351 1376 τῶν
1372 1349 1529 1376 ἐπισκόπων
1553 1349 1686 1376 καθεῖλεν.
1704 1349 1784 1377 Ἀλλὰ
1807 1350 1866 1377 Με-

1078 1394 1162 1426 λίτιος
1191 1395 1222 1421 οὺ
1251 1394 1319 1430 πρὸς
1345 1395 1439 1430 ἑτέραν
1468 1395 1576 1422 σύνοδον
1605 1395 1774 1430 κατέφυγεν,
1803 1395 1868 1423 οὐδὲ

1079 1439 1244 1467 ἐσπούδασεν
1259 1439 1479 1476 ἀπολογήσασθαι
1492 1441 1549 1472 τοῖς
1566 1440 1634 1476 μετὰ
1649 1440 1745 1467 ταῦτα·
1763 1441 1868 1476 σχίσμα

1079 1485 1107 1512 δὲ
1126 1485 1269 1521 πεποίηκε.
1285 1485 1340 1512 Καὶ
1356 1486 1416 1512 ἀντὶ
1432 1486 1602 1522 Χριστιανῶν
1613 1486 1770 1513 Μελιτιανοὶ
1784 1487 1869 1523 μέχρι

1079 1530 1127 1558 νῦν
1140 1531 1165 1557 ot
1175 1530 1224 1566 τῆς
1236 1531 1339 1557 ἐκείνου
1352 1531 1459 1567 μερίδος
1471 1531 1657 1566 ὀνομάζονται,
1665 1531 1747 1563 εὐθύς
1757 1540 1789 1558 τε
1802 1534 1867 1564 τοὺς

1079 1577 1244 1609 ἐπισκόπους
1272 1577 1401 1614 λοιδορεῖν
1427 1577 1528 1613 ἥρξατο
1541 1597 1549 1610 ,
1575 1577 1623 1605 καὶ
1647 1577 1755 1614 πρῶτον
1784 1578 1867 1605 αὐτὸν

1079 1622 1198 1659 Πέτρον,
1222 1622 1270 1649 καὶ
1294 1622 1340 1649 τὸν
1354 1623 1412 1658 μετ’
1434 1622 1514 1649 αὐτὸν
1538 1622 1662 1658 Ἀχιλλᾶν
1676 1622 1783 1650 διέϐαλε
1795 1642 1802 1654 ,
1817 1622 1867 1650 καὶ

246 1675 393 1703 lumnia‘tus
409 1679 462 1709 est,
477 1680 504 1703 et
520 1678 582 1710 post
598 1673 742 1706 Achillam,
756 1673 952 1701 Alesandrum.
970 1673 1027 1701 Hoc

1081 1667 1151 1703 μετὰ
1167 1667 1291 1703 Ἀχιλλᾶν
1302 1668 1358 1704 (66)
1373 1668 1554 1704 Ἀλέξανδρον.
1567 1668 1651 1696 Τοῦτο
1662 1668 1690 1695 δὲ
1705 1668 1866 1704 πανούργως

245 1726 336 1750 autem
353 1720 496 1749 Absalonis
513 1720 635 1748 imitatus
659 1719 812 1754 exemplum
828 1739 836 1752 ,
865 1719 962 1747 callide
986 1722 1028 1747 est

245 1773 401 1802 aggressus,
417 1773 449 1793 eo
467 1772 564 1800 nempe
579 1765 681 1798 animo,
701 1770 732 1792 ut
747 1764 964 1800 quandoquidem
981 1763 1029 1792 de-

244 1811 346 1846 positio
362 1810 535 1845 ignominiam
551 1810 687 1843 inurebat,
703 1809 846 1837 calumniis
858 1810 954 1837 saltem
969 1810 1027 1836 suis

244 1855 424 1890 simpliciores
433 1859 531 1890 posset
544 1854 751 1882 circumvenire.
770 1854 893 1887 Interim.
920 1853 1029 1882 Meletio

245 1900 307 1928 hac
321 1904 429 1935 agente,
446 1900 545 1927 Ariana
559 1905 653 1928 exorta
665 1904 706 1928 est
719 1900 831 1928 hmresis
844 1907 852 1927 :
874 1900 921 1928 sed
941 1900 968 1927 in
981 1899 1031 1926 Ni-

244 1953 319 1974 cama
332 1945 512 1981 synodo,ipsa
525 1946 634 1980 quidem
644 1946 754 1974 haeresis
768 1946 940 1973 anathemate
953 1945 1030 1972 dam—

245 1996 324 2024 nata,
352 1991 500 2026 Arianique
535 1991 640 2026 rejecti,
670 1990 802 2018 Meletiani
838 1997 902 2018 vero
939 1989 1030 2024 aliquo

246 2037 329 2066 modo
349 2038 451 2072 recepti
472 2041 536 2065 sunt
551 2046 559 2064 :
589 2044 675 2072 neque
689 2037 744 2072 iam
761 2043 904 2065 necessum
916 2039 957 2064 est
971 2035 1030 2071 ejus

281 2139 337 2177 (βο)
348 2139 539 2177 Qontetttttsex
553 2139 654 2168 Hilario
667 2140 832 2176 desumptus.

287 2175 337 2210 ’61)
359 2175 422 2202 Soz.
437 2175 572 2208 ’Δκυλίας.

280 2179 338 2246 ξοε)
352 2210 448 2246 Ηιεοιὴ
459 2211 520 2238 θεία
533 2220 570 2246 πρ

292 2211 338 2249 62)
352 2210 448 2249 Haemi)
459 2211 520 2238 θεία
533 2211 656 2247 πρόνοια,
668 2214 733 2245 etc.,
742 2211 812 2247 apud
827 2210 1024 2240 Theodoretum

1079 2213 1182 2249 videtur
1201 2219 1266 2240 sane
1286 2212 1360 2249 illud,
1375 2213 1406 2238 ὲν
1419 2211 1457 2247 τῷ
1469 2211 1583 2248 διωγμῷ

245 2253 300 2274 non
317 2246 461 2273 habentur.

281 2281 336 2318 (65)
350 2282 428 2318 Reg"
434 2279 634 2318 3a6.1a._Editi,
648 2281 784 2309 τοιαῦτα.”

281 2315 337 2351 (δι)
366 2315 406 2344 Ita
434 2316 502 2352 Reg.
531 2316 602 2343 Editi
632 2324 707 2350 vero,
732 2317 749 2352 ἡ
775 2316 866 2352 κρίσις
890 2316 938 2344 καὶ
966 2317 1027 2353 κρί-

246 2361 299 2384 σις,
315 2359 466 2386 perperam.

281 2385 337 2423 (65)
354 2385 435 2414 Cadit
447 2387 526 2421 juxta
539 2386 866 2423 Athanasium'hleletiani
883 2388 1025 2415 exordium

244 2421 402 2451 achismatis
422 2423 448 2448 in
468 2429 566 2449 annum
584 2421 633 2449 501
666 2422 707 2449 vel
725 2422 800 2450 302:
819 2423 857 2450 ait
872 2424 944 2450 enim
970 2424 1026 2455 ipse

245 2459 272 2485 in
288 2457 403 2492 epistola
416 2456 449 2492 ad
460 2457 601 2492 episcopos
617 2456 724 2492 Egypti
740 2463 767 2484 et
783 2457 874 2492 Libya:
889 2466 960 2485 anno
972 2457 1025 2485 356

244 2491 407 2527 conscripta,
421 2491 578 2519 Meletianos
595 2491 663 2519 ante
671 2491 762 2520 annos
783 2492 817 2519 55
835 2491 1026 2520 schismaticos

244 2529 373 2556 evasisse.
383 2527 468 2555 Secus
479 2532 570 2554 tamen
579 2528 766 2554 existimarunt
776 2527 1023 2560 Baroniusaliiqne.

244 2563 363 2598 quicum
375 2569 433 2589 eam
447 2563 589 2597 epistolam
601 2563 634 2589 ad
657 2570 756 2589 annum
768 2563 817 2590 561
835 2563 961 2594 referant.
971 2563 1026 2590 Me-

243 2598 336 2638 letiani
355 2598 509 2638 schismatis
532 2598 609 2638 initio
635 2605 736 2638 annum
755 2598 806 2638 ξοδ
829 2603 1026 2638 consequenter

244 2633 394 2667 assignant.
410 2631 463 2659 Sed
487 2639 547 2659 eam
571 2633 655 2667 ipsam
669 2634 809 2667 epistolam
823 2631 973 2660 certissime
991 2633 1024 2660 ad

244 2676 344 2695 annum
361 2667 414 2695 556
427 2668 561 2701 pertinere
581 2669 607 2694 in
620 2667 722 2695 Muttito
739 2670 771 2695 ad
790 2669 912 2695 eamdem
936 2667 1023 2702 palam

243 2702 385 2730 faciemus.
411 2702 538 2729 Nonnihil
559 2707 649 2730 tamen
667 2703 766 2738 negotii
783 2704 882 2730 faciant
903 2703 1024 2730 Socratis

242 2738 336 2769 verba,
349 2738 394 2772 qui
412 2737 590 2764 aithlclelium
606 2737 799 2772 persecutionis
811 2743 931 2772 tempore
947 2738 1024 2764 idolis

243 2772 399 2800 immolasse
414 2782 420 2799 :
439 2780 500 2799 cum
512 2774 584 2808 enim
593 2775 747 2807 persecutio
759 2781 830 2800 anno
842 2774 894 2800 505
905 2773 1024 2808 graSSari

243 2808 368 2840 C(Ppcrit.
383 2816 435 2834 non
449 2807 536 2842 potuit
551 2807 672 2835 Meletius
684 2808 718 2835 ob
735 2809 798 2835 illud
817 2807 919 2842 ﬂagitii,
932 2815 1025 2842 perse—

242 2842 451 2882 cutionishnjus
460 2847 579 2882 tempore
590 2843 735 2882 commissi,
743 2843 1022 2882 anno50l,'abdtcari,

1080 1713 1198 1750 ἔπραττε
1211 1733 1218 1746 ,
1237 1714 1331 1750 μαθὼν
1356 1715 1404 1742 καὶ
1426 1715 1501 1751 παρὰ
1528 1715 1575 1742 τοῦ
1602 1715 1795 1751 ’Δὸεσσαλὼμ,
1818 1716 1863 1749 ἵν’,

1083 1759 1176 1795 ἐπειδὴ
1188 1759 1233 1786 διὰ
1248 1760 1298 1796 τὴν
1317 1760 1476 1797 καθαίρεσιν
1491 1761 1637 1797 ᾐσχύνετο,
1656 1761 1709 1789 κᾶν
1730 1758 1789 1793 τᾶἰς
1806 1761 1864 1789 δια-

1081 1805 1172 1837 σολαῖς
1186 1805 1326 1841 ἀπατῆσαί
1347 1805 1404 1841 (67)
1425 1815 1484 1838 πως
1501 1807 1564 1838 τοὺς
1586 1807 1731 1843 ἀκεραίους
1750 1806 1863 1843 δυνηθῇ.

1081 1851 1174 1879 Ταῦτα
1195 1851 1225 1878 δὲ
1242 1851 1407 1887 πράττοντος
1420 1851 1467 1879 τοῦ
1493 1852 1638 1885 Μελιτίου,
1655 1853 1750 1888 γέγονε
1775 1853 1823 1880 καὶ
1844 1854 1864 1888 ἡ

1086 1898 1211 1934 ’Δρειανὴ
1223 1898 1327 1934 αἵρεσις
1336 1907 1342 1914 ·
1356 1898 1414 1926 ἀλλ’
1425 1900 1454 1926 ὲν
1464 1900 1497 1935 τῇ
1508 1899 1610 1935 συνόδῳ
1620 1901 1654 1935 τῇ
1666 1899 1737 1927 κατὰ
1746 1899 1864 1926 Νίκαιαν

1080 1944 1097 1980 ἡ
1123 1945 1172 1980 μὲν
1197 1945 1303 1982 αἵρεσις
1325 1945 1538 1981 ἀνεθεματίσθη,
1554 1946 1602 1973 καὶ
1622 1947 1647 1972 οι
1667 1945 1800 1982 ’Δρειανοὶ¹
1820 1947 1865 1981 ἐξ-

1081 1989 1253 2026 εϐλήθησαν,
1285 1992 1310 2018 οἱ
1334 1991 1363 2018 δὲ
1386 1991 1542 2019 Μελιτιανοὶ
1563 1991 1736 2028 ἁπωσδήποτε
1755 1993 1865 2029 ἐδέχθη-

1081 2044 1130 2063 σαν
1140 2036 1201 2072 (68)
1212 2046 1219 2052 ·
1240 2038 1271 2064 οὐ
1289 2037 1344 2074 γὰρ
1362 2038 1509 2073 ἀναγκαῖον
1524 2037 1572 2065 νῦν
1590 2039 1640 2074 τὴν
1659 2039 1750 2066 αἰτίαν
1765 2040 1867 2074 ὀνομά-

1080 2146 1107 2169 et
1119 2141 1236 2169 schisma
1255 2141 1372 2169 allicere.
1386 2140 1494 2169 ‘Verum
1510 2149 1571 2170 cum
1586 2141 1712 2170 Socrates
1728 2141 1800 2170 hanc
1821 2142 1864 2170 his

1081 2178 1191 2206 storiam
1204 2184 1237 2204 ex
1254 2177 1403 2204 Athanasio
1419 2178 1477 2204 fere
1490 2177 1523 2204 ad
1535 2177 1647 2204 verbum
1664 2177 1700 2205 sit
1714 2183 1862 2212 mutuatus,

1624 2214 1674 2240 nod
1690 2213 1734 2239 ille
1748 2214 1781 2241 de
1804 2214 1862 2242 Me-

1077 2249 1141 2277 letio
1168 2247 1280 2281 loquens
1298 2247 1346 2278 ait.
1364 2254 1413 2274 suo
1433 2253 1520 2275 marte
1540 2247 1692 2275 addidisse:
1707 2248 1774 2276 alias
1787 2251 1862 2278 enim

1077 2283 1227 2318 saepissime
1239 2282 1379 2309 Athanasii
1400 2283 1563 2310 sententiam
1578 2282 1712 2318 referens,
1726 2284 1760 2311 ab
1776 2284 1863 2312 Atha-

1077 2317 1146 2347 nasii
1161 2325 1305 2354 scopornon
1321 2325 1416 2351 parum
1432 2318 1552 2354 aberrat.
1576 2317 1646 2354 Nihil
1666 2323 1755 2346 tamen
1781 2327 1862 2354 repu-

1075 2358 1142 2390 gnat
1166 2353 1302 2390 Meletium
1320 2357 1384 2390 ante
1397 2359 1498 2379 annum
1510 2352 1565 2390 σοι
1591 2353 1670 2390 idolis
1688 2352 1862 2388 immolasse;

1075 2387 1222 2417 licetenim
1237 2388 1330 2422 ingens
1343 2387 1389 2424 illa
1404 2388 1558 2424 persecutio
1579 2388 1697 2424 nondum
1719 2387 1861 2424 ctepisset,

1075 2429 1194 2451 attamen
1207 2423 1302 2456 quavis
1314 2422 1424 2449 minima
1433 2422 1496 2449 data
1510 2423 1664 2456 occasione,
1679 2422 1804 2452 eertis‘in
1819 2422 1862 2454 lo;

1075 2461 1126 2490 cis.
1142 2457 1296 2493 persecutio
1313 2457 1339 2493 in
1351 2457 1482 2491 quosdam
1494 2458 1692 2486 eoneitabatur.

1110 2492 1175 2527 Quae
1198 2497 1288 2519 autem
1319 2492 1485 2526 Epiphanius
1515 2497 1625 2520 enarrat
1655 2495 1688 2522 de
1722 2493 1861 2523 Meletiani

1075 2526 1231 2557 schismatis
1245 2527 1351 2560 origine
1365 2527 1473 2564 ἣξει-σει
1480 2527 1528 2564 iis,
1538 2536 1566 2564 7a
1582 2526 1726 2558 Meletiano
1742 2531 1860 2564 quodam

1075 2567 1214 2591 mutuatus
1233 2563 1369 2594 creditur;
1387 2561 1486 2590 Meletii
1501 2563 1574 2590 enim
1593 2563 1678 2597 magis
1693 2561 1773 2597 quam
1787 2565 1860 2592 Petri

1074 2599 1198 2634 partibus
1227 2597 1501 2634 addictusrvidetnr,
1529 2602 1556 2634 et
1584 2598 1619 2625 ab
1648 2599 1791 2627 Athanasii
1818 2601 1861 2627 hi-

1075 2632 1159 2661 storia
1190 2633 1297 2667 penitus
1331 2632 1460 2660 abhorret
1489 2641 1497 2660 :
1527 2633 1646 2667 hincque
1673 2634 1786 2662 minoris
1818 2640 1861 2663 est

1074 2669 1147 2697 ﬁdei.

1110 2703 1164 2738 (66)
1174 2702 1294 2729 Διὲϐαλε
1305 2701 1434 2737 καὶμετὰ
1442 2703 1591 2738 Ἀχιλλᾶν.
1601 2703 1646 2730 Sic
1661 2703 1726 2737 Reg.
1739 2709 1766 2731 et
1777 2703 1858 2732 Basil.

1073 2739 1118 2774 qui
1137 2740 1247 2764 ultimus
1258 2738 1493 2774 νὴηὺθιγδιέϐαλλε.
1509 2738 1536 2765 lu
1557 2739 1638 2766 editis
1663 2739 1719 2766 haec
1733 2740 1857 2766 deerant.

1109 2774 1167 2808 (67)
1195 2773 1230 2799 Ita
1256 2773 1322 2805 lleg.
1351 2773 1421 2799 Editi
1439 2781 1514 2805 vero,
1532 2774 1700 2808 ἀπαντῆσαι,
1719 2775 1858 2802 mendose.

1107 2810 1163 2843 (08)
1173 2807 1381 2841 Ὀπωσδήποτε
1393 2808 1573 2843 ἐδέχθησαν.
1585 2807 1750 2842 Quibusnam
1766 2810 1860 2836 condi-

1075 2843 1193 2872 tio:.ibus
1203 2843 1336 2871 tleletiani
1348 2844 1401 2871 sint
1415 2845 1442 2872 iu
1451 2844 1578 2872 Ecclesia:
1590 2845 1806 2873 communionem
1812 2844 1860 2872 ad-
