2031 3048
158 148 214 181 537

703 151 872 180 APOL'OGIA
893 150 1032 179 CONTRA
1053 152 1215 182 ARIANOS.

1722 157 1774 185 358

161 208 227 240 ζειν.
243 207 325 234 οὔπω
340 207 394 243 γὰρ
420 208 501 235 πέντε
523 209 607 243 μῆνες
623 209 774 245 παρῆλθον,
792 211 838 237 καὶ
855 212 869 237 ὀ
891 212 935 246 μὲκ

994 211 1032 238 rei
1063 211 1184 245 proferre
1211 219 1333 238 causam.
1357 211 1493 239 Mensibtts
1520 212 1638 248 quinque
1656 214 1773 241 nondum

162 254 315 288 μακαρίτης
333 253 504 289 Ἀλέξανδρος
529 254 736 290 τετελεύτηκεν·
757 258 781 282 οἱ
805 257 832 283 δὲ
859 257 943 284 Μελι-

160 299 245 326 τιανοὶ
255 318 263 330 ,
279 299 338 325 δέον
354 300 467 335 ἠρεμεῖν
484 301 532 327 καὶ
548 302 627 336 χάριν
648 301 735 337 ἔχειν,
747 303 788 329 ὅτι
810 303 861 330 κᾶν
875 304 943 336 ὅλως

160 345 319 380 ἐδέχθησαν,
339 346 363 372 οἱ
375 345 413 378 δὲ,
431 346 500 372 κατὰ
514 348 576 378 τοὺς
591 348 675 380 κύνας
689 349 738 375 οὐκ
754 350 942 385 ἐπιλαθόμενοι

160 388 197 417 ὧν
213 390 358 426 ὲξήρασαν,
377 391 458 418 πάλιν
475 392 526 424 τὰς
546 393 708 429 Ἐκκλησίας
718 396 874 431 ἐτάραττον.
893 397 944 423 Εὑ-

161 437 249 469 σέῦιος
267 438 366 468 τοίνυν,
383 438 461 465 τοῦτο
481 438 585 474 μαθὼν,
611 441 658 466 καὶ
677 442 873 477 προϊστάμενος
894 443 943 478 τῆς

167 483 307 518 ’Λρειανῆς
321 484 461 518 αἱρέσεως,
478 485 582 520 πέμπει
594 487 647 513 καὶ·
655 486 764 513 ὠνεῖται
782 488 844 519 τοὺς
858 488 941 514 Μελι-

159 529 266 560 τιανοὺς
289 529 336 555 ἐπὶ
360 530 468 562 πολλαῖς
488 532 680 565 ἐπαγγελίαις’
697 534 744 560 καὶ
768 533 871 568 γίνεται
894 535 942 569 μὲν

159 574 250 601 αὐτῶν
269 574 361 610 κρύφα
377 576 467 610 φίλος,
497 577 670 605 συντάττεται
692 579 720 605 δὲ
740 579 831 611 αὐτοῖς
847 580 887 612 είς
912 581 941 607 ὃν

159 619 283 646 ἐϐούλετο
307 621 411 655 καιρόν.
438 621 492 656 Τὴν
519 622 568 657 μὲν
590 621 634 649 οὖν
653 625 740 659 ἀρχὴν
766 625 941 661 προσέπεμπε

160 664 321 700 προτρέπων
333 665 458 697 δέξασθαι
476 675 509 701 με
523 668 586 699 τοὺς
605 669 669 704 περὶ
690 670 797 704 ΙἈρειον
810 670 877 705 (69),
895 672 942 697 καὶ

160 710 302 745 ἀγράφους
318 712 367 746 μὲν
383 712 499 747 ἠπείλει,
514 713 626 749 γράφων
637 715 665 741 δὲ
682 715 767 750 ἠξίου.
791 716 896 754 Ἐπειδὴ
913 718 941 744 δὲ

159 755 310 790 ἀντέλεγον,
328 757 364 792 μὴ
380 758 477 793 χρῆναι
491 760 604 793 φάσκων
619 760 746 796 δεχθῆναι
761 763 825 793 τοὺς
837 763 941 797 αἵρεσιν

159 802 224 836 ὲφευ
229 802 322 837 ρόντας
332 804 402 830 κατὰ.
413 805 462 840 τῆς
475 805 612 841 ἀληθείας,
621 807 668 833 καὶ
678 806 941 843 ἀνάθεμα-πεισθέντας

160 849 236 884 παρὰ
251 849 301 884 τῆς
322 850 512 886 οίκουμενικῆς
528 853 648 885 συνόδου,
668 855 740 880 ποιεῖ
764 856 811 881 καὶ
829 855 940 890 βασιλέα

160 902 206 929 μοι
222 895 323 930 γράψαι
350 897 394 923 τὸν
410 898 563 934 μακαρίτην
584 900 804 933 Κωνσταντῖνον,
825 902 939 938 ἀπειλὴν

159 940 265 975 ἔχοντα,
285 942 309 968 εί
326 942 363 978 μὴ
381 942 490 979 λάὸοιμι
510 945 574 976 τοὺς
590 946 653 980 περὶ
673 947 789 981 Ἀρειον,
805 947 890 974 ταῦτά
905 957 939 983 με

158 987 264 1019 παθεῖν,
277 987 294 1015 ἃ
310 989 442 1025 πρότερον
456 990 503 1016 καλ¹
515 990 563 1017 νῦν
578 991 698 1019 πέπονθα
715 992 783 1028 (70).
799 993 835 1020 Τὸ
850 995 939 1021 τοίνυν

160 1033 241 1068 μέρος
267 1034 318 1069 τῆς
345 1035 489 1071 ἐπιστολῆς
516 1037 573 1064 ἐστι
597 1037 692 1068 τοῦτο,
717 1039 765 1065 καὶ
796 1039 938 1067 Παλατῖνοι

158 1079 321 1116 Συγκλήτιος
344 1081 390 1108 καὶ
408 1082 565 1115 Γαυδέντιος
580 1081 650 1119 ἦσαν
665 1085 689 1110 oi
716 1084 878 1120 κομίσαντες
904 1086 938 1113 τὰ

158 1126 310 1161 γράμματα
318 1135 327 1144 ο

155 1207 198 1242 (Ἡ
205 1207 213 1240 )
219 1206 314 1242 Μέρος
320 1208 482 1244 ἐπιστολῆς
489 1210 541 1237 τοῦ
546 1211 935 1244 βασιλέωςΚωνσταντιγ-ου.

194 1261 282 1296 Ἔχων
301 1262 390 1290 τοίνυν
409 1263 459 1298 τῆς
477 1264 547 1300 ἐμῆς
568 1265 719 1302 βουλήσεως
741 1267 771 1294 τὸ
785 1268 936 1304 γνώρισμα,

156 1305 243 1333 ἅπασι
257 1309 312 1339 τοῖς
324 1308 496 1344 βουλομένοις
509 1312 549 1343 είς
567 1312 617 1347 τὴν
635 1313 794 1348 Ἐκκλησίαν
809 1314 937 1342 εἰσελθεῖν

155 1350 293 1378 ἀκώλυτον
317 1353 458 1390 παράσχου
487 1355 536 1391 τὴν
563 1356 681 1384 εἴσοδον·
716 1358 764 1385 ἐὰν
789 1359 842 1394 γὰρ
864 1360 936 1394 γνῶ,

154 1394 193 1427 ὡς
204 1396 260 1432 (72)
272 1397 431 1432 κεκώλυκάς
450 1406 526 1433 τινας
539 1402 629 1429 αὐτῶν
643 1403 693 1438 τῆς
709 1404 872 1441 Ἐκκλησίας
886 1415 936 1441 με-

155 1443 405 1480 ταποιουμένους,ἢ
429 1445 561 1482 ἀπεῖρξας
588 1448 638 1483 τῆς
655 1449 775 1482 εἰσόδου,
796 1451 936 1478 ἀποστελῶ

154 1489 313 1523 παραυτίκα
328 1490 373 1518 τὸν
388 1491 435 1518 κα)⁸
455 1492 659 1529 καθαιρήσοντά
673 1503 704 1522 σε
718 1495 747 1529 ὲε
759 1497 830 1532 ὲμῆς
843 1497 936 1524 κελεύ-

155 1539 224 1564 σεως
237 1534 285 1560 καὶ
296 1534 349 1561 τῶν
358 1536 447 1562 τόπων
460 1540 672 1574 μεταστήσοντα.

189 1577 234 1606 60.
258 1579 364 1616 Ἐπειδὴ
388 1581 476 1609 τοίνυν
500 1584 547 1611 καὶ
571 1572 683 1620 βασιλέα
699 1587 813 1623 γράφων
828 1588 934 1617 ἔπειθον
948 1572 970 1601 c
989 1616 990 1619 η

155 1625 287 1660 μηδεμίαν
313 1624 383 1654 εἶναι
403 1630 543 1656 κοινωνίαν
567 1632 600 1666 τῇ
624 1632 807 1669 Χριστομάχῳ
830 1634 934 1670 αἱρέσει

139 1670 222 1706 ⁸’πρὸς
239 1671 289 1703 τὴν
309 1672 452 1709 καθολικὴν
476 1675 647 1712 Ἐκκλησίαν,
664 1678 726 1705 τότε
748 1678 840 1706 λοιπὸν
853 1680 936 1707 Εὐσέ-

153 1717 220 1749 σιος,
235 1718 280 1745 τὸν
297 1720 391 1755 καιρὸν
413 1720 442 1747 ὃν
459 1722 631 1758 συνεφώνησε
654 1724 722 1759 μετὰ
739 1725 793 1752 τῶν
808 1725 937 1753 Μελιτια-

152 1762 205 1789 νῶν
216 1764 371 1800 προφέρων,
383 1766 483 1801 γράφει
493 1768 540 1794 καὶ
556 1769 643 1796 πείθει
656 1769 767 1802 τούτους
784 1770 935 1798 πλάσασθαι

153 1808 299 1843 πρόφασιν,
315 1810 359 1843 ἵν’,
372 1811 466 1848 ὥσπερ
483 1813 553 1841 κατὰ
565 1814 669 1850 Πέτρου
689 1816 737 1849 καὶ
757 1816 865 1852 Ἀχιλλᾶ
888 1817 936 1844 καὶ

158 1853 330 1890 Ἀλεξάνδρου
358 1857 590 1893 μεμελετήκασιν.
607 1860 678 1887 οὓτω
706 1861 753 1888 καὶ
775 1862 836 1888 καθ’
856 1863 934 1898 ἡμῶν

151 1899 313 1935 ὲπινοήσωστ
319 1902 366 1928 καὶ
373 1902 549 1939 θρυλλήσωσι.
559 1905 646 1932 Πολλὰ
654 1907 703 1941 μὲν
713 1905 759 1934 οὖν
770 1907 935 1944 ζητήσαντες

150 1946 198 1973 καὶ
212 1947 250 1983 μὴ
272 1948 407 1983 εὑρόντες,
433 1949 547 1987 ὕστερον
565 1953 634 1987 μετὰ
657 1952 769 1989 γνώμης
788 1954 843 1981 τῶν
870 1955 934 1991 περὶ

150 1992 281 2019 nucem;
299 1995 472 2029 συντιθέασι,
486 1997 533 2024 καὶ
554 1998 716 2026 πλάττονται
738 1999 849 2036 πρώτην
866 2010 933 2028 κατ-

149 2039 265 2074 ηγορίαν
286 2039 329 2067 διὰ
350 2041 466 2074 Ἰσίωνος
488 2043 536 2069 καὶ
555 2044 720 2080 Εὐδαίμονος
736 2046 782 2072 καὶ
806 2046 933 2074 Καλλινίι

149 2091 198 2110 κου
214 2084 270 2119 (75)
288 2086 352 2121 περὶ
366 2088 512 2122 στιχαρίων
528 2089 619 2122 λινῶν,
636 2090 674 2122 ὡς
690 2091 756 2126 ἐμοῦ
767 2093 866 2119 κανόνα
876 2094 933 2124 τοῖς

149 2129 307 2164 Αἰγυπτίοις
322 2132 493 2166 ὲπιὸαλόντος
503 2155 510 2166 ,
526 2136 572 2162 καὶ
590 2135 715 2172 πρώτους
733 2137 830 2170 αὐτοὺς
852 2139 932 2166 ἀπαι-

148 2177 291 2211 τήσαντος.
309 2178 388 2205 Ἀλλὰ
403 2180 594 2217 πρεσϐυτέρων
611 2183 752 2218 ἡμετέρων
767 2184 931 2219 εὑρεθέντων

149 2221 217 2253 ἐκεῖ,
229 2222 276 2249 καὶ
287 2222 415 2258 βασιλέως
425 2226 578 2261 ἀκούοντος,
590 2228 825 2264 κατεγνώσθησαν.
835 2231 865 2256 Οί
883 2231 932 2265 μὲν

993 257 1104 288 exactis,
1119 257 1186 283 obiit
1205 256 1289 284 beata:
1306 258 1441 284 memoriae
1453 258 1621 286 Alexander:
1638 258 1775 287 Meletiani

993 309 1057 329 vero
1075 309 1143 336 quos
1153 303 1293 337 quiescere
1306 310 1355 337 par
1365 307 1434 335 erat,
1445 308 1470 330 et
1485 304 1578 338 gratiae
1591 303 1651 332 loco
1662 305 1773 339 habere,

994 347 1064 381 quod
1078 347 1167 382 aliqua
1181 348 1277 375 saltem
1291 348 1396 376 ratione
1411 349 1436 375 in
1451 349 1600 376 Ecclesiam
1617 356 1709 378 essent
1723 352 1774 378 ad-

993 393 1079 424 missi,
1095 401 1169 420 more
1188 401 1283 420 canum
1303 401 1355 421 non
1375 395 1449 421 obliti
1467 395 1597 423 vomitum
1616 403 1706 429 suum,
1724 397 1774 425 ite—

993 445 1052 464 rum
1067 438 1261 472 perturbabant
1272 438 1417 466 Ecclesias.
1434 438 1604 474 Quapropter
1616 440 1751 469 Eusebius
1762 461 1772 476 ,

993 491 1024 510 re
1035 484 1152 518 cognita,
1166 491 1226 511 cum
1237 489 1308 512 esset
1322 485 1380 519 ipse
1390 485 1498 512 Ariana:
1518 486 1654 514 haereseos
1667 489 1773 522 lpatro-

993 535 1053 559 nus,
1068 528 1149 555 mittit
1166 530 1198 555 ad
1225 528 1391 561 Mcletianos,
1413 537 1481 565 quos
1494 531 1601 566 magnis
1623 532 1672 558 sibi
1693 533 1773 567 polli-

993 574 1167 602 citationibus
1184 575 1321 608 devincit;
1336 575 1457 610 initaquc
1472 584 1534 603 cum
1550 576 1603 604 illis
1618 577 1773 605 clanculum

992 621 1120 653 amicitia,
1141 622 1279 657 negotium
1295 623 1436 650 constituit
1454 623 1504 650 sibi
1524 629 1676 659 opportuno
1704 629 1775 652 tem-

992 674 1056 701 pore
1085 668 1243 701 gerendum.
1262 667 1398 702 Principio
1424 668 1544 703 quidem,
1563 670 1652 697 missis
1671 671 1704 697 ad
1729 679 1773 698 me

992 712 1091 740 litteris
1106 713 1312 745 cohortabatur,
1327 718 1355 740 ut
1373 714 1520 748 reciperem
1534 714 1661 749 Arianos,
1677 716 1714 743 ita
1735 720 1773 743 ta-

991 765 1052 785 men
1068 762 1098 785 ut
1109 759 1200 786 verbis
1220 767 1274 786 non
1301 759 1411 793 scriptis
1436 760 1595 793 minaretur,
1611 762 1713 796 scripto
1727 769 1773 789 ro-

991 808 1077 838 garet.
1096 803 1137 830 Me
1152 810 1242 832 autem
1255 809 1433 840 repugnante,
1461 813 1492 833 ac
1513 807 1693 840 respondente
1722 807 1772 835 mi-

992 849 1063 877 nime
1080 851 1251 885 recipiendos
1265 857 1325 878 esse
1337 851 1472 879 luereseos
1492 852 1661 885 inventores,
1678 861 1710 880 ac
1725 861 1772 880 ve-

955 890 976 917 Β
990 895 1064 922 ritati
1081 895 1200 923 infensos
1221 897 1356 930 homines,
1381 898 1607 933 anathemathue
1630 900 1773 927 damnatos

989 940 1023 967 ab
1041 942 1207 969 mcuinenica
1224 944 1343 978 synodo;
1363 944 1519 979 imperatori
1532 945 1618 972 beatae
1635 946 1773 972 memoriae

989 985 1165 1014 Constantino
1179 993 1272 1015 auctor
1285 988 1345 1020 fuit,
1362 994 1392 1016 ut
1414 989 1479 1016 mihi
1502 990 1675 1022 rescriberet,
1691 990 1772 1018 inter-

989 1031 1108 1059 minatus
1120 1033 1145 1059 ni
1156 1033 1274 1061 Arianos
1290 1035 1461 1063 admitterem
1474 1037 1510 1063 ad
1531 1037 1748 1064 communionem
1761 1058 1769 1070 ,

989 1075 1032 1104 me
1047 1077 1080 1105 iis
1106 1077 1231 1106 aﬂectuin
1259 1079 1294 1106 iri
1310 1081 1398 1113 malis,
1418 1082 1516 1116 quibus
1532 1087 1560 1109 et
1574 1082 1630 1117 jam
1655 1083 1719 1110 olim
1744 1089 1772 1111 et

988 1122 1059 1150 haud
1075 1123 1112 1150 ita
1139 1124 1242 1158 pridem
1257 1132 1316 1153 sum
1333 1126 1456 1155 allectus.
1469 1127 1539 1154 Ecce
1552 1133 1656 1163 partem
1671 1130 1772 1163 episto-

987 1167 1031 1201 lae,
1042 1176 1122 1202 quam
1131 1170 1252 1198 detulere
1263 1170 1415 1206 Syncletius
1424 1177 1451 1199 et
1461 1172 1627 1201 Gaudentius
1635 1174 1748 1202 Palatini
1761 1185 1770 1202 :

1043 1214 1119 1250 14],
1139 1215 1208 1243 Pars
1224 1217 1340 1250 epistola:
1354 1218 1520 1252 imperatoris
1535 1218 1714 1249 Constantini.

1022 1269 1089 1297 Cum
1106 1271 1187 1306 igitur
1198 1272 1362 1300 voluntatem
1374 1281 1462 1301 meam
1475 1282 1643 1311 compertam
1659 1277 1769 1312 habeas,

987 1315 1112 1344 omnibus
1122 1318 1166 1350 qui
1183 1318 1210 1345 in
1226 1318 1374 1346 Ecclesiam
1388 1321 1493 1348 admitti
1504 1326 1644 1355 expetunt,
1663 1324 1767 1359 absque

987 1361 1178 1396 impedimento
1206 1364 1358 1399 ingressum
1382 1367 1512 1401 praebeto.
1538 1367 1566 1395 Si
1587 1376 1655 1403 quos
1679 1377 1769 1398 autem

987 1407 1116 1435 Ecclesiae
1135 1409 1233 1436 sociari
1253 1412 1394 1445 cupientes
1408 1416 1434 1439 te
1448 1413 1630 1447 prohibuisse,
1651 1421 1698 1443 aut
1715 1416 1769 1445 illis

987 1452 1089 1480 aditum
1103 1453 1285 1483 interclusisse
1299 1457 1430 1490 didicero,
1449 1459 1555 1486 mittam
1566 1462 1767 1496 quamprimum

986 1498 1033 1533 qui
1054 1502 1080 1526 te
1095 1498 1172 1534 jussu
1195 1507 1255 1527 meo
1277 1502 1395 1535 abdicet,
1413 1507 1442 1530 et
1455 1511 1471 1531 ο
1492 1505 1601 1534 sedibus
1623 1508 1770 1536 transferat

987 1545 1052 1573 tuis.

1023 1591 1067 1618 60.
1087 1590 1154 1619 Cum
1169 1596 1258 1620 tamen
1280 1592 1379 1621 litteris
1400 1595 1468 1623 meis
1487 1596 1643 1632 imperatori
1664 1601 1767 1629 suasis-

988 1644 1056 1669 sem,
1072 1637 1173 1665 nullam
1185 1637 1285 1666 debere
1306 1639 1402 1668 haaresi
1417 1640 1524 1669 Christo
1539 1643 1691 1672 adversanti
1705 1653 1767 1673 cum

984 1682 1118 1710 catholica
1132 1683 1253 1712 Ecclesia
1265 1691 1326 1712 esse
1340 1687 1567 1721 communionem,
1585 1694 1640 1717 tum
1659 1692 1767 1720 demum

984 1732 1090 1763 tempus
1101 1729 1136 1756 de
1148 1737 1201 1764 quo
1210 1737 1271 1757 cum
1286 1730 1435 1760 Meletianis
1443 1740 1609 1763 convenerat
1618 1743 1648 1764 se
1659 1743 1767 1765 nactum

984 1775 1132 1802 ostendens
1147 1775 1289 1808 Eusebius,
1306 1777 1398 1804 missis
1421 1779 1454 1805 ad
1469 1785 1516 1806 eos
1536 1779 1646 1814 litteris,
1669 1787 1766 1810 auctor

984 1819 1044 1852 fuit,
1060 1825 1089 1848 ut
1105 1827 1175 1848 novo
1184 1826 1336 1849 commento
1349 1822 1401 1856 usi,
1416 1824 1491 1858 paria
1504 1824 1538 1852 iis
1552 1832 1613 1859 quas
1627 1826 1692 1854 olim
1705 1827 1765 1856 fue-

983 1870 1046 1892 rant
1060 1870 1154 1892 contra
1170 1865 1288 1898 Petrum,
1311 1867 1454 1900 Achillam,
1466 1875 1495 1896 et
1508 1870 1691 1899 Alexandrum
1705 1881 1766 1900 mo-

983 1910 1035 1944 liti,
1048 1911 1102 1945 jam
1114 1914 1256 1940 adversum
1274 1921 1322 1940 nos
1337 1915 1524 1949 excogitarent
1535 1922 1562 1944 et
1573 1917 1692 1952 undique
1704 1927 1766 1954 per-

983 1957 1134 1991 vulgarent.
1149 1957 1239 1986 Multis
1253 1958 1335 1994 igitur
1349 1960 1519 1994 conquisitis,
1533 1969 1594 1989 cum
1610 1963 1677 1990 nihil
1692 1964 1765 1992 inve-

982 2002 1098 2036 nissent,
1129 2003 1236 2031 Eusebii
1265 2005 1373 2032 tandem
1395 2006 1507 2033 consilio
1537 2007 1607 2035 hanc
1635 2009 1765 2043 priorem.

982 2046 1087 2080 Isionis,
1109 2047 1281 2077 Eudmmonis
1304 2055 1331 2077 et
1345 2051 1469 2078 Callinici
1491 2059 1584 2086 opera,
1608 2053 1766 2090 conﬁngunt

982 2094 1216 2128 criminationem;
1239 2097 1272 2123 de
1295 2093 1375 2124 lineis
1397 2105 1494 2132 nempe
1515 2098 1663 2132 stichariis,
1687 2102 1764 2134 quasi

982 2146 1032 2174 ego
1047 2139 1131 2174 legem
1146 2141 1281 2176 Egyptiis
1294 2143 1439 2175 dedissent,
1455 2151 1485 2170 ac
1498 2151 1529 2170 ea
1543 2144 1646 2179 primus
1660 2147 1760 2180 exegis-

982 2193 1039 2212 sem
1065 2187 1099 2213 ιιι)
1122 2187 1185 2214 illis.
1208 2189 1243 2214 At
1265 2196 1327 2215 cum
1349 2196 1381 2215 ex
1397 2189 1562 2224 presbyteris
1584 2191 1685 2217 nostris
1709 2191 1764 2218 illic

984 2235 1039 2257 tum
1069 2233 1185 2266 repertis
1210 2233 1248 2260 rei
1278 2232 1418 2261 veritatem
1442 2234 1580 2262 didicisset
1606 2235 1762 2270 imperator,

148 2290 236 2332 missi,
259 2295 352 2332 narrat
367 2293 478 2332 epistola
494 2294 609 2332 Nicgenm
623 2280 719 2331 synodi
737 2298 806 2331 apud
826 2297 924 2324 Socra-
941 2300 963 2327 D
978 2299 1140 2332 scripsisse;
1156 2304 1186 2327 ut
1202 2301 1228 2327 in
1246 2301 1437 2328 Admonitionc
1448 2301 1576 2329 diximus.

148 2328 203 2351 tem
218 2326 236 2352 l.
253 2332 272 2356 t,
285 2334 310 2353 c.
357 2336 363 2353 :
379 2327 485 2354 Meletio
500 2330 604 2357 sellicct
617 2326 735 2365 episcopi
752 2326 847 2358 nomen
874 2333 924 2360 fuit

148 2367 317 2400 concessum,
335 2362 369 2400 ita
385 2368 474 2390 tamen
501 2369 530 2390 ut
547 2365 569 2392 is
585 2362 716 2392 οιιιιιὶὺιιρί
732 2368 849 2400 episcopi
864 2367 924 2394 fun-

147 2395 283 2432 ctionibus
297 2397 332 2422 sit
347 2397 516 2426 interdietns.
527 2400 577 2432 Qui
586 2408 648 2427 vero
662 2409 676 2426 a
691 2395 796 2429 Meletio
806 2395 923 2429 ordinati

148 2429 314 2469 fticr:ttit,_ad
331 2429 549 2469 communionem
559 2434 586 2461 et
605 2436 638 2461 ad
652 2435 754 2469 reliqua
768 2437 808 2463 sui
819 2439 923 2465 ordinis

147 2464 296 2492 ministeria
312 2467 435 2505 obettnda
447 2471 544 2505 recepti
559 2475 633 2501 sunt,
645 2478 676 2497 ea
691 2464 760 2505 lege,
773 2477 802 2497 nt
812 2472 838 2498 in
857 2464 924 2498 una?

145 2506 253 2535 quaque
273 2501 400 2534 parmcia.
424 2503 466 2528 vel
488 2501 612 2535 ecclesia,
635 2501 822 2533 secundoloco
834 2512 925 2534 essent

145 2535 186 2572 ah_
205 2534 237 2561 iis
253 2542 322 2572 quos
336 2537 490 2564 Alexander
512 2534 682 2572 ordinasset;
699 2542 766 2567 adeo
785 2547 873 2568 tamen
896 2547 926 2569 ut

145 2569 262 2607 episcopi
277 2570 429 2608 Alexandro
443 2572 554 2605 subjecti
576 2569 681 2608 injttsstt
701 2576 801 2602 nullam
815 2577 925 2603 ordina-

147 2605 258 2635 tionem,
272 2610 319 2631 aut
333 2606 404 2646 aliud
422 2605 651 2642 quodcunqne'ad
668 2611 791 2638 ecclesia:
805 2612 926 2646 regimen

145 2643 271 2673 spectans
285 2643 505 2673 aggrederentur.

244 2673 289 2715 S_i_c
304 2672 372 2715 Reg.
394 2677 460 2703 Editi
473 2685 556 2715 veroL
564 2678 690 2715 δέξασθαί
702 2689 732 2706 τε
744 2680 789 2707 τὸν
806 2681 924 2715 Ἄρειον.

180 2708 235 2744 (70)
252 2710 286 2736 Ἃ
297 2711 439 2744 πρότερον
454 2713 504 2738 καὶ
520 2708 577 2740 νῦν
592 2708 735 2742 πέπονθα.
759 2715 805 2742 llis
826 2708 927 2743 ititlicat

143 2743 310 2782 Athanasius
327 2743 441 2782 primum
455 2749 497 2774 sui
520 2749 645 2775 exsilium
670 2751 695 2776 in
718 2750 825 2782 Galliis,
839 2759 872 2777 ac
883 2759 926 2777 se-

145 2778 262 2818 cundum
271 2781 522 2820 qtio'pustGregorii
535 2784 713 2820 intrusioncm
728 2778 828 2820 septeni
840 2793 924 2812 annos

145 2813 263 2839 extorris
296 2813 356 2841 fuit.
377 2813 503 2854 voceque
517 2818 564 2845 νῦν
586 2819 712 2847 innuitse
728 2813 780 2846 non
794 2821 838 2846 diu
864 2825 926 2854 post

145 2855 224 2875 suum
243 2857 276 2875 cx
299 2852 416 2879 secundo
439 2853 534 2880 exsilio
559 2855 672 2881 reditum
689 2857 755 2882 hanc
772 2852 922 2890 apologiuttl

1013 2335 1069 2371 (Ἡ)
1086 2334 1140 2362 Hoc
1154 2336 1274 2370 epistolae
1290 2336 1460 2363 Constantini
1481 2337 1658 2371 fragmentum
1677 2338 1760 2364 habe-

978 2373 1023 2395 tur
1037 2370 1186 2406 iteniapud
1205 2371 1283 2406 Socr:
1301 2371 1348 2397 lib.
1363 2379 1382 2403 ι,
1402 2379 1461 2405 cap.
1483 2370 1567 2403 πέει
1584 2374 1653 2406 apud
1674 2374 1759 2400 δοιο-

977 2412 1084 2441 menuin
1100 2404 1148 2432 lib.
1165 2412 1195 2441 tt,
1209 2413 1234 2433 c.
1253 2405 1299 2436 22,
1313 2406 1359 2438 qui
1372 2414 1405 2432 ex
1418 2404 1567 2434 Athanasio
1579 2404 1757 2441 complurima

977 2447 1036 2472 quae
1048 2439 1144 2465 ibidem
1158 2439 1271 2467 aﬂ'ermtt
1290 2445 1460 2473 acceperunt.

1013 2474 1067 2508 (72)
1078 2473 1157 2506 Editi,
1168 2475 1246 2507 ὡςεῐ,
1256 2476 1302 2501 sed
1315 2476 1338 2501 εἰ
1348 2483 1409 2501 runt
1425 2475 1492 2509 apud
1510 2476 1586 2503 Socr.
1595 2481 1622 2502 et
1634 2476 1697 2503 εολ.
1706 2485 1758 2503 non

978 2513 1092 2543 tegatur,
1104 2509 1129 2534 in
1144 2509 1335 2545 lieggleletum
1354 2511 1400 2540 sit.
1417 2517 1444 2537 et
1458 2510 1557 2545 alioqui
1573 2512 1757 2545 superelllunt.

977 2549 1139 2581 expunctum
1148 2551 1198 2570 est.
1209 2544 1292 2570 Paulo
1309 2550 1369 2581 post
1377 2544 1445 2580 Reg.
1459 2552 1488 2572 et
1499 2544 1677 2581 Sozom.’post
1691 2547 1759 2572 tim-

979 2577 1065 2614 στελῷ
1083 2578 1116 2614 lia
1121 2579 1182 2614 bent
1200 2588 1237 2604 πα
1242 2579 1328 2614 ραχρῆ
1332 2588 1381 2613 μα.

1015 2612 1070 2648 (75)
1086 2612 1113 2639 Ιιι
1129 2612 1225 2640 Meletit
1242 2612 1380 2641 meum,
1391 2615 1565 2643 nominantur
1577 2616 1650 2643 lsion
1666 2616 1759 2643 Athri-

979 2647 1213 2684 beos,'EI_tdaemon
1238 2648 1353 2680 Tuneos,
1378 2655 1405 2676 et
1419 2651 1563 2678 Callinicus
1577 2651 1674 2678 Pelusii
1699 2654 1758 2684 epi-

979 2682 1053 2719 scopi
1079 2682 1223 2715 Meletiani,
1243 2685 1289 2718 qui
1311 2685 1433 2710 videntur
1455 2686 1533 2712 iidem
1554 2687 1603 2719 ipsi
1625 2694 1687 2712 esse
1712 2682 1758 2719 qui

979 2717 1024 2743 ilic
1039 2724 1232 2745 memorantur.
1247 2719 1328 2745 Paulo
1344 2725 1412 2752 post,
1429 2717 1576 2755 στιχαρίων
1588 2721 1679 2748 λινὼν.
1695 2717 1758 2747 Στι-

978 2752 1182 2790 χάρια,ηνεειοε
1196 2762 1256 2788 qua:
1275 2754 1418 2790 episcopis,
1444 2752 1620 2790 pr'esiiyteris,
1636 2758 1758 2784 diaconis

977 2793 1005 2812 et
1015 2788 1188 2814 snlidiatzonis
1203 2790 1260 2814 usui
1276 2794 1362 2815 t-i'atit.
1387 2788 1484 2815 Lincas
1497 2788 1579 2817 flliSst-t
1592 2799 1654 2818 cum
1671 2793 1756 2819 Allia-

980 2822 1056 2848 ttztsio
1067 2830 1141 2848 amnt
1156 2824 1279 2850 Sum-ntus
1293 2829 1319 2850 et
1329 2825 1503 2851 Souunettus.
1515 2826 1550 2853 De
1564 2827 1605 2855 Itis
1619 2827 1676 2854 fuse
1689 2827 1758 2855 Cum

980 2857 1039 2891 gius
1053 2858 1078 2884 in
1094 2858 1179 2885 Gloss.
1193 2867 1282 2885 meum
1296 2865 1318 2886 ει
1335 2865 1382 2894 ιιιι.
1395 2859 1480 2886 (ἔτινε.
