2031 3048
218 2601 224 2632 l

237 151 289 181 359

517 150 544 177 S.
565 149 746 178 ATHANASII
766 148 840 176 OPP.
861 147 949 175 PARS
969 148 989 174 1.
1007 163 1020 168 -

1072 144 1244 173 llSTOHlCA
1260 144 1303 172 ΕΤ
1323 144 1532 172 ΒΟΩΜᾹΤΞΕΑ.

1796 144 1850 172 7.60

239 216 331 236 eorum
351 208 516 243 deprehensa
538 208 672 235 calumnia
685 213 735 239 est,
754 211 885 241 erantque
902 206 1012 241 presby-

1068 214 1109 231 ουν
1123 203 1301 240 πρεσϐύτεροι
1322 201 1402 238 ἦσαν,
1420 203 1503 234 "Am;
1517 202 1573 238 (74)
1590 202 1637 228 καὶ
1658 201 1802 236 Μακάριος
1813 210 1819 216 ·
1835 203 1851 228 ό

240 254 291 280 teri
307 253 344 279 illi
359 253 423 286 Apis
438 257 466 279 et
485 252 627 280 Macarius.
643 253 726 279 Porro
746 253 891 287 imperator
911 252 1015 278 litteras

240 299 325 330 misit,
339 299 435 332 quibus
447 298 540 325 Isionis
558 299 656 325 factum
673 299 816 330 damnans,
828 305 877 324 nos
889 297 1016 332 praecepit

239 351 298 371 sese
311 344 396 383 adire.
409 343 456 370 Ha:
473 348 535 371 sunt
548 348 636 371 autem
658 344 710 371 illae
723 344 827 371 litterae.
859 363 865 368 .
897 362 904 369 .
935 362 942 369 .
969 362 975 369 .
1007 360 1015 368 .

274 400 402 428 Eusebius
421 407 450 427 re
471 406 605 435 comperta
629 402 723 428 suadet
738 401 802 432 illis,
825 405 854 426 ut
869 407 902 427 ne
919 400 1017 427 isthinc

231 447 376 474 secedant.
393 446 514 482 Cumque
532 448 710 479 advenissem,
725 447 872 474 Macarium
887 446 974 472 denuo
985 446 1017 472 de

239 492 378 520 confracto
391 493 476 521 calice
494 493 649 521 insimulant
663 502 670 520 :
692 493 810 528 mihique
831 492 902 520 haud
918 492 1016 524 levem,

239 539 293 566 imo
312 539 430 566 omnium
451 540 647 567 atrocissimam
664 540 816 576 infposuere
828 534 1016 569 ‘calumniam;

239 585 308 619 quod
325 584 427 612 scilicet
438 585 592 620 imperatori
607 585 778 622 adversatus,
792 584 919 612 scrinium
934 584 1019 610 misis-

239 637 295 657 sem
316 629 374 656 auri
401 628 509 664 plenum
531 630 637 657 cuidam
660 630 827 657 Philumena.
854 629 954 656 Verum
974 629 1018 655 ubi

239 681 287 700 nos
309 674 453 708 imperator
469 675 538 701 hanc
550 682 655 709 quoque
669 674 832 701 calumniam
848 673 1019 700 confutantes

238 719 429 746 Psammathite
452 720 579 752 audisset,
598 720 635 746 illi
653 720 686 747 de
706 727 780 746 more
806 719 866 746 falsi
889 719 1018 751 convicti,

240 764 343 798 expulsi
357 769 429 792 sunt.
443 765 526 793 Nobis
539 771 627 792 autem
640 766 826 798 redeuntibus,
843 765 892 792 has
904 766 1019 800 impera-

240 815 282 837 tor
293 811 325 837 ad
340 811 451 845 populos
464 811 536 838 dedit
550 811 669 838 litteras:

289 875 577 904 CONSTANTINUS
595 875 973 909 MAXIMUSJUGUSTUS

343 922 437 956 populo
449 923 626 949 Alexandrino
640 923 774 950 catholica:
786 922 920 951 Ecclesiae.

275 1012 318 1038 6i.
340 1012 435 1039 Dilecti
459 1012 567 1044 fratres.
590 1012 678 1040 saluto
698 1020 757 1045 vos,
781 1013 866 1040 Deum
892 1014 1022 1042 invocans

240 1058 386 1094 maximum
402 1057 550 1084 voluntatis
566 1065 632 1085 mere
655 1063 763 1090 testem,
781 1064 934 1092 nostrasque
957 1061 1023 1095 legis

240 1102 407 1135 unigenitum
422 1106 585 1135 creatorem,
598 1102 648 1136 qui
665 1102 691 1128 in
704 1103 825 1129 omnium
836 1104 919 1130 vitam
934 1104 1021 1130 domi-

240 1152 334 1174 natum
350 1147 464 1179 obtinel.
481 1152 509 1174 et
530 1147 681 1174 discordias
699 1147 766 1174 odit.
786 1146 882 1175 Verum
903 1148 967 1182 quid
981 1148 1023 1174 di-

239 1192 316 1219 cam?
334 1199 368 1218 an
387 1192 489 1219 scilicet
511 1199 560 1219 nos
581 1192 650 1219 bene
667 1191 776 1219 valere?
799 1193 845 1219 sed
863 1193 947 1220 multo
965 1193 1024 1220 reli-

239 1236 307 1264 ciori
328 1237 444 1263 sanitate
462 1235 515 1263 frui
537 1237 641 1269 liceret,
660 1237 683 1264 si
709 1244 757 1264 vos
778 1243 871 1264 mutuo
893 1237 1023 1271 depositis

240 1283 309 1310 odiis
322 1283 451 1310 amaretis
465 1291 474 1310 :
491 1290 544 1317 quo
558 1281 659 1309 factum
680 1287 721 1310 est
743 1286 773 1310 ut
793 1284 1021 1310 contentiosorum

241 1328 379 1356 hominum
400 1328 525 1362 procellis
537 1327 690 1355 dilectionis
704 1328 892 1363 reliquerimus
903 1334 1020 1363 portum.

241 1374 263 1401 0
274 1381 330 1400 rem
346 1373 504 1401 absurdam!
520 1373 612 1407 quanti
628 1373 747 1408 quotidie
768 1380 847 1400 casus
859 1381 905 1408 per
922 1373 1021 1400 tumul-

242 1425 345 1447 tuosam
360 1419 488 1446 invidiam
505 1419 676 1446 excitantur!
694 1418 740 1445 Sic
760 1423 802 1445 est
820 1418 855 1445 ad
878 1418 924 1444 Dei
940 1426 1023 1453 popu-

241 1464 295 1491 lum
313 1464 423 1491 infamia
441 1464 580 1491 translata.
598 1463 731 1496 Quorsum
752 1463 833 1498 igitur
846 1463 957 1497 justitiae
979 1471 1023 1490 re-

241 1511 323 1538 cessit
345 1510 420 1542 lides,
440 1517 501 1536 cum
522 1514 593 1536 tanta
614 1510 783 1536 tenebrarum
804 1509 919 1544 caligine
936 1509 1023 1536 invol-

1064 251 1092 277 δὲ
1118 249 1243 284 βασιλεὺς
1269 249 1369 284 γράφει
1395 247 1608 281 καταγινώσκων
1636 246 1685 281 μὲν
1716 245 1848 278 Ὶσίωνος,

1065 295 1224 322 κελεύων-δὲ
1245 294 1294 329 ἐμὲ
1311 294 1465 328 ἀπαντῆσαι
1487 292 1556 329 πρὸς
1570 292 1659 319 αὐτόν.
1679 291 1734 318 Καὶ
1749 291 1783 318 τὰ
1800 292 1851 327 μὲν

1066 342 1206 377 γραφέντα
1221 339 1377 366 ὲστὶταῦτα
1393 338 1460 374 (75).
1498 360 1506 366 .
1545 357 1553 365 .
1592 357 1600 365 .
1647 358 1653 364 .
1695 357 1702 364 .
1740 357 1750 366 .
1793 359 1801 366 .
1841 358 1848 364 .

1107 398 1136 424 Ὀ
1148 397 1176 423 δὲ
1193 396 1320 428 Εὐσέϐιος
1346 395 1449 432 μαθὼν,
1466 395 1554 421 πείθει
1571 393 1726 429 περιμένειν
1740 392 1848 425 αὐτούς.

1065 443 1120 470 Καὶ
1134 443 1256 474 ἐλθόντος
1272 451 1334 477 μου,
1349 440 1532 477 κατηγοροῦσι
1543 439 1623 466 πάλιν
1642 438 1784 474 Μακαριου
1801 438 1849 472 μὲν

1067 488 1131 524 περὶ
1155 487 1295 522 ποτηρίου,
1315 486 1363 521 ἐμὲ
1384 485 1411 511 δὲ
1433 486 1463 512 οὺ
1480 485 1528 520 τὴν
1556 483 1689 519 τυχοῦσαν
1713 483 1848 518 διαϐολὴν,

1067 533 1135 560 ἀλλὰ
1150 534 1199 569 τὴν
1223 532 1353 560 ἀνωτάτω
1369 531 1474 563 πασῶν,
1491 531 1531 557 ὃτι
1553 530 1594 566 δὴ,
1621 529 1691 556 κατὰ
1719 529 1850 564 βασιλέως

1067 577 1349 614 γενόμενος,,ἕπεμψα
1360 577 1549 612 γλωσσόκομον
1566 576 1677 612 χρυσίου
1695 575 1851 610 Φιλουμένῳ

1067 625 1131 651 τινί.
1157 625 1187 650 Ὁ
1215 623 1264 659 μὲν
1280 621 1326 650 οὖν
1347 622 1470 657 βασιλεὺς
1492 622 1539 648 καὶ
1559 621 1622 656 περὶ
1643 620 1743 656 ταύτης
1763 621 1791 646 ὲν
1816 621 1850 655 τῇ

1068 670 1222 706 Ψαμμαθία
1245 668 1300 705 (76)
1327 669 1442 704 ἡκουσεν
1462 667 1551 703 ἡμῶν,
1575 667 1651 693 αὐτοὶ
1674 666 1702 692 δὲ
1729 665 1852 700 συνήθως

1069 716 1306 751 καταγνωσθέντες
1322 715 1472 750 ἐρρίφησαν
1482 722 1488 728 ’
1512 713 1559 739 καὶ
1575 713 1675 748 γράφει
1689 713 1745 743 τοῖς
1765 711 1850 744 λαοῖς,

1069 759 1291 794 ὲπανερχομένων
1304 758 1391 793 ἡμῶν,
1406 757 1500 784 ταῦτα·

1036 879 1059 909 Β
1115 871 1394 898 ΚΩΝΣΤΑΝΤῙΝΟΣ
1411 871 1598 897 ΜΕΓΙΣΤΟΣ
1617 870 1808 896 ΣΕΒΑΣΤΟΣ

1072 915 1112 949 τῷ
1144 916 1208 949 λαῷ
1240 916 1280 949 τῷ
1314 917 1388 943 κατὰ
1425 915 1650 950 Ἀλεξάνδρειαν
1688 913 1852 948 καθολικῆς

1374 951 1562 985 Έκκλησίιις.

1107 1007 1151 1035 6|.
1175 1007 1324 1044 Ἀγαπητοὶ
1337 1008 1455 1043 ἀδελφοὶ,
1479 1007 1675 1044 προσαγορεύω
1694 1007 1775 1042 ὑμᾶς,
1792 1007 1852 1032 ἐπι-

1072 1054 1236 1090 καλούμενος
1251 1055 1296 1081 τὸν
1317 1054 1382 1081 Θεὸν
1402 1054 1447 1081 τὸν
1467 1056 1516 1090 τῆς
1539 1055 1607 1090 ἐμῆς
1630 1053 1782 1088 βουλήσεως
1804 1052 1853 1088 μέ-

1072 1109 1163 1134 γιστον
1179 1101 1314 1136 μάρτυρα,
1329 1101 1376 1128 καὶ
1391 1101 1436 1127 τὸν
1449 1101 1496 1130 τοῦ
1515 1100 1647 1136 ἡμετέρου
1668 1099 1750 1134 νόμου
1767 1098 1853 1124 Μονο-

1071 1147 1138 1182 γενῆ
1149 1147 1324 1182 δημιουργὸν,
1341 1147 1370 1178 ὃς
1383 1147 1430 1174 καὶ
1443 1147 1492 1182 τῆς
1507 1146 1578 1182 ζωῆς
1589 1145 1786 1181 προκαθέζεται
1799 1144 1854 1170 τῶν

1072 1193 1217 1224 ἁπάντων,
1242 1193 1289 1219 καὶ
1317 1193 1367 1224 τὰς
1397 1192 1529 1230 διχονοίας
1560 1193 1642 1227 μισεῖ.
1668 1191 1741 1227 Πλὴν
1768 1191 1794 1217 τί
1821 1189 1854 1216 ἂν

1072 1238 1193 1273 εἴποιμι;
1208 1239 1249 1265 ὃτι
1264 1238 1352 1270 καλῶς
1365 1238 1539 1273 ὑγιαίνομεν;
1558 1238 1627 1264 Ἀλλ’
1637 1237 1700 1273 ἐξῆν
1716 1236 1853 1268 καλλίονος

1071 1282 1222 1309 ἀπολαῦσαι
1245 1283 1294 1319 τῆς
1306 1283 1466 1318 εὐρωστίας,
1485 1283 1509 1309 εἰ
1525 1283 1596 1318 ὑμᾶς
1619 1282 1717 1313 αὐτοὺς
1740 1280 1855 1315 ἀμοιϐα-

1071 1329 1112 1360 δὶς
1125 1329 1180 1365 (77)
1193 1330 1327 1364 ἠγαπᾶτε,
1340 1329 1550 1363 ἀποσεισάμενοι
1562 1328 1596 1354 τὰ
1609 1327 1686 1362 μίση,
1697 1327 1731 1353 δι’
1745 1324 1783 1353 ὧν
1795 1327 1854 1357 ταῖς

1072 1374 1125 1401 τῶν
1144 1374 1356 1410 ὲρεσχελούντων
1368 1374 1527 1410 τρικυμίαις
1539 1373 1584 1399 τὸν
1606 1373 1702 1408 λιμένα
1715 1373 1764 1407 τῆς
1784 1372 1854 1405 ἀγά-

1073 1427 1126 1455 πης
1140 1419 1363 1454 ὲγκατελίπομεν.
1389 1418 1441 1446 Φεῦ
1463 1419 1512 1454 τῆς
1531 1418 1645 1449 ἀτοπίας
1656 1416 1856 1452 ταύτηςίὊσα

1072 1466 1132 1494 καθ’
1151 1466 1269 1501 ἑκάστην
1284 1465 1389 1500 ἡμέραν
1411 1463 1601 1500 συμπτώματα
1616 1463 1671 1498 (78)
1692 1462 1739 1489 τοῦ
1757 1470 1857 1496 συγκεο

1072 1512 1188 1548 χυμένου
1206 1511 1301 1546 φθόνου
1320 1511 1447 1538 κινεῖταιί
1464 1509 1541 1537 Οὕτω
1567 1509 1634 1544 πρὸς
1654 1509 1699 1535 τὸν
1726 1508 1789 1535 λαδν
1806 1507 1856 1535 τοῦ

240 1565 352 1590 vamur;
382 1564 434 1583 non
460 1556 544 1583 solum
575 1563 624 1590 per
648 1555 721 1583 varie
745 1554 910 1589 implicatum
944 1553 1020 1589 142

1072 1545 1139 1584 δεοῦ
1165 1545 1371 1592 μετῳκίσθησαν
1394 1557 1422 1583 αἱ
1441 1555 1602 1591 δυσφημίαι.
1619 1555 1673 1581 Ποῦ
1696 1555 1785 1581 τοίνυν
1805 1555 1855 1590 τῆς

241 1609 373 1633 errorem,
386 1601 432 1629 sed
445 1601 526 1628 etiam
539 1608 587 1634 per
607 1602 773 1636 ingratorum
789 1601 926 1628 hominum
945 1600 1020 1632 vitia,

241 1649 303 1674 dum
320 1653 346 1675 et
360 1647 480 1674 stultitia:
491 1647 610 1674 fautores
624 1647 769 1674 toleramus
782 1652 808 1674 et
823 1653 870 1674 eos
883 1647 927 1680 qui
939 1646 1022 1680 aequi-

242 1699 324 1721 tatem
357 1694 555 1728 veritatemque
587 1693 728 1728 profligant
767 1694 1021 1726 animadvertentes,

241 1739 402 1775 negligimus
417 1739 528 1766 tamen?
543 1739 671 1772 Quaenam
697 1739 742 1766 illa
767 1744 840 1767 tanta
862 1739 1023 1774 perversitas

241 1786 353 1813 nostra?
367 1784 493 1813 Inimicos
511 1792 564 1812 non
582 1786 764 1817 conlutamus.
788 1785 835 1812 sed
850 1784 1023 1812 latrocinium

241 1835 393 1858 sectamur:
406 1839 459 1866 quo
473 1831 700 1865 perniciosissima
717 1830 803 1862 fraus.
821 1831 927 1858 nemine
943 1838 1023 1865 repn-

239 1882 351 1911 gnante,
367 1878 417 1904 sibi
440 1877 566 1905 facillime
579 1877 650 1903 viam
676 1878 790 1911 paravit.
812 1876 941 1904 Nullusne
962 1881 1023 1903 tau-

241 1923 302 1948 dem
319 1929 416 1949 sensus
436 1927 487 1954 est,
507 1929 540 1949 ne
556 1921 650 1948 saltem
669 1921 821 1948 communis
837 1922 955 1949 omnium
976 1929 1023 1948 na-

242 1973 309 1994 tura:
321 1968 418 2001 gratia,
427 1968 449 1994 si
458 1967 565 2001 quidem
579 1967 644 2002 legis
656 1972 787 2001 praecepta
799 1967 1023 2002 contempsimus?

242 2012 294 2040 Sed
311 2013 382 2040 dicet
396 2013 538 2047 quispiam,
554 2013 598 2040 illa
619 2013 714 2040 saltem
731 2014 840 2041 dilectio
856 2021 915 2048 qua:
928 2021 1024 2042 secun-

240 2059 306 2085 dum
323 2063 445 2085 naturam
468 2063 510 2085 est
525 2058 671 2085 invenitur.
690 2057 759 2090 Quid
777 2066 853 2093 ergo,
876 2066 960 2086 nosne
977 2059 1023 2093 qui

241 2110 270 2132 et
283 2104 328 2131 Dei
345 2103 413 2138 lege,
430 2108 457 2130 et
472 2103 542 2129 bona
559 2102 646 2130 indole
661 2103 783 2130 instructi
802 2111 906 2136 sumus,
924 2104 1022 2130 tumul-

242 2157 298 2177 tum
331 2155 358 2177 ct
379 2148 608 2184 perturbationem
634 2149 804 2177 inimicorum
836 2150 1022 2182 tolerabimus,

240 2197 288 2231 qui
302 2195 378 2230 quasi
395 2194 498 2222 facibus
518 2194 608 2221 omnia
628 2194 795 2222 incemlunt?
812 2202 861 2222 nec
876 2201 965 2223 tamen
983 2195 1024 2222 vi-

242 2246 337 2269 demus
356 2241 418 2268 licet
442 2239 526 2268 oculis
550 2239 668 2273 prmditi,
690 2247 776 2274 neque
797 2240 939 2270 sentimus.
963 2240 1024 2267 licet

242 2288 308 2322 legis
324 2287 447 2314 sensibus
459 2286 577 2320 undique
598 2285 782 2319 circumscpti.
803 2285 926 2318 Quantus
942 2287 1024 2321 igitur

241 2337 335 2366 stupor
368 2331 448 2358 vitam
475 2336 597 2357 nostram
625 2329 813 2364 apprehendit,
841 2331 948 2364 quando
974 2338 1023 2358 nos

242 2379 315 2412 ipsos
331 2378 366 2404 ita
383 2377 553 2411 negligimus,
570 2375 632 2402 licet
653 2376 709 2402 hinc
735 2383 783 2402 nos
805 2375 875 2402 Dens
892 2377 1021 2404 moneat?

242 2424 336 2451 Nonne
354 2424 452 2450 malum
468 2423 533 2449 illud
556 2422 724 2449 intolerabile
738 2422 798 2448 est?
820 2430 910 2449 nonne
933 2424 1022 2451 hostes

242 2475 270 2500 lii
290 2478 354 2501 sunt
379 2473 563 2504 existimandi.
581 2473 669 2506 potius
686 2478 765 2505 quam
783 2470 878 2496 domus
892 2474 919 2496 et
936 2477 1021 2504 popu—

243 2519 284 2546 lus
310 2519 378 2546 Deil
402 2519 429 2546 In
448 2527 496 2546 nos
519 2519 721 2545 debacchentur
740 2515 942 2543 sceleratissimi
965 2515 1020 2547 illi,

279 2643 333 2677 (τι)
348 2640 396 2669 Ilii:
409 2642 485 2677 Apis,
502 2642 650 2673 Ἀλύπιοςο
668 2641 781 2669 Socrate
796 2645 920 2673 vocatur,
937 2640 985 2668 lib.
1001 2649 1020 2674 I,

237 2685 263 2704 ο.
278 2678 322 2705 2'1.

278 2713 333 2748 (75)
347 2712 410 2739 Haec
430 2711 599 2748 Constantini
617 2711 731 2746 epistola
748 2710 954 2738 amanuensium
971 2717 1019 2737 ne-

241 2748 369 2783 gligentia
383 2747 495 2783 excidit.

277 2779 332 2821 (76)
349 2782 426 2821 [ἱρείη
442 2781 583 2821 Ψοιμαθὶἐἶ
601 2779 782 2821 Psammathia
794 2788 858 2821 vero
881 2784 939 2821 erat
954 2781 1019 2820 sub-

240 2818 349 2843 urbium
369 2816 539 2843 Nicomeuite.
555 2817 742 2843 'I‘hendm'utus
757 2816 812 2842 hinc
826 2816 1018 2842 Constantino-

242 2851 293 2884 poli
313 2856 386 2885 gesta
399 2855 516 2883 enarrat,
533 2851 580 2878 lib.
601 2859 620 2882 t,
639 2858 698 2884 υςιρ.
715 2850 760 2882 ‘26,
780 2851 825 2876 sed
843 2850 898 2877 tlde’
911 2851 1017 2884 dignior

1051 1602 1243 1637 δικαιοσύνης
1263 1603 1280 1637 ἡ
1305 1602 1394 1633 πίστις
1419 1601 1646 1636 ἀνακεχώρηκεν,
1670 1601 1736 1627 ὅπου
1759 1609 1791 1634 γε
1814 1601 1855 1631 εἰς

1071 1647 1197 1675 τοσοῦτον
1220 1649 1253 1683 τῇ
1273 1647 1320 1674 τοῦ
1338 1647 1450 1678 σκύτους
1476 1646 1555 1681 ἀχλύῖ
1581 1645 1801 1682 περιϐεϐλήμεθα
1823 1646 1854 1672 οὐ

1074 1694 1152 1730 μόνον
1166 1693 1210 1720 διὰ
1223 1694 1270 1729 τὴν
1284 1693 1451 1720 πολύπλοκον
1466 1692 1584 1727 πλάνην,
1605 1692 1672 1718 ἀλλὰ
1692 1692 1739 1719 καὶ
1762 1691 1806 1718 διὰ
1820 1692 1855 1718 τὰ
1875 1686 1879 1691 ’

1071 1741 1126 1768 τῶν
1147 1740 1302 1776 ἀχαρίστων
1330 1739 1523 1775 ἐλαττώματα,
1551 1738 1604 1765 τῶν
1620 1738 1668 1774 μὲν
1694 1738 1743 1774 τὴν
1763 1738 1854 1765 ἄνοιαν

1073 1786 1258 1823 βραϐευόντων
1280 1785 1445 1822 ἀνεχόμεθα,
1461 1785 1515 1812 τῶν
1529 1785 1557 1811 δὲ
1573 1784 1621 1820 τὴν
1643 1784 1790 1811 ἐπιείκειαν
1807 1784 1855 1810 καὶ

1072 1833 1121 1868 τὴν
1138 1831 1264 1868 ἀλήθειαν
1285 1831 1501 1867 διακρουομένων
1517 1829 1704 1865 αἰσθανόμενοι
1722 1829 1856 1865 παρενθυ-

1075 1879 1216 1914 μούμεθα;
1232 1878 1263 1904 Τί
1282 1877 1312 1904 τὸ
1325 1877 1411 1903 δεινὸν
1426 1876 1505 1904 τοῦτο
1519 1876 1569 1911 τῆς
1589 1875 1724 1911 ἡμετέρας
1737 1875 1854 1908 κακίας;

1073 1924 1142 1956 Τοὺς
1151 1923 1265 1959 ἐχθροὺς
1279 1924 1329 1949 οὐκ
1342 1922 1498 1958 ἐλέγχομεν,
1510 1921 1565 1948 ἀλλ’
1577 1921 1697 1956 ἑπόμεθα
1708 1920 1746 1956 τῷ
1756 1921 1857 1957 λῃστηο

1075 1969 1135 2006 ρίῳ,
1150 1970 1182 1996 δι’
1197 1967 1227 1996 οὗ
1239 1968 1298 1995 ὁδόν
1315 1977 1375 1995 τινα
1402 1969 1499 2003 ἑαυτῇ,
1525 1967 1558 1993 ἵν’
1572 1960 1658 1998 οὕτως
1678 1966 1757 1999 εἴπω,
1775 1968 1792 2002 ἡ
1805 1967 1856 2002 τῆς

1073 2016 1210 2047 ἀπωλείας
1236 2015 1327 2050 ἀπάτη
1342 2035 1349 2046 ,
1380 2014 1493 2049 μηδενὸς
1526 2012 1728 2048 ἀντικειμένου,
1758 2012 1856 2048 ῥᾳδίως

1073 2063 1228 2098 εἰργάσατο.
1245 2058 1318 2096 *Αρα
1332 2059 1443 2095 οὐδεμία
1466 2060 1538 2086 ἐστὶν
1559 2059 1693 2094 αἴσθησις,
1708 2059 1768 2087 οὐδὲ
1786 2058 1858 2086 κατά

1044 2123 1048 2131 ι
1073 2109 1153 2144 χάριν
1180 2108 1228 2142 τῆς
1252 2107 1345 2142 κοινῆς
1362 2106 1486 2135 ἁπάντων
1507 2104 1633 2140 φύσεως,
1655 2105 1682 2131 εἴ
1697 2113 1729 2139 γε
1739 2104 1793 2131 τῶν
1808 2103 1857 2131 τοῦ

1073 2155 1156 2190 νόμου
1181 2153 1397 2188 προσταγμάτων
1419 2152 1610 2187 ἠμελήσαμεν;
1634 2151 1703 2178 Ἀλλ“
1723 2152 1781 2185 ἐρεῖ
1802 2159 1856 2183 τις,

1039 2219 1061 2247 D
1075 2199 1145 2227 κατὰ
1158 2198 1238 2234 φύσιν
1248 2199 1265 2234 ἠ
1281 2198 1375 2233 ἀγάπη
1390 2197 1585 2232 ἐξευρίσκεται.
1598 2197 1630 2223 Ti
1641 2195 1698 2229 οὖν,
1712 2198 1753 2224 ὅτι
1766 2198 1856 2232 ἡμεῖς,
1870 2198 1874 2200 ’

1077 2245 1124 2271 καὶ
1148 2244 1193 2270 τὸν
1212 2243 1267 2270 τοῦι
1282 2243 1349 2270 Θεοῦ
1374 2243 1456 2278 νόμον
1478 2243 1547 2278 πρὸς
1562 2244 1594 2278 τῇ
1613 2243 1712 2278 εὐφυΐᾳ
1736 2243 1856 2281 σχόντες,

1075 2289 1228 2325 ἀνεχόμεθα
1253 2290 1302 2325 τῆς
1325 2289 1462 2324 ὀχλήσεως
1487 2290 1533 2316 καὶ
1572 2288 1619 2316 τοῦ
1655 2289 1768 2323 θορύϐου
1803 2289 1858 2315 τῶν

1075 2335 1197 2371 ἐχθρῶν,
1219 2336 1330 2371 πυρσοῖς
1349 2344 1429 2366 τισιν.
1457 2335 1495 2367 ὡς
1518 2327 1626 2368 ἔοικεν,
1648 2335 1856 2371 ὲξαπτομένων;

1074 2383 1128 2408 Καὶ
1141 2383 1188 2416 οὺχ
1205 2382 1310 2416 ὁρῶμεν
1333 2381 1488 2417 ὀφθαλμοὺς
1509 2381 1631 2416 ἔχοντες,
1649 2382 1708 2407 οὐδὲ
1731 2381 1858 2407 αἰσθανό-

1076 2427 1154 2462 μεθα,
1167 2428 1253 2454 καίτοι
1266 2428 1325 2458 ταῖς
1337 2427 1384 2453 τοῦ
1400 2426 1481 2462 νόμου
1495 2426 1649 2462 αἰσθήσεσιν
1665 2427 1739 2458 ὄντες
1752 2435 1858 2462 πεφρα-

1074 2472 1177 2507 γμένοι.
1209 2472 1310 2507 Ὁπόση
1333 2472 1386 2508 ἄρα
1410 2472 1523 2507 πτόησις
1548 2472 1597 2508 τὴν
1623 2472 1768 2507 ἡμετέραν.
1784 2471 1858 2507 ζωὴν

1074 2517 1245 2552 κατείληφεν,
1261 2518 1326 2544 ὅπου
1353 2526 1385 2551 γε
1410 2517 1487 2552 ἡμῶν
1503 2516 1592 2543 αὐτῶν
1606 2517 1662 2552 (79)
1679 2516 1764 2548 οὓτως
1787 2516 1858 2551 ἀμε-

1268 2676 1421 2719 ἀμοιϐαδὶς.
1434 2675 1515 2708 Editi,
1528 2674 1694 2710 ἀμοιϐαδεῖς.
1703 2673 1786 2701 Paulo
1794 2679 1855 2709 post

1068 2711 1146 2746 Reg"
1156 2711 1376 2747 ἑρισχελούντων.

1104 2743 1376 2782 (78)’Συμπτώματα
1402 2745 1469 2781 Reg.
1496 2744 1567 2771 Edili
1594 2751 1668 2776 vero,
1688 2743 1857 2780 συμπτώμα-

1073 2791 1124 2814 τος,
1136 2785 1273 2809 nwmluse.
1525 2814 1538 2821 -
1639 2814 1652 2820 _

1103 2817 1158 2844 (79l
1170 2817 1205 2844 Ita
1219 2817 1286 2852 Reg.
1301 2816 1370 2844 Etllll
1393 2823 1467 2850 vero,
1479 2815 1558 2850 ἡιιων
1568 2815 1672 2841 ἑαυτων
