2031 3048
164 149 213 176 σθι

706 146 875 174 APOLOGIA
893 147 1031 175 CONTRA
1054 147 1215 175 ARIANOS.

1722 150 1775 177 '56!

164 206 273 240 λοῦμεν,
287 205 334 232 καί
353 204 439 232 ταῦτα
455 205 708 240 ὑπομιμνήσκοντος
727 205 773 232 τοῦ
788 204 869 237 Θεοῦῖ
883 202 948 232 Εἶτα

1000 213 1102 241 nosque
1118 205 1277 233 insimulant
1295 210 1375 241 atque
1396 210 1427 234 ex
1445 207 1568 234 adversis
1585 206 1705 242 partibus
1727 217 1775 236 nos

164 252 213 278 οὐκ
227 252 300 278 ἔστιν
314 251 449 287 ἀφόρητον
458 251 488 278 τὸ
503 251 601 283 κακόν;
617 252 647 278 οὺ
661 251 805 286 πολεμίους
821 251 944 286 ἡγεῖσθαι

998 251 1171 278 insectantur.

165 298 300 333 προσήκει
327 297 447 328 τούτους,
469 297 499 323 οὐ
516 295 562 322 τὸν
588 294 661 323 οἷκον
677 297 724 322 καὶ
747 296 793 322 τὸν
811 295 874 322 λαὸν
899 294 945 322 τοῦ
966 293 1033 321 Θεοῦ
1046 303 1055 330 ς
1070 295 1295 331 Ἐμπαροινοῦσιν
1311 297 1376 332 ἡμῖν
1391 296 1437 323 καὶ
1456 295 1599 330 ὲγκαλοῦσί
1620 305 1651 331 γε
1668 298 1692 324 οἱ
1708 307 1776 324 παν·

164 343 243 374 ώλεις
259 343 373 375 ἐκεῖνοι,
387 343 434 369 καὶ¹
457 342 668 378 ὲπιπλήσσουσιν
682 343 714 369 ὲκ
730 342 783 368 τῶν
802 343 929 368 ἐναντίων
947 342 1022 377 ἡμῖν.

200 388 245 415 62.
262 387 328 414 Μεθ’
342 388 406 423 ὅσης
416 387 443 414 δὲ
457 388 584 419 ἀπονοίας
594 387 673 414 τοῦτο
689 388 861 423 πράττουσιν,
874 388 945 423 ὑμᾶς

166 433 263 464 αὐτοὺς
276 434 374 459 ἐννοεῖν
389 431 456 465 ἀξιῶ
482 433 514 460 οι
526 432 578 468 γὰρ
600 433 686 468 μωροὶ
699 433 744 459 ἐπὶ
763 432 812 467 τῆς
823 431 946 467 γλώττης

166 481 295 516 κειμένην
311 479 400 515 ἔχουσι
413 479 464 514 τὴν
479 479 586 506 κακίαν.
613 474 692 504 Οὗτοι
709 477 774 511 γοῦν
788 477 946 513 μολυῦδίνας

166 526 242 558 τινὰς
256 525 339 562 ὀργὰς
352 525 552 561 περιφέρονται,
567 524 604 555 ὡς
621 525 733 555 ἑαυτοὺς
756 523 805 559 μὲν
821 525 879 551 κατ’
901 525 946 550 ἀν-

166 572 266 598 τίδοσιν
284 571 420 606 πλήττειν,
436 571 508 606 ἡμᾶς
522 569 550 596 δὲ
575 569 642 604 πρὸς
666 569 760 605 κέρδος
772 569 822 604 τῆς
845 569 946 601 οἰκείας

166 617 303 648 κολάσεως
315 616 447 650 ἀπάγειν·
466 616 512 642 καὶ
531 616 546 642 ὁ
567 615 615 650 μὲν
634 615 723 647 καλῶς
739 614 846 647 διδάξας
866 616 946 642 πολέ-

169 672 228 698 μιος
245 663 364 699 κρίνεται
374 671 381 678 ⁸
404 663 418 688 ό
433 662 460 688 δὲ
475 662 524 696 τὴν
538 661 633 696 φθόνου
646 661 743 688 κακίαν
760 660 947 697 προὸεδλημέ;

166 717 221 740 νος,
234 702 335 740 ἐκεῖνος
348 708 396 743 τὴν
412 707 458 734 τοῦ
473 706 538 734 λαοῦ
551 707 707 743 ἡμερότητα
721 707 750 734 οὗ
767 707 880 738 δεόντως
891 706 945 743 (80)

167 753 385 788 καταλαμϐάνει,
402 753 512 789 πορθεῖ,
530 752 720 780 καταναλίσκει
733 772 741 783 ,
770 753 816 779 καὶ
851 752 946 779 ἑαυτὸν

137 828 140 831 ,
167 799 320 830 κακοθελεῖ,
337 798 583 834 ὲγκωμίῳκοσμετ
609 799 656 826 καὶ
672 798 824 834 συντίθησι·
847 799 895 834 τὴν
918 799 946 825 δὲ

165 843 295 879 ἀλήθειαν
313 843 457 879 ἀνατρέπει
479 844 525 871 καὶ
544 843 594 878 τὴν
611 843 700 870 πίστιν
723 843 828 878 ἀπατᾷ,
852 843 947 879 μέχρις

165 885 197 915 οὗ
212 888 250 924 τῷ
268 889 361 924 οἰκείῳ
375 888 428 924 (81)
445 889 573 916 συνειδότι
594 888 696 923 φωλεὸν
712 889 758 915 καὶ
775 889 947 924 κρυπτηρίαν

166 934 334 970 ἐπιζητήσας
360 934 437 970 εὕρῃ.
459 934 534 970 Αὕτη
561 934 626 968 γοῦν
650 935 746 966 αὐτοὺς
776 936 792 969 ή
820 935 948 970 σκαιότης

166 981 274 1012 ἀθλίους
284 982 366 1014 ποιεί,
379 981 442 1008 ὅταν
454 980 596 1016 προπετῶς
609 981 720 1012 ἑαυτοὺς
732 980 855 1013 ἀναξίους
868 980 947 1012 ὄντας

165 1027 367 1062 ἀποδέχωνται,
387 1026 526 1061 λέγοντες·
542 1027 594 1053 Φεῦ
621 1026 675 1052 τῶν
699 1025 807 1053 χακῶνί
832 1026 948 1058 Ἐκεῖνος

167 1072 351 1108 πρεσϐύτερός
365 1073 422 1099 ἐστι
434 1093 440 1101 .
458 1072 505 1100 καὶ
521 1073 626 1104 ’ἐκεῖνος
641 1073 706 1104 παῖς
717 1091 724 1103 ,
741 1071 808 1107 ἐμοῦ
834 1072 947 1099 amem

166 1119 183 1154 ἡ
203 1118 279 1154 τιμὴ,
296 1119 357 1154 ἐμοὶ
369 1118 516 1153 ὀφείλεται,
531 1118 635 1146 ἐκείνου
655 1117 778 1154 ἀφῃρέθη
791 1117 846 1153 (82)
857 1126 863 1133 ·
886 1118 947 1144 ἐπεὶ

166 1163 264 1195 αὐτὸς,
293 1163 403 1198 ἐμαυτῷ
419 1163 583 1200 ἀφαρπάσας
599 1162 720 1194 ἃπαντας
732 1182 740 1194 ,
756 1162 799 1188 ἐπ’
827 1162 947 1195 ἐξουσίας

167 1209 298 1236 ἀπολέσαι
325 1209 498 1244 πειράσομαι.
527 1207 650 1243 Λαμπρά
673 1208 749 1243 τιςὴ
773 1207 824 1242 τῆς
850 1207 947 1243 μανίας

166 1255 294 1290 ὲκὸόησις
307 1255 379 1290 (85)·
396 1255 523 1289 τάγματα
535 1255 581 1281 καὶ
599 1249 751 1288 συλλόγους,
764 1254 791 1289 ἢ,
806 1253 838 1280 ἵν’
861 1253 947 1286 οὕτως

167 1299 252 1332 είπω,
268 1299 439 1335 ἀρχιερεσίαν
456 1298 510 1326 τῶν
525 1299 631 1326 ἀτόπων
647 1299 749 1326 τούτων
768 1299 948 1335 συστημάτων

169 1345 244 1372 ἰδεῖν.
261 1345 293 1371 Ὠ
314 1345 363 1380 τῆς
381 1345 495 1376 ἀτοπίας
509 1344 597 1380 ἡμῶν,
620 1345 653 1371 ἶν’
680 1344 765 1377 οὕτως
781 1345 865 1372 εῖπωί
886 1345 948 1372 Ἐπὶ

166 1390 216 1426 τῆς
244 1380 406 1424 ’ἐκκλησίας
428 1390 474 1417 τοῦ
494 1389 561 1417 Θεοῦ
579 1389 670 1422 ἀνοίας
701 1390 775 1417 ἐστὶν
800 1390 946 1424 ὲπίδειξις;

168 1435 235 1463 Εἶτα
249 1437 300 1463 οὐκ
311 1436 468 1469 αἰδοῦνται;
486 1436 544 1463 Οὐκ
567 1435 645 1462 αὐτοὶ
666 1436 777 1468 ἑαυτοὺς
798 1436 947 1470 ψὲγουσιν;

168 1483 238 1510 οὐδὲ
251 1483 392 1518 τὰς-ψυχὰς
405 1483 556 1515 δάκνονται,
573 1484 616 1510 ἵνα
634 1484 681 1511 νῦν
699 1483 763 1518 γοῦν
783 1485 947 1519 καταντικρὺ

168 1530 218 1564 τῆς
233 1529 340 1564 ἀπάτης
354 1529 401 1556 καὶ
413 1529 462 1563 τῆς
474 1529 629 1564 ὲρεσχελίας
642 1529 697 1564 (84)
711 1529 785 1561 ἄξιόν
799 1538 825 1556 τι
841 1530 949 1564 φρονεῖν

167 1574 283 1607 δόξωσι;
304 1574 352 1601 Βία
371 1574 437 1610 μόνη
460 1575 518 1601 ἐστὶ
534 1575 581 1602 τοῦ
606 1575 704 1610 φθόνου
722 1577 779 1607 τοῖς
800 1576 874 1608 ἰδίοις
897 1577 948 1602 ἐπ-

169 1620 327 1656 ερειδομένη
338 1621 501 1657 φαρμάκοις.
513 1621 593 1648 Οὐδὲν
606 1621 716 1657 ῐσχυσαν
725 1623 749 1648 οἱ
758 1622 870 1657 πονηροὶ
878 1622 949 1649 κατὰ

139 1701 144 1706 _
169 1664 217 1691 τοῦ
247 1666 396 1693 ἐπισκόπου
416 1666 502 1702 ὑμῶν.
521 1667 598 1702 Ἐμοὶ
618 1667 798 1700 πιστεύσατε,
823 1667 947 1702 ἀδελφοὶ,

169 1711 245 1738 οὐδὲν
269 1712 361 1748 ἕτερον
385 1712 598 1743 ἐσπουδάκασιν,
621 1712 708 1748 ῆῖνα,
735 1712 950 1748 κατατρίψαντες

169 1758 233 1789 τοὺς
244 1758 396 1793 ἡμετέρους
409 1758 530 1794 χρόνους,
548 1758 681 1794 μηδεμίαν
697 1757 787 1793 χώραν
801 1759 830 1784 ὲν
845 1759 878 1794 τῇ
893 1757 949 1793 ζωῇ

170 1803 256 1840 ταύτῃ
281 1803 459 1839 μεταμελείας
486 1803 593 1839 ἔχωσιν.
625 1804 839 1839 Ἐπικουρήσατε
861 1804 950 1830 τοίνυν

171 1851 236 1885 ὑμῖν
249 1851 352 1882 αὐτοῖς,
367 1849 526 1885 παρακαλῶ,
541 1849 571 1876 τὸ
583 1849 691 1885 φίλτρον
702 1849 733 1876 τὸ
749 1849 881 1885 ἡμέτερον
895 1850 950 1884 (85)

171 1896 342 1932 ἀγαπήσατε,
361 1897 408 1923 καὶ
426 1895 506 1922 παντὶ
522 1895 608 1922 σθένει
624 1895 737 1928 διώξατε
753 1896 815 1927 τοὺς
837 1896 884 1930 τὴν
903 1896 951 1930 τῆς

171 1942 308 1978 ἡμετέρας
324 1941 448 1977 ὁμονοίας
472 1942 551 1976 χάριν
578 1941 718 1975 ἀφανίζειν
737 1941 949 1977 ἐπιθυμοῦντας’

171 1989 218 2015 καὶ
233 1989 302 2024 πρὸς
316 1989 362 2015 τὸν
376 1988 441 2015 Θεὸν
455 1988 603 2020 ἀπιδόντες,
619 1989 690 2024 ὑμᾶς
703 1989 801 2021 αὐτοὺς
817 1989 949 2023 ἀγαπᾶτε.

177 2033 248 2068 Ἐγὼ
261 2033 313 2069 γὰρ
325 2033 370 2060 τὸν
386 2033 517 2068 ὑμέτερον
530 2034 677 2061 ἐπίσκοπον
693 2034 848 2061 Ἀθανάσιον
866 2034 951 2069 ἀσμέ-

172 2086 225 2109 νως
254 2078 445 2113 προσηκάμην,
470 2078 556 2110 οὕτως
581 2087 612 2105 τε
629 2078 892 2114 προσεφθεγεάμην,
915 2079 952 2111 ὡς

172 2123 314 2158 ἄνθρωπον
333 2123 412 2150 αὐτὸν
427 2123 493 2151 Θεοῦ
507 2124 570 2151 ὂντα
592 2125 782 2161 πεπεισμένος,
808 2125 952 2161 ’Υμέτερόν

172 2169 231 2195 ἐστι
251 2168 336 2195 ταῦτα
364 2169 498 2202 συνιέναι,
527 2171 577 2196 οὐκ
603 2170 668 2205 ἐμὸν
691 2170 801 2206 κρίνειν.
823 2170 878 2206 Τὴν
900 2171 953 2206 γὰρ

172 2214 238 2249 παρ’
255 2213 322 2249 ἐμοῦ
339 2214 489 2250 πρόσρησιν
511 2215 591 2242 αὑτὸν
611 2215 765 2242 Ἀθανάσιον
785 2216 848 2250 ὑμῖν
863 2216 953 2242 διακο-

172 2261 253 2295 νῆσαι
262 2260 307 2286 τὸν
318 2260 527 2296 αἰδεσιμώτατον
538 2262 683 2295 ἀναγκαῖον
693 2262 848 2297 ἡγησάμην,
858 2261 953 2288 ὲννοῶν

171 2307 220 2340 τὴν
235 2305 391 2341 ἐπιμέλειαν
411 2307 460 2341 τῆς
477 2307 624 2338 ἐπιεικείας
638 2307 734 2338 αὑτοῦ,
755 2307 816 2342 ἣτις
835 2307 883 2332 οὐκ
906 2307 953 2332 ἀν-

171 2352 254 2384 αξίως
268 2352 318 2387 τῆς
333 2353 472 2388 εἰρηνικῆς
486 2361 536 2387 μου
553 2353 680 2384 πίστεως,
694 2353 733 2384 εἰς
745 2353 775 2378 τὸ
789 2351 889 2386 ἀγαθὸν
903 2353 952 2387 τῆς

171 2398 359 2434 σωτηριώδους
374 2398 485 2433 γνώμης
502 2398 644 2434 κατέχεται
668 2398 821 2430 διαπαντὸς,
836 2398 881 2424 καὶ
898 2398 952 2430 ἓξει

171 2444 216 2470 τὸν
227 2444 414 2480 προτρέποντα
426 2444 562 2480 λογισμόν.
578 2445 606 2471 ’0
620 2445 685 2476 Θεὸς
701 2444 771 2479 ὑμᾶς
787 2443 952 2478 διαφυλάξοι,

172 2489 280 2524 ἀδελφοὶ
311 2490 458 2525 ἀγαπητοί.
489 2491 544 2517 Καὶ
563 2490 647 2517 ταῦτα
669 2491 718 2525 μὲν
744 2491 757 2516 ὁ
781 2491 952 2517 Κωνσταντῖ-

171 2543 216 2567 νος
232 2535 300 2571 (86).

209 2648 264 2682 (8οὶ
281 2649 359 2682 Κείς..
373 2650 404 2676 οὑ
415 2650 537 2681 δεόντως.
555 2649 636 2681 Editi,
653 2649 730 2680 male,
745 2650 805 2676 οὐδὲ
821 2649 914 2682 ὅντως.

209 2683 265 2720 (ξι)
277 2683 357 2720 lleg.,
377 2684 472 2720 μέχρις
483 2685 536 2711 οὐδ’
554 2684 597 2716 ἄν,
614 2685 701 2711 minus
715 2690 798 2720 ret-te.

208 2718 264 2755 (ξὲ)
276 2718 355 2755 βατίς,
369 2718 541 2755 περιαιρεθῇ.
561 2720 587 2746 Et
602 2720 640 2755 itii.
653 2719 791 2755 ἀφῃρέθη.

210 2749 265 2790 (εξ.)
281 2749 484 2790 ιιειξίιιεε.”ισ;ιιιὶί
497 2749 571 2786 νειιυ,
585 2749 736 2789 ικδάλτίςέὶξ.
745 2749 804 2782 uox
818 2754 952 2790 Reg.,dp-

174 2788 306 2824 xtspéota,
319 2788 345 2815 in
361 2796 456 2816 uetttro
471 2790 576 2822 plurali.

212 2823 364 2859 (δὼβει,
382 2825 544 2859 ὲρισχελίας.
568 2825 632 2857 Qua:
653 2828 712 2857 post
729 2832 811 2857 pauca
835 2833 952 2855 sequun-

175 2863 229 2890 tur,
244 2858 318 2885 οὐδὲν
335 2858 478 2893 ἴσχυσανοὶ
503 2861 613 2895 πονηροὶ
644 2859 712 2886 κατὰ
737 2859 781 2885 τοῦ
804 2860 951 2887 ima-Ama

1031 387 1076 414 62.
1096 387 1202 421 Quanta
1227 393 1315 416 autem
1333 396 1393 416 cum
1417 389 1534 416 amentia
1553 389 1604 416 hoc
1622 384 1712 424 ag'ant,
1729 397 1776 416 vos

997 432 1069 466 ipsos
1085 434 1204 467 cogitare
1219 440 1293 466 rogo.
1312 431 1390 459 Stulti
1404 433 1474 459 enim
1490 433 1517 460 in
1532 432 1621 467 lingua
1633 440 1680 459 sua
1695 432 1775 459 sitam

997 479 1097 506 habent
1109 480 1249 510 malitiam’.
1271 481 1303 509 Hi
1322 487 1387 514 ergo
1407 479 1547 514 plumbeas
1561 478 1615 506 iras
1631 478 1775 506 circumfe-

997 529 1071 557 runt,
1088 530 1117 552 ut
1130 532 1159 552 se
1175 525 1288 552 invicem
1301 525 1409 555 feriant.
1427 531 1529 558 nosque
1540 530 1630 550 secum
1643 523 1776 550 abducant

997 571 1029 597 ad
1044 571 1167 604 supplicii
1182 570 1221 598 sui
1236 570 1394 597 auctarium.
1407 568 1519 596 [nterim
1534 568 1580 604 qui
1596 572 1670 596 recta
1685 568 1774 600 docet,
1788 595 1791 599 ‘

997 617 1082 644 hostis
1094 617 1258 652 judicatus:
1268 617 1313 651 qui
1329 621 1418 643 autem
1437 615 1544 642 invidie
1558 614 1653 642 vitium
1678 621 1733 648 pra:
1747 621 1777 641 se

997 662 1059 695 fert,
1075 663 1097 690 is
1119 663 1243 696 populum
1266 667 1435 699 mansuetum
1453 667 1545 688 contra
1560 660 1604 696 jus
1621 660 1716 694 fasque
1733 659 1775 686 in-

996 708 1081 740 vadit,
1097 709 1231 740 devastat,
1259 708 1374 735 absumit
1390 715 1422 735 ac
1435 708 1485 735 sibi
1502 707 1551 742 ipsi
1567 708 1594 734 in
1609 706 1686 734 malis
1701 713 1776 734 coma

997 753 1093 787 placet,
1109 761 1168 781 sese
1181 753 1302 788 laudibus
1317 758 1396 781 ornat
1406 758 1432 781 et
1443 753 1588 780 concinnat
1602 762 1608 779 :
1635 753 1776 784 veritatem

997 804 1085 826 autem
1101 800 1244 832 subvertit,
1264 800 1396 834 fidemque
1416 799 1482 826 fallit
1498 800 1584 827 donec
1605 799 1777 826 conscientia:

996 853 1051 872 sua:
1071 850 1178 874 antrum
1194 850 1222 883 et
1243 845 1382 873 latibulum
1401 845 1585 880 conquisitum
1611 849 1707 872 nactus
1729 844 1775 872 sit.

997 891 1054 926 Ipsa
1070 892 1150 927 igitur
1165 892 1264 928 ingenii
1279 892 1398 927 pravitas
1413 892 1472 919 illos
1483 891 1596 919 miseros
1607 890 1697 922 efﬁcit,
1714 891 1777 917 dum

996 938 1158 973 petulanter,
1175 939 1276 974 indigni
1293 938 1365 971 licet,
1390 938 1493 972 seipsos
1514 937 1637 965 laudibus
1650 936 1777 968 etferunt,

997 985 1125 1019 ainntque
1138 994 1145 1012 :
1159 984 1226 1019 proh
1240 983 1360 1012 facinus!
1376 984 1421 1012 ille
1435 984 1526 1012 senior
1537 988 1588 1015 est,
1603 983 1684 1009 etille
1694 989 1775 1017 puer;

999 1029 1032 1056 ad
1048 1037 1090 1056 me
1109 1029 1194 1057 honor
1210 1030 1317 1062 attinet,
1331 1030 1397 1057 mihi
1415 1030 1538 1061 debetur,
1561 1029 1594 1056 ab
1607 1029 1652 1056 illo
1671 1029 1778 1056 ablatus

999 1079 1041 1102 est
1056 1083 1062 1102 :
1077 1082 1127 1110 ego
1140 1076 1248 1110 quippe,
1266 1076 1393 1104 omnibus
1408 1075 1442 1102 ad
1459 1083 1532 1102 meas
1547 1080 1637 1110 partes
1650 1075 1777 1109 abreptis,

1000 1128 1060 1148 eum
1076 1125 1208 1156 potestate
1220 1122 1376 1156 disperdere
1394 1121 1545 1156 aggrediar.
1562 1120 1696 1148 Praeclara
1713 1127 1780 1148 sane

1000 1165 1112 1194 insania:
1133 1165 1295 1193 exclamatio
1315 1175 1322 1193 :
1343 1166 1468 1194 cohortes
1495 1165 1597 1200 utique,
1620 1170 1778 1196 conventus,

1000 1216 1029 1239 ut
1048 1211 1085 1239 ita
1100 1211 1197 1244 dicam,
1219 1212 1349 1247 remigum
1366 1211 1541 1246 principatus,
1558 1209 1628 1246 apud
1643 1210 1779 1245 improbo-

1000 1265 1060 1286 rum
1077 1258 1185 1286 illorum
1201 1262 1287 1287 castus
1301 1257 1394 1286 videre
1407 1261 1459 1285 est.
1484 1256 1506 1285 0
1522 1262 1642 1284 nostrain
1655 1256 1780 1283 absurdi-

1001 1308 1091 1336 tatem,
1109 1304 1131 1332 si
1148 1304 1183 1332 ita
1205 1304 1256 1332 fari
1270 1303 1364 1331 liceat!
1382 1303 1409 1330 In
1426 1303 1580 1331 Ecclesiane
1595 1302 1642 1330 Dei
1656 1301 1779 1330 stultitiae

1000 1350 1114 1377 habetur
1138 1350 1339 1385 spectaculum?
1355 1358 1416 1377 nunt
1435 1356 1488 1376 non
1507 1347 1692 1376 erubescunt?
1715 1355 1780 1374 num

1000 1396 1081 1430 seipsi
1106 1403 1159 1423 non
1185 1396 1338 1432 obiurgant,
1363 1404 1412 1424 nec
1436 1395 1594 1423 mordentur
1617 1393 1725 1426 animis.
1752 1397 1781 1419 ut

1000 1449 1073 1469 nunc
1092 1441 1188 1469 saltem
1207 1446 1300 1469 contra
1324 1440 1445 1468 fraudem
1468 1445 1496 1468 et
1515 1439 1715 1468 contentionem
1739 1437 1781 1464 di—

1001 1494 1082 1522 gnum
1096 1486 1196 1522 aliquid
1205 1486 1307 1514 sentire
1323 1485 1482 1512 videantur?
1496 1488 1531 1512 At
1545 1484 1580 1511 illi
1596 1483 1653 1511 sola
1674 1483 1781 1510 invidia:

1001 1532 1026 1559 vi
1044 1536 1155 1559 utuntur
1177 1531 1232 1559 suis
1248 1531 1388 1558 veneﬁciis
1412 1531 1536 1558 subnixa.
1556 1529 1608 1557 Sed
1629 1529 1696 1556 nihil
1721 1536 1780 1556 sce-

1001 1576 1079 1605 lerati
1101 1576 1139 1604 illi
1163 1577 1293 1604 adversus
1315 1577 1470 1611 episcopum
1493 1581 1612 1603 vestrum
1636 1578 1782 1609 potuerunt

1001 1621 1140 1656 perlicere.
1157 1621 1221 1648 Mihi
1232 1621 1344 1653 credite,
1360 1621 1469 1652 fratres,
1481 1619 1547 1647 nihil
1562 1619 1633 1646 aliud
1646 1623 1780 1653 satagunt,

1001 1674 1081 1701 quam
1099 1672 1128 1694 ut
1145 1674 1206 1693 cum
1223 1671 1315 1694 nostra
1342 1671 1462 1701 tempora
1486 1664 1563 1692 malis
1586 1664 1781 1698 oppresserint,

1002 1711 1103 1739 nullum
1121 1711 1173 1738 sibi
1191 1711 1217 1738 in
1241 1712 1291 1738 hac
1305 1710 1359 1737 vita
1386 1709 1539 1745 relinquant
1553 1708 1719 1744 pmnitentim
1740 1707 1781 1734 lo-

1001 1766 1073 1786 cum.
1097 1757 1179 1794 Vohis
1195 1758 1276 1792 igitur
1292 1757 1357 1792 ipsis
1377 1756 1444 1783 ferte
1471 1763 1564 1791 opem;
1583 1755 1704 1782 obtestor
1722 1761 1780 1785 vos.

1001 1810 1120 1830 amorem
1139 1807 1260 1830 nostrum
1273 1801 1385 1836 diligite,
1408 1801 1524 1835 totisque
1543 1799 1645 1827 viribus
1663 1806 1710 1826 eos
1724 1798 1782 1825 abi—

1001 1849 1057 1884 gite
1069 1849 1114 1882 qui
1130 1853 1228 1875 nostrae
1240 1847 1392 1875 concordia:
1406 1846 1519 1880 gratiam
1531 1845 1642 1880 cupiunt
1656 1843 1779 1877 abolere;

1004 1895 1140 1928 Deumque
1159 1902 1213 1928 prae
1228 1893 1313 1920 oculis
1327 1887 1465 1925 habentes,
1481 1899 1527 1918 vos
1543 1890 1656 1918 invicem
1668 1890 1780 1923 diligite.

1003 1941 1058 1974 Ego
1078 1941 1149 1968 enim
1173 1940 1327 1975 episcopum
1350 1945 1466 1966 vestrum
1489 1937 1667 1965 Athanasium
1689 1935 1782 1969 excepi

1003 1987 1215 2022 perhumaniter,
1243 1992 1358 2020 eumque
1385 1985 1424 2011 sic
1449 1991 1508 2011 sum
1527 1983 1670 2014 allocutus,
1692 1986 1720 2008 ut
1737 1982 1782 2015 qui

1003 2033 1075 2060 illum
1094 2032 1137 2059 Dei
1153 2032 1289 2059 hominem
1312 2037 1372 2058 esse
1390 2037 1547 2064 persuasum
1571 2028 1709 2055 haberem.
1731 2027 1782 2053 \‘e-

1002 2083 1087 2105 struut
1104 2082 1146 2104 est
1163 2078 1219 2104 ιιωο
1240 2075 1399 2111 intelligere,
1424 2083 1472 2102 nec
1487 2082 1576 2101 meum
1595 2079 1636 2100 est
1653 2081 1683 2100 ea
1700 2073 1732 2099 de
1754 2080 1783 2099 re

1003 2124 1074 2151 ferre
1089 2123 1230 2157 judicium.
1253 2122 1339 2149 Meam
1360 2127 1449 2149 autem
1471 2120 1660 2148 salutationem
1682 2125 1710 2145 ut
1726 2119 1783 2152 ipse

1004 2170 1244 2198 reverendissimus
1264 2169 1427 2195 Athanasius
1445 2167 1520 2193 vobis
1535 2165 1701 2193 renuntiaret
1716 2171 1783 2189 (Oll-

1004 2221 1161 2243 sentaneutn
1175 2216 1238 2242 duxi
1255 2225 1261 2242 :
1282 2215 1416 2249 aequitatis
1428 2214 1499 2240 illius
1511 2212 1679 2239 sedulitatem
1693 2209 1783 2236 animo

1005 2263 1184 2296 perpendens.
1197 2269 1258 2296 qua:
1277 2261 1357 2287 modo
1369 2260 1487 2295 pacifica:
1505 2258 1570 2284 fidei
1587 2264 1652 2284 mea:
1669 2263 1722 2282 non
1743 2255 1783 2280 in-

1005 2309 1096 2343 digno,
1121 2308 1147 2334 in
1164 2307 1292 2334 salutaris
1315 2307 1443 2334 doctrina:
1459 2306 1528 2331 bono
1542 2310 1649 2338 semper
1662 2301 1783 2328 contine-

1006 2359 1058 2385 tur,
1075 2361 1186 2388 qua-que
1208 2354 1241 2380 ad
1257 2360 1304 2379 vus
1319 2353 1352 2379 de
1367 2351 1452 2379 oﬂicio
1475 2350 1620 2377 monendos
1636 2348 1688 2375 erit
1709 2354 1784 2373 com-

1005 2403 1108 2433 parata.
1135 2398 1204 2425 Dens
1221 2397 1299 2433 143
1322 2405 1368 2425 vos
1391 2399 1542 2428 conservet,
1563 2395 1652 2422 dilecti
1674 2394 1784 2420 fratres.

1005 2444 1066 2471 llaec
1079 2444 1279 2471 Constantinus.

1011 2651 1097 2685 ὑμῶν,
1112 2654 1176 2683 etc.,
1195 2650 1275 2677 etiam
1291 2650 1361 2685 apud
1373 2649 1570 2677 Theodoretqu
1582 2649 1723 2680 habentur,
1739 2649 1785 2677 lib.

1009 2693 1028 2717 I,
1043 2686 1185 2770 igbfi-llildil;
1198 2720 1282 2770 P‘aris.
1295 2719 1472 2751 et'l‘heodor.,
1485 2719 1627 2755 ὑμέτερον.
1639 2718 1785 2746 AtComm.

1007 2763 1067 2782 cum
1086 2757 1311 2790 Inss.,f;p.5rspov.

1007 2827 1011 2831 .
1043 2791 1097 2852 (xii)
1112 2790 1182 2824 ΙΙίιυ,
1198 2791 1251 2818 Καὶ
1268 2791 1352 2818 ταῦτα
1369 2791 1418 2826 μὲν
1437 2791 1450 2817 ὁ
1463 2791 1675 2822 Κωνσταντῐνος,
1692 2790 1787 2817 desunt

1007 2835 1032 2852 ιιι
1071 2834 1111 2852 re.
1163 2846 1168 2852 .

1007 2835 1032 2853 ιιι
1046 2834 1111 2861 mg.
1163 2846 1168 2853 .
