2031 3048
282 155 337 186 565

543 157 572 185 S.
594 156 779 184 ATHANASII
798 157 874 184 OPP.
897 155 996 182 PARS.
1017 157 1036 182 Ι.
1057 169 1089 174 -—
1110 151 1292 180 IIISTORICA
1312 151 1356 179 ET
1377 150 1586 180 DOGMATICA.

1835 149 1889 183 aut

319 214 362 242 63.
384 213 430 241 llis
445 215 481 241 ita
503 214 594 248 gestis.
616 222 676 242 cum
693 214 832 248 aliquanto
849 220 969 249 tempore
987 213 1062 247 quie-

1148 211 1192 237 63.
1212 209 1319 236 Τούτων
1337 209 1421 240 οὕτως
1438 209 1623 244 πραχθέντων,
1642 207 1710 244 πρὸς
1723 208 1812 242 ὀλίγον
1823 209 1892 244 ἠσυ-

280 261 385 290 vi‘Ssent
405 260 550 291 Heletiani,
568 261 656 287 denuo
670 261 841 287 concitantur
860 270 866 287 :
883 265 1062 293 curautesque

281 311 313 333 ut
325 307 357 333 iis
368 306 414 340 qui
428 313 457 333 se
470 306 592 333 mercede
611 306 798 332 conduxerant
812 311 966 340 pergratum
989 306 1061 333 face-

282 356 352 381 rent.
368 351 417 378 hoc
434 351 541 377 demum
558 351 650 378 ineunt
666 352 819 378 consilium.
841 351 975 379 Mareotes
990 351 1062 386 regio

282 396 402 430 quaedam
417 396 598 424 Alexandrina
611 402 663 429 est,
675 405 754 431 quam
770 397 892 424 Melelius
908 397 933 424 in
945 398 1061 424 schisma

281 441 413 468 deducere
429 442 607 477 nequidquam
624 443 746 470 tentavit.
760 442 826 469 Cum
841 443 920 478 igitur
934 442 1061 470 Ecclesiae

281 487 399 514 deliuitis
421 487 447 514 in
469 487 534 515 locis
554 492 655 520 essent,
675 488 839 523 presbyteris
857 488 981 515 omnibus
999 495 1064 515 con-

280 536 377 558 ventus
393 532 420 559 in
444 532 537 560 iisdem
552 532 680 561 Ecclesiis
703 534 845 568 agentibus
862 533 1019 568 populisque
1036 534 1063 560 in

282 584 350 611 pace
364 577 537 612 degentibus:
551 578 661 613 quidam
674 578 799 613 Ischyras
813 579 932 610 nomine,
947 586 998 605 non
1010 578 1064 605 cle-

283 623 367 656 ricus,
385 622 431 651 sed
446 627 474 650 et
489 623 610 651 moribus
625 624 774 659 improbus,
788 624 828 651 sui
844 624 903 659 pagi
919 624 1022 651 incolas
1037 624 1063 650 in

283 675 404 695 errorem
429 668 567 702 impellere
585 669 746 701 conabatur,
769 669 831 696 dum
853 676 913 696 sese
927 668 1065 703 jactitaret

284 719 344 740 esse
357 713 496 740 clericum.
513 713 541 740 id
557 721 618 740 cum
632 714 806 748 comperisset
818 714 937 741 locorum
951 715 1063 748 presby-

285 763 332 786 ter
344 758 409 786 mihi
424 758 559 786 Ecclesiae
572 759 745 794 perlustranti
761 767 816 787 rem
831 760 972 787 denuntiat
985 768 992 786 :
1004 766 1064 793 quae

284 811 365 831 causa
389 803 440 831 fuit
455 808 484 831 ut
499 812 550 831 una
565 812 626 832 cum
647 804 692 831 illo
712 804 858 832 Maearium
878 805 1064 840 presbyterum

284 849 418 877 mitterem
438 851 472 878 ad
494 849 631 886 Ischyram
654 850 850 879 accersendum
869 859 877 878 :
902 857 982 885 quem
1004 857 1064 877 cum

1117 257 1248 291 χάσαντες
1272 257 1295 282 οἱ
1323 255 1488 287 Μελιτιανοὶ,
1515 253 1707 289 παροξύνονται
1734 253 1824 286 πάλιν,
1848 253 1896 282 καὶ

1117 302 1217 337 ταύτην
1233 301 1343 337 ὕστερον
1360 301 1478 327 τίθενται
1495 300 1601 336 βουλὴν.
1619 300 1810 332 σπουδάζοντες
1831 300 1895 336 ἀρέ-

1119 358 1163 376 σαι
1175 349 1230 379 τοῖς
1242 347 1454 383 μισθωσαμένοις
1465 346 1575 378 αὐτούς.
1592 346 1738 382 Μαρεώτης
1753 345 1808 382 (8'1)
1821 346 1897 382 χώρα

1118 395 1166 430 τῆς
1184 393 1382 429 Ἀλεξανδρείας
1397 393 1469 419 ἐστίν
1481 401 1488 407 ·
1506 393 1535 419 ἐν
1550 392 1634 429 ταύτῃ
1653 393 1754 428 σχίσμα
1773 393 1896 425 Μελίτιος

1118 440 1168 466 οὑκ
1181 439 1298 475 ἠδυνήθη
1310 439 1430 473 ποιῆσαι.
1441 438 1500 465 Τῶν
1512 439 1601 466 τοίνυν
1623 439 1788 474 Ἑκκλησιῶν
1794 440 1823 465 ὲν
1832 440 1895 475 ὠρι-

1119 486 1226 521 σμένοις
1242 486 1334 517 τόποις
1347 485 1443 517 οὐσῶν,
1455 486 1501 511 καὶ
1513 485 1567 512 τῶν
1582 485 1773 521 πρεσϐυτέρων
1788 485 1893 512 πάντων

1120 532 1150 557 ὲν
1164 531 1259 562 αὐταῖς
1286 531 1465 565 συναγόντων,
1490 530 1543 557 τῶν
1563 539 1592 557 τε
1609 530 1680 557 λαῶν
1694 531 1895 566 εἰρηνευὸντων,

1125 577 1247 612 Ἰσχύρας
1260 585 1302 608 τις
1317 576 1387 603 οὕτω
1399 576 1554 611 λεγόμενος,
1571 577 1601 602 οὺ
1619 577 1756 612 κληρικὺς,
1768 576 1835 603 ἀλλὰ
1851 577 1897 603 xa‘t

1118 621 1163 648 τὸν
1178 613 1275 657 τρόπον
1289 621 1415 657 πονηρὸς,
1432 622 1568 658 ἐπεχείρει
1580 622 1643 653 τοὺς
1655 622 1684 648 ὲν
1698 623 1731 657 τῇ
1749 621 1802 657 ίδίᾳ
1819 621 1898 659 κώμῃ

1119 667 1231 702 πλανᾷν,
1251 667 1337 701 λέγων
1358 665 1427 694 εἶναί
1448 676 1507 694 τινα
1531 667 1626 694 ἑαυτὸν
1647 667 1785 702 κληρικόν.
1813 667 1899 694 Τοῦτο

1121 711 1213 747 μαθὼν
1227 712 1241 738 ό
1257 712 1312 738 τῶν
1323 712 1413 738 τόπων
1437 712 1621 748 πρεσϐύτερος
1640 712 1842 748 περιερχομένῳ
1854 721 1899 748 μοι

1119 755 1168 787 τὰς
1189 755 1350 791 Ἐκκλησίας
1362 756 1531 791 ἀναγγέλλει·
1546 758 1593 784 καὶ
1603 756 1757 783 ἀποστέλλω
1768 757 1815 783 σὺν
1825 758 1900 793 αὐτῷ

1119 801 1262 837 Μακάρων
1271 801 1453 838 πρεσϐύτερον
1467 802 1580 829 καλέσαι
1594 802 1639 829 τὸν
1658 802 1789 838 Ἱσχύραν.
1802 802 1901 838 Εὖρόν-

1119 856 1165 879 τες
1176 848 1204 874 δὲ
1219 847 1301 874 αὑτὸν
1313 847 1442 875 νοσοῦντα
1463 849 1511 876 καὶ
1530 848 1725 884 κατακείμενον
1743 849 1773 875 ἐν
1792 848 1898 884 κελλίῳ,

284 903 384 930 agrum
407 896 489 929 inque
510 895 637 924 cubiculo
662 897 868 924 decumbentem
892 896 1067 930 reperissent,

1120 893 1285 920 ἐντέλλονται
1301 893 1341 929 τῷ
1366 895 1449 930 πατρὶ
1476 894 1558 921 αὐτοῦ
1583 894 1763 930 παραγγεῖλαι
1784 895 1823 930 τῷ
1850 895 1900 930 υἱῷ

283 941 353 976 patri
367 940 424 975 ejus
439 941 590 975 injunxere,
607 946 636 968 ut
653 941 735 969 ﬁlium
754 949 769 968 a
792 941 839 969 tali
864 941 985 969 facinore
1001 948 1065 975 pro-

283 986 402 1019 biberetl
417 988 498 1022 quale
510 988 642 1016 adversus
653 994 715 1015 eum
729 987 817 1015 fuerat
829 987 958 1015 delatum.
972 988 1007 1014 At
1023 987 1067 1015 ille

283 1032 378 1061 morbo
399 1032 503 1061 levatus
528 1040 588 1060 cum
612 1038 695 1066 esset,
711 1041 727 1061 a
741 1034 798 1061 suis
819 1037 848 1061 et
865 1041 881 1060 a
905 1037 981 1068 patre
996 1033 1066 1067 ipso,

283 1079 429 1112 quominus
441 1078 467 1106 id
483 1083 585 1114 ageret,
600 1079 751 1113 prohibitus
763 1078 883 1114 confugit
895 1079 929 1106 ad
946 1078 1067 1106 Meletia-

283 1130 334 1151 nos
349 1132 357 1152 :
373 1124 419 1161 qui
440 1124 505 1152 inita
525 1132 586 1152 cum
600 1124 757 1153 Eusebianis
771 1125 912 1157 societate.
930 1125 999 1152 hanc
1014 1133 1066 1152 una

284 1177 379 1197 omnes
414 1169 571 1198 conﬁnxere
599 1169 834 1202 criminationem;
863 1170 934 1204 quod
961 1170 1067 1198 scilicet

283 1215 418 1244 Macarius
429 1216 542 1244 calicem
555 1215 743 1252 confregisset,
758 1216 944 1251 Arseniusque
959 1217 1066 1251 episco-

282 1269 332 1296 pus
346 1269 361 1288 a
374 1262 450 1289 nobis
463 1267 532 1290 esset
546 1262 733 1296 interemptus.
748 1261 816 1295 Quin
829 1261 912 1289 etiam
926 1262 1067 1289 Arsenium

284 1307 466 1340 occultarum,
477 1313 506 1336 ut
517 1309 563 1344 qui
576 1316 708 1343 nusquam
718 1312 900 1344 compareret,
911 1308 1069 1336 crederetur

283 1352 450 1380 interfectus.
465 1352 598 1380 Truncam
613 1353 678 1380 item
698 1360 808 1381 manum
830 1353 1067 1386 circumferebant,

283 1397 360 1431 quasi
373 1397 396 1425 is
406 1396 500 1425 fuisset
509 1397 679 1438 membratim
690 1397 824 1425 concisura.
835 1396 972 1433 lschyram
993 1405 1067 1430 vero,

284 1451 363 1477 quem
381 1451 417 1471 ne
440 1448 538 1471 norant
553 1443 672 1478 quidem,
699 1443 885 1478 presbyterum
901 1444 1070 1479 circumqua-

283 1496 337 1524 que
350 1489 499 1524 praedicare
512 1494 661 1523 cmperunt,
678 1493 708 1516 ut
729 1490 762 1517 de
782 1489 868 1518 calice
883 1489 1001 1525 loquenti
1019 1491 1068 1518 de-

284 1535 400 1568 cipiendi
415 1539 488 1562 esset
501 1535 625 1563 facultas.
638 1534 765 1570 lschyras
782 1535 864 1570 igitur
879 1543 894 1562 ιι
908 1535 965 1562 suis
981 1536 1070 1570 objur-

1117 940 1200 976 μηδέν
1210 949 1236 966 τι
1248 940 1366 967 τοιοῦτον
1379 941 1536 976 ἐπιχειρεῖν,
1549 938 1604 967 οἷον
1615 940 1721 975 εἴρηται
1734 941 1793 967 κατ’
1805 939 1899 967 αὐτοῦ.

1122 985 1191 1012 Ἀλλ’
1205 985 1325 1016 ἀναστὰς
1340 985 1394 1012 ἀπὸ
1413 985 1464 1020 τῆς
1477 986 1568 1017 νόσου,
1591 985 1637 1012 καὶ
1662 985 1830 1021 κωλυόμενος
1844 985 1899 1013 ἀπὸ

1115 1031 1168 1058 τῶν
1183 1031 1253 1058 ίδίων
1267 1031 1313 1058 καὶ
1325 1031 1372 1057 τοῦ
1391 1031 1502 1066 πατρὸς.
1516 1031 1682 1066 καταφεύγει
1693 1032 1760 1067 πρδς
1771 1031 1833 1063 τοὺς
1843 1033 1900 1059 Με-

1116 1075 1267 1107 λιτιανούς·
1285 1077 1406 1103 κάκεῖνοι
1432 1075 1583 1103 κοινοῦνται
1609 1077 1665 1108 τοῖς
1679 1077 1742 1112 περὶ
1760 1076 1899 1110 Εὐσέϐιον,

1116 1123 1163 1150 καὶ
1182 1122 1273 1149 λοιπὸν
1292 1122 1443 1149 συντίθεται
1459 1124 1524 1158 παρ’
1534 1123 1651 1159 αὺτῶνὴ
1664 1124 1842 1158 συκοφαντία,
1859 1124 1901 1151 ὅτι

1115 1168 1147 1203 δὴ
1168 1168 1296 1203 ποτήριον
1318 1168 1367 1203 μὲν
1390 1168 1532 1204 Μακάριος
1557 1169 1703 1203 κατέαξεν,
1722 1169 1857 1205 Ἀρσένιος
1871 1169 1901 1196 δε

1116 1221 1158 1244 τις
1182 1212 1330 1243 ἐπίσκοπος
1360 1213 1489 1248 ὲφονεύθη
1518 1214 1582 1249 παρ’
1603 1213 1690 1249 ἡμῶν.
1717 1215 1772 1241 Καὶ
1790 1215 1834 1241 τὸν
1851 1214 1903 1250 μὲν

1124 1257 1259 1292 Ἀρσένιον
1281 1256 1462 1292 κρύπτουσιν,
1492 1258 1563 1294 ὑπὲρ
1584 1258 1642 1291 τοῦ,
1669 1259 1707 1294 μὴ
1741 1259 1902 1295 φαινόμενον

1118 1303 1208 1335 αὑτὸν,
1222 1303 1260 1334 ὡς
1271 1302 1449 1338 ἀναιρεθέντα
1466 1303 1634 1339 νομίζεσθαι·
1644 1305 1691 1331 καὶ
1703 1307 1791 1340 χεῖρα,
1808 1306 1899 1341 φησὶν,

1116 1346 1153 1378 ὡς
1169 1347 1349 1380 συγκοπέντος
1360 1347 1453 1379 αὐτοῦ,
1470 1347 1640 1384 περιέφερον.
1655 1349 1707 1375 Τὸν
1720 1349 1749 1376 δὲ
1768 1349 1900 1385 ’1σχύραν,

1117 1392 1146 1418 ὃν
1162 1392 1212 1419 οὐκ
1229 1392 1349 1427 ᾔδεισαν,
1379 1393 1506 1428 ἄρχονται
1525 1393 1646 1429 θρυλλείν
1662 1394 1717 1430 (88)
1731 1394 1769 1426 ὡς
1783 1394 1903 1431 πρεσϐύ-

1117 1446 1206 1473 τερον,
1220 1438 1262 1464 ῖνα
1279 1439 1325 1465 καὶ
1342 1432 1406 1473 περὶ
1422 1439 1552 1474 ποτηρίου
1565 1439 1650 1473 λέγων
1662 1439 1764 1475 πλανᾷν
1777 1439 1901 1476 δύνηται.

1124 1483 1154 1510 Ὀ
1169 1484 1218 1519 μὲν
1231 1481 1277 1510 οὖν
1297 1483 1430 1519 Ἰσχύρας,
1454 1485 1634 1520 μεμφομένων
1656 1485 1737 1512 αὑτὸν
1752 1485 1806 1513 τῶν
1820 1486 1902 1519 ίδίων,

1118 1527 1184 1565 ἦλθε
1200 1530 1268 1565 πρὸς
1283 1530 1356 1565 ἡμᾶς
1370 1530 1580 1566 ἀποδυρόμενος,
1593 1531 1640 1558 καὶ
1653 1531 1739 1565 λέγων
1757 1532 1840 1567 μηδὲν
1854 1532 1904 1567 μὲν

284 1587 373 1616 gatus.
396 1582 429 1609 ad
447 1589 495 1609 nos
513 1582 710 1617 collacrymans
724 1582 850 1615 accessit,
870 1582 937 1609 nihil
962 1582 1014 1610 tale
1028 1582 1067 1609 in-

1120 1576 1279 1611 γεγενῆσθαι
1293 1576 1368 1611 παρὰ
1383 1574 1601 1612 Μακαρίου,οῒον
1610 1577 1790 1614 ὲθρύλλησαν,
1806 1577 1904 1604 ὑποδε-

285 1628 383 1663 quiens
399 1635 413 1655 ι
428 1628 546 1656 Macario
563 1628 749 1660 commissum,
769 1628 848 1663 quale
869 1628 908 1655 illi
931 1628 1070 1664 pervulga-

284 1679 358 1707 rant,
384 1675 431 1702 sed
452 1682 482 1702 se
508 1675 685 1702 subornatum
709 1682 725 1701 a
750 1674 899 1702 Meletianis
920 1674 1014 1706 fuisse,
1037 1675 1071 1702 ad

285 1721 359 1748 illam
376 1721 593 1749 criminationem
613 1720 882 1749 comminiscendam.
903 1720 960 1749 Hoc
981 1725 1070 1748 autem

287 1767 447 1802 rescriptum
458 1767 545 1794 dedit:

438 1813 558 1841 ΒΕΑΤο
577 1813 688 1841 PAP/E
714 1813 928 1841 ATHANASIO

458 1860 582 1895 Ischyras
604 1861 632 1888 in
650 1860 762 1887 Domino
780 1860 902 1887 salutem.

321 1904 366 1931 δι.
393 1903 615 1939 Quandoquidem
646 1912 699 1938 me,
736 1905 846 1931 domine
879 1905 1019 1938 episcopeI
1046 1909 1072 1931 te

287 1949 442 1982 adeuntem,
459 1955 489 1977 ut
504 1950 531 1976 in
544 1950 692 1977 Ecclesiam
711 1950 856 1984 reciperer,
875 1950 1023 1986 objurgain
1037 1951 1071 1978 ob

287 2002 332 2022 res
348 1996 463 2022 antehac
482 2003 497 2022 a
515 2002 558 2023 me
579 1995 692 2029 delatas,
716 1997 793 2031 quasi
814 1997 839 2023 id
862 2003 950 2023 essem
967 2000 1072 2031 meopte

288 2041 402 2068 consilio
417 2048 577 2076 aggressus;
596 2041 697 2069 idcirco
712 2042 762 2068 mei
778 2042 907 2076 purgandi
924 2049 1005 2069 causa
1020 2042 1072 2069 hoe

289 2086 337 2112 tibi
360 2085 435 2112 trado
453 2086 630 2120 rescriptum;
649 2091 678 2112 ut
697 2091 864 2120 compertum
889 2086 1000 2118 habeas,
1017 2087 1070 2112 vim

289 2131 353 2158 mihi
370 2131 470 2158 illatam
485 2131 630 2166 plagasque
644 2131 678 2159 ab
695 2130 798 2162 lsaaco,
815 2131 966 2163 Heraclide,
979 2131 1071 2158 Isauco

288 2177 370 2204 Letus
390 2184 538 2210 eorumque
561 2176 652 2210 sociis,
679 2176 795 2203 inflictas
822 2183 893 2203 esse.
917 2176 972 2210 Ego
995 2183 1070 2208 sane,

287 2222 343 2250 Deo
363 2222 390 2248 in
407 2225 503 2248 testem
517 2221 647 2254 adhibito,
664 2222 714 2248 hoc
731 2222 763 2248 ad
779 2221 815 2248 tui
832 2221 1013 2248 defensionem
1025 2222 1071 2248 de-

287 2265 373 2296 clare,
391 2271 434 2291 me
455 2265 539 2298 probe
554 2265 625 2292 scire
648 2271 674 2292 te
689 2265 755 2292 nihil
770 2273 863 2292 eorum
889 2270 1070 2300 perpetrasse,

287 2317 347 2344 quae
365 2309 402 2336 illi
417 2317 431 2336 a
449 2314 474 2337 te
488 2310 630 2337 commissa
642 2309 779 2345 jactitant.
799 2309 877 2336 Nulla
897 2311 968 2338 enim
982 2310 1074 2338 calicis

285 2354 448 2387 confractio,
469 2355 542 2382 nulla
563 2356 668 2383 exstitit
682 2362 767 2382 sacrae
784 2362 882 2382 mensae
907 2355 1046 2383 subversio
1064 2365 1071 2383 :

286 2401 334 2428 sed
350 2409 393 2428 me
408 2401 500 2433 iidem,
512 2401 536 2428 vi
551 2401 634 2433 illata,
648 2401 682 2428 ad
695 2401 751 2428 haec
765 2402 855 2428 omnia
870 2401 982 2428 dicenda
997 2409 1072 2428 com-

286 2446 391 2479 pulere.
412 2446 496 2474 Porro
517 2447 572 2474 base
588 2447 648 2474 ideo
662 2447 696 2474 ad
713 2446 896 2474 defensionem
913 2447 1023 2482 protuli,
1041 2455 1073 2475 ac

288 2493 391 2527 scripto
408 2493 551 2525 mandavi;
565 2494 636 2527 quod
653 2501 824 2528 summopere
838 2499 963 2528 expetam
979 2499 1072 2528 postu-

292 2538 408 2572 lemque,
425 2543 454 2565 ut
479 2539 544 2565 mihi
559 2539 737 2566 conventibus
759 2540 840 2566 liceat
863 2540 994 2567 interesse
1010 2539 1071 2566 tuis.

289 2584 329 2612 Te
348 2584 374 2611 in
389 2584 503 2612 Domino
519 2584 610 2612 valere
622 2589 730 2619 exopto.
748 2584 805 2613 Hoc
819 2590 908 2612 autem
930 2584 1072 2619 chirogra-

290 2629 374 2663 phum
390 2637 479 2656 tneum
496 2629 544 2656 tibi
560 2629 708 2657 Athanasio
722 2630 849 2665 episcopo
865 2630 963 2657 tradidi
980 2637 1071 2656 coram

327 2723 383 2758 (87)
398 2723 435 2750 Ita
452 2724 518 2759 Reg.
538 2723 607 2750 Editi
622 2730 696 2756 vero,
711 2722 865 2758 Μαρεῶτις,
883 2721 930 2749 sed
956 2721 1073 2757 Μαρεώ-

291 2759 661 2797 τηςλιίειθεειηρεῐιςείιιπ-
956 2791 972 2797 .,
1052 2791 1058 2797 .

294 2833 302 2853 ι
319 2792 384 2829 ’(88)
398 2794 479 2828 Beg.,
488 2794 605 2830 θρυλεῖν,
615 2794 648 2821 de
660 2792 824 2828 more,.quod
838 2792 932 2819 ultimo
941 2792 976 2819 sit
987 2792 1073 2818 moni—

305 2837 359 2854 ιιιιι.

327 2864 381 2898 (8-9)
396 2862 441 2890 Sic
457 2863 523 2898 Reg.
540 2863 609 2891 Editi
631 2871 703 2897 vero,
723 2863 760 2899 τῷ
777 2862 920 2898 Μακαρίῳ.
931 2861 992 2890 Mox
1007 2862 1072 2897 Reg.

1119 1620 1235 1655 ϐλῆσθαι
1247 1621 1275 1648 δὲ
1292 1621 1388 1648 ἑαυτὸν
1402 1621 1479 1657 παρὰ
1494 1622 1548 1649 τῶν
1572 1622 1739 1650 Μελιτιανῶν
1753 1622 1906 1652 πλάσασθαι

1119 1665 1246 1702 τοιαύτην
1257 1665 1402 1701 λοιδορίαν.
1415 1666 1469 1692 Καὶ
1485 1666 1586 1702 γράφει
1599 1666 1693 1694 ταῦτα·

1225 1814 1391 1848 ΜΑΚΑΡΙῼ
1409 1813 1465 1848 (89)
1485 1815 1585 1848 mna
1612 1814 1792 1849 ΑΘΑΝΑΣΙῼ

1297 1858 1434 1892 Ἰσχύρας
1447 1858 1482 1884 ἐν
1497 1858 1593 1892 Κυρίῳ
1611 1859 1737 1893 χαίρειν.

1156 1904 1200 1931 64.
1223 1904 1331 1939 Ἐπειδὴ
1356 1904 1507 1940 προσῆλθόν
1523 1914 1573 1938 σοι,
1588 1905 1667 1941 κύριε
1686 1905 1826 1938 ἐπίσκοπε,
1844 1904 1906 1940 βου-

1120 1950 1231 1984 λόμενος
1243 1950 1293 1985 τῆς
1314 1949 1478 1985 Ἐκκλησίας
1491 1947 1570 1982 εἶναι,
1591 1951 1694 1986 ᾐτιάσω
1704 1950 1732 1977 δέ
1749 1959 1794 1986 με,
1807 1950 1848 1985 ἐφ’
1864 1947 1907 1982 οἷς

1121 1995 1253 2030 πρότερον
1272 1994 1457 2030 ἐφθεγξάμην,
1471 1995 1509 2026 ὡς
1523 1995 1589 2030 ἐμοῦ
1602 1995 1655 2022 ἀπὸ
1670 1995 1854 2031 προαιρέσεως
1867 1995 1908 2026 είς

1120 2039 1200 2066 τοῦτο
1212 2039 1400 2075 παρελθόντος,
1417 2039 1510 2066 τούτου
1525 2040 1616 2067 ἕνεκεν
1629 2040 1729 2075 ταύτην
1745 2040 1793 2075 τὴν
1807 2039 1906 2067 ἀπολο-

1121 2085 1184 2120 γίαν
1201 2086 1346 2121 ἐγγράφως
1363 2094 1404 2112 σοι
1421 2086 1572 2121 ἐπιδίδωμι,
1592 2086 1624 2113 ίν¹
1635 2086 1734 2113 ειδέναι
1750 2086 1832 2122 ἔχοις,
1854 2086 1907 2118 ὅτι,

1122 2131 1183 2165 βίας
1200 2140 1245 2165 μοι
1261 2132 1419 2166 γενομένης,
1448 2131 1496 2158 καὶ
1522 2131 1633 2166 πληγῶν
1654 2131 1830 2158 ὲπιτεθεισῶν
1852 2131 1908 2158 ἀπὸ

1127 2178 1218 2204 Ἰσαὰκ
1235 2178 1283 2204 καὶ
1304 2178 1488 2213 Ἡρακλείδου,
1502 2178 1548 2204 καὶ
1569 2178 1660 2204 Ἰσαὰκ
1672 2177 1720 2204 τοῦ
1733 2179 1782 2213 τῆς
1791 2177 1908 2213 Λητοῦς,

1123 2222 1170 2248 καὶ
1183 2222 1235 2248 ὑπὸ
1250 2222 1303 2248 τῶν
1319 2223 1368 2248 σὺν
1384 2223 1486 2253 αὐτοῖς.
1510 2221 1580 2256 Ἐγὼ
1589 2222 1628 2254 δὲ,
1646 2222 1771 2258 μάρτυρα
1784 2222 1830 2249 τὸν
1840 2222 1908 2248 Θεὸν

1124 2268 1164 2299 εἰς
1181 2266 1260 2294 τοῦτο
1274 2267 1430 2302 λαμϐάνων,
1441 2267 1636 2302 ἀπολογοῦμαι,
1653 2268 1692 2294 ὃτι
1704 2264 1824 2294 οὑδὲννῶν
1841 2267 1900 2294 ἐκεῖ

1125 2320 1164 2338 νοι
1181 2312 1319 2347 εἰρήκασι,
1339 2311 1446 2338 σύνοιδά
1461 2321 1490 2338 σε
1505 2313 1692 2348 πεποιηκέναι.
1706 2313 1773 2339 Οῠτε
1788 2312 1842 2347 γὰρ
1855 2320 1907 2338 πο-

1123 2357 1218 2392 τηρίου
1235 2356 1329 2388 κλάσις
1344 2357 1464 2392 γέγονεν,
1475 2357 1536 2384 οὕτε
1550 2359 1599 2394 τῆς
1611 2358 1690 2392 ἁγίας
1703 2358 1842 2394 τραπέζης
1856 2366 1908 2384 κα-

1123 2403 1261 2438 ταστροφὴ
1279 2403 1423 2438 γεγένηται
1436 2413 1441 2418 ·
1461 2404 1525 2431 ἀλλὰ
1540 2404 1625 2430 ταῦτα
1638 2404 1726 2431 πάντα
1738 2404 1834 2430 ἐκεῖνοι
1846 2402 1909 2438 βίαν

1126 2448 1264 2480 ἐπιθέντες
1280 2457 1335 2484 μοι,
1357 2449 1396 2481 εἰς
1410 2449 1488 2475 τοῦτο
1502 2449 1689 2484 παρώρμησάν
1703 2457 1746 2484 με.
1769 2448 1861 2475 Ταῦτα
1879 2448 1908 2474 δὲ

1126 2494 1339 2530 ἀπελογησάμην
1356 2503 1408 2526 σοι,
1425 2495 1472 2522 καὶ
1486 2496 1631 2530 ἐγγράφως
1645 2495 1803 2527 ἐπιδέδωκα,
1816 2493 1911 2530 αἱρούκ

1128 2548 1207 2574 μενος
1221 2541 1267 2566 καὶ
1283 2540 1503 2576 ὲπιδικαζόμενος
1513 2539 1581 2568 εἶναι
1603 2541 1657 2576 (90)
1673 2541 1725 2568 τῶν
1740 2540 1785 2567 ἐπὶ
1801 2540 1830 2566 σὲ
1848 2548 1906 2566 συν-

1126 2587 1276 2622 αγομένων.
1297 2588 1448 2623 Ἐρῤὦσθαί
1466 2596 1495 2615 σε
1510 2587 1623 2624 εὔχομαι
1638 2588 1667 2616 ὲν
1679 2588 1783 2623 Κυρίῳ.
1804 2586 1909 2613 Ἐπιδέ-

1125 2632 1199 2658 δωκα
1212 2632 1241 2658 δὲ
1256 2633 1334 2668 τήνδε
1344 2642 1394 2669 μου
1409 2633 1459 2669 τὴν
1471 2634 1551 2670 χεῖρά
1561 2642 1601 2660 σοι
1615 2633 1654 2669 τῷ
1667 2633 1806 2667 ὲπισκὸπῳ
1828 2632 1910 2658 Ἀθα-

1125 2729 1152 2752 et
1164 2725 1242 2766 Baf‘iln.
1252 2745 1259 2766 τ
1269 2725 1420 2760 προσῆλθόν
1435 2734 1485 2757 σοι,
1499 2728 1526 2752 et
1536 2725 1571 2752 ita
1584 2723 1734 2759 legendum.
1748 2723 1817 2751 Editi
1834 2732 1911 2756 vero,

1126 2761 1275 2796 προσῆλθόν
1292 2769 1347 2796 μοι.

1169 2796 1224 2831 (90)
1255 2794 1333 2823 Εῑναι
1359 2796 1451 2824 deerat
1476 2795 1504 2823 in
1525 2794 1614 2823 editis.
1641 2794 1772 2832 Ex‘Reg.
1793 2794 1905 2828 sumpsi

1128 2839 1196 2858 mus.
