2031 3048
197 136 250 166 565

739 137 908 165 ΔΡοιιουιΑ
927 137 1064 165 CONTRA
1083 135 1244 164 ARIANOS.

1747 136 1801 164 366

197 194 280 229 νασίῳ
292 194 338 220 ἐπὶ
349 194 483 230 παρουσίᾳ
504 193 557 221 τῶν
578 193 768 230 πρεσϐυτέρων
783 195 914 230 ’Λμμωνᾶ
929 195 973 220 Δι-

1024 194 1189 229 presbyteris
1199 194 1329 220 Ammona
1346 192 1460 226 Dicellie,
1476 191 1600 221 Heraclio
1612 193 1719 226 Pliasci,
1735 193 1801 222 Boc-

196 239 302 274 κὲλλης,
317 239 473 275 Ἡρακλείου
487 239 731 272 Φάσκω,Βόκκονος
742 239 867 276 Χενεὸρὶ,
889 240 974 275 Ἀχιλ-

195 285 230 312 λᾶ
245 285 386 320 Μυρσίνης
407 281 478 320 (9ης
490 277 604 319 Διδύμου
629 284 813 319 Ταφοσίρεως,
835 285 883 311 καὶ
908 284 973 311 Ἰού-

196 338 259 356 στου
271 329 324 356 ἁπὺ
335 329 489 364 Βωμοθέου·
505 329 551 355 καὶ
562 328 692 356 διακόνων
707 328 761 355 ἀπὸ
785 329 834 364 μέν
849 329 973 363 Ἀλεξαν-

195 374 287 409 δρείας
299 374 417 406 Παύλου,
433 374 479 400 καὶ
501 373 616 409 Πέτρου,
631 374 678 400 καὶ
702 373 850 409 Ὀλυμπίου
860 382 868 391 ’
880 374 933 401 ἀπὸ
945 374 974 401 δὲ

151 421 155 428 ¹
195 419 344 456 Μαρεώτου
362 419 514 455 Ἀμμωνίου
535 420 582 447 καὶ⁴
599 419 710 452 Πιστοῦ,
735 420 782 447 καὶ
807 420 971 455 Δημητρίου,

194 466 242 494 καὶ
256 466 336 493 Γαΐου
353 465 422 502 (92).

229 543 273 571 65.
299 543 390 570 Ταῦτα
412 543 566 580 γράψαντος
587 543 635 571 καὶ
658 543 776 578 Ἰσχύρα,
795 544 869 579 ὅμως
894 543 973 571 πάλιν

193 588 243 624 τὴν
256 588 380 624 τοιαύτην
389 588 554 624 κατηγορίαν
567 588 709 625 θρυλλοῦσι
726 587 783 624 (95)
802 588 852 624 μὲν
872 597 973 617 παντα-

195 634 254 672 χοῦ,
271 634 434 670 ἀναφέρουσι
455 633 484 660 δὲ
506 634 554 661 καὶ
576 633 616 670 τῷ
638 633 743 669 βασιλεῖ
767 634 972 670 Κωνσταντίνῳ.

197 681 326 712 Κάκεῖνος
340 679 403 715 περὶ
421 680 468 716 μὲν
484 679 531 707 τοῦ
542 679 671 716 ποτηρίου
688 679 792 714 φθάσας
805 677 840 714 ἦν
856 679 973 711 ἀκούσας

194 727 275 758 αὐτὸς
288 727 318 753 ἐν
334 727 367 761 τῇ
378 726 545 762 Ψαμμαθίᾳ,
566 725 706 762 παρόντων
721 725 810 761 ἡμῶν,
831 725 878 752 καὶ
893 733 974 752 κατα-

194 774 274 807 γνοὺς
289 772 339 807 τῆς
354 772 534 807 συκοφαντίας
554 772 608 799 τῶν
632 771 753 808 ἐχθρῶν·
770 771 869 807 γράφει
890 771 918 798 δὲ
933 773 974 804 είς

194 818 243 854 τὴν
259 817 419 853 Ἀντιόχειαν
431 817 574 854 Δαλματίῳ
584 817 622 853 τῷ
639 818 759 853 κήνσωρι
776 817 842 852 (94),
858 816 972 845 ἀκοῦσαι

1025 245 1092 265 coue
1104 237 1248 269 Chenebri,
1264 237 1369 264 Achilla
1383 237 1524 273 Myrsines,
1543 237 1656 273 Didymo
1669 237 1802 272 Taphosi—

1024 291 1096 315 reos,
1107 288 1133 311 et
1145 283 1221 310 Iusto
1231 291 1246 310 a
1255 283 1402 310 Bomotheo
1415 291 1421 309 :
1434 288 1461 311 et
1471 283 1589 311 diaconi's
1600 283 1800 317 Alexandrinis,

1024 329 1115 360 Paulo.
1133 329 1213 357 Petro
1237 334 1264 356 et
1290 328 1413 364 Olympio
1435 337 1442 355 :
1465 327 1627 361 Hareoticis,
1645 328 1800 361 Ammonio,

1024 373 1105 405 Pisto,
1123 373 1257 401 Demetrio
1269 377 1296 402 et
1308 373 1384 402 Gaio.

1060 554 1140 592 lu
1158 556 1202 583 65.
1221 556 1277 584 Hoc
1293 557 1336 584 ubi
1355 557 1512 593 rescriptum
1530 557 1653 594 lschyras
1671 558 1799 593 dedisset,

1024 601 1107 629 nihilo
1124 607 1212 630 tamen
1235 603 1324 630 minus
1341 611 1402 630 eam
1423 604 1511 631 denuo
1525 604 1623 639 ubique
1641 605 1801 640 pervolgant

1023 647 1250 680 criminationem,
1270 648 1303 675 ad
1325 648 1464 684 ipsumque
1479 649 1631 677 detulerunt
1655 650 1800 686 imperato-

1024 699 1080 719 rem
1104 691 1320 725 Constantinum,
1343 693 1388 727 qui
1403 694 1459 727 jam
1481 694 1581 728 pridem
1602 695 1800 723 accusationem

1023 737 1056 764 de
1070 737 1211 764 contracto
1222 737 1308 764 calice
1323 737 1511 766 Psammathize
1532 739 1609 767 nobis
1623 740 1800 774 praesentibus

1024 781 1159 814 audierat,
1173 786 1200 809 et
1213 781 1386 810 inimicorum
1400 783 1615 817 deprehenderat
1628 784 1798 812 calumniam.

1023 826 1091 854 Tum
1108 834 1172 855 vero
1187 827 1292 855 litteras
1312 828 1481 855 Antioohiam
1506 829 1539 856 ad
1561 828 1719 856 Dalmatium
1735 836 1800 856 cen-

193 864 242 900 τῆς
254 864 318 899 περὶ
331 863 379 890 τοῦ
390 863 469 898 φόνου
477 864 564 900 δίκης.
583 864 612 890 ὐ
624 863 713 891 τοίνυν
730 864 840 899 κήνσωρ
854 863 973 890 ἐπιστέλ-

1024 880 1112 900 sorem
1126 873 1198 900 misit
1210 882 1217 900 :
1229 874 1272 901 cui
1285 874 1420 901 homicidii
1434 881 1541 901 causam
1555 874 1714 902 audiendam
1727 881 1801 903 eom-

194 909 234 937 λει
251 917 295 944 μοι
310 908 567 944 παρασκευάσασθαι
575 908 644 945 πρὸς
654 908 800 943 ἀπολογίαν
816 908 862 935 τοῦ
876 908 973 944 ἐγκλή-

195 963 288 990 ματος,
313 953 384 988 Ἐγὼ
401 954 439 987 δὲ,
462 954 607 990 δεξάμενος
627 954 661 980 τὰ
683 954 795 983 τοιαῦτα
811 954 970 990 γράμματα,

195 998 283 1024 καίτοι
294 998 343 1034 τὴν
356 997 443 1034 ἀρχὴν
460 998 527 1033 μηδὲ
544 998 783 1034 προσποιούμενος,
799 999 843 1026 διὰ
858 999 888 1025 τὺ
906 999 973 1026 εἰδέ-

193 1051 238 1069 ναι
250 1042 331 1078 μηδέν
341 1043 440 1074 αὐτοὺς
454 1042 543 1077 λέγειν
560 1043 667 1079 ἀληθὲς,
683 1044 767 1079 ὅμως,
784 1043 876 1080 ἐπειδὴ
896 1044 972 1079 βασι-

193 1088 256 1120 λεὺς
271 1088 406 1124 κεκίνητο,
422 1088 520 1124 γράφω
535 1089 590 1120 τοῖς
610 1088 823 1125 συλλειτουργοῖς
837 1090 877 1121 είς
889 1089 972 1123 Δίγυ-

193 1142 269 1167 πιον,
285 1134 332 1162 καὶ
348 1133 450 1169 πέμπω
468 1134 600 1166 διάκονον,
618 1134 777 1170 βουλόμενος
798 1134 891 1170 μαθεῖν
910 1135 973 1170 περὶ

199 1179 336 1215 Ἀρσενίου
348 1188 355 1195 ·
369 1180 400 1206 οὐ
414 1179 468 1217 γὰρ
484 1180 616 1215 ἐωράκειν
626 1179 671 1206 τὸν
685 1179 825 1219 ἄνθρωπον
838 1180 909 1207 ἔτεσί
921 1189 972 1209 που

193 1225 303 1261 πέντεῆ
324 1224 363 1258 ἐξ.
383 1225 438 1252 Καὶ
454 1225 480 1252 τί
490 1225 559 1261 γάρς
579 1225 626 1252 ἵνα
642 1225 679 1261 μὴ
693 1225 802 1258 τελείως
815 1225 849 1253 τὰ
865 1225 974 1254 τοιαῦτα

192 1269 273 1305 λέγω,
297 1270 418 1306 ἐγνώσθη
442 1271 628 1307 κρυπτόμενος
651 1272 666 1298 ὁ
685 1271 831 1306 Ἂρσένιος·
859 1271 908 1307 τὴν
926 1272 974 1307 μὲν

193 1316 279 1352 ἀρχὴν
301 1316 330 1343 ἐν
353 1316 492 1352 Αἰγύπτῳ,
517 1316 609 1344 λοιπὸν
631 1317 659 1344 δὲ
679 1318 725 1344 καὶ
746 1318 775 1343 ἐν
800 1317 880 1354 Τύρῳ
894 1318 974 1345 πάλιν

193 1362 378 1398 κρυπτόμενον
391 1363 471 1389 αὑτὸν
481 1359 560 1399 εὖρον
569 1364 593 1390 οἱ
608 1363 746 1399 ἡμέτεροι.
761 1364 815 1390 Καὶ
825 1364 854 1391 τό
866 1373 897 1399 γε
911 1364 975 1392 θαυ-

194 1409 305 1445 μαστὸν,
322 1409 381 1436 ούδέ
392 1409 509 1445 εὑρεθεὶς
523 1409 656 1445 ὡμολόγει
672 1410 752 1442 αὐτὸς
767 1407 836 1436 εἶναι
846 1411 860 1438 ὁ
882 1411 974 1445 ’Δρσέ-

193 1463 248 1486 νιος
264 1454 328 1490 (95),
344 1454 396 1486 ἕως
414 1456 443 1482 ἐν
458 1455 624 1492 δικαστηρίῳ
644 1456 689 1482 ἐπὶ
705 1455 812 1485 Παύλου
831 1455 877 1482 τοῦ
899 1464 974 1493 τηνι-

193 1499 281 1527 καῦτα
292 1500 440 1527 ἐπισκόπου
455 1500 505 1536 τῆς
518 1500 606 1536 Τύρου
618 1500 746 1537 ἠλέγχθη·
758 1502 804 1527 καὶ
814 1510 974 1537 καταισχυν-

193 1543 249 1575 θεὶς
260 1544 350 1571 λοιπὸν
364 1545 413 1571 οὐκ
427 1546 574 1581 ἠρνήσατο.
588 1545 674 1573 Τοῦτο
684 1546 712 1573 δὲ
728 1547 814 1576 ἐποίει
833 1547 976 1582 φυλάττων
985 1545 1008 1576 ε

193 1590 261 1624 πρὸς
276 1591 338 1622 τοὺς
352 1591 416 1627 περὶ
427 1591 555 1618 Εὐσέϐιον
573 1592 718 1627 συνθήκην,
732 1593 774 1618 ῐνα
789 1593 836 1628 μὴ,
849 1593 887 1624 ὡς
899 1593 972 1628 εὑρε-

193 1636 294 1668 θέντος,
311 1637 402 1664 λοιπὺν
418 1637 528 1665 ἐκείνων
551 1638 582 1664 τὸ
596 1638 687 1674 δρᾶμα
702 1638 812 1674 διαλυθῇ
828 1639 893 1674 (96),
905 1640 973 1675 ὅπερ

192 1683 239 1711 καὶ
251 1683 356 1718 γέγονε.
371 1683 526 1719 Γράψαντος
540 1683 598 1720 γάρ
605 1693 655 1720 μου
669 1684 707 1720 τῷ
721 1684 835 1720 βασιλεῖ,
847 1686 888 1711 ὄτι
910 1685 972 1720 Ἀρ-

194 1727 279 1760 σένιος
307 1728 416 1764 εὑρέθη,
445 1729 492 1756 καὶ
517 1729 723 1765 ὑπομνήσαντος
751 1731 832 1757 αὑτὸν
859 1731 923 1766 περὶ
937 1728 973 1757 ὧν

192 1773 307 1809 ἦκουσεν
323 1774 351 1800 ἐν
360 1775 393 1809 τῇ
404 1775 558 1811 Ψαμμαθίᾳ
568 1776 709 1810 Μακαρίου
723 1775 769 1802 τοῦ
788 1776 973 1813 πρεσϐυτέρου

193 1819 281 1855 χάριν,
307 1819 409 1846 ἔπαυσε
427 1821 476 1855 μὲν
492 1821 521 1847 τὸ
543 1822 714 1857 δικαστήριον
739 1821 785 1848 τοῦ
815 1823 971 1858 κήνσωρος,

193 1863 294 1899 ἔγραψε
310 1865 338 1891 δὲ
355 1865 564 1899 καταγινώσκων
576 1866 625 1903 τὴν
645 1867 823 1901 συκοφαντίαν
844 1868 898 1894 τῶν
914 1868 973 1897 καθ’

193 1910 271 1945 ἡμῶν
283 1910 448 1944 γενομένων,
461 1912 507 1938 καὶ
518 1912 581 1943 τοὺς
596 1912 659 1947 περὶ
671 1913 798 1939 Εύσέὸιον
813 1913 974 1948 ἐρχομένους

193 1957 232 1989 εἰς
250 1957 297 1993 τὴν
310 1957 452 1992 Ἀνατολὴν
468 1957 528 1984 καθ’
543 1958 630 1993 ἡμῶν,
645 1958 784 1985 ἐκέλευσεν
798 1958 973 1994 ὑποστρέψαι.

195 2002 255 2028 ’Ότι
266 2002 321 2037 (97)
337 2003 386 2038 μὲν
398 2001 443 2029 οὖν
456 2003 644 2039 κατηγόρησαν
661 2003 698 2035 ὡς
712 2003 899 2038 ἀναιρεθέντος
915 2004 975 2040 Ἀρ-

197 2047 293 2080 σενίου,
311 2047 354 2074 ἵνα
377 2048 413 2083 μὴ
429 2049 489 2079 ταῖς
505 2047 579 2083 παρὰ
603 2048 657 2075 τῶν
686 2048 789 2076 πολλῶν
814 2049 974 2085 γραφείσαις

197 2092 349 2124 ἐπιστολαῖς
362 2094 515 2128 χρήσωμαι,
533 2094 612 2128 ἀρκεῖ
639 2093 717 2128 μόνον
733 2094 781 2129 τὴν
803 2094 974 2130 Ἀλεξάνδρου

194 2137 241 2163 τοῦ
258 2137 404 2164 ἐπισκόπου
431 2138 625 2174 Θεσσαλονίκης
646 2139 829 2174 παραθέσθαι·
847 2140 901 2166 ἀπὸ
921 2140 974 2176 γὰρ

194 2181 296 2217 ταύτης
312 2183 357 2209 καὶ
372 2182 421 2214 τὰς
434 2182 487 2209 τῶν
498 2183 584 2209 ἄλλων
600 2183 700 2217 γνῶναι
716 2184 835 2210 δυνατόν.
857 2185 974 2217 Ἐκεῖνος

160 2255 163 2259 ,
195 2228 432 2260 τοίνυνείδὼς,ὄσα
454 2229 503 2264 μὲν
523 2228 671 2264 ἐϐρύλλησε
691 2229 750 2255 καθ’
768 2230 845 2264 ἡμῶν
871 2230 972 2266 ’Δρχὰφ

196 2273 261 2308 (98),
276 2274 289 2300 ὃ
307 2274 352 2301 καὶ
372 2275 495 2310 Ἰωάννης
512 2275 576 2310 περὶ
596 2275 685 2309 φόνου,
704 2276 749 2301 καὶ
767 2275 868 2311 μαθὼν,
885 2277 925 2302 ὅτι
939 2277 971 2312 ζῇ

202 2318 346 2354 Ἀρσένιος,
363 2320 461 2356 γράφει
475 2319 558 2346 ταῦτα
570 2329 576 2335 ·

227 2463 283 2498 (9|)
297 2462 342 2499 Sic
357 2463 423 2498 Reg.
444 2462 601 2499 EditiAvero,
618 2464 775 2499 Μυρσήνης.

231 2497 287 2536 (92)
302 2498 329 2525 ln
348 2497 427 2525 editis
443 2497 690 2536 lta:_t:_legebanlui-1
709 2497 767 2536 Καὶ
783 2501 868 2527 ταῦτα
885 2501 933 2536 μὲν
963 2502 977 2528 ὁ

194 2532 329 2573 ’ἰσχύρας,
342 2540 402 2567 quae
414 2533 487 2567 quod
506 2533 533 2560 in
555 2532 620 2568 Reg.
637 2534 756 2562 etBasil.
774 2536 873 2569 desint,
885 2532 974 2563 'visutu

194 2574 235 2595 εει
246 2573 380 2595 omittere.

230 2603 287 2639 (9'5)
302 2603 370 2639 Reg.
383 2606 411 2629 et
421 2602 485 2639 edit.
499 2602 617 2639 Comum,
627 2603 767 2639 Ψαμαθίᾳ.

229 2636 285 2674 (94)
304 2636 382 2674 Reg,
396 2636 539 2673 Δαλματίῳ
556 2638 602 2674 γτῷ
629 2636 752 2674 κίνὶωριζ
786 2639 860 2666 Hunc
886 2645 976 2668 autem

198 2672 357 2708 Dalmatium
382 2680 520 2708 censorem
551 2673 699 2700 Constantii
716 2672 874 2708 patruelem
897 2675 974 2701 ἀδελ-

197 2706 388 2742 φιδοῠννίυὶεεθ
405 2708 441 2734 ait
457 2707 582 2735 Socrates
597 2708 643 2734 lib.
665 2715 685 2740 I,
699 2706 785 2742 c527,
804 2709 885 2736 tilium
904 2711 975 2736 scili-

198 2747 241 2777 cet
254 2741 373 2768 Dalmatii
389 2742 481 2769 fratris
497 2741 665 2770 Constantini
684 2743 781 2777 Magni.
800 2745 851 2770 Sed
868 2751 974 2772 errasse

199 2776 338 2811 Socratem
355 2778 492 2804 contendit
512 2777 644 2809 Valesius,
662 2779 706 2811 qui
722 2776 793 2805 hunc
817 2778 974 2806 Dalmatium

199 2810 405 2848 patrent_luisse
425 2816 556 2848 autumat.
569 2810 730 2839 Dalmatium
746 2813 816 2839 cuiut
835 2814 917 2840 lilium
929 2815 973 2848 qui

198 2846 386 2887 postca_C§esar
395 2847 600 2887 appellatpscst,
611 2851 701 2875 tenera
718 2852 780 2875 tunc
794 2853 871 2876 actate
881 2846 972 2883 luisSe,

1024 918 1155 946 mittebat.
1178 918 1280 947 Censor
1299 923 1388 947 autem
1409 920 1510 955 scripto
1546 920 1610 947 mihi
1639 920 1802 956 signiﬁcavit

1024 967 1053 991 ut
1070 971 1113 991 me
1127 964 1289 992 adornarem
1307 965 1340 992 ad
1357 972 1415 992 eam
1437 965 1618 1000 depellendam
1634 966 1801 994 criminatio-

1023 1016 1095 1037 nem.
1121 1008 1206 1044 Hujus
1227 1017 1277 1044 ego
1300 1009 1398 1038 litteris
1419 1011 1548 1047 acceptis,
1568 1011 1630 1038 licet
1644 1011 1722 1038 initio
1744 1018 1801 1038 rem

1024 1054 1090 1082 nihil
1104 1060 1237 1088 curarem,
1256 1056 1326 1090 quod
1341 1063 1387 1084 eos
1411 1057 1437 1084 in
1454 1057 1527 1084 nullo
1546 1064 1609 1084 vere
1628 1057 1719 1085 dicere
1734 1056 1800 1084 mihi

1023 1101 1148 1128 conscius
1158 1108 1262 1134 essem;
1276 1106 1394 1130 attamen
1410 1110 1471 1130 cum
1490 1103 1638 1138 imperator
1650 1107 1801 1130 commotus

1023 1150 1104 1179 esset,
1127 1147 1161 1173 ad
1179 1147 1378 1175 comministros
1402 1155 1478 1175 meos
1496 1147 1639 1183 Egyptios
1662 1148 1800 1183 rescripsi,

1025 1192 1217 1227 diaconumque
1238 1193 1311 1226 misi,
1334 1199 1364 1221 ut
1385 1194 1486 1221 certior
1508 1194 1599 1221 ﬁerem
1622 1195 1655 1222 de
1675 1195 1800 1227 Arsenio,

1023 1244 1103 1273 quem
1123 1244 1141 1264 a
1154 1238 1273 1273 quinque
1287 1238 1327 1265 vel
1345 1246 1393 1266 sex
1408 1239 1486 1267 annis
1504 1248 1556 1267 non
1571 1240 1702 1268 videram.
1718 1241 1802 1268 Arse-

1024 1282 1108 1315 nium,
1124 1289 1157 1309 ne
1175 1281 1260 1311 fusius
1275 1283 1318 1311 illa
1338 1291 1496 1319 prosequar,
1509 1285 1666 1313 delitescere
1679 1293 1802 1320 comper-

1026 1333 1080 1355 tum
1101 1334 1162 1356 est:
1178 1336 1239 1356 eum
1262 1337 1377 1364 namque
1396 1329 1483 1365 primo
1496 1331 1603 1365 quidem
1624 1331 1651 1358 in
1674 1330 1801 1367 Egypto.

1024 1374 1120 1401 dehinc
1144 1374 1207 1409 Tyri
1239 1373 1365 1402 latentem
1394 1375 1480 1402 nostri
1506 1375 1643 1403 invenere.
1673 1375 1802 1411 Quodque

1024 1419 1171 1453 permirum
1198 1419 1339 1452 habeatur,
1369 1428 1403 1448 ne
1428 1421 1610 1455 deprehensus
1638 1421 1747 1456 quidem
1773 1429 1803 1449 se

1023 1465 1165 1493 Arsenium
1181 1473 1241 1493 esse
1257 1465 1346 1493 fassns
1370 1470 1422 1499 est,
1445 1467 1530 1493 donec
1549 1467 1575 1492 in
1593 1466 1637 1501 jus
1650 1471 1773 1499 vocatus,
1788 1474 1802 1493 a

1024 1510 1117 1544 Paulo,
1132 1515 1195 1538 tunc
1216 1510 1280 1546 Tyri
1291 1511 1426 1545 episcopo.
1449 1511 1655 1538 convinceretur
1672 1520 1680 1538 :
1705 1511 1803 1538 dehinc

1023 1555 1092 1581 enim
1107 1562 1161 1589 pra:
1175 1555 1276 1589 pudore
1288 1555 1401 1590 idipsum
1415 1563 1512 1590 negare
1524 1563 1575 1583 non
1588 1560 1629 1583 est
1640 1563 1732 1583 ausus.
1747 1555 1802 1583 Hoc

1024 1605 1111 1627 autem
1127 1602 1196 1634 pacti
1212 1608 1271 1628 cum
1287 1601 1404 1628 Eusebio
1421 1601 1478 1628 initi
1494 1601 1620 1629 servandi
1637 1609 1717 1628 causa
1740 1608 1802 1636 age-

1024 1645 1079 1678 bat,
1092 1652 1124 1672 ne
1138 1653 1166 1672 se
1177 1645 1352 1680 deprehenso.
1367 1651 1420 1673 tota
1434 1651 1607 1674 evanesceret
1618 1645 1717 1680 fabula,
1730 1647 1802 1681 quod

1023 1695 1051 1718 et
1064 1691 1170 1718 accidit.
1191 1691 1346 1726 Imperatori
1366 1692 1436 1719 cuitu
1452 1700 1511 1720 cum
1528 1692 1625 1720 litteris
1640 1693 1801 1720 iudicassent

1024 1742 1158 1771 repertum
1173 1738 1314 1765 Arscuium
1336 1737 1430 1770 fuisse,
1448 1739 1473 1765 in
1497 1739 1708 1772 memoriamque
1727 1745 1803 1764 revo-

1024 1789 1127 1809 cassem
1141 1791 1199 1817 qua:
1210 1784 1242 1811 de
1252 1783 1368 1811 Macario
1379 1784 1535 1819 presbytero
1548 1784 1602 1819 ipse
1614 1783 1803 1811 Psamtuathia

1024 1827 1161 1861 audisset;
1175 1829 1277 1863 judicio
1293 1829 1338 1855 ille
1355 1831 1476 1857 censoris
1491 1830 1615 1862 inhibito,
1633 1829 1736 1856 litteras
1751 1829 1802 1855 mi-

1024 1873 1069 1906 sit,
1085 1874 1181 1908 quibus
1197 1875 1322 1901 danmata
1340 1875 1558 1903 adversariorum
1581 1880 1734 1903 nostrorum
1758 1881 1803 1910 sy-

1024 1919 1177 1952 cophantia,
1197 1919 1340 1947 Eusebium
1354 1925 1380 1947 et
1394 1921 1512 1948 asseclas
1524 1921 1550 1948 in
1568 1920 1704 1948 Orientem
1723 1919 1801 1946 nobis

1025 1963 1181 1991 adversandi
1208 1965 1297 1992 studio
1328 1970 1511 2000 properantes,
1540 1965 1687 2000 retrogredi
1713 1965 1801 1998 jussit.

1025 2007 1108 2035 Porro
1124 2009 1195 2043 quod
1216 2017 1258 2037 me
1273 2010 1305 2037 de
1318 2015 1455 2045 perempto
1472 2010 1586 2037 Arsenio
1606 2009 1801 2042 insimularint,

1025 2059 1055 2081 ut
1069 2063 1103 2082 ne
1116 2055 1257 2082 multorum
1271 2056 1392 2090 epistolis
1405 2056 1483 2090 ltujus
1497 2056 1534 2083 rei
1548 2056 1626 2083 ﬁdem
1642 2056 1803 2083 facientibus

1025 2103 1095 2131 utar,
1110 2107 1189 2126 unam
1203 2099 1300 2127 suilicit
1310 2099 1455 2127 Alexandri
1475 2099 1671 2127 Thessalonica:
1685 2098 1802 2133 episcopi

1025 2145 1145 2179 proferre
1159 2155 1165 2172 :
1178 2153 1210 2172 ex
1225 2153 1277 2180 qua
1291 2146 1324 2172 de
1337 2145 1450 2172 aliorum
1473 2146 1536 2172 item
1553 2145 1673 2180 epistolis
1690 2144 1802 2178 quisque

1028 2192 1114 2218 valeat
1137 2191 1291 2224 diiudicare.
1314 2191 1338 2218 ls
1360 2199 1425 2226 ergo
1446 2199 1505 2217 cum
1522 2191 1605 2226 probe
1619 2191 1702 2218 sciret
1722 2197 1802 2223 quam

1027 2237 1107 2263 multa
1123 2236 1259 2270 Arcliuplt,
1272 2237 1315 2271 qui
1332 2241 1358 2264 et
1371 2235 1499 2268 Joannes,
1514 2236 1656 2263 adversum
1670 2241 1719 2261 nos
1730 2240 1803 2267 spar-

1024 2283 1116 2312 sisset,
1137 2281 1327 2317 didicissetque
1349 2282 1375 2308 in
1398 2282 1463 2308 vivis
1487 2288 1546 2308 esse
1568 2279 1726 2311 Arscnium,
1745 2279 1802 2306 haec

1024 2325 1131 2358 scripsit
1149 2335 1154 2351 τ

1023 2475 1054 2494 ac
1065 2466 1196 2494 Narbona:
1204 2467 1431 2496 ltumanislitteris
1438 2475 1546 2502 operam
1555 2468 1660 2496 dedisse
1670 2467 1802 2502 probatex

1024 2502 1142 2529 Ausonio
1154 2502 1211 2538 rlib.
1230 2502 1266 2538 De
1290 2503 1479 2538 professoribus
1496 2503 1739 2538 Burdigalensibus.
1756 2503 1804 2529 lbi-

1025 2537 1085 2577 dent
1097 2537 1172 2569 editi,
1188 2537 1252 2572 περὶ
1273 2538 1322 2573 τῆς
1345 2538 1392 2564 τοῦ
1419 2538 1509 2573 φόνου.
1534 2537 1587 2565 Nos
1601 2537 1665 2573 Reg.
1684 2537 1743 2565 cod.
1760 2545 1804 2564 se-

1027 2579 1144 2606 quunur.

1061 2606 1117 2643 (95)
1135 2605 1171 2643 ita
1185 2607 1250 2643 Reg.
1267 2607 1294 2634 ln
1311 2608 1399 2639 editis,
1415 2609 1429 2643 ό
1444 2607 1592 2643 Ἀρσένιος.

1061 2641 1217 2681 (96)“ch"
1229 2641 1360 2681 ⁷ᾷισλυθῇ,
1386 2642 1460 2681 Infra
1479 2641 1547 2681 idem
1562 2648 1589 2681 et
1603 2642 1668 2668 edit.
1685 2642 1802 2681 Comm,

1024 2676 1166 2712 Ψαμαθὶᾳ.
1182 2679 1263 2705 Paulo
1283 2676 1380 2710 post'in
1399 2678 1478 2705 editis
1492 2677 1538 2703 τοῦ
1557 2678 1631 2704 deest
1652 2681 1715 2704 aute
1739 2677 1804 2711 κήν-

1025 2720 1163 2781 συέῗὲῗίιυ
1177 2747 1241 2782 Reg.
1252 2747 1319 2774 Editi
1333 2748 1460 2778 vero.’615
1472 2747 1559 2774 minus
1575 2751 1656 2774 recte.

1062 2780 1116 2817 (98)
1130 2780 1245 2809 ιιοςιιιιιῐεε
1258 2783 1390 2818 Arclmplt.
1408 2783 1431 2810 Is
1446 2787 1491 2818 est
1501 2783 1545 2816 qui
1563 2782 1704 2818 episcopus
1721 2780 1805 2808 Mem-

1027 2817 1150 2852 philanus
1165 2819 1260 2845 dicitur
1280 2819 1306 2845 in
1321 2816 1456 2846 Breviario
1469 2817 1565 2845 Meletii
1582 2816 1661 2844 intra.
