2031 3048
126 152 179 182 369

669 151 842 181 APOLOGIA
860 153 997 182 CONTRA
1017 155 1175 183 ARIANOS.

1684 154 1738 182 370

127 208 242 244 μοναχὺς
264 207 430 243 ὡμολόγησε.
447 206 496 233 Διὰ
509 206 587 233 τοῦτο
600 207 686 234 ταῦτά
709 216 749 235 σοι
771 209 906 245 γνωρίζω,

961 211 1002 244 qui
1020 212 1162 238 Arsenium
1175 210 1342 238 avehendum
1355 214 1520 242 susceperat.
1536 208 1597 237 Haec
1612 213 1638 237 te
1651 210 1738 236 moni-

125 254 231 290 Πάτερ,
246 253 290 280 ἵνα
313 252 350 288 μὴ
365 251 427 288 δόξῃ
451 260 492 279 σοι
518 253 703 288 κατηγορῆσαι
732 254 905 280 Ἀθανασίου·

126 298 202 327 εἶπον
216 299 268 335 γὰρ
283 299 324 324 ὅτι
339 297 384 332 ζῇ.
410 298 457 324 καὶ
476 298 539 334 παρ’
556 299 621 333 ἡμῖν
642 297 676 334 ἦν
699 300 885 335 κρυπτόμενος
899 309 905 316 ’

125 346 173 373 καὶ
192 344 341 380 ἐγνωρίσθη
359 343 446 370 πάντα
461 343 546 370 ταῦτα
562 345 590 370 ἐν
603 344 741 379 Αἰγύπτῳ,
759 346 806 371 καὶ
817 345 908 372 οὐκέτι

124 392 236 419 δύναται
261 390 394 426 κρυϐῆναι
411 390 498 417 τοῦτο.
530 390 697 424 Παφνούτιος
725 391 838 426 μοναχδς
860 392 908 426 τῆς

125 437 210 472 αὐτῆς
223 436 305 472 μονῆς
317 437 332 462 ὁ
345 435 452 471 γράψας
464 435 512 470 τὴν
524 435 666 471 ἐπιστολὴν
681 436 765 463 πολλά
778 445 807 463 σε
822 437 909 463 ἀσπά-

125 483 218 518 ζομαι,
232 481 369 518 ἐρρῶσθαι
381 489 410 507 σε
424 480 549 516 εὖχομαι.

164 528 196 554 Ἀ
216 527 244 554 δὲ
266 528 312 554 καὶ
335 526 459 562 βασιλεὺς
478 526 592 562 ἔγραψε,
612 526 715 562 μαθὼν,
744 527 786 554 ὅτι
808 527 907 563 εὑρέθη

119 595 121 598 .
132 574 266 610 ’Δρσένιος
277 573 341 606 ζῶν,
355 573 412 600 ἐστι
422 572 508 600 ταῦτα
517 579 524 587 ·

288 620 448 646 ΝΙΚΙΠῊΣ
463 620 739 646 ΚΩΝΣΤΑΝΤΙΝΟΣ

179 664 325 699 Μέγιστος
346 663 496 697 Σεϐαστὸς
514 663 554 697 τῷ
569 664 653 697 mina
674 664 848 697 Ἀθανασίῳ.

161 709 204 736 68.
225 709 286 740 Τοῖς
306 708 381 744 παρὰ
398 708 447 744 τῆς
468 709 517 743 σῆς
538 709 669 740 συνέσεως
689 708 805 744 ἐντυχὼν
820 708 910 744 γράμ-

128 764 204 791 μασι,
220 754 322 790 ταύτης
337 753 448 789 γνώμης
464 754 545 786 αὐτὸς
567 754 700 790 ἐγενόμην
714 755 763 790 (5),
786 755 823 785 ὡς
836 755 909 780 ἀντι-

126 801 237 835 γράφων
252 801 284 835 τῇ
304 801 336 835 σῇ
362 800 531 835 στερρότητι,
559 800 761 835 προτρέψασθαι
780 808 820 831 σε,
835 800 909 831 ὅπως

127 845 194 880 πρὸς
209 844 334 876 εὐταξίαν
350 845 398 870 καὶ
416 843 504 871 οἶκτον
526 845 571 871 τὸν
598 845 643 871 τοῦ
659 845 725 871 Θεοῦ
750 845 812 872 λαδν
832 845 908 879 ἄγειν

128 891 290 926 σπουδάσῃς.
306 890 396 917 Ταῦτα
409 890 463 926 γὰρ
487 891 603 926 μάλιστα
618 890 808 926 προηγούμενα
831 891 860 917 ἐν
876 892 908 926 τῇ

126 935 245 971 ἐμαυτοῦ
261 935 332 970 ψυχῇ
350 935 466 970 κατέχω,
488 935 525 967 ὡς
546 935 674 971 ἀλήθειάν
697 945 728 962 τε
742 937 846 968 ἀσκεῖν,
863 937 910 962 καὶ

126 982 156 1008 ἐν
168 983 201 1018 τῇ
215 981 318 1017 διανοίᾳ
331 981 501 1016 δικαιοσύνην
520 982 563 1008 ἀεὶ
575 982 728 1016 φυλάττειν,
747 982 794 1008 καὶ
805 982 910 1014 τούτοις

128 1029 243 1065 μάλιστα
253 1029 367 1064 χαίρειν,
381 1029 437 1060 τοῖς
455 1028 536 1063 ὀρθὴν
549 1028 607 1055 ὁδὸν
622 1027 670 1054 τοῦ
684 1028 740 1063 βίου
756 1028 909 1063 πορευομέ-

126 1082 191 1105 νοις.
209 1074 276 1109 Περι
289 1073 318 1100 δὲ
333 1073 445 1100 ἐκείνων
465 1073 520 1100 τῶν
545 1073 636 1108 πάσης
658 1073 727 1108 ἀρᾶς
746 1072 838 1105 ἀξίων,
856 1073 910 1098 τῶν

126 1118 293 1146 Μελιτιανῶν
307 1119 405 1154 δηλαδὴ
416 1118 470 1145 τῶν
481 1118 644 1145 σκαιοτάτων
655 1118 700 1144 και
711 1118 856 1153 ἀθεμίτων,
870 1118 910 1144 οῖ-

127 1171 198 1195 τινες
214 1165 246 1199 τῇ
261 1165 273 1190 ἐ
278 1163 399 1199 μπληξίᾳ
409 1163 500 1190 λοιπὸν
513 1164 760 1198 ἀπονεναρκήκασι,
773 1163 820 1189 και
832 1163 910 1198 μόνον

127 1209 215 1245 φθόνῳ
225 1210 273 1236 καὶ
292 1209 360 1246 ζάλῃ
376 1209 422 1236 καὶ
434 1209 558 1245 θορύϐοις
570 1209 605 1235 τὰ
625 1209 712 1235 ἄτοπα
728 1208 845 1239 κινοῦσι,
861 1209 910 1243 τὴν

125 1254 255 1290 ἀθέμιτον
289 1255 378 1282 αὐτῶν
411 1255 529 1282 διάνοιαν
564 1254 763 1286 ἐπιδεικνύντες
777 1274 784 1286 ,
825 1254 910 1281 ταῦτα

126 1299 292 1336 φθέγξομαι·
315 1300 396 1335 Ὀρᾷς
414 1300 468 1336 γὰρ
486 1300 559 1331 ὅπως
582 1300 607 1325 οἱ
631 1299 726 1334 ἄνδρες
748 1299 794 1332 οὓς
813 1301 910 1326 ἐκεῖνοι

121 1342 198 1380 ξίφει
215 1345 364 1382 ἀνῃρῆσθαι
377 1346 505 1379 ἔφασκον,
517 1346 546 1371 ἐν
561 1345 652 1380 μέσοις
668 1344 714 1372 νῦν
728 1346 790 1377 εἰσι,
802 1346 848 1372 καὶ
861 1347 910 1381 τῆς

127 1391 198 1426 ζωῆς
206 1391 452 1426 ἀπολαύουσι.Πρὺς
459 1391 490 1426 δὴ
496 1390 582 1417 ταῦτα
588 1391 613 1416 τί
621 1390 652 1416 ἂν
659 1390 763 1424 γένοιτο
771 1391 869 1426 πρόκρι
873 1400 911 1426 μα

127 1438 225 1472 χεῖρον,
247 1435 318 1462 οὕτω
341 1435 464 1470 φανερῶς
489 1435 535 1462 καὶ
551 1435 643 1469 σαφῶς
665 1435 859 1471 ἐπιφερόμενον
877 1437 909 1471 τῇ

127 1481 237 1509 ἐκείνων
249 1481 385 1517 δίκῃ,ἣτὺ
392 1480 512 1513 τούτους,
526 1480 572 1512 οὒς
586 1480 738 1516 ἀνῃρῆσθαι
748 1480 850 1515 ελεγον,
863 1481 911 1516 ζῇν

127 1535 158 1553 τε
175 1528 221 1553 καὶ
233 1527 279 1553 τοῦ
296 1527 352 1562 βίου
363 1526 520 1559 ἀπολαύειν,
537 1526 634 1558 οἵτινες
648 1526 768 1561 δηλονότι
781 1527 827 1553 καὶ
842 1528 910 1563 ὑπὲρ

127 1574 231 1601 ἑαυτῶν
247 1573 413 1609 φθέγξασθαι
429 1573 605 1609 δυνήσονταις
623 1574 786 1609 Προσέκειτο
804 1573 832 1600 δέ
855 1575 911 1605 τοῖς

127 1619 203 1655 παρὰ
227 1619 280 1646 τῶν
307 1619 473 1646 Μελιτίανῶν
503 1619 613 1645 ἐκείνων
634 1619 680 1645 και
698 1619 794 1645 τοῦτο·
826 1619 911 1646 διεϐε-

127 1664 250 1692 ϐαιοῦντο
262 1665 315 1700 γὰρ
331 1664 452 1700 ἀθεμίτῳ
465 1665 536 1700 ὁρμῇ
553 1664 589 1699 (6)
609 1664 798 1691 ἐπεισελθόντα
821 1673 850 1691 σε
864 1665 911 1692 και

128 1710 288 1746 ἁρπάσαντα
311 1710 438 1745 ποτήριον
460 1709 489 1734 ὲν
507 1708 546 1744 τῷ
571 1710 712 1744 ἁγιωτάτῳ
732 1710 911 1744 ἀποκείμενον

125 1756 201 1790 τόπῳ
215 1755 386 1787 κεκλακέναι,
400 1751 430 1782 οὗ
447 1755 606 1790 πράγματος
616 1754 721 1790 ἀληθῶς
733 1754 807 1780 οὐδὲν
821 1755 911 1790 μεῖζον

127 1797 162 1836 ῆν
176 1800 312 1836 ἔγκλημα,
329 1799 391 1826 οὔτε
405 1798 562 1835 τηλικοῦτον
578 1799 716 1835 ἁτόπημα,
737 1799 760 1825 εί
773 1799 851 1825 τοῦτο
867 1799 912 1825 οὖ-

127 1855 181 1878 τως
196 1846 350 1882 πεπρᾶχθαί
374 1855 403 1874 τε
425 1845 464 1880 (7)
483 1844 530 1871 καὶ
552 1844 725 1880 ἡμαρτῆσθαι
744 1844 909 1871 συνέσαινεν.

134 1892 214 1919 Ἀλλὰ
227 1892 280 1928 γὰρ
292 1892 333 1924 τίς
347 1893 364 1928 ἡ
374 1891 523 1927 κατηγορία
530 1890 598 1926 αὕτη
609 1900 615 1919 ;
631 1890 680 1922 Τίς
695 1890 722 1916 δὲ
734 1891 750 1925 ἡ
767 1890 911 1924 μετάϐασις

127 1938 174 1964 καὶ¹
188 1937 307 1964 ποικιλία
321 1937 366 1963 καὶ
381 1936 494 1971 διαφορὰ
508 1935 554 1962 τοῦ
571 1936 742 1970 πράγματος,
759 1935 796 1966 ὡς
809 1935 854 1961 νῦν
872 1936 911 1967 εις

128 1983 220 2018 ἕτερον
249 1983 392 2018 πρόσωπον
416 1981 463 2016 τὴν
485 1981 649 2016 κατηγορίαν
669 1979 716 2006 τοῦ
741 1980 912 2015 ἐγκλήματος

127 2028 220 2055 τούτου
240 2028 378 2063 μετάγειν;
395 2029 482 2062 Ὅπερ
498 2027 617 2062 δηλονότι
643 2027 758 2061 πρᾶγμα
769 2025 850 2052 αὑτοῦ
865 2025 911 2052 τοῦ

129 2075 235 2109 φωτὸς,
265 2074 301 2105 ὡς
321 2075 416 2105 εἰπεῖν,
437 2074 496 2099 ἐστὶ
524 2073 747 2108 τηλαυγέστερον,
767 2072 808 2098 ὅτι
830 2072 862 2107 τῇ
878 2072 910 2107 σῇ

129 2121 234 2148 συνέσει
247 2119 434 2146 ἐπιϐουλεῦσαι
447 2119 620 2151 ἐσπούδαζον.
639 2118 716 2145 Μετὰ
726 2118 758 2154 δὴ
774 2117 858 2144 ταῦτα
870 2118 912 2149 τίς

130 2166 162 2193 ἂν
177 2165 288 2197 ἐκείνοις
304 2167 358 2196 τοῖς
373 2165 524 2201 ἀνθρώποις
541 2166 595 2196 τοῖς
613 2164 731 2191 τοσαῦτα
746 2165 786 2196 είς
811 2164 911 2200 βλάῦην

960 262 1015 284 tum
1033 258 1120 289 volui,
1133 257 1229 288 Pater,
1249 264 1282 283 ne
1299 256 1474 284 Athanasium
1496 263 1622 283 accusare
1646 262 1740 290 agure-

958 301 1050 328 dlaris.
1061 302 1118 328 Dixi
1129 301 1199 329 enim
1213 301 1285 327 illum
1300 301 1390 327 vivere
1406 305 1432 326 et
1443 300 1511 333 apud
1523 307 1572 326 nos
1582 299 1737 332 delituisse;

960 355 1055 383 resque
1071 353 1127 374 tota
1142 348 1167 374 in
1182 347 1300 382 Egypto
1318 347 1486 382 percrebuit,
1505 350 1533 372 ut
1552 353 1586 373 ne
1610 345 1678 372 ultra
1693 353 1739 372 ce-

959 393 1008 420 lari
1022 399 1112 428 queat.
1131 393 1295 427 Paphnutius
1316 392 1433 426 ejusdem
1462 391 1616 418 monasterii
1645 398 1740 417 mona-

959 440 1033 470 chus,
1049 439 1093 472 qui
1109 440 1177 466 hanc
1189 438 1326 472 epistolam
1341 437 1435 471 scripsi
1451 456 1458 468 ,
1470 437 1612 471 pluritnum
1626 441 1651 463 te
1668 437 1740 462 salu-

960 490 1019 512 tans
1034 486 1122 512 valere
1136 489 1244 518 empto.

995 531 1100 558 Littera
1124 535 1212 556 autent
1238 536 1305 563 quas
1331 529 1475 562 imperator
1487 526 1606 560 scripsit.
1640 525 1740 553 certior

951 576 1047 603 Tactus
1059 576 1200 602 Arseuimn
1216 575 1240 600 in
1256 574 1323 600 vivis
1335 580 1406 604 esse,
1422 571 1573 603 huiusmodi
1586 575 1649 598 sunt
1661 575 1667 597 :

1136 619 1266 646 VICTOll
1279 616 1568 646 CONSTANTINUS

1085 665 1217 693 Maximus
1232 666 1361 699 Angustus
1373 672 1446 699 papw
1460 663 1611 690 Athanasio.
1659 678 1664 682 -

995 712 1038 740 68.
1049 711 1156 738 Litteris
1164 711 1228 737 Tute
1237 709 1389 736 Prudentia:
1402 709 1536 742 perlectis,
1547 708 1573 734 id
1585 707 1665 734 animi
1678 705 1739 740 fuit,

960 763 988 783 ut
1004 757 1122 784 vicissim
1139 757 1235 783 litteris
1250 756 1282 782 ad
1298 755 1381 782 Tuam
1398 754 1582 782 Constantiam
1599 752 1699 784 missis,
1714 756 1741 779 te

960 804 1128 835 cohortarer,
1147 808 1175 828 ut
1191 802 1315 836 populum
1343 800 1387 827 Dei
1412 800 1446 827 ad
1471 798 1691 833 tranquillitatem
1712 801 1741 825 et

960 849 1169 876 misericordiam
1199 848 1337 874 traducere
1364 853 1453 873 cures.
1481 845 1543 872 Haec
1568 844 1640 872 enini
1664 851 1739 871 cum-

960 895 1052 929 primis
1068 894 1157 921 animo
1171 893 1302 920 inhaerent
1325 899 1402 923 meo,
1425 891 1566 918 veritatem
1590 889 1688 920 colere,
1708 889 1735 915 in

960 945 1048 968 mente
1069 939 1201 974 justitiam
1221 946 1327 973 semper
1349 944 1528 970 conservare,
1549 936 1634 970 iisque
1654 935 1739 969 potis-

959 986 1056 1013 sitnum
1068 985 1185 1020 gaudere
1208 983 1253 1018 qui
1273 988 1345 1010 recta
1370 982 1431 1009 vitae
1453 981 1611 1017 gradiuntur
1629 980 1682 1007 via.
1704 980 1741 1006 De

959 1032 1012 1059 illis
1039 1035 1128 1058 autem
1156 1029 1227 1057 omni
1259 1027 1444 1056 exsecratione
1467 1027 1564 1062 dignis,
1591 1024 1741 1052 Meletianis

958 1077 1061 1104 scilicet
1079 1074 1285 1111 improbissimis
1318 1081 1350 1101 ac
1374 1073 1483 1101 nefariis
1507 1072 1669 1104 hominibus,
1694 1069 1741 1104 qui

960 1127 1067 1156 stupore
1080 1122 1186 1149 demum
1204 1119 1321 1155 perculsi
1339 1119 1512 1153 obtorpuere,
1527 1118 1626 1152 quique
1637 1123 1685 1151 per
1699 1115 1741 1142 in-

960 1168 1069 1200 vidiam,
1087 1166 1315 1201 perturbationem
1340 1169 1421 1200 atque
1445 1164 1588 1191 tumultum
1608 1161 1739 1190 absurdas

961 1221 1004 1240 res
1013 1217 1131 1244 movent,
1139 1211 1324 1244 nefariamque
1331 1217 1407 1237 suam
1420 1215 1535 1236 tuentem
1546 1208 1740 1238 demonstrant,

963 1260 1019 1287 haec
1031 1260 1161 1293 eloquar:
1175 1257 1256 1284 Vides
1271 1257 1342 1284 enim
1361 1263 1428 1290 quos
1448 1255 1485 1282 illi
1499 1255 1571 1281 viros
1587 1253 1674 1288 gladio
1698 1253 1741 1278 in-

962 1309 1118 1338 teremptos,
1130 1303 1305 1338 jactitabaut.
1316 1302 1424 1328 eosdem
1442 1301 1468 1327 in
1483 1299 1570 1326 medio
1587 1306 1658 1325 nunc
1678 1304 1742 1324 ver-

961 1350 1014 1376 sari
1039 1358 1069 1376 ac
1088 1350 1140 1375 vita
1161 1347 1272 1383 perfrui.
1288 1347 1320 1374 Et
1335 1354 1397 1373 vero
1407 1346 1478 1380 quod
1505 1346 1541 1372 ita
1571 1344 1741 1379 perspicuum

961 1395 1186 1429 manifestumque
1212 1394 1238 1420 in
1260 1400 1352 1420 eorum
1371 1400 1451 1419 causa
1475 1391 1602 1418 alleratur
1621 1388 1743 1424 przejudi‘

960 1442 1041 1473 citnn,
1058 1448 1138 1476 quam
1154 1440 1224 1474 quod
1241 1439 1278 1466 illi
1295 1439 1386 1465 vivant
1399 1438 1507 1473 vitaque
1526 1437 1660 1470 fruantur,
1671 1443 1742 1470 quos

962 1486 999 1513 illi
1014 1485 1166 1513 interfectos
1179 1485 1290 1511 aiebant
1314 1493 1321 1510 :
1342 1483 1442 1518 quibus
1458 1483 1561 1510 scilicet
1582 1490 1630 1518 pro
1647 1484 1743 1517 seipsis

962 1532 1087 1566 loquendi
1102 1531 1218 1558 facultas
1235 1530 1306 1557 erit?
1319 1530 1421 1557 Praeter
1437 1530 1502 1560 Ιιιιλο,
1520 1537 1550 1556 ea
1565 1536 1671 1563 quoque
1694 1529 1743 1556 fuit

961 1577 1115 1604 earumdem
1136 1576 1338 1603 Meleliauorum
1356 1574 1435 1610 ιω
1455 1574 1598 1604 calumnia,
1619 1578 1648 1600 ιιι
1670 1573 1744 1600 allii--

960 1626 1064 1649 marent
1088 1627 1113 1648 te
1136 1621 1239 1648 nefario
1259 1620 1360 1654 itupetu
1381 1620 1503 1649 irruisse,
1523 1626 1554 1645 ac
1574 1617 1697 1652 poculmn
1714 1617 1740 1644 in

960 1667 1129 1694 sanctissimo
1148 1666 1205 1694 loco
1219 1666 1334 1700 positum
1351 1670 1455 1699 raptum
1477 1662 1640 1698 confregisse
1656 1671 1663 1690 :
1687 1670 1742 1697 quo

960 1713 1081 1740 facinore
1094 1711 1195 1738 nullum
1209 1718 1304 1739 revera
1325 1710 1433 1745 gravius
1453 1710 1554 1736 crimen
1581 1713 1666 1739 esset,
1691 1713 1742 1734 nec

962 1763 1014 1786 tam
1031 1759 1123 1792 ingens
1142 1757 1289 1792 ﬂagitium;
1314 1757 1336 1785 si
1351 1761 1438 1783 tamen
1464 1754 1504 1781 sic
1524 1759 1612 1781 actum
1631 1758 1659 1780 et
1682 1760 1742 1786 pec-

960 1809 1048 1831 catum
1064 1803 1167 1831 fuisset.
1184 1803 1236 1830 Sed
1249 1809 1371 1837 quanam
1385 1801 1428 1828 illa
1442 1800 1599 1828 accusatio?
1614 1798 1679 1832 Quae
1692 1799 1742 1826 ist-

961 1847 1017 1874 baac
1031 1847 1155 1874 transitio
1168 1850 1194 1874 et
1208 1847 1246 1873 rei
1261 1845 1376 1872 varietas
1386 1866 1393 1879 ,
1409 1849 1438 1871 ιιι
1456 1851 1525 1871 nunc
1539 1843 1571 1870 ad
1587 1843 1666 1870 aliam
1681 1850 1743 1876 per-

960 1899 1053 1918 sonam
1069 1891 1138 1918 banc
1155 1891 1240 1925 ipsam
1263 1889 1458 1918 accusationem
1483 1887 1666 1915 transferant?
1687 1887 1743 1914 Res

962 1938 1018 1973 ipsa
1034 1938 1102 1969 luce,
1120 1942 1149 1964 ut
1161 1937 1196 1964 ita
1211 1936 1310 1970 dicam,
1327 1935 1440 1963 lucidior
1451 1938 1508 1966 est,
1524 1934 1595 1968 ipsos
1615 1933 1742 1960 nimirum

961 1983 1109 2018 prudentiae
1126 1988 1177 2010 tute
1192 1982 1303 2010 insidias
1315 1980 1462 2016 paravisse.
1479 1980 1545 2012 Quis
1559 1983 1650 2014 postea
1674 1978 1743 2005 istos

962 2029 1093 2061 homines.
1108 2028 1153 2063 qui
1171 2032 1244 2054 tanta
1258 2027 1291 2054 ad
1307 2027 1433 2054 damnuut
1453 2025 1565 2053 aliorum
1588 2023 1744 2058 contingere

962 2083 1013 2103 non
1027 2074 1192 2106 dubitarunt,
1217 2073 1370 2101 consectari
1392 2072 1523 2104 voluerit;
1547 2078 1607 2098 cum
1627 2070 1744 2097 maxime

962 2122 1097 2157 semetipsi
1112 2122 1137 2148 in
1154 2121 1260 2148 ruinam
1272 2121 1422 2153 deducant,
1438 2124 1465 2146 et
1481 2119 1563 2154 probe
1580 2122 1693 2145 noscant
1713 2124 1746 2144 se

963 2167 1093 2196 conﬁctas
1107 2167 1306 2200 mendacesque
1319 2165 1505 2193 accusationes
1517 2163 1653 2198 proferre?
1664 2162 1744 2195 Quis-

129 2210 270 2237 ἀναπλασα
274 2210 361 2245 μένοις
367 2209 542 2245 ἀκολουθῆσαι
548 2209 698 2245 ἐθελήσειεν
706 2217 713 2242 ;
725 2210 788 2236 ὅταν
798 2210 910 2244 μάλιστα

965 2221 1026 2241 nam
1041 2212 1100 2240 illos
1118 2217 1236 2239 sectatus
1256 2211 1352 2244 fuerit,
1374 2211 1412 2237 uti
1434 2209 1489 2244 jam
1512 2210 1611 2236 dictmn
1636 2211 1690 2239 est,
1716 2207 1744 2233 in

129 2257 203 2283 αὐτοὶ
216 2257 327 2287 ἑαυτοὺς
337 2257 376 2287 είς
395 2255 502 2291 ὀλεθρον
515 2255 609 2289 ἄγουσι
626 2255 675 2287 (8),
693 2255 739 2281 καὶ⁴
753 2255 909 2289 συνορῶσιν,

128 2303 169 2328 ὅτι
180 2302 376 2337 πεπλασμένων
390 2302 436 2327 καὶ
449 2300 554 2336 ψευδῶν
574 2300 744 2336 πραγμάτων
771 2301 823 2327 εἰσι
845 2309 909 2328 κατ-

129 2347 239 2383 ήγοροι;
258 2347 300 2378 Ὡς
312 2347 378 2382 ἔφην
387 2347 484 2378 τοίνυν,
499 2345 541 2378 τίς
558 2345 591 2372 ἂν
605 2346 718 2377 ἐκείνοις
732 2345 910 2383 ἐξακολουθή-

129 2399 195 2422 σειε.
206 2392 253 2419 καὶ
265 2394 304 2423 είς
314 2392 362 2427 τὴν
376 2392 433 2418 ὁδὸν
444 2391 492 2426 τῆς
508 2390 644 2423 ἀπωλείας
662 2390 769 2426 πρηνὴς
785 2391 913 2424 ἀπέλθοις

129 2439 176 2470 Εἰς
191 2438 297 2474 ἐκείνην
309 2438 419 2474 δηλαδὴ,
443 2439 482 2470 εἰς
506 2438 539 2473 ἢν
555 2437 653 2463 ἐκεῖνοι
670 2436 744 2472 μόνοι
758 2437 806 2472 τὴν
820 2436 913 2464 ἐλπίδα

129 2484 177 2519 τῆς
195 2484 329 2519 σωτηρίας
346 2485 392 2511 καὶ
417 2484 466 2520 τῆς
486 2483 646 2518 ἐπικουρίας
663 2482 735 2517 ἔχειν
756 2482 866 2510 οἴονται.
882 2483 913 2509 Ei

129 2530 184 2564 γὰρ
201 2530 336 2565 βούλοιντο
362 2530 408 2556 ἐπὶ
431 2530 553 2566 καθαρὰν
576 2529 664 2556 ἐλθεῖν
688 2528 848 2564 συνείδησιν,
867 2529 914 2555 καὶ

131 2576 337 2610 ὑπομνησθῆναι
361 2576 412 2610 τῆς
434 2575 547 2611 ἀρίστης
573 2573 696 2610 γνώμης,
724 2575 771 2601 καὶ
796 2575 842 2601 ἐπὶ
865 2575 914 2611 τὴν

131 2621 304 2655 ὑγιαίνουσαν
327 2621 412 2647 ἐλθεῖν
434 2621 567 2648 διάνοιαν·
587 2620 686 2656 ῥαδίως
704 2620 850 2656 γνώσονται
865 2622 912 2648 οὺ-

130 2666 224 2702 δεμίαν
247 2667 337 2698 αὐτοῖς
352 2667 482 2702 ὑπάρχειν
505 2667 662 2702 ἐπικουρίαν
685 2666 759 2702 παρὰ
775 2667 824 2702 τῆς
848 2667 914 2703 Προ-

131 2712 214 2744 νοίας,
233 2712 381 2747 ἐπειδήπερ
406 2711 530 2740 τοιούτων
544 2713 596 2738 εἰσι
614 2712 732 2748 ζηλωταὶ
751 2712 797 2738 καὶ
817 2713 863 2738 ἐπὶ
874 2712 913 2748 τῷ

169 2777 206 2812 (5)
225 2778 306 2809 Editi,
320 2778 374 2812 ἐγὼ
384 2779 534 2814 ὲγενόμηνι
547 2783 656 2814 praestat
669 2778 744 2813 Regii
758 2779 859 2807 codicis
870 2779 909 2806 le-

133 2814 198 2850 ctio_.
211 2814 292 2850 apro;
303 2814 444 2850 ἐγενρμην.

169 2847 207 2882 (6)
223 2848 267 2876 Sic
279 2849 345 2884 lleg.
361 2847 430 2877 Edili
440 2856 512 2882 vero,
526 2848 660 2884 ἀθεμίτοις
669 2848 751 2883 ὁρμῇ.

963 2258 1091 2292 exiliique
1104 2257 1176 2284 viam
1194 2263 1311 2291 praceps
1326 2255 1437 2288 abierit,
1451 2255 1478 2282 in
1492 2261 1571 2289 quam
1589 2253 1691 2280 scilicet
1705 2251 1743 2278 illi

964 2304 1012 2332 soli
1028 2308 1109 2331 lotam
1122 2303 1215 2331 salutis
1226 2302 1373 2337 auxiliique
1389 2309 1462 2336 spem
1477 2299 1640 2328 constituere
1654 2298 1745 2324 viden-

964 2350 1026 2378 tur?
1042 2350 1064 2377 si
1080 2349 1151 2377 enim
1170 2349 1254 2376 velint
1278 2348 1311 2375 ad
1332 2355 1426 2384 puram
1446 2345 1639 2374 conscientiam
1665 2351 1744 2371 acce-

963 2396 1036 2428 dere,
1058 2394 1168 2429 optimae
1185 2393 1325 2420 sententiae
1348 2391 1520 2422 meminisse.
1540 2391 1572 2417 ad
1597 2394 1746 2422 sanamtu

963 2445 1080 2468 mentem
1094 2439 1206 2471 reduci;
1222 2437 1300 2465 facile
1315 2436 1464 2472 intelligent
1481 2435 1579 2463 nullam
1602 2434 1652 2462 sibi
1666 2440 1745 2468 opem

967 2493 982 2512 a
998 2483 1169 2512 Providentia
1188 2482 1395 2517 exspectandam
1412 2488 1481 2513 esse,
1502 2479 1631 2515 ejusmodi
1653 2485 1746 2505 rerum

966 2531 1136 2558 aemulatores
1151 2537 1211 2556 cum
1226 2529 1279 2556 sint
1291 2549 1299 2561 ,
1311 2532 1337 2555 et
1354 2527 1386 2554 ad
1397 2526 1541 2561 perniciem
1561 2526 1617 2553 haec
1634 2524 1747 2552 molian-

967 2580 1010 2603 tur
1024 2583 1110 2603 suam.
1127 2575 1184 2602 lloc
1208 2574 1290 2609 igitur
1315 2581 1368 2600 non
1384 2571 1509 2600 duritiem
1522 2571 1666 2606 quamdam’
1677 2590 1684 2601 .
1699 2570 1746 2596 sed

968 2623 1108 2648 veritatem
1123 2629 1182 2648 esse
1195 2621 1255 2654 jure
1271 2619 1394 2646 dixerim.
1409 2617 1548 2645 Postretno
1559 2617 1621 2644 illud
1639 2623 1747 2651 quoque

966 2667 1144 2702 adjiciendum
1155 2685 1163 2698 ,
1182 2665 1249 2692 velle
1266 2671 1314 2690 nos
1326 2663 1482 2698 plerumque
1495 2669 1510 2688 a
1529 2661 1587 2689 Tua
1602 2661 1746 2689 Prudentia

966 2713 1025 2740 haec
1042 2711 1128 2747 palam
1142 2711 1208 2745 legi;
1225 2714 1252 2736 ut
1267 2709 1329 2736 bine
1350 2713 1442 2736 notum
1460 2707 1584 2736 omnibus
1599 2707 1634 2734 sit
1651 2713 1683 2733 ac
1698 2712 1746 2739 po-

998 2779 1037 2815 (7)
1051 2778 1088 2815 ita
1103 2777 1169 2815 ἕξεις.
1188 2776 1324 2815 ln__e_ditis,
1337 2775 1367 2815 τέ
1380 2775 1465 2803 deest.

997 2811 1035 2850 (8)
1056 2813 1092 2840 lta
1109 2811 1175 2847 ueg.
1187 2812 1256 2840 Editi
1270 2819 1332 2839 vero
1346 2811 1442 2846 ἄγωσι.
