2031 3048
298 142 348 171 571

585 141 615 169 S.
636 140 822 169 ATHANASll
841 139 918 169 OPP.
937 139 1029 168 PARS
1046 139 1069 166 l.
1087 153 1123 159 —
1142 137 1329 167 HISTORICA
1346 137 1391 165 ET
1410 137 1609 167 DOGMATICA

1857 132 1920 170 ἐπ

300 199 434 227 lisslmnm
449 198 604 233 huiusmodi
619 198 771 226 facinorum
789 202 965 233 motuumque
989 202 1079 226 aucto-

1135 197 1229 232 οἰκείῳ
1239 197 1342 233 ὀλέθρῳ
1358 196 1542 232 πειράζονται.
1565 197 1673 234 Ταύτην
1687 197 1722 234 δὴ
1741 195 1789 226 οὖν
1806 199 1837 226 οὒ
1856 207 1909 236 cpt:

299 245 390 277 ribus;
407 252 466 279 quae
483 251 532 271 nos
554 243 588 270 ad
613 244 748 278 aequitatis
773 250 896 270 normam
920 243 1082 278 eloquimur,

297 291 332 318 ab
346 291 402 324 ipsa
419 290 534 316 veritate
548 289 692 317 declarari.
711 288 797 316 Tanta
819 296 885 324 ergo
897 296 960 316 cum
982 288 1018 316 sit
1031 288 1083 316 hoc

297 336 323 363 in
339 335 448 370 negotio
459 334 616 369 indignitas,
631 340 707 362 certo
722 335 811 362 sciant
830 342 873 361 me
887 334 922 361 ita
932 333 1082 368 judieasse,

295 385 324 408 et
341 381 420 415 hujus
431 388 492 408 esse
505 380 646 408 sententiae
659 388 665 406 :
678 381 701 408 si
712 381 776 415 quid
796 380 926 414 ejusmodi
941 380 1010 406 ultra
1025 387 1084 407 πιθα

294 428 395 458 verint.
412 435 463 455 non
481 428 556 463 juxta
575 428 788 459 ecclesiasticas.
808 427 856 454 sed
870 427 1017 454 secundum
1032 434 1082 462 pu-

295 473 473 509 blicasleges,
487 474 616 509 meipsum
641 479 756 501 meamet
772 481 853 507 opera
878 480 987 500 causam
1007 473 1084 500 audi-

296 523 400 552 turum;
415 526 468 554 quo
483 518 604 546 futurum
622 524 666 549 est
693 523 722 546 ut
739 519 938 554 deprehendam
959 526 1005 546 eos
1030 526 1082 545 non

294 563 381 591 solum
394 565 501 599 generis
516 565 637 597 humani,
652 564 698 592 sed
711 564 808 591 divinte
829 571 937 598 quoque
953 563 1084 591 doctrinas

295 610 495 645 deprtedatores
518 618 589 639 esse.
614 610 687 638 Deus
710 615 736 638 te
764 614 916 642 conservet,
942 609 1026 636 frater
1041 609 1083 636 di-

295 656 375 684 lecte.

1133 243 1238 279 χύτητά
1252 251 1323 274 τινα,
1339 243 1407 270 ἀλλὰ
1422 243 1550 278 ἀλήθειαν
1567 243 1677 275 δικαίως
1689 243 1723 270 ἂν
1748 244 1863 280 ετποιμι.
1880 245 1918 272 ’ὣ

1133 288 1287 315 τελευταῖον
1303 288 1331 314 δὲ
1345 289 1391 315 καὶ
1407 287 1485 315 τοῦτο
1501 288 1675 324 προστίθημι,
1688 290 1791 326 ὅτιπερ
1806 290 1844 326 (9)
1853 291 1917 326 βου-

1133 334 1237 369 λόμεθα
1252 334 1370 371 δημοσίᾳ
1394 334 1468 371 παρὰ
1489 334 1539 370 τῆς
1565 335 1615 370 σῆς
1642 335 1773 368 συνέσεως
1787 336 1917 369 πολλάκις

1133 380 1338 417 ἀναγνωσθῆναι
1351 380 1447 414 ταῦτα,
1465 381 1503 412 ὡς
1517 380 1550 408 ἂν
1571 381 1696 408 ἐντεῦθεν
1713 382 1754 413 είς
1770 382 1819 417 τὴν
1831 382 1916 409 ἁπάν-

1133 435 1187 453 των
1199 426 1299 460 γνῶσιν
1314 426 1396 459 ἔλθος
1413 427 1460 453 καὶ
1476 426 1591 462 μάλιστα
1613 427 1653 459 εἰς
1664 427 1712 462 τὴν
1727 427 1839 454 ἐκείνων
1863 427 1915 462 ἁφ-

1135 471 1241 498 ικέσοαι
1254 471 1392 507 δυνηθείη,
1418 472 1515 504 οἵτινες
1537 471 1609 498 οὕτω
1634 473 1807 507 πράττωσιν,
1832 472 1915 505 οὕτως

1133 517 1359 554 ἀναστρέφουσιν,
1383 517 1421 550 ὡς
1442 518 1528 546 ταῦτα
1543 518 1614 554 ἃπερ
1638 519 1702 554 παρ’
1715 518 1793 554 ἡμῶν
1811 519 1915 550 εὐθείας

1133 561 1242 597 λέγεται
1269 563 1350 598 λόγῳ,
1373 564 1408 598 τῇ
1437 564 1487 599 τῆς
1511 563 1639 600 ἀληθείας
1663 564 1790 600 εἰρῆσθαι
1808 564 1914 600 πράξει.

1140 607 1216 635 Ἐπεὶ
1226 607 1314 635 τοίνυν
1328 607 1384 644 (l0)
1398 609 1427 635 ἐν
1437 608 1524 644 τούτῳ
1544 608 1582 644 τῷ
1597 609 1738 645 πράγματι
1762 608 1917 645 τηλικοῦτόν

1134 652 1208 679 ἐστιν
1219 653 1358 688 ἀτόπημα,
1372 653 1583 688 γινωσκέτωσαν
1607 653 1677 680 οὕτω
1700 662 1733 689 με
1747 653 1917 690 κεκρικέναι,

293 704 343 731 καὶ
370 703 475 740 ταύτης
490 701 559 731 εἶναι
576 703 628 740 τῆς
651 703 849 740 προαιρέσεως
873 704 900 731 εῐ
920 712 947 730 τι
963 701 1084 730 τοιοῦτον
1119 701 1228 732 κινοῖεν,
1265 700 1368 735 μηκέτι
1388 700 1481 727 λοιπὸν
1505 699 1575 727 κατὰ
1589 701 1652 732 τοὺς
1674 700 1724 736 τῆς
1745 699 1916 737 Ἐκκλησίας,

293 750 363 777 ἀλλὰ
372 750 443 777 κατὰ
457 750 520 783 τοὺς
533 750 679 786 δημοσίους
691 750 790 786 νόμους
806 750 888 777 αὐτόν
920 758 953 784 με
985 749 1021 776 δι’
1050 746 1170 783 ἐμαυτοῦ
1185 745 1239 774 τῶν
1260 746 1429 783 πραγμάτων
1452 746 1652 782 ἀκροασάμενον
1666 746 1733 781 (Η),
1752 747 1799 773 καὶ
1825 745 1918 773 λοιπὺν

293 797 443 832 εὑρήσοντα
456 796 564 829 αὐτοὺς,
577 796 618 823 ὃτι
632 796 671 832 μὴ
685 796 764 832 μόνον
775 795 845 824 κατὰ
856 795 904 823 τοῦ
914 795 1084 832 ἀνθρωπίνου
1104 793 1198 828 γένους
1211 792 1308 829 λῃσταί
1322 801 1393 824 τινες
1406 791 1497 826 ὅντες,
1519 791 1587 819 ἀλλὰ
1597 792 1651 828 γὰρ
1680 793 1727 821 καὶ
1755 794 1816 819 κατ’
1832 793 1924 829 αὐτῆς

293 842 344 877 1’ἧς
361 842 435 874 θείας
447 842 617 874 διδασκαλίας
631 841 782 877 φαίνονται.
801 842 830 868 '0
854 841 920 874 Θεός
936 849 966 868 σε
989 838 1156 877 διαφυλάξοι,
1168 838 1265 873 ἀδελφὴ
1281 837 1416 873 ἀγαπητέ.

329 887 375 916 69.
388 888 448 922 Quo
461 893 550 916 autem
571 887 699 923 liquidius
726 888 882 916 innotescat
900 888 1079 924 sycophanta-

1167 885 1213 913 69.
1232 884 1319 920 ’Υπὲρ
1335 883 1363 910 δὲ
1380 883 1436 920 (12)
1448 883 1496 911 τοῦ
1510 884 1556 911 καὶ
1567 883 1650 911 πλέον
1660 884 1798 920 δειχθῆναι
1810 885 1859 921 τὴν
1873 894 1925 912 πο·-

293 941 355 961 rum
372 934 536 969 malignitas.
550 941 585 962 en
602 934 674 969 ipsas
690 934 799 962 Arsenii
816 934 922 963 litteras
936 942 1015 969 quas,
1033 933 1080 962 ubi

294 978 383 1006 latens
404 978 590 1014 deprehensus
613 983 705 1012 esset,
725 979 898 1014 conscripsit.
929 979 991 1012 Quo
1008 979 1080 1006 enim

294 1029 375 1059 pacto
389 1030 465 1051 suam
487 1023 611 1058 lschyras
628 1023 790 1051 calumniam
814 1023 913 1051 litteris
939 1023 1082 1052 confessus

294 1075 354 1102 est,
367 1070 407 1098 sic
418 1070 550 1098 Arsenius
562 1069 676 1106 epistola
688 1077 737 1098 sua
760 1077 855 1098 eorum
876 1069 1081 1105 perversitatem

294 1114 381 1150 magis
393 1115 527 1150 coarguit.

447 1159 661 1188 ATHANASIO
677 1160 798 1188 ΒΕΑΤο
814 1159 925 1187 ΡΑΡίΕ

295 1206 421 1235 Αηειιὶιισ
432 1208 566 1242 episcopus
575 1206 697 1239 ~'ci,ut'tnlis
714 1206 910 1242 Hypulitarum
920 1226 928 1237 ,
941 1206 986 1242 qui
996 1213 1080 1242 qun»-

328 1243 389 1268 dum
417 1241 463 1269 sub
483 1241 587 1268 Melelio
611 1242 701 1276 fuere,
725 1241 777 1268 una
803 1249 861 1268 cum
880 1241 1035 1276 presbyteris
1056 1244 1081 1267 et

328 1277 458 1308 diaconis,
476 1277 503 1303 in
516 1276 626 1303 Domino
641 1277 752 1303 salutem
764 1276 917 1310 plurimam.

329 1321 385 1349 Nos
408 1328 515 1357 quoque
534 1328 627 1355 pacem
657 1321 850 1355 amplectentes
871 1320 1081 1356 societatemque

293 1375 356 1394 cum
368 1366 500 1394 catholica
512 1366 643 1399 Ecclesia,
658 1367 700 1394 cui
716 1371 755 1399 tu,
767 1366 814 1394 Dei
825 1367 922 1401 gratia,
936 1367 1081 1402 praefectus

293 1421 324 1441 es
340 1422 347 1440 :
363 1416 579 1448 exoptantesque
592 1413 778 1441 ecclesiastico
792 1414 890 1440 canoni
905 1413 981 1447 juxta
1006 1418 1081 1441 vete-

294 1467 350 1487 rem
367 1459 482 1487 formam
498 1458 604 1492 subjici,
618 1458 722 1487 litteras
735 1458 793 1492 tibi,
805 1459 900 1486 dilecte
919 1467 986 1494 papa
999 1479 1006 1492 ,
1018 1459 1081 1486 mit-

294 1506 387 1538 timus,
399 1505 612 1540 pollicemurque
626 1505 652 1532 in
673 1505 782 1533 nomine
803 1504 906 1532 Domini
919 1525 927 1539 ,
943 1513 992 1533 nos
1005 1506 1081 1533 dein-

1132 931 1229 966 νηρίαν
1242 930 1297 957 τῶν
1310 930 1496 965 συκοφαντῶν,
1510 929 1564 957 ίδοὺ
1578 930 1625 956 καὶ
1641 929 1760 966 ἔγραψεν
1781 931 1918 966 ’Δρσένιος

1132 975 1204 1012 μετὰ
1229 975 1261 1002 τὸ
1284 974 1430 1011 εὑρεθῆναι
1454 975 1640 1011 κρυπτόμενον
1667 976 1758 1003 αὐτόν.
1792 976 1837 1008 Ὠς
1862 977 1919 1012 γὰρ

1140 1021 1267 1057 Ἰσχύρας
1278 1020 1396 1057 ἔγραψεν
1411 1020 1547 1057 ὁμολογῶν
1559 1021 1608 1057 τὴν
1628 1021 1819 1055 συκοφαντίαν,
1831 1021 1920 1054 οὕτως

1139 1067 1278 1103 ’Δρσένιος
1305 1067 1417 1103 γράφων
1438 1066 1544 1102 ἐλέγχει
1565 1067 1644 1094 πλέον
1664 1059 1845 1102 ἐκείνωνητὴν
1867 1075 1920 1094 κα-

1131 1113 1269 1149 κοήθειαν.

1285 1159 1354 1187 ΔΘΑ
1359 1160 1466 1195 ΝΑΣιῃ
1490 1160 1654 1194 mamma
1677 1160 1777 1194 usus

1142 1205 1291 1240 Ἁρσένιος
1311 1205 1479 1238 ἐπίσκοπος
1503 1203 1563 1232 τῶν
1592 1213 1663 1232 ποτε
1690 1205 1749 1232 ὑπὸ
1779 1205 1919 1240 Μελίτιον

1165 1240 1222 1274 τῆς
1237 1240 1400 1274 Ὑψηλιτῶν
1413 1240 1529 1273 πόλεως
1551 1239 1611 1274 ἅμα
1638 1239 1847 1274 πρεσϐυτέροις
1866 1240 1918 1267 καὶ

1167 1275 1317 1308 διακόνοις
1330 1275 1364 1301 ἐν
1373 1276 1469 1309 Kvpltp
1482 1275 1610 1302 πλεῖστα
1623 1275 1746 1309 χαίρειν.
1767 1297 1774 1302 .

1168 1320 1223 1347 Καὶ
1248 1321 1329 1355 ἡμεῖς
1358 1320 1544 1355 ἀσπαζόμενοι
1557 1321 1607 1356 τὴν
1623 1321 1734 1358 εἰρήνην
1749 1321 1796 1347 καὶ
1821 1320 1917 1348 ἕνωσιν

1136 1366 1202 1401 πρὸς
1217 1365 1265 1401 τὴν
1288 1366 1433 1402 καθολικὴν
1456 1367 1628 1402 Ἐκκλησίαν,
1645 1365 1679 1402 ἦς
1702 1367 1734 1393 σὺ
1754 1366 1824 1393 κατά
1837 1367 1923 1403 χάριν

1131 1412 1198 1439 Θεοῦ
1214 1413 1387 1449 προΐστασαι,
1402 1413 1587 1449 προῃρημένοι
1602 1422 1633 1440 τε
1646 1413 1686 1448 τῷ
1699 1413 1918 1449 ἐκκλησιαστικῷ

1132 1459 1224 1486 κανόνι
1247 1459 1318 1486 κατὰ
1339 1459 1385 1486 τὸν
1413 1459 1528 1486 παλαιὸν
1541 1459 1624 1486 τύπον
1635 1459 1690 1495 (15)
1705 1459 1918 1491 ὑποτάσσεσθαι,

1131 1505 1271 1541 γράφομεν
1287 1513 1337 1537 σοι,
1353 1505 1480 1541 ἁγατι-ητὲ
1497 1506 1586 1537 πάπα,
1605 1505 1797 1541 ὁμολογοῦντες
1818 1507 1847 1532 ἐν
1859 1506 1919 1534 6V6,-

293 1559 357 1586 ceps
378 1551 489 1579 minime
517 1551 765 1579 communicatums
794 1558 857 1578 cum
881 1551 914 1579 iis
939 1551 986 1586 qui
1017 1556 1079 1578 sunt

1133 1560 1196 1587 ματι
1218 1551 1320 1588 Κυρίου
1342 1550 1390 1577 τοῦ
1414 1550 1507 1578 λοιποῦ
1534 1551 1571 1587 μὴ
1598 1552 1772 1587 κοινωνήσειν
1797 1552 1853 1582 τοῖς
1876 1551 1918 1580 ἑτι

292 1598 442 1625 etiamnum
455 1597 632 1630 schismatici,
647 1601 673 1624 et
687 1597 733 1631 qui
746 1596 864 1624 nondum
873 1604 934 1624 cum
947 1597 1078 1624 catholica

292 1642 413 1671 Ecclesia
433 1650 526 1678 pacem
541 1643 650 1676 habent,
665 1642 722 1670 sive
737 1642 881 1677 episcopis,
896 1643 952 1670 sive
965 1643 1078 1678 presby-

294 1689 359 1716 teris
382 1688 425 1716 vel
445 1689 565 1716 diaconis
589 1698 596 1716 :
621 1697 708 1724 neque
729 1696 789 1716 cum
808 1688 861 1716 illis
882 1695 1076 1721 consensuros,

293 1735 316 1762 si
330 1735 466 1770 quidpiam
479 1735 563 1762 velint
578 1735 605 1762 in
617 1735 718 1770 synodo
734 1739 852 1762 statuere
871 1742 878 1760 :
902 1741 987 1770 neque
1004 1734 1079 1769 pacis

294 1779 400 1807 litteras
418 1781 458 1809 vel
476 1781 618 1813 missuros,
636 1781 678 1807 vel
702 1786 858 1815 accepturos
882 1780 916 1808 ab
935 1781 987 1808 illis
1000 1801 1007 1811 ,
1029 1788 1079 1808 nec

295 1833 402 1853 rursum
417 1826 486 1853 citra
512 1831 585 1854 tuam
607 1826 808 1860 metropolitani
831 1825 949 1860 episcopi
972 1830 1079 1852 senten-

297 1872 372 1905 tiam,
387 1872 525 1899 decretum
546 1872 629 1899 ullutn
646 1873 768 1900 edituros
793 1872 834 1899 vel
855 1873 994 1906 episcopos
1017 1878 1077 1905 spe-

295 1922 382 1950 ctans,
401 1918 443 1945 vel
465 1918 562 1953 dogma
582 1919 726 1953 quodpiam
754 1926 894 1945 commune
914 1917 1080 1945 ecclesiasti-

295 1970 356 1989 cum
368 1970 375 1994 ;
391 1963 438 1990 sed
449 1970 577 1990 cessuros
589 1963 714 1990 omnibus
725 1967 787 1990 ante
799 1963 906 1990 statutis
919 1963 1077 1995 canouibus,

295 2007 415 2035 adinstar
436 2007 514 2044 147
538 2009 722 2043 episcoporum
747 2007 934 2040 Ammoniani,
950 2007 1077 2042 Tyranni,

295 2053 426 2085 Plusiani,
441 2054 668 2089 reliquorumque.
685 2054 820 2081 Praeterea
845 2052 1079 2080 Mansuetudinem

297 2098 319 2127 T
327 2107 387 2126 uam
398 2099 583 2132 obsecramus,
592 2103 621 2126 ut
633 2099 831 2134 quamprimum
842 2098 919 2126 nobis
935 2098 1078 2131 rescribas,

297 2146 451 2181 pariterque
473 2146 674 2173 comministros
701 2150 809 2173 nostros
831 2145 927 2172 litteris
956 2152 1078 2177 moneas,

297 2201 347 2221 nos
359 2201 438 2229 supra
454 2193 531 2220 dictis
545 2192 600 2227 jam
619 2197 693 2220 stare
713 2193 844 2225 decretis,
863 2199 956 2227 pacem
980 2191 1080 2219 habere

1131 1597 1261 1632 σχίζουσι,
1278 1598 1325 1624 καὶ
1341 1597 1451 1632 μηδέπω
1464 1597 1633 1633 εἰρηνεύουσι
1660 1597 1728 1632 πρὸς
1747 1597 1795 1632 τὴν
1814 1597 1919 1626 καθολι-

1129 1644 1180 1676 κὴν
1205 1644 1365 1678 Ἐκκλησίαν
1383 1644 1541 1675 ἐπισκόποις
1554 1653 1583 1670 τε
1597 1644 1642 1670 καὶ
1655 1643 1850 1679 πρεσϐυτέροις
1869 1644 1918 1671 καὶ

1128 1689 1270 1721 διακόνοις,
1288 1691 1356 1725 μήτε
1374 1689 1520 1717 συνθέσθαι
1533 1689 1624 1721 αὐτοῖς
1638 1689 1809 1725 βουλομένοις
1817 1698 1844 1715 τι
1860 1689 1916 1725 (14)

1129 1736 1158 1762 ἐν
1181 1735 1291 1771 συνόδῳ,
1308 1736 1376 1771 μήτε
1402 1737 1555 1772 γράμματα
1578 1737 1703 1771 εἰρηνικὰ
1723 1735 1916 1768 ἀποστέλλειν,

1133 1781 1201 1816 μήτε
1216 1779 1342 1813 δέξασθαι
1355 1781 1420 1816 παρ’
1436 1779 1534 1812 αὐτῶν,
1548 1778 1608 1815 μηδ’
1620 1777 1653 1807 αὖ
1667 1779 1725 1814 δίχα
1740 1778 1852 1814 γνώμης
1869 1787 1916 1806 σου

1129 1825 1175 1852 τοῦ
1193 1826 1242 1861 τῆς
1259 1826 1451 1862 μητροπόλεως
1466 1825 1614 1852 ἐπισκόπου
1629 1826 1689 1861 ὅρον
1712 1825 1774 1852 τινὰ
1792 1825 1917 1861 έκιρέρειν

1130 1872 1194 1908 περὶ
1211 1872 1379 1903 ἐπισκόπων,
1397 1872 1413 1906 ἢ
1429 1872 1494 1907 περὶ
1508 1871 1641 1906 δόγματος
1654 1871 1747 1906 ἐτέρου
1764 1870 1852 1897 κοινοῦ
1871 1872 1917 1898 ἐχ-

1130 1916 1322 1952 κλησιαστικοῦ
1332 1926 1338 1932 ’
1354 1917 1410 1944 ἀλλ’
1423 1917 1505 1945 εἴκειν
1518 1917 1583 1943 πᾶσι
1596 1917 1652 1947 τοῖς
1665 1915 1916 1951 προτετυπωμένοις

1131 1963 1224 1990 κανόσι
1242 1963 1302 1989 καθ’
1315 1963 1460 1998 ὁμοιότητα
1476 1962 1530 1988 τῶν
1541 1961 1698 1989 ἐπισκόπων
1715 1960 1915 1997 Ἀμμωνιιανοῦ,

1130 2011 1177 2036 καὶ
1193 2009 1344 2045 Τυράννου,
1368 2009 1414 2036 καὶ
1428 2007 1603 2040 Πλουσιανοῦ,
1621 2007 1732 2034 καὶτῶν
1747 2006 1848 2033 λοιπῶν
1861 2008 1916 2034 ἐπι-

1131 2056 1248 2082 σκόπων.
1275 2055 1348 2090 Πρὸς
1362 2053 1446 2082 ταῦτα
1459 2051 1505 2080 οὖν
1520 2053 1648 2088 ἀξιοῦμεν
1663 2052 1712 2088 τὴν
1735 2052 1782 2087 σὴν
1802 2052 1917 2087 χρηστό-

1129 2110 1197 2137 τητα
1224 2101 1387 2137 ἀντιγράψαι
1412 2100 1461 2136 μὲν
1474 2101 1539 2135 ἡμῖν
1550 2099 1594 2126 διὰ
1611 2099 1719 2134 τάχους.
1741 2098 1871 2129 ὡσαύτως
1887 2107 1916 2126 τε

1130 2148 1239 2179 καὶτοῖς
1252 2147 1463 2181 συλλειτουργοῖς
1475 2155 1507 2172 πε
1513 2146 1537 2181 pl.
1551 2144 1638 2180 ὑμῶν,
1647 2145 1687 2171 ὅτι
1702 2144 1796 2180 εἴημεν
1807 2144 1856 2180 ἤδη
1870 2144 1917 2170 ἐπὶ

1130 2193 1185 2224 τοῖς
1213 2191 1422 2228 προειρημένοις
1444 2191 1526 2226 ὅροις,
1545 2190 1750 2226 εἰρηνεύσαντες
1774 2189 1842 2225 πρὸς
1866 2190 1917 2225 τὴν

296 2248 357 2267 cum
379 2239 513 2267 catholica
528 2238 648 2266 Ecclesia
659 2258 668 2271 ,
679 2238 841 2273 junctosque
857 2245 916 2265 esse
931 2237 1077 2265 commini-

1132 2237 1272 2273 καθολικὴν
1298 2237 1458 2272 Ἐκκλησίαν
1471 2256 1479 2269 ,
1502 2237 1548 2263 καὶ
1569 2236 1713 2268 ένωθέντες
1735 2237 1791 2267 τοῖς
1814 2234 1918 2261 συλλει-

297 2286 361 2314 stris
373 2285 549 2312 nostratibus.
565 2283 706 2311 Credimus
724 2290 805 2317 porro
820 2287 880 2309 tuas
900 2289 994 2317 preces
1006 2301 1013 2313 ,
1034 2286 1078 2308 ut-

297 2337 360 2368 pote
374 2331 500 2366 probatas
512 2335 703 2365 acceptasque,
716 2330 910 2363 itnpetraturas
921 2333 950 2355 ut
963 2336 1014 2362 pax
1026 2329 1079 2355 hu-

295 2378 411 2413 jusmodi
425 2377 501 2404 ﬁrma
514 2381 542 2403 et
554 2374 749 2403 indissolubilis
764 2379 894 2409 perpetuo
915 2376 1078 2408 perseverel,

298 2424 446 2451 secundum
462 2422 627 2450 voluntatem
643 2421 689 2449 Dei
703 2421 822 2448 omnintn
834 2419 950 2452 Domini,
975 2426 1021 2454 per
1034 2419 1080 2447 Je-

298 2478 357 2497 sum
376 2469 512 2496 Christum
538 2468 679 2495 Dominum
706 2471 838 2494 nostrutn.
860 2466 956 2493 Totum
980 2470 1079 2493 coetum

298 2524 436 2544 sacrorum
454 2515 504 2543 sub
521 2520 545 2542 te
557 2514 740 2541 ministrorum
761 2520 810 2540 nos
830 2516 856 2539 et
873 2511 919 2546 qui
941 2511 1078 2538 nobiscum

298 2568 362 2590 sunt
376 2562 532 2590 salutamus.
546 2561 636 2595 Brevi,
651 2560 674 2588 si
690 2559 760 2587 Deus
774 2559 936 2594 permiserit.
952 2558 984 2585 ad
995 2557 1078 2584 Tuam

347 2652 374 2686 9)
390 2653 468 2686 Beg..
477 2651 518 2678 ὄτι
527 2659 591 2685 περ.
603 2649 684 2682 Editi,
697 2649 775 2686 ὅπερ.

353 2682 393 2722 10)
408 2682 445 2714 Ita
461 2687 528 2721 Reg.
548 2682 617 2722 Editi
631 2692 706 2716 vero,
719 2682 827 2722 Ἐπειδὴ
839 2682 938 2722 τοίνυν.

301 2758 317 2784 δ
338 2715 487 2784 ξηζέξεεη
499 2715 712 2757 ἄκροασάμενον,
727 2719 814 2746 minus
821 2715 910 2745 recte.
919 2715 989 2744 lnfra
998 2716 1080 2750 idem,

319 2766 381 2784 ιαωυ
418 2765 467 2784 εει.
948 2778 949 2781 η

319 2757 467 2784 ιαωυλάξει.
948 2778 949 2781 η

508 2791 551 2825 δέ,
563 2795 616 2826 etc.
625 2789 688 2817 Hazc
704 2796 788 2826 usque
801 2787 833 2826 ad
857 2778 1010 2826 sequentem
1024 2786 1080 2826 epi-

305 2821 436 2854 stolae-iu
458 2821 667 2854 editis'Latiuis
681 2821 877 2857 antiquioriuus
900 2823 1021 2849 deerant.
1052 2821 1078 2848 In

304 2862 406 2889 Graecis
426 2867 514 2889 autent
539 2861 663 2888 omnibus
690 2866 750 2886 cum
775 2857 853 2886 editis
871 2863 924 2884 tum
945 2864 1008 2883 mss.
1029 2857 1078 2884 ha-

1132 2284 1257 2319 τουργοῖς
1272 2283 1319 2309 ἐπὶ
1334 2283 1388 2309 τῶν
1403 2282 1508 2309 τόπων
1535 2281 1699 2317 πιστεύομεν
1723 2281 1762 2314 δέ,
1779 2281 1816 2312 ὡς
1837 2280 1917 2315 εὐχαί

1133 2337 1180 2355 σου
1207 2329 1398 2365 ἐνεργήσουσιν
1422 2327 1612 2362 εὐπρόσδεκτοι
1638 2324 1736 2360 οὖσαι,
1764 2326 1833 2353 ὥστε
1866 2325 1916 2361 τὴν

1133 2374 1258 2410 τοιαύτην
1275 2374 1384 2410 εἰρήνην
1401 2373 1511 2408 βεϐαίαν
1527 2373 1574 2400 καὶ
1593 2373 1732 2399 ἀδιάλυτον
1749 2370 1817 2398 εἶναι
1835 2372 1917 2407 μέχρι

1133 2420 1237 2453 τέλους,
1256 2420 1326 2447 κατὰ
1339 2420 1368 2446 τὸ
1385 2419 1507 2455 βούλημα
1523 2419 1569 2445 τοῦ
1585 2419 1712 2445 δεσπότου
1727 2418 1780 2444 τῶν
1789 2418 1917 2445 ἁπάντων

1134 2467 1212 2499 Θεοῦ,
1227 2466 1270 2493 διὰ
1291 2466 1377 2501 Ἰησοῦ
1393 2467 1510 2502 Χριστοῦ
1521 2465 1567 2492 τοῦ
1581 2465 1683 2500 Κυρίου
1700 2464 1787 2500 ἡμῶν.
1807 2464 1844 2490 Τὸ
1863 2463 1918 2490 ὑπὸ

1134 2512 1163 2539 σὲ
1175 2513 1305 2547 ίερατεῖον
1322 2514 1400 2547 ἡμεῖς
1414 2512 1462 2538 καὶ
1475 2512 1500 2538 oi.
1513 2512 1561 2538 σὺν
1576 2512 1641 2547 ἡμῖν
1666 2510 1916 2546 προσαγορεύομεν.

1134 2559 1215 2585 Ὅσον
1225 2558 1253 2585 δὲ
1269 2558 1373 2586 οὐδέπω
1383 2558 1450 2594 (15),
1462 2557 1529 2585 Θεοῦ
1546 2557 1745 2593 ἐπιτρέποντος,
1765 2557 1917 2590 ἀπαντήσο-

1132 2646 1458 2719 1ῃῖίῗὲίκΒοιζ.,ιιταλιι.ιὸν
1486 2682 1576 2709 τόπον.
1605 2681 1687 2713 Editi,
1718 2680 1833 2708 παλαιὸν
1868 2679 1914 2706 νό-

1135 2726 1224 2790 μοῖἱι)
1237 2754 1314 2788 lteg.,
1329 2752 1498 2788 βουλομένοις
1511 2761 1546 2779 τι.
1567 2752 1635 2779 Editi
1648 2759 1722 2784 vero,
1739 2749 1916 2786 βουλομένοις

1139 2806 1224 2859 "'(15)
1238 2823 1313 2860 αρε..
1327 2823 1440 2851 οὐδέπω.
1452 2823 1530 2856 sum,
1548 2822 1632 2849 οὔπω.
