2031 3048
145 159 200 188 σπι

708 157 879 186 nomen
896 156 1037 185 comma
1054 146 1223 186 animos.‘

1705 155 1757 184 571

149 225 199 253 μεν
218 215 285 252 πρὸς
295 215 345 251 τὴν
359 216 410 251 σὴν
431 215 614 252 χρηστότητα.
636 215 770 252 Ἀρσένιος
795 217 930 253 ἐρρῶσθαι

989 216 1215 244 Mansuetudinem
1231 215 1401 243 accedemus.
1417 215 1546 242 Arsenius
1563 219 1590 242 te
1605 214 1697 242 multis
1711 222 1758 241 an-

148 271 179 290 σι
192 261 307 297 εὔχομαι
328 262 357 289 ἐν
373 262 469 298 Κυρίῳ
486 261 592 294 πολλοῖς
610 261 726 297 χρόνοις,
740 262 931 299 μακαριώτατε

148 307 237 334 πάπα.

182 352 227 379 70.
248 352 356 384 Μείζων
366 351 394 378 δὲ
410 352 458 379 καὶ
473 351 660 388 φανερώτερος
672 352 782 387 ἔλεγχος
797 353 845 388 τῆς
870 352 930 380 καθ’

147 395 226 431 ἡμῶν
245 396 425 430 συκοφαντίας
438 397 455 431 ὴ
471 396 600 432 μετάνοια
617 396 740 424 Ἰωάννου
751 405 757 412 ·
775 397 822 424 καὶ
837 397 931 425 τούτου

150 440 255 476 μάρτυς
271 441 285 467 ὁ
295 440 499 476 θεοφιλέστατος
512 442 560 471 καὶ
577 443 715 478 μακαρίας
732 443 842 480 μνήμης
856 443 933 479 βασι-

148 485 211 518 λεὺς
226 487 443 520 Κωνσταντῖνος·
459 488 535 519 εἰδὼς
549 489 602 524 γὰρ
624 489 696 525 ἆπερ
719 489 844 524 Ἰωάννης
872 490 932 516 κατ’

147 532 232 559 αὑτοῦ
256 533 440 569 κατηγόρησε,
457 534 504 560 καὶ
518 534 662 570 δεξάμενος
677 535 829 571 γράμματα
855 544 933 571 μετα-

149 578 327 613 γινώσκοντας
341 580 434 611 αὑτοῦ,
448 579 548 616 ἔγραψε
564 581 649 608 ταῦτα
663 589 671 597 ·

201 624 304 654 ΚΩΝΣ
308 626 486 655 ΤΔΝΤΙΝΟΣ
500 628 683 656 ΜΕῘἸΣΤΟΣ
696 629 817 654 ΣΕΒΑΣ
821 628 889 654 ΤΟΣ

475 671 608 705 Ἰωάννῃ.

186 716 260 743 Πάνυ
291 725 336 752 μοι
362 717 518 753 καταθύμια
548 718 643 752 γέγονε
657 719 692 745 τὰ
718 718 793 754 παρὰ
819 719 869 754 τῆς
884 718 935 753 σῆς

152 761 308 796 φρονήσεως
324 761 476 797 γράμματα
487 771 494 778 ·
510 762 596 796 ἔγνων
608 763 663 798 γὰρ
681 763 710 796 ἐξ
731 763 820 789 αὐτῶν
835 762 854 790 ἃ.
883 762 935 798 μά-

152 806 230 833 λιστα
242 806 343 841 γνῶναι
357 807 482 841 ἐπόθουν,
499 809 589 835 πᾶσαν
604 809 652 844 μὲν
667 808 848 844 μικροψυχίαν
865 808 934 835 ἀπο-

151 851 287 879 τεθεῖσθαι
311 861 351 885 σε,
376 855 409 890 τῇ
438 853 467 880 δὲ
503 854 712 890 Ἐκκλησίᾳ,ὼς
738 854 874 890 προσῆκον
889 851 934 889 ἦν,

983 263 1024 289 nis
1038 262 1128 290 valere
1141 262 1167 289 in
1184 261 1297 289 Domino
1313 265 1421 296 exopto,
1441 261 1595 289 beatissime
1610 269 1689 296 papa.

1016 353 1060 380 70.
1081 353 1165 382 Porro
1182 353 1324 381 calumniae
1339 353 1367 381 in
1389 361 1438 382 nos
1459 357 1567 382 structae
1583 354 1670 388 majus
1687 359 1715 382 et
1730 354 1763 382 li-

981 401 1087 436 quidius
1108 406 1294 434 argumentum
1311 406 1352 429 est
1371 401 1483 429 Joannis
1500 402 1673 436 pmnitentia,
1687 402 1764 436 cuius

981 447 1021 474 rei
1046 447 1123 474 testis
1145 446 1195 474 fuit
1210 445 1266 474 Deo
1282 447 1458 475 charissimus
1479 450 1506 474 et
1522 447 1607 474 beatas
1628 447 1765 475 memoria:

982 493 1127 527 imperator
1137 493 1341 524 Constantinus,
1355 493 1401 528 qui
1414 499 1474 520 cum
1485 494 1567 520 sciret
1577 499 1637 527 qua:
1647 491 1765 520 Joannes

982 542 1074 565 contra
1092 544 1122 564 se
1138 537 1195 572 ipse
1212 537 1363 570 detulisset,
1385 537 1510 572 illiusque
1524 537 1678 572 paenitentis
1690 537 1765 565 litte-

982 590 1027 610 ras
1043 583 1208 616 accepisset.
1230 583 1286 610 haec
1302 583 1429 617 scripsit:

1024 626 1315 656 CONSTANTINUS
1334 627 1511 656 MAXIMUS
1532 627 1724 657 AUGUSTUS

1319 671 1428 700 Joanni.

983 718 990 727 '
1017 717 1167 745 Admodum
1189 722 1273 752 graue
1294 717 1360 746 mihl
1374 717 1450 745 fuere
1467 710 1621 747 Prudentia
1636 718 1702 747 Tute
1721 719 1767 748 lit-

984 767 1064 796 terae,
1080 770 1114 791 ex
1137 763 1235 798 quibus
1256 770 1317 798 quae
1336 764 1513 798 peroptabam
1537 764 1608 793 scire
1625 765 1716 799 didici,
1739 770 1769 793 te

984 808 1088 836 scilicet
1107 809 1181 836 omni
1203 809 1324 844 deposita
1339 810 1487 843 simultate,
1502 818 1564 838 cum
1582 810 1702 839 Ecclesia
1715 831 1723 843 .
1735 815 1767 838 ut

985 861 1035 888 par
1045 859 1115 888 erat,
1126 855 1352 888 communicasse,
1363 860 1391 883 et
1407 863 1468 884 cum
1481 856 1629 884 Athanasio
1640 857 1768 891 episeopo

152 899 380 935 κεκοινωνηκέναι
393 919 400 931 ,
425 900 473 926 καὶ
494 900 643 936 ’Δθανασίῳ
672 900 710 936 τῷ
732 901 936 936 αίδεσιμωτάτῳ

989 900 1211 928 reverendisslnto
1221 901 1250 928 ln
1260 901 1366 936 plenam
1376 901 1552 929 concordiam
1565 901 1679 929 venisse.
1692 900 1768 929 Scito

153 945 295 981 ἐπισκόπῳ
307 946 336 976 ἐς
350 945 385 972 τὰ
402 945 518 981 μάλιστα
529 947 569 978 εἰς
579 946 704 982 ὁμόνοιαν
716 946 813 974 ἐλθεῖν.
828 944 865 974 Εὖ
881 946 936 973 rem

152 989 297 1022 τοίνυν,ὠς
308 990 391 1017 ἐνεκά
407 999 439 1024 γε
451 990 554 1018 τούτων
567 991 637 1018 πάνυ
653 999 683 1018 σε
697 991 843 1023 ἐπαινέσας
871 990 935 1027 ιχω,

152 1036 194 1063 ὅτι
212 1037 303 1064 πᾶσαν
315 1037 395 1072 ἀφεὶς
412 1036 572 1073 ἀψιμαχίαν,
589 1037 603 1063 ὃ
615 1036 654 1072 τῷ
667 1036 726 1071 Θεῷ
740 1036 816 1071 φίλον
826 1034 860 1072 ἦν
885 1045 936 1063 πε-

153 1083 280 1118 ποίηκας,
305 1083 355 1118 τῆς
376 1083 445 1119 πρὸς
468 1083 517 1118 τὴν
540 1082 700 1117 Ἐκκλησίαν
722 1081 843 1114 ἐνώσεως
868 1083 938 1109 ἀντι-

151 1127 367 1164 Δαμὸανόμενος.
384 1129 443 1156 Ἵνα
457 1128 547 1155 τοίνυν
563 1128 610 1155 καὶ
623 1125 660 1155 ὧν
671 1127 814 1163 ἐπιθυμεῖς
830 1136 940 1164 τετυχη-

151 1173 230 1200 κέναι
245 1174 351 1210 δοκοίης
361 1193 370 1206 ,
386 1173 531 1210 ἐπιτρέψαι
557 1182 598 1203 σοι
615 1173 669 1200 δεῖν
683 1173 775 1209 ᾠήθην
802 1173 939 1209 ὀχήματος

152 1219 280 1255 ἐπιϐῆναι
293 1219 433 1255 δημοσίου.
450 1220 497 1247 καὶ
510 1220 552 1251 είς
564 1219 595 1245 τὸ
610 1218 789 1254 στρατόπεδον
802 1217 851 1253 τῆς
866 1217 937 1253 ἐμῆς

152 1265 321 1301 ἡμερότητος
338 1265 497 1293 σπουδάσαι.
514 1265 564 1291 Σὺν
577 1264 670 1291 λοιπὸν
687 1263 756 1290 ἔστω
770 1263 854 1299 μηδὲν
874 1263 937 1298 μελ-

152 1309 233 1345 λῆσαι
245 1309 312 1345 (16),
328 1309 396 1337 ἀλλὰ
408 1310 458 1345 τῆς
470 1308 615 1344 ἐπιστολῆς
627 1317 668 1335 σοι
687 1308 787 1343 ταύτης
799 1308 936 1343 ὀχήματος

152 1355 282 1392 δημοσίου
312 1355 436 1388 ἐξουσίαν
461 1355 640 1391 χορηγούσης,
665 1354 767 1386 εὐθέως
783 1354 851 1390 πρὸς
863 1355 938 1390 ἡμᾶς

153 1401 310 1437 ἀφικέσθαι,
339 1401 382 1428 ἴνα
413 1401 460 1428 καί¹
487 1401 537 1438 τὴν
556 1400 711 1435 ἐπιθυμίαν
734 1401 876 1436 ἐμπλήσῃς
889 1400 938 1436 τὴν

987 945 1070 981 igitur
1095 950 1122 973 te
1132 946 1170 974 ‘eo
1192 946 1302 974 nomine
1324 955 1340 974 a
1363 947 1441 976 nobis
1462 954 1634 982 summopere
1651 947 1768 980 laudari,

988 991 1058 1026 quod
1073 991 1168 1019 relicto
1180 991 1254 1020 omni
1272 991 1374 1027 iurgio,
1388 999 1445 1020 rem
1462 992 1517 1020 Deo
1531 996 1635 1027 gratam
1649 991 1769 1026 perfece-

988 1039 1041 1072 ris.
1062 1040 1274 1075 societatemque
1293 1040 1450 1074 requisieris
1473 1047 1534 1068 cum
1557 1039 1685 1067 Ecclesia.
1708 1039 1770 1073 Quo

988 1084 1070 1121 igitur
1085 1090 1175 1120 optata
1189 1093 1337 1121 assequare
1349 1106 1358 1119 ,
1376 1086 1424 1114 tibi
1439 1086 1648 1122 permittendum
1665 1085 1769 1121 putavi,

987 1134 1017 1157 ut
1038 1130 1161 1159 inscenso
1185 1130 1294 1166 publico
1312 1130 1450 1163 vehiculo,
1478 1129 1512 1157 ad
1535 1128 1685 1157 exercitum
1702 1135 1770 1156 mea:

985 1175 1133 1203 clementiae
1144 1183 1281 1211 properes.
1295 1175 1382 1204 Tuum
1395 1176 1521 1210 deinceps
1532 1175 1585 1203 erit
1610 1174 1678 1202 nihil
1702 1181 1770 1202 cun-

985 1221 1065 1250 ctari.
1081 1221 1133 1250 Sed
1149 1229 1210 1250 cum
1234 1222 1293 1250 haec
1308 1222 1354 1250 tibi
1369 1222 1480 1257 epistola
1488 1221 1585 1257 publici
1596 1220 1710 1249 vehiculi
1723 1227 1771 1249 co-

985 1266 1058 1301 piam
1077 1266 1177 1301 l‘aciat,
1197 1268 1230 1295 ad
1256 1275 1305 1295 nos
1321 1267 1520 1307 quamprimum
1547 1266 1676 1299 accedas,
1697 1269 1772 1293 utet

984 1312 1041 1340 voti
1061 1319 1173 1349 compos
1194 1313 1324 1345 emciare,
1341 1317 1370 1341 et
1394 1315 1536 1347 postquam
1567 1319 1616 1339 nos
1634 1311 1770 1345 inviaeris,

985 1364 1103 1392 congrua
1126 1357 1227 1386 l‘ruarls
1245 1357 1350 1386 laetitia.
1372 1357 1446 1385 Deus
1469 1361 1497 1385 te
1510 1360 1664 1390 conservet,
1686 1355 1772 1384 frater

987 1402 1094 1430 dilecte.

156 1448 265 1480 σαυτοῦ,
292 1447 339 1475 καὶ
367 1447 532 1483 θεασάμενος
560 1447 645 1483 ἡμᾶς,
675 1446 724 1482 τῆς
748 1446 937 1482 προσηκούσης
955 1447 1112 1486 ἀπολαύσῃς
1141 1448 1318 1486 εὐφροσύνης.
1341 1449 1369 1477 Ὀ
1385 1449 1452 1483 Oed;
1483 1459 1513 1478 σε
1533 1450 1689 1486 διαφυλάεοι
1704 1450 1771 1486 (Π).

155 1495 254 1530 ἁδελφὲ
270 1493 404 1530 ἁγατιητέ.

190 1541 235 1568 7i.
250 1540 328 1568 Οὕτω
353 1540 400 1575 μὲν
411 1536 458 1566 οὖν
469 1539 544 1571 τέλος
559 1538 636 1574 ἔσχεν
655 1539 672 1574 ἢ
692 1538 819 1574 συσκευὴ,
837 1538 883 1565 καὶ
910 1539 935 1565 οἱ

1021 1540 1065 1567 71.
1086 1538 1135 1567 llic
1157 1539 1200 1567 ille
1214 1539 1264 1567 fuit
1285 1539 1490 1574 conspirationis
1512 1539 1611 1573 exitus,
1635 1547 1689 1575 quo
1708 1547 1773 1575 per-

154 1585 310 1614 Μελιτιανοὶ
335 1583 576 1620 καταισχυνθέντες
605 1583 833 1619 ἀπεστράφησαν·
856 1584 880 1609 οί
910 1583 938 1609 δὲ

154 1630 220 1665 περὶ
234 1629 361 1656 Εὐσέϐιον
374 1629 428 1655 οὐδ’
443 1627 529 1660 οὕτως
540 1628 683 1663 ἠρέμησαν
692 1636 698 1642 '
715 1628 809 1663 ἔμελλε
823 1628 877 1664 γὰρ
889 1628 938 1655 αὐ-

154 1675 211 1707 τοῖς
222 1675 253 1701 οὺ
269 1674 323 1700 τῶν
339 1673 518 1704 Μελιτιανῶν,
533 1673 600 1702 ἀλλὰ
613 1673 667 1699 τῶν
684 1673 747 1709 περί
761 1674 878 1709 Ἀρειον,
893 1674 940 1701 καὶ

156 1720 299 1755 ἐφοϐοῦντο
318 1720 366 1754 μὴ,
393 1719 574 1754 παυσαμένων
597 1718 718 1750 ἐκείνων,
751 1719 849 1754 μηκέτι
878 1719 940 1750 τοὺς

157 1765 384 1802 ὑποκρινομένους
396 1764 507 1800 εὕρωσι,
522 1764 556 1790 δι’
572 1760 609 1791 ὧν
623 1763 700 1790 τοῦτο
717 1765 871 1799 εἰσαγαγεῖν
893 1764 939 1791 δύ-

156 1820 266 1839 νωνται.
279 1810 460 1846 Παροξύνουσι
471 1809 560 1837 τοίνυν
575 1809 654 1836 πάλιν
673 1809 735 1840 τοὺς
753 1809 940 1841 Μελιτιανοὺς,

94 1890 101 1897 ¹
157 1858 203 1886 καὶ
221 1856 343 1884 πείθουσι
374 1855 418 1881 τὸν
434 1855 544 1890 βασιλέα
567 1853 674 1882 σύνοδον
697 1852 774 1886 αὖθις
801 1855 830 1881 ἐν
861 1854 941 1890 Τύρῳ

157 1903 283 1932 κελεῦσαι
299 1903 434 1938 γενέσθαι.
449 1903 504 1929 Καὶ
527 1902 614 1937 κόμης
630 1901 765 1933 Διονύσιος
782 1901 942 1928 ἀποστέλλε-

158 1959 213 1982 ται,
235 1949 282 1976 καὶ¹
299 1948 461 1985 στρατιῶται
490 1948 632 1983 δορυφόροι
657 1947 771 1974 δίδονται
793 1949 848 1979 τοῖς
878 1948 942 1984 περὶ

158 1995 297 2023 Εὑσέῦιον.
312 1994 366 2021 Καὶ
380 1995 394 2021 ὁ
406 1994 454 2029 μὲν
466 1994 607 2029 Μακάριος
622 1994 730 2028 δέσμιος
749 1993 793 2020 διὰ
813 2002 943 2028 στρατιω-

158 2041 212 2068 τῶν
228 2040 365 2076 πὲμπεται
381 2041 421 2072 εἰς
432 2039 518 2075 Τύρον
530 2048 537 2054 ·
553 2039 654 2074 ἐμοὶδέ
676 2039 776 2074 γράφει
792 2039 838 2065 καὶ
861 2038 943 2072 ἀνάγ-

159 2096 211 2123 κην
227 2086 392 2121 ἐπιτίθησιν·
412 2086 482 2113 ὥστε
504 2086 550 2113 καὶ
573 2086 687 2117 ἄκοντας
712 2085 787 2120 ἡμᾶς
812 2084 943 2111 ἀποστέλ-

159 2132 255 2159 λεσθαι
272 2131 339 2167 (18).
356 2131 411 2167 Τὴν
429 2131 478 2166 μὲν
502 2129 547 2158 οὖν
564 2132 653 2157 πᾶσαν
683 2129 816 2165 συσκευὴν
842 2129 943 2163 γνῶναι

159 2177 280 2209 δυνατὸν,
298 2177 327 2210 ἐξ
341 2173 378 2204 ὧν
392 2176 513 2212 ἔγραψαν
527 2178 551 2203 οἱ
566 2176 709 2203 ἐπίσκοποι
722 2175 772 2210 τῆς
795 2175 941 2209 Αἰγύπτου.

160 2224 222 2256 Πῶς
233 2224 261 2250 δὲ
272 2211 436 2259 παράὺτῶν
452 2223 481 2256 ἐξ
497 2223 584 2259 ἀρχῆς
597 2221 733 2257 συνετέθη,
748 2222 893 2255 ἀναγκαῖον
909 2221 942 2248 ἂν
958 2211 980 2238 Ῑ)

160 2270 203 2306 εἴη
219 2269 326 2303 λέγειν·
342 2269 388 2295 καὶ
410 2269 464 2304 γὰρ
490 2268 614 2295 ἐντεῦθεν
635 2268 748 2303 θεωρεῖν
779 2267 827 2303 τὴν
846 2268 944 2303 κακοή-
966 2297 970 2302 _

161 2316 236 2343 θειαν
252 2315 298 2342 καὶ
307 2315 356 2350 τὴν
369 2315 534 2350 πανουργίαν
548 2314 596 2350 τὴν
612 2314 672 2341 καθ’
687 2313 767 2349 ἡμῶν
795 2314 943 2349 γενομένην

162 2362 275 2396 ἔξεστιν.
297 2361 454 2388 Ἐπίσκοποί
469 2362 538 2388 εἰσιν
564 2361 594 2388 ἐν
608 2361 746 2396 Αἰγύπτῳ,
776 2361 823 2387 καὶ
846 2360 942 2397 Λιϐύῃ,

136 2422 140 2442 ί
163 2409 208 2436 καί
225 2407 389 2435 Πενταπόλει
406 2407 489 2441 ἐγγὺς
507 2407 620 2434 ἑκατόν·
637 2407 725 2438 οὐδεὶς
747 2406 848 2433 τούτων
871 2408 945 2442 ἡμᾶς

137 2446 143 2491 ξ
163 2456 266 2490 ᾐτιᾶτο,
283 2455 313 2480 οὐ
333 2454 516 2491 πρεσϐύτερος
530 2453 676 2489 ἐμέμφετο,
687 2453 718 2480 οὐ
740 2453 793 2479 τῶν
809 2452 881 2479 λαῶν
903 2461 946 2484 τις

137 2483 144 2552 ξ
163 2483 321 2527 ίίατελόίλει⁹
339 2483 397 2528 ἀλλ’
417 2501 442 2526 oi
457 2483 614 2527 Μελιτίαν,οί
627 2500 651 2526 οἱ
663 2483 716 2526 ἀπὸ
729 2498 830 2534 Πέτρου
847 2483 945 2534 ὲκϐληέ

163 2546 255 2579 θέντες
274 2547 320 2574 καὶ
333 2548 358 2573 οἱ
377 2547 508 2583 ’Δρειανοὶ
524 2544 594 2582 ἦσαν
613 2547 636 2572 οἱ
650 2546 699 2581 τὴν
726 2545 870 2581 ἐπιϐουλὴν
898 2554 946 2580 με-

166 2593 319 2628 ρισάμενοι·
337 2593 384 2620 καὶ
391 2593 414 2619 οί
435 2593 483 2628 μὲν
493 2592 523 2618 τὸ
537 2593 709 2628 κατηγορεῖν,
721 2592 745 2618 οἱ
764 2592 792 2618 δὲ
817 2591 847 2618 τὸ
871 2591 947 2618 δικά-

166 2638 222 2670 ζειν
234 2639 338 2670 ἑαυτοῖς
352 2638 498 2671 ἐξεδίκουν.
519 2639 612 2674 Ἡμεῖς
626 2639 676 2673 μὲν
691 2636 737 2664 οὖν
754 2638 946 2674 παρῃτούμεθα

165 2684 228 2716 τοὺς
256 2684 318 2719 περὶ
347 2684 476 2712 Εὐσέϐιον
499 2683 536 2716 ὼς
558 2683 672 2719 ἐχθροὺς
701 2683 745 2710 διὰ
766 2683 816 2718 τὴν
842 2683 946 2719 αἰρεσιν

164 2728 259 2761 ὄντας·
287 2729 382 2756 ἔπειτα
405 2729 450 2756 τὸν
470 2729 613 2765 λεγόμενον
639 2730 789 2765 κατήγορον
809 2729 845 2766 μὴ
877 2727 946 2756 εἶναι

203 2819 258 2858 (ίῳ
270 2819 308 2858 lia
324 2819 391 2858 Reg.
404 2820 479 2858 ΕιΙί-ιί⁸
488 2827 566 2858 vero,
583 2821 707 2858 μελῆσαι,
723 2821 802 2849 male.

206 2855 261 2889 (17)
278 2855 356 2888 Heg..
369 2854 534 2889 διαφυλάξει.

989 1589 1060 1618 acto,
1077 1584 1211 1613 Meletiani
1239 1593 1255 1612 a
1274 1585 1408 1620 proposito
1422 1589 1485 1613 sunt
1509 1585 1596 1613 aversi
1615 1595 1622 1613 :
1640 1590 1668 1613 at
1689 1585 1773 1613 Euse-

988 1630 1060 1657 biani
1083 1637 1116 1657 ne
1137 1630 1174 1657 ita
1191 1630 1298 1664 quidem
1318 1637 1477 1663 cessavere;
1494 1630 1545 1658 illis
1565 1631 1701 1666 siquidem
1717 1638 1773 1658 non

988 1676 1132 1708 Meletiani,
1146 1676 1193 1704 sed
1205 1676 1298 1704 Ariani
1319 1684 1390 1704 cura:
1403 1681 1495 1711 erant,
1511 1677 1588 1705 veriti
1603 1677 1706 1705 scilicet
1719 1683 1753 1704 ne
1762 1697 1771 1708 ,

989 1722 1094 1749 illorum
1110 1721 1250 1749 deficiente
1259 1729 1352 1757 opera,
1367 1721 1525 1754 histriones,
1544 1722 1582 1749 rei
1597 1729 1677 1757 quam
1691 1721 1773 1749 indu—

990 1775 1051 1796 cere
1066 1767 1192 1795 volebant
1205 1767 1334 1800 artiﬁces,
1350 1775 1403 1795 non
1417 1771 1600 1802 suppeterent.
1616 1767 1705 1801 Quare
1718 1767 1774 1794 Me-

990 1813 1098 1841 letianis
1110 1813 1207 1840 iterum
1222 1813 1515 1846 concitatis,auctores
1528 1817 1591 1840 sunt
1606 1813 1772 1846 imperatori,

990 1865 1019 1888 ut
1030 1860 1159 1897 synodum
1172 1860 1260 1887 denuo
1273 1860 1337 1894 Tyri
1350 1860 1446 1895 iubeat
1463 1860 1631 1896 congregari.
1645 1859 1712 1886 Tum
1728 1868 1774 1888 co-

992 1914 1049 1934 mes
1067 1906 1209 1941 Dionysius
1230 1905 1362 1938 mittitur,
1380 1905 1538 1934 satellitium
1557 1905 1674 1932 militare
1691 1905 1774 1933 Euse-

991 1953 1077 1982 bianis
1095 1953 1190 1985 datur,
1204 1951 1337 1979 Macarius
1357 1951 1461 1980 vinctus
1477 1951 1527 1979 sub
1544 1951 1658 1978 militqu
1684 1956 1775 1979 custo-

991 1999 1034 2025 dia
1059 1997 1158 2033 Tyrum
1192 1998 1349 2030 adducitur,
1375 2005 1469 2032 meque
1495 1998 1640 2032 imperator
1676 1997 1774 2026 litteris

993 2044 1121 2079 compulit
1141 2044 1208 2076 suis,
1224 2048 1254 2070 ut
1268 2043 1309 2070 vel
1325 2043 1426 2070 invitus
1442 2043 1530 2070 istliuc
1550 2050 1592 2070 mc
1608 2043 1770 2070 conferrem.

993 2089 1046 2117 Sed
1061 2093 1142 2116 totam
1158 2088 1365 2123 conspirationis
1380 2088 1477 2116 seriem
1495 2095 1656 2121 cognoscam
1672 2087 1773 2115 licitum

994 2140 1080 2162 estex
1095 2134 1283 2168 episcoporum
1301 2132 1489 2168 Egyptiorum
1504 2132 1610 2160 litteris.
1626 2131 1710 2165 Hujus
1724 2139 1773 2158 au-

994 2184 1047 2206 tem
1070 2179 1206 2207 ordiendae
1232 2178 1374 2206 consilium
1396 2184 1524 2204 enarrare
1544 2184 1632 2212 opera:
1658 2177 1771 2211 pretium

995 2226 1092 2259 fuerit,
1110 2230 1139 2252 ut
1159 2225 1220 2252 hinc
1234 2231 1327 2252 eorum
1348 2223 1490 2250 adversum
1513 2230 1562 2250 nos
1581 2222 1774 2257 malignitatem

996 2270 1182 2305 vafritiemque
1222 2270 1438 2297 animadvertere
1469 2267 1583 2302 quisque
1615 2267 1712 2295 valeat.
1745 2267 1775 2294 ln

995 2316 1122 2351 Egypto,
1142 2316 1226 2351 Libya
1243 2320 1271 2344 et
1295 2315 1434 2351 Pentapoli
1462 2314 1580 2349 episcopi
1604 2318 1667 2341 sunt
1692 2321 1776 2349 prope

993 2368 1119 2395 centum;
1136 2370 1252 2397 quorum
1275 2361 1364 2389 nullus
1385 2369 1435 2388 nos
1452 2359 1600 2391 accusavit,
1617 2360 1706 2387 nullus
1727 2367 1776 2387 nos

993 2409 1134 2443 presbyter
1146 2407 1306 2435 criminatus
1318 2412 1370 2439 est,
1383 2407 1472 2435 nullus
1483 2415 1498 2435 e
1509 2406 1606 2441 populo
1614 2405 1754 2433 oblocntus
1766 2415 1774 2434 :

993 2454 1040 2481 sed
1054 2453 1196 2488 lMeletiani
1217 2452 1272 2487 jam
1292 2453 1356 2481 olint
1374 2461 1388 2480 a
1409 2453 1490 2481 Petro
1506 2452 1604 2487 ejecti,
1627 2452 1775 2486 Arianique

994 2499 1104 2526 insidias
1122 2499 1192 2526 inter
1208 2506 1237 2526 se
1257 2498 1507 2533 diviserant;_itaut
1526 2497 1562 2525 illi
1573 2497 1728 2530 accusandi,
1744 2498 1772 2525 lii

992 2544 1128 2578 judicandi
1143 2545 1193 2572 sibi
1209 2549 1300 2580 partes
1327 2545 1502 2572 vindicarent.
1522 2543 1618 2572 Verum
1632 2552 1681 2571 nos
1694 2544 1777 2572 Euscv

995 2591 1068 2618 bium
1080 2591 1221 2626 sociosque
1229 2591 1421 2621 recusavimus.
1435 2589 1514 2626 148
1520 2589 1591 2624 quod
1598 2593 1689 2617 essent
1701 2589 1777 2617 nobis

996 2637 1130 2665 haereseos
1145 2644 1226 2664 causa
1246 2637 1346 2664 inimici
1364 2644 1370 2663 :
1386 2636 1482 2663 dcliinc
1497 2643 1557 2663 eum
1573 2636 1618 2670 qui
1633 2640 1778 2662 accusator

995 2681 1142 2714 ferebatur,
1167 2688 1335 2716 nequaquam
1355 2680 1538 2715 presbyterum
1563 2689 1624 2709 esse
1649 2680 1775 2715 planissi-

996 2737 1068 2756 mum
1087 2728 1199 2756 fecimus
1216 2729 1265 2756 hoc
1279 2731 1447 2762 argumento.
1464 2727 1576 2760 Quando
1593 2727 1626 2754 ad
1649 2726 1778 2767 Ecclesia

1035 2820 1090 2883 (:8)
1103 2820 1140 2848 lla
1157 2820 1222 2856 R03.
1238 2819 1308 2848 Editi
1333 2824 1432 2853 autem,
1449 2817 1664 2852 ἑπιστέλλεσθαι,
1687 2818 1777 2847 minus

1035 2865 1043 2883 ι
1057 2865 1080 2883 c.

999 2863 1080 2884 recte.
