2031 3048
135 154 190 183 377

694 151 865 179 APOLOGIA
884 150 1024 178 CONTRA
1042 149 1203 177 ARIANOS.

1697 147 1749 174 578

134 221 190 245 νιος
213 213 241 239 ὲν
267 212 386 246 Μετῆλι,
408 212 588 247 Ἀγαοάμμων
613 211 641 238 ἐν
664 213 697 247 τῇ
725 211 918 247 Ἀλεξανδρέων

970 210 1069 242 Meteli,
1098 210 1292 244 Agatbammon
1319 207 1345 234 in
1374 204 1612 234 Alexandrinorum
1642 205 1752 231 territo-

135 257 223 293 χώρᾳ-

178 304 220 330 Ἐν
233 303 329 337 Μέμφι
353 302 479 338 Ἰωάννης
506 301 659 333 κελευσθεὶς
675 301 749 336 παρὰ
776 301 822 328 τοῦ
843 300 918 335 βασι-

134 349 202 380 λέως
212 347 280 375 εἶναι
295 348 365 383 μετὰ
381 347 427 374 τοῦ
444 348 668 383 ἀρχιεπισκόπου.
685 348 716 373 Οἱ
729 347 778 382 μὲν
794 349 823 373 ὲν
835 346 918 381 Αἰγύ-

136 403 195 430 πτῳ
207 403 289 422 ουτοι.

171 441 230 467 Τῶν
243 440 270 467 δὲ
287 440 315 466 ἐν
343 439 528 475 Ἀλεξανδρείᾳ
552 436 606 474 εἶχε
627 438 764 473 κληρικῶν
785 439 918 465 Ἀπολλώ-

135 496 190 519 νιος
202 486 545 522 πρεσϐύτερος,Εἰρηναῑος
562 484 753 520 πρεσϐύτερος,
775 485 918 520 Διόσκορος

135 532 329 568 πρεσϐύτερος,
357 531 394 557 Τύ
400 539 493 566 pawn;
508 530 641 566 πρεσὸύτε
646 539 700 565 ρος.

169 578 302 608 Διάκονοι,
320 576 450 611 Τιμόθεος
465 576 585 607 διάκονος
596 595 603 607 ,
632 575 762 606 Ἀντίνοος
778 575 834 610 (25)
859 575 916 602 διά-

135 633 221 655 κονος,
243 623 405 657 Ἡφαιστίων
417 622 547 653 διάκονος,
561 622 607 647 καὶ
620 621 758 656 Μακάριος
771 621 916 656 πρεσϐύτε-

135 679 182 706 ρος
196 672 245 705 τῆς
262 669 450 704 Παρεμϐολῆς.

169 715 212 742 72.
234 714 349 744 Τούτους
375 713 500 743 Μελίτιος
521 711 567 737 καὶ
594 711 729 746 παρόντας
762 711 916 746 παρέδωκεν

141 760 303 795 Ἀλεξάνδρῳ
317 759 355 794 τῷ
368 758 517 792 ὲπισκάπῳ.
534 757 586 783 Τοῦ
602 757 631 783 δὲ
647 756 790 790 λεγομένου
811 756 916 791 Ίσχύρα

133 805 188 832 οὔτ’
204 805 414 840 ἐμνημόνευσεν,
429 802 490 829 οὔτε
503 803 569 833 ὅλως
581 804 609 828 ὲν
626 801 664 836 τῷ
684 802 820 837 Μαρεώτῃ
835 803 916 836 ἐσχη-

134 851 210 879 κέναι
226 850 336 876 πώποτε
350 848 507 884 ὡμολόγησε
518 856 524 862 ·
543 847 588 873 καὶ
605 847 678 880 ὅμως
700 847 746 872 καὶ
777 846 801 871 οἱ
826 846 917 881 ἐχθροὶ

131 898 182 924 οὐκ
206 897 364 931 ἀφίσταντο,
388 894 435 921 καὶ
463 894 477 919 ὁ
493 893 529 928 μὴ
545 892 728 928 πρεσϐύτερος
743 892 779 923 ὡς
798 891 916 927 πρεσϐύ-
933 884 952 912 Β

133 952 210 980 τερος
235 942 396 969 ἐπλάττετο·
418 940 504 974 κόμης
524 938 578 974 γὰρ
596 936 629 973 ἦν
643 939 657 964 ὁ
679 938 733 972 (‘26)
745 936 915 971 ἀναγκάζων,

133 991 180 1017 καὶ
190 988 352 1024 στρατιῶται
365 984 454 1012 εἷλκον
469 986 550 1021 ἡμᾶς.
573 984 651 1011 ’Λλλὰ
673 984 719 1010 καὶ
732 983 817 1014 οὕτως
835 985 851 1018 ἡ
869 984 917 1018 χά-

133 1045 175 1072 ρις
189 1035 236 1062 τοῦ
253 1033 321 1060 Θεοῦ
332 1032 471 1067 νενίκηκεν
481 1040 487 1046 ·
502 1030 562 1057 οὔτε
573 1030 627 1065 γὰρ
646 1030 785 1064 Μακάριον
802 1029 915 1064 ήλεγξαν

132 1080 255 1117 περὶτοῦ
273 1079 415 1114 ποτηρίου-
431 1077 498 1104 ἀλλὰ
513 1077 559 1103 καὶ
581 1076 726 1111 ’Λρσένιος,
743 1076 772 1101 ὃν
789 1076 917 1111 ἐθρύλλη-

133 1135 183 1154 σαν
195 1125 345 1161 ἀνῃρῆσθαι
358 1125 420 1159 παρ’
429 1123 519 1158 ἡμῶν,
532 1123 652 1157 είστήκει
663 1121 715 1153 ζῶν
729 1122 774 1147 καὶ
788 1121 916 1148 δεικνύων

132 1171 180 1207 τὴν
208 1171 320 1197 ἐκείνων
354 1168 541 1202 συκοφαντίαν.
565 1167 610 1202 Μὴ
640 1167 804 1201 δυνηθέντων
829 1167 916 1194 τοίνυν

133 1217 243 1243 ἐκείνων
258 1213 365 1248 ἐλέγξαι
379 1214 423 1240 τὸν
437 1213 590 1249 Μακάριον,
604 1214 627 1238 οἱ
643 1212 706 1248 περὶ
717 1212 844 1238 Εὐσέϐιον
858 1214 917 1246 εχα-

131 1260 273 1290 λὲπαινον,
289 1259 326 1290 ὡς
342 1257 521 1288 ἀπολέσαντες
546 1257 612 1291 ὅπερ
631 1255 769 1290 ἐθήρευον,
787 1254 832 1281 καὶ
856 1255 916 1281 πεί-

132 1306 207 1333 θουσι
223 1305 268 1331 τον
282 1304 390 1340 κόμητα
409 1303 453 1328 τὸν
466 1303 514 1328 σὺν
537 1301 628 1331 αὐτοῖς
647 1299 798 1329 Διονύσιον,
818 1300 850 1326 ἵν’
877 1300 916 1331 είς

131 1351 177 1378 τὸν
203 1350 353 1385 Μαρεώτην
375 1346 531 1383 ἀποστείλῃ,
549 1346 585 1381 μὴ
599 1345 652 1381 ἄρα
665 1354 690 1371 τι
705 1344 853 1380 δυνηθῶσιν
870 1345 916 1371 εὐ-

134 1398 189 1434 ρεϊν
201 1397 258 1424 ἐκεῖ
274 1394 345 1422 κατά
357 1393 402 1421 τοῦ
415 1392 598 1429 πρεσϐυτέρου
607 1398 615 1407 ‘
630 1391 728 1426 μᾶλλον
740 1391 768 1417 δὲ
784 1390 916 1417 ἵναάπελ-

132 1443 223 1474 θόντες
242 1441 410 1469 καττύσωσιν
421 1459 428 1472 ,
443 1438 566 1465 ἀπόντων
590 1437 677 1473 ἡμῶν,
694 1437 732 1469 ὡς
758 1437 914 1472 βούλονται·

131 1488 210 1515 τοῦτο
230 1489 283 1524 γὰρ
297 1485 330 1523 ἦν
342 1487 372 1513 τὺ
383 1485 597 1520 σπουδαζόμενον
611 1485 713 1515 αὐτοῖς.
743 1483 850 1518 Ἀμέλει
871 1483 916 1508 λε-

131 1535 232 1570 γὸντων
244 1533 321 1569 ήμῶν
334 1532 462 1567 περιττὴν
477 1531 525 1566 μὲν
538 1528 607 1557 εἶναι
622 1529 670 1564 τὴν
680 1530 720 1561 είς
736 1529 781 1555 τὸν
801 1527 916 1564 Μαρεώ-

131 1589 181 1616 την
192 1578 344 1615 ἀποδημίαν
355 1586 361 1593 ·
374 1577 392 1603 ὃ.
403 1577 457 1612 γὰρ
474 1577 506 1603 ὲκ
523 1575 621 1602 πολλοῦ
649 1575 745 1610 χρόνου
768 1574 933 1609 μεμελετή-;

131 1635 206 1658 κασι,
223 1625 259 1661 μὴ
277 1623 535 1660 προφασιζέσθωσαν
564 1621 660 1652 ἐνδεῶς
676 1620 824 1655 εἰρηκέναι,
851 1619 917 1654 μηδὲ

132 1670 366 1707 ὑπερτιθέσθωσαν
378 1677 385 1684 ο
408 1668 425 1696 ἃ.
435 1667 489 1703 γὰρ
501 1667 623 1702 ἐνόμιζον
635 1665 706 1701 ἔχειν
720 1665 858 1700 εἰρήκασι,
871 1664 918 1690 καὶ

131 1718 221 1745 λοιπον
236 1715 399 1752 ἀποροῦντες
415 1713 641 1750 προφασίζονται-
658 1712 675 1746 ἢ
690 1712 714 1737 εί
729 1711 807 1746 χρεία
817 1710 916 1737 καὶτοῦ

131 1763 290 1799 Μαρεώτου,
313 1762 375 1793 τοὺς
405 1759 470 1794 γοῦν
495 1759 631 1789 ὑπόπτους
646 1757 682 1792 μὴ
702 1756 867 1791 πέμπεσθαι.
889 1756 917 1782 ’0

133 1809 182 1845 μὲν
198 1809 285 1844 κόμης
295 1806 351 1843 (27)
373 1806 437 1840 περὶ
451 1804 506 1831 τῶν
523 1803 650 1830 ὑπόπτων
663 1801 786 1828 ἐπείθετο
796 1819 803 1832 ,
820 1801 917 1826 ἐκεῖνοι

131 1855 161 1881 δὲ
189 1854 277 1881 πάντα
306 1851 404 1888 μᾶλλον
429 1850 446 1886 ἢ
471 1848 550 1876 τοῦτο
577 1847 771 1882 πεποιήκασιν·
797 1844 845 1876 οὓς
864 1844 917 1879 γὰρ

133 1898 327 1935 παρῃτούμεθα
344 1896 388 1924 διὰ
399 1896 448 1931 τὴν
468 1893 611 1930 Ἀρειανὴν
624 1892 739 1928 αἵρεσιν,
750 1887 823 1917 οὗτοι
839 1899 919 1916 σπου-

131 1946 214 1977 δαίως
231 1944 363 1979 ἀπῆλθον,
383 1941 512 1975 Διόγνιος,
530 1939 630 1974 Μάρις,
657 1937 802 1972 Θεόδωρος,
824 1936 918 1963 Μακε-

131 1989 398 2027 δόνιοςηοὺρσάκιος
413 1987 459 2014 καὶ
478 1985 594 2020 Οὐάλης.
615 1983 700 2010 Πάλιν
715 1991 744 2009 τε
769 1982 918 2018 γράμματα

133 2037 202 2073 πρὸς
219 2036 265 2062 τὸν
278 2035 397 2070 ἔπαρχον
423 2033 473 2068 τῆς
495 2030 645 2065 Αἰγύπτου,
668 2029 714 2056 καὶ
737 2027 916 2064 στρατιωτικὴ

132 2081 287 2117 δορυφορία,
304 2080 351 2107 καὶ
362 2079 392 2105 τό
406 2086 437 2112 γε
457 2075 612 2112 θαυμαστὸν
636 2075 683 2101 καὶ
710 2074 801 2109 πάσης
837 2074 918 2108 ὑπερ-

132 2129 211 2164 οψίας
231 2127 325 2162 γέμον,
339 2125 482 2161 Μακάριον
497 2123 545 2158 μὲν
560 2122 606 2148 τὸν
619 2119 854 2156 κατηγορούμενον
868 2127 917 2145 πε-

134 2174 264 2209 ποιήκασι
279 2172 322 2199 διὰ
336 2169 507 2206 στρατιωτῶν
524 2169 679 2202 ἀπομεϊναι,
695 2166 740 2192 τὸν
758 2165 786 2192 δὲ
799 2166 917 2200 κατήγο-

968 262 1018 282 1³10.

993 264 1018 282 ο.

984 264 989 282 1
1003 299 1118 334 Memphi
1134 298 1249 325 Joannes
1262 297 1352 332 jussus
1369 296 1402 322 ab
1426 296 1588 329 imperatore
1609 297 1637 319 ιιι
1662 292 1753 319 archi-

967 345 1094 380 episcopo
1109 345 1214 372 adesset
1229 351 1236 370 :
1252 348 1278 370 et
1292 343 1318 370 bi
1335 341 1442 376 quidem
1461 341 1487 367 in
1503 339 1629 374 Egypto.

1001 435 1096 463 Clerici
1112 439 1200 461 autem
1218 441 1285 467 quos
1307 431 1476 459 Alexandria:
1492 430 1587 458 habuit
1609 437 1616 456 ε
1642 428 1752 463 Apollo-

967 482 1027 508 nius
1052 480 1325 516 presbyter.lren:eus
1345 479 1501 513 presbyter,
1518 477 1665 504 Dioscorus
1690 481 1751 509 pre-

967 528 1069 561 sbyler,
1085 526 1227 562 Tyrannus
1244 526 1392 559 presbyter.

1003 572 1111 598 Diaroni
1125 581 1133 601 ;
1146 571 1302 597 Timotheus
1315 571 1454 602 diaconus,
1467 568 1598 595 Antinous
1610 568 1749 599 diaconus,

968 617 1137 649 llrpbmstion
1153 617 1292 649 diaconus,
1323 621 1349 643 et
1367 616 1500 643 Macarius
1513 616 1670 642 Castrorum
1688 620 1750 647 pre-

966 664 1065 697 sbytcr.

1001 710 1044 736 72.
1065 709 1120 736 lim
1137 709 1259 736 Mcletius
1274 717 1364 736 coram
1379 708 1508 735 adductos
1524 706 1676 734 Alexandro
1694 710 1749 731 tra-

967 757 1032 782 didit
1046 756 1170 789 episcopo
1192 765 1198 782 :
1218 755 1275 789 ejus
1293 760 1382 781 autem
1398 761 1476 788 quem
1499 757 1595 780 vocant
1611 753 1748 787 lschyram

967 809 1000 827 ne
1017 802 1180 828 mentionem
1200 802 1306 836 quidem
1322 800 1394 832 fecit,
1413 807 1461 826 nec
1478 798 1616 834 professus
1630 805 1748 832 unquam

967 853 1007 874 est
1017 856 1044 874 se
1058 849 1211 882 quempiam
1226 847 1251 873 in
1261 846 1379 873 Mareote
1393 846 1521 872 habuisse
1530 844 1668 871 clericum.
1679 841 1751 870 Nihil

968 898 1055 919 tamen
1075 893 1200 919 destitero
1216 891 1363 919 adversarii
1381 890 1478 923 nostri,
1494 890 1529 916 ita
1546 894 1575 916 ut
1589 888 1669 924 1&9
1688 895 1748 915 eum

967 940 1009 973 qui
1026 939 1165 974 presbyter
1178 946 1231 965 non
1250 943 1330 969 esset,
1350 938 1537 972 presbyterum
1560 935 1720 961 simularent
1740 942 1747 960 :

966 992 1058 1011 comes
1072 986 1142 1011 enim
1158 986 1252 1010 aderat
1273 983 1317 1018 qui
1335 991 1383 1010 nos
1396 986 1520 1017 cogeret,
1536 981 1688 1014 militesque
1704 979 1749 1014 qui

966 1039 1014 1057 nos
1032 1035 1151 1063 raptatos
1171 1029 1368 1063 pertraherent.
1389 1027 1461 1055 Vicit
1475 1033 1564 1054 tamen
1583 1027 1628 1053 Dei
1650 1026 1748 1060 gratia,

967 1077 1111 1104 Macarium
1125 1077 1255 1111 siquidem
1272 1076 1402 1103 COllrl‘ﬂCli
1418 1074 1509 1101 calicts
1524 1073 1684 1100 convincere
1695 1079 1748 1099 non

967 1127 1119 1158 potuerunt.
1133 1123 1201 1156 Quin
1218 1122 1274 1156 ipse
1289 1121 1429 1153 Arsenius,
1443 1127 1521 1155 quem
1542 1127 1556 1145 a
1574 1118 1651 1144 nobis
1666 1117 1751 1144 inter-

965 1172 1083 1201 emptum
1117 1165 1320 1201 pervulgarant.
1348 1163 1489 1190 incolumis
1515 1168 1660 1194 coramque
1685 1167 1750 1187 con-

967 1213 1064 1240 sistens
1091 1220 1183 1239 eorum
1200 1211 1285 1246 palam
1301 1210 1414 1237 faciebat
1427 1208 1598 1236 calumniam.
1614 1206 1680 1234 Cum
1695 1206 1748 1232 ita-

966 1267 1018 1294 que
1039 1259 1185 1286 Macarium
1203 1257 1363 1285 convincere
1380 1263 1432 1282 non
1448 1254 1570 1281 valerent
1584 1252 1728 1280 Eusebiani
1739 1270 1748 1282 .

968 1314 1026 1333 rem
1043 1313 1114 1340 a>gre
1132 1305 1262 1335 ferentes.
1280 1307 1371 1337 utpote
1384 1301 1471 1337 praeda
1495 1307 1542 1327 sua
1563 1306 1645 1334 quam
1667 1304 1749 1324 vena-

966 1352 1064 1379 bantur
1090 1351 1201 1382 amissa,
1219 1354 1344 1376 auctores
1368 1351 1430 1374 sunt
1453 1346 1579 1381 Dionysio
1605 1344 1694 1371 comiti
1715 1351 1747 1370 ex

966 1404 1059 1424 eorum
1081 1397 1201 1431 partibus
1221 1395 1318 1428 stanti,
1339 1398 1368 1421 ut
1390 1394 1521 1428 quosdam
1548 1393 1574 1418 in
1600 1390 1748 1417 Mareotem

967 1444 1099 1473 mitteret.
1118 1447 1286 1469 scrutatores
1306 1448 1368 1467 num
1385 1439 1520 1474 quidpiam
1542 1437 1663 1464 criminis
1683 1443 1747 1470 pos-

967 1493 1026 1515 sent
1041 1488 1095 1514 illic
1109 1489 1239 1514 adversus
1252 1485 1437 1520 presbyterum
1453 1483 1664 1518 deprehendere.
1680 1482 1748 1513 lmo,

968 1535 989 1561 si
1011 1542 1072 1561 vere
1091 1534 1212 1564 dicatur,
1234 1537 1261 1558 ut
1276 1530 1401 1566 profecti,
1416 1530 1494 1557 nobis
1512 1529 1684 1559 absentibus.
1701 1535 1749 1562 pro

968 1580 1077 1608 libidine
1098 1580 1125 1606 in
1144 1587 1192 1606 nos
1209 1578 1392 1612 cunspirarent
1408 1585 1415 1603 :
1436 1577 1485 1603 hoc
1502 1576 1572 1602 enim
1591 1575 1644 1602 illis
1661 1574 1748 1602 studio

967 1631 1036 1654 erat.
1061 1628 1095 1652 At
1111 1632 1159 1652 nos
1181 1631 1195 1650 ε
1217 1630 1348 1651 converso
1371 1621 1567 1648 aﬂirmabamns
1586 1626 1748 1654 supervaca-

968 1680 1046 1699 neum
1062 1679 1122 1699 esse
1137 1671 1163 1697 in
1183 1670 1328 1697 Mareotem
1351 1668 1483 1703 prolicisci
1502 1675 1510 1693 :
1529 1675 1577 1694 nec
1596 1667 1647 1693 sibi
1664 1666 1748 1693 simu-

968 1718 1076 1745 landum
1099 1723 1167 1747 esse,
1191 1715 1267 1750 quasi
1291 1721 1351 1749 qua?
1371 1713 1475 1748 jamdiu
1501 1711 1620 1739 meditati
1642 1710 1748 1738 fuerant

968 1763 1084 1790 nondum
1105 1761 1171 1788 satis
1190 1759 1390 1791 declarassem,
1405 1764 1490 1793 neque
1508 1756 1748 1792 comperendinati-

968 1810 1050 1841 dum;
1073 1808 1170 1842 quippe
1183 1807 1229 1841 qui
1246 1813 1306 1833 cum
1329 1805 1418 1832 omnia
1434 1803 1460 1830 in
1481 1803 1598 1830 medium
1617 1801 1746 1836 protulis-

968 1860 1027 1882 sent
1043 1861 1103 1888 quae
1121 1852 1171 1880 sibi
1194 1851 1307 1879 dicenda
1328 1853 1518 1885 suppeterent,
1539 1849 1594 1883 jam
1615 1848 1749 1875 haarentes

969 1901 1230 1935 tergiversarentur;
1245 1896 1316 1932 quod
1337 1896 1359 1924 si
1375 1896 1484 1922 omnino
1500 1894 1634 1928 legatione
1650 1894 1676 1920 in
1692 1892 1749 1920 Ma-

968 1953 1069 1974 reotem
1087 1953 1155 1981 opus
1172 1950 1255 1977 esset,
1270 1950 1304 1970 ne
1320 1943 1414 1970 saltem
1433 1941 1548 1975 suspecti
1566 1940 1616 1967 viri
1636 1947 1669 1966 eo
1687 1941 1750 1966 mit-

968 1997 1095 2019 terentur.
1115 1991 1147 2018 Et
1166 1998 1230 2018 sane
1245 1997 1334 2018 comes
1350 1994 1478 2022 quantum
1497 1989 1529 2015 ad
1552 1992 1692 2022 suspectos
1709 1991 1750 2013 at—

968 2037 1035 2064 tinet
1052 2036 1129 2064 nobis
1150 2036 1286 2063 annuebat
1302 2044 1308 2062 :
1330 2034 1367 2061 illi
1387 2040 1451 2060 vero
1467 2041 1482 2060 e
1502 2032 1639 2060 contrario
1657 2032 1748 2059 Omnia

967 2087 1062 2114 egere;
1079 2087 1139 2106 nam
1156 2087 1224 2113 quos
1239 2078 1345 2106 Arianae
1361 2078 1494 2105 haereseos
1507 2084 1589 2104 causa
1606 2077 1749 2104 recusaba-

968 2133 1040 2156 mus,
1057 2125 1093 2152 illi
1108 2125 1158 2159 ipsi
1174 2131 1254 2159 quam
1269 2124 1385 2159 primum
1399 2128 1462 2150 sunt
1477 2122 1601 2157 profecti,
1622 2122 1749 2157 Diognius

968 2170 1080 2202 scilicet,
1092 2168 1185 2201 Maris,
1201 2167 1369 2199 Theodorus,
1384 2167 1565 2197 Macedonius.
1579 2165 1707 2193 Ursacius
1722 2170 1749 2192 et

135 2227 181 2255 ρον
208 2218 265 2254 μεθ’
285 2217 388 2244 ἑαυτῶν
405 2216 557 2250 ἀπήγαγον.
573 2213 621 2244 Τίς
637 2210 682 2239 οὖν
698 2211 790 2238 λοιπον
805 2211 836 2236 ἐκ
857 2209 918 2236 τού-

968 2214 1076 2242 Valens.
1096 2213 1164 2241 Hinc
1187 2213 1281 2239 littera:
1297 2212 1329 2238 ad
1353 2211 1506 2245 praefectum
1524 2209 1635 2246 Egypti
1658 2219 1664 2236 :
1686 2211 1749 2236 hinc

133 2273 187 2291 των
199 2265 229 2290 οὐ
245 2263 340 2298 θεωρεῖ
356 2262 404 2297 τὴν
417 2260 568 2296 συσκευήν;
583 2259 630 2290 Τίς
652 2258 682 2284 οὐ
701 2258 798 2293 συνορᾷ
814 2256 916 2288 λευκῶς

134 2310 188 2337 τῶν
207 2310 271 2345 περὶ
289 2307 420 2335 Εὐσέὸιον
433 2307 482 2341 τὴν
497 2304 647 2340 πονηρίαν;
670 2304 701 2330 Et
723 2303 776 2338 γὰρ
802 2302 920 2338 κρίσεως

134 2354 168 2392 ἦν
181 2357 209 2382 ὲν
219 2354 258 2390 τῷ
270 2353 406 2390 Μαρεώτῃ
426 2352 514 2388 χρεία,
531 2351 584 2377 ἔδει
611 2350 657 2377 καὶ
682 2349 728 2376 τὸν
758 2347 921 2383 κατηγορού-

138 2410 216 2438 μενον
230 2399 441 2428 ἀποστέλλεσθαι
451 2407 458 2414 ’
471 2398 495 2424 εί
511 2397 539 2423 δὲ
553 2396 589 2433 μὴ
604 2395 719 2431 κρίσεως
728 2394 820 2420 ἕνεκεν
833 2393 922 2428 ἀπήρ-

137 2456 223 2484 χοντο,
238 2446 281 2473 διὰ
299 2445 326 2472 τί
337 2445 383 2472 τὸν
398 2444 548 2479 κατήγορον
567 2442 714 2476 ὲπήγοντος
733 2439 788 2466 Καὶ
803 2438 857 2474 γὰρ
873 2439 921 2474 ἥρ-

136 2503 190 2525 κει,
202 2494 242 2520 ὃτι
255 2492 291 2528 μὴ
304 2490 453 2523 ἀπέδειξεν.
473 2489 552 2516 ’Δλλὰ
565 2487 644 2514 τοῦτο
667 2486 857 2521 πεποιήκασιν,
875 2486 920 2516 ἵν’,

137 2538 230 2574 ἐπειδὴ
247 2537 367 2573 παρόντα
385 2536 431 2562 τὸν
443 2533 627 2570 πρεσϐύτερον
642 2533 691 2558 οὐκ
718 2531 842 2567 ἢλεγξαν,
860 2530 922 2556 τοῦ·

136 2593 181 2613 τον
204 2584 308 2611 ἀπόντα
333 2581 552 2609 συσκευάσωνται
566 2600 573 2611 ,
605 2579 651 2606 καὶ
680 2578 846 2614 τυρεύσωσιν
864 2577 920 2612 (28)

184 2694 231 2729 25)
245 2694 324 2728 Rem,
341 2693 485 2729 Ἀντίνους.

185 2722 325 2764 εθῇιςάμιξ
340 2729 395 2764 γὰρ
410 2726 444 2763 ἦν
458 2722 482 2758 6,
499 2726 565 2764 Reg.
575 2725 602 2764 In
616 2722 736 2764 ειιειεςῆν
750 2724 851 2764 deerat.
863 2724 919 2764 tte-

140 2760 200 2799 gius
214 2760 301 2791 tamen
317 2760 400 2790 codex
410 2760 551 2799 aliquando
562 2761 649 2799 κομης
663 2761 743 2787 habet
759 2760 788 2799 in.
798 2760 920 2799 nomina-

140 2793 211 2831 iivo;
227 2800 252 2826 in
271 2799 376 2826 casibus
390 2793 479 2825 autem
492 2793 607 2831 obliquis
618 2793 740 2830 κόμιτος,
758 2793 861 2829 κόμιτι,
873 2794 920 2820 κό-

142 2841 337 2871 μιταγξιθιηνετ.
364 2867 370 2871 _
407 2838 410 2840 '

179 2869 233 2905 (-27)
249 2862 326 2904 Rég.,
339 2867 428 2904 κόμις.
442 2866 506 2900 Qua:
516 2873 581 2894 vero
589 2865 622 2894 de
630 2864 773 2892 Mareotica
789 2862 920 2899 legatione

971 2259 1087 2286 militare
1099 2258 1252 2285 satellitium
1270 2258 1378 2284 IniSsutn
1396 2264 1402 2282 :
1421 2257 1544 2291 quodque
1560 2255 1748 2282 admirandum

968 2309 1009 2331 est
1027 2312 1058 2331 ac
1080 2303 1348 2338 suspiciosissimum,
1371 2302 1491 2329 Macario
1509 2301 1553 2336 qui
1572 2300 1749 2328 accusabatur

969 2352 1018 2378 sub
1033 2351 1146 2378 militum
1157 2350 1278 2377 custodia
1299 2349 1440 2381 derelicto,
1456 2352 1642 2375 accusatorem
1656 2355 1749 2374 secum

969 2398 1116 2425 abduxere.
1132 2396 1197 2429 Quis
1209 2396 1263 2430 jam
1284 2395 1343 2422 inde
1356 2393 1580 2428 conspirationem
1598 2400 1649 2419 non
1664 2393 1750 2420 anim-

971 2441 1101 2469 advertit?
1133 2441 1199 2474 Quis
1224 2440 1352 2467 malitiam
1391 2447 1442 2466 non
1482 2439 1583 2473 liquido
1621 2438 1751 2472 conspicit

969 2486 1198 2515 Eusebianorum?
1223 2486 1251 2513 Si
1277 2487 1348 2512 enim
1372 2484 1474 2520 judicio
1493 2486 1520 2510 θη
1544 2483 1662 2511 Mareole
1684 2490 1751 2518 opus

969 2539 1039 2564 erat,
1060 2539 1215 2560 accusatum
1235 2539 1342 2567 quoque
1356 2540 1388 2559 eo
1404 2532 1515 2558 missum
1531 2530 1660 2565 oportuit.
1675 2529 1751 2563 Quod

971 2582 992 2609 si
1006 2588 1058 2608 non
1068 2579 1161 2615 judicii
1176 2587 1258 2607 causa
1274 2579 1325 2606 iter
1342 2579 1527 2609 instituerunt,
1546 2584 1593 2603 cur
1608 2581 1751 2603 accusato-

968 2688 1013 2715 hic
1023 2687 1164 2716 habentur.
1179 2685 1279 2721 plurics
1292 2692 1372 2718 supra
1383 2689 1532 2712 memorata
1550 2686 1623 2715 sunt,
1634 2686 1661 2709 et
1676 2688 1752 2716 repe-

969 2728 1062 2750 tuntur
1077 2724 1101 2748 in
1117 2721 1203 2755 Epist.
1222 2722 1256 2747 ad
1273 2722 1343 2747 solii.

1004 2757 1059 2792 (28)
1069 2757 1114 2784 Sic
1125 2751 1226 2792 lieg._et
1236 2755 1330 2792 Colon.
1339 2753 1409 2792 Editi
1423 2752 1477 2792 alii,
1488 2751 1670 2792 πυρεύσωσιν,
1680 2758 1752 2792 men-

969 2786 1180 2820 doSc.'N:uinius
1192 2790 1287 2825 legisse
1303 2790 1409 2817 videtur
1424 2786 1658 2823 Θηρεύσὼσιν,‹ιιιὶ
1672 2786 1752 2814 venit

969 2833 1141 2863 aucupentur.
