2031 3048
296 109 351 140 379

579 110 608 138 S.
627 109 809 138 ATIIANASII
828 110 905 140 (ΠΨ,
925 110 1015 140 PARS
1032 111 1053 140 1.
1073 129 1076 132 ‹

1125 111 1310 141 ΠΙΞΤΟΒΙΟΑ
1330 110 1374 139 ΕΤ
1394 110 1603 140 DOGMA'I‘ICA.

1862 112 1911 139 380

298 177 358 199 rem
375 168 530 196 adduxere!
539 172 582 194 sat
592 168 692 202 quippe
708 172 768 195 erat
784 168 854 202 quod
874 168 919 196 ille
935 176 990 196 rem
1006 176 1076 197 com-

1132 170 1202 205 άπερ
1217 170 1307 201 αὐτοῖς
1319 170 1414 196 ἐδόκει.
1429 171 1483 196 Καὶ
1497 170 1551 204 γὰρ
1564 170 1627 200 τοὺς
1639 169 1839 204 πρεσϐυτέρους
1865 169 1911 204 τῆς

299 216 415 250 probare
429 222 482 241 non
497 213 636 249 potuisset.
663 213 760 240 Verum
777 213 804 240 id
824 221 856 241 eo
876 219 966 242 actum
983 219 1034 247 est,
1051 219 1081 242 ut

300 260 516 296 quandoquidem
535 259 722 294 presbyterum
738 267 828 286 coram
844 261 1006 288 convincere
1027 268 1078 287 non

299 307 434 337 valebant.
450 307 476 333 in
496 306 569 333 illum
587 307 725 334 absentem
742 307 946 341 conspirarent,
968 313 995 334 et
1009 308 1079 342 quod

300 353 351 381 sibi
367 352 454 380 visum
477 352 546 379 foret
569 353 698 380 adversus
721 360 781 380 eum
798 358 943 381 struereut.
962 353 1078 385 Etenim,

299 398 490 425 Alexandrinis
510 398 646 432 totiusque
671 399 798 425 territorii
819 399 985 433 presbyteris
1009 399 1080 432 ipsos

298 444 475 478 arguentibus
486 463 494 475 .
509 444 579 478 quod
596 444 646 471 soli
664 445 852 476 accessissent,
869 445 1079 479 postulantibus-

297 498 351 525 que
366 495 395 517 ut
411 490 462 517 sibi
479 490 573 517 saltem
590 497 684 517 eorum
701 491 769 517 actis
785 491 914 518 interesse
932 491 1023 517 liceret
1038 490 1080 523 (se

298 536 397 570 quippe
420 540 448 562 et
472 537 554 563 totius
577 536 675 571 negotii
697 540 726 563 et
745 543 837 562 eorum
860 544 919 570 quas
943 536 1077 571 lscbyram

298 585 464 616 spectarent,
480 582 603 609 conscios
622 582 803 616 asserebant)
819 583 870 608 hoc
887 582 952 615 ipsis
969 582 1079 608 minime

297 635 456 655 concessum
483 631 536 654 est.
567 627 619 654 Sed
649 627 777 661 praefecto
803 627 911 661 {Egypti
941 627 1078 661 Philagrio

1135 216 1333 252 Ἀλεξανδρείας
1346 217 1392 243 καὶ
1410 216 1458 251 τῆς
1485 215 1573 251 χώρας
1597 215 1688 250 πάσης
1709 215 1909 250 μεμψαμένους,

1127 263 1168 289 ὅτι
1191 263 1267 297 μόνοι
1289 262 1480 297 παρεγένοντο,
1496 263 1543 288 καὶ
1568 261 1710 294 ἀξιοῦντας
1737 260 1788 287 κᾶν
1815 261 1911 292 αὐτοὺς

1128 310 1253 344 παρεῖναι
1274 306 1314 341 οἷς
1334 309 1467 345 ἔπραττον
1486 309 1594 340 (εἰδέναι
1618 308 1672 342 γὰρ
1693 307 1784 341 ἔλεγον
1812 307 1859 333 καὶ
1882 307 1911 333 τὸ

1128 356 1242 390 πρᾶγμα
1260 355 1307 382 καὶ
1326 354 1359 381 τὰ
1382 356 1452 381 κατὰ
1463 354 1507 381 τὸν
1526 354 1670 388 λεγόμενον
1692 352 1843 388 Ίσχύραν),
1864 353 1910 378 οὐκ

1128 401 1295 436 ἐπέτρεψαν,
1323 401 1390 427 ἀλλὰ
1416 401 1461 426 τὸν
1485 400 1534 434 μὲν
1558 399 1675 434 ἔπαρχον
1700 398 1748 433 τῆς
1775 398 1907 431 Αἰγύπτου

1127 447 1270 482 Φιλάγριον
1289 446 1460 482 παραϐάτην.
1476 446 1522 472 καὶ
1548 444 1713 479 στρατιώτας
1730 444 1851 474 ἐθνικοὺς
1873 440 1908 469 εἴ-

1127 501 1174 527 χον
1192 493 1251 528 μεθ’
1266 492 1368 518 ἑαυτῶν
1384 491 1558 525 ἐξετάζοντας
1575 491 1593 517 ἃ
1611 490 1677 525 μηδὲ
1695 489 1907 524 κατηχουμένους

1127 538 1230 573 ἔπρεπε
1245 537 1370 572 θεωρεῖν·
1386 538 1450 568 τοὺς
1464 537 1492 563 δὲ
1508 536 1654 572 κληρικοὺς
1666 535 1696 562 οὗ
1711 534 1906 570 συνεχώρησαν,

1127 584 1170 610 ἵνα
1184 584 1220 619 μὴ
1235 585 1324 614 κάκεῖ,
1339 582 1433 618 ὥσπερ
1447 584 1475 609 ὲν
1488 584 1522 618 τῇ
1536 583 1625 618 Τύρῳ,
1643 582 1706 613 τοὺς
1728 581 1908 616 διελέγχοντας

1127 629 1224 660 αὐτοὺς
1239 628 1347 663 ἔχωσιν.

265 698 267 701 .
299 680 440 711 apostata,
466 675 634 708 ethnicisque
654 675 787 702 militibus
816 675 963 706 admissis,
992 675 1024 701 ad
1048 683 1079 702 ea
1099 675 1286 710 disquirenda,
1301 683 1361 710 quae
1394 683 1426 702 nc
1461 675 1669 703 catechumenos
1683 674 1789 709 quidem
1806 673 1910 708 conspi-

298 728 362 750 cere
381 722 488 754 decuit;
508 721 622 749 clericos
638 726 727 748 tamen
743 721 804 748 huic
838 722 969 748 interesse
985 721 1022 748 rei
1055 729 1106 748 non
1127 723 1327 756 permiserunt:
1344 727 1373 749 ut
1399 730 1447 755 ne,
1470 723 1693 756 quemadmodum
1714 721 1776 756 Tyri
1794 721 1909 755 contige-

297 775 354 802 rat,
368 770 423 798 illic
444 769 565 799 homines
583 770 732 804 reperirent
747 769 792 803 qui
808 777 837 796 se
853 769 913 796 falsi
932 770 1134 796 convincerent.

336 817 381 844 75.
402 816 456 844 Sed
473 823 506 843 ne
518 816 554 843 ita
569 816 674 850 quidem
691 815 774 843 latere
791 821 933 850 potuerunt
949 825 956 842 :
970 817 1076 852 presby-

1166 818 1209 845 75.
1229 818 1298 844 Ἀλλ’
1315 818 1374 844 οὐδὲ
1402 817 1489 848 οὕτως
1516 816 1606 843 λαθεῖν
1628 815 1809 851 ἠδυνήθησαν·
1837 823 1908 841 συνο-

298 863 350 890 teri
364 863 435 890 enim
454 862 530 889 urbis
552 866 580 888 et
598 861 736 893 Mareotze,
762 862 947 890 animadversa
973 863 1079 890 illorum

296 908 473 943 malignitate,
494 907 527 934 ad
549 907 620 934 hunc
641 908 749 934 modum
775 907 957 942 scripserunt,
975 914 1002 935 et
1023 909 1080 936 haec

298 953 443 981 contestati
458 957 537 980 sunt:

369 996 576 1029 THEOGNIO,
591 996 682 1024 MAR!
702 996 748 1023 ET
764 997 995 1030 MACEDONIO,

298 1041 444 1076 Theodoro,
471 1042 581 1070 Uraacio
611 1048 634 1070 et
663 1042 766 1069 Valenti
789 1045 914 1077 episcopis
942 1046 986 1079 qui
1010 1043 1078 1079 Tyro

332 1086 438 1111 venere,
457 1078 600 1113 presbyteri
621 1084 644 1104 et
668 1079 772 1104 diaconi
797 1079 931 1105 calholiuc
949 1077 1078 1106 Ecclesia:

330 1113 518 1154 Aleeandrinc
539 1113 586 1140 sub
610 1113 822 1140 reverendiuimo
853 1115 972 1148 ευὶκυρο
996 1114 1077 1140 Atha-

331 1155 419 1175 nano.

331 1235 497 1264 Accedentes
520 1235 572 1263 huc
593 1243 653 1269 vos,
676 1240 918 1271 accusatoremque
940 1237 1077 1265 vobiscum

293 1281 472 1313 adducentes,
495 1286 707 1309 consentaneum
729 1286 801 1309 esset
820 1287 847 1308 et
864 1282 1007 1310 Mat-arium
1029 1284 1078 1311 ad-

295 1327 406 1354 duxisse
423 1328 610 1362 presbyterum
624 1335 630 1354 :
647 1326 750 1361 judicia
762 1328 861 1362 quippe
873 1335 905 1355 ex
929 1329 1077 1364 Scripturis

294 1372 381 1400 sacris
401 1372 442 1400 sic
459 1373 657 1405 constituenda,
680 1376 709 1399 ut
729 1378 873 1401 accusator
887 1380 982 1401 coram
997 1382 1077 1402 accu-

294 1422 354 1446 salo
375 1418 498 1446 sistatur.
514 1419 549 1446 At
563 1426 628 1447 vero
643 1426 705 1446 cum
720 1427 770 1447 nec
785 1419 933 1447 Macarium
954 1420 1076 1448 adduxe-

295 1464 365 1497 ritis,
380 1470 431 1491 nec
444 1463 583 1491 vobiscum
599 1464 650 1491 huc
663 1465 827 1492 concesserit
849 1464 929 1500 15o
948 1472 1076 1493 reveren-

295 1509 421 1537 dissimus
435 1509 577 1544 episcopus
590 1514 682 1537 noster
694 1510 866 1543 Athanasius,
881 1511 1033 1544 rogavimus
1047 1516 1076 1538 ut

294 1556 373 1584 nobis
388 1555 483 1583 saltem
496 1555 597 1590 judicio
612 1555 746 1582 interesse
760 1560 850 1583 vestro
863 1555 966 1582 licitum
981 1560 1054 1583 esset
1067 1565 1074 1583 :

294 1609 347 1636 quo
365 1601 545 1637 praesentibus
569 1601 646 1629 nobis
671 1605 728 1628 tuta
745 1600 815 1629 foret
835 1601 1003 1635 perquisitio,
1024 1609 1074 1629 no-

293 1646 389 1681 bisque
413 1645 453 1674 rei
476 1646 577 1674 veritas
602 1646 793 1673 innotesceret.
815 1645 916 1673 Verum
941 1647 1020 1681 quia,
1045 1654 1075 1675 re

294 1692 372 1720 nobis
387 1692 527 1726 denegata,
546 1692 598 1720 soli
620 1699 681 1719 cum
701 1691 828 1726 prmfecto
840 1691 948 1727 Egypti
963 1697 991 1719 et
1013 1699 1074 1720 eum

294 1743 451 1766 accusatore
474 1737 606 1765 arbitratu
631 1742 722 1765 vestro
749 1744 807 1764 rem
831 1737 968 1772 gessistis;
992 1738 1074 1774 proli-

294 1788 383 1810 temur
397 1790 446 1811 nos
466 1787 569 1810 certam
585 1783 638 1811 hoe
659 1782 686 1810 in
702 1783 809 1818 negotio
828 1783 898 1810 male
920 1783 1074 1818 suspicandi

293 1835 404 1857 causam
427 1835 550 1860 cernere,
571 1828 841 1862 animadvertereque
863 1828 1013 1863 ingressum
1029 1836 1075 1856 ve-

294 1880 380 1903 stt-um
406 1875 632 1909 conspirationem
656 1879 684 1903 et
713 1875 826 1902 insidias
849 1875 980 1903 duntaxat
1002 1883 1073 1904 esse.

294 1921 463 1956 Quapropter
478 1921 547 1948 hanc
563 1920 639 1948 vobis
655 1921 787 1949 tradimus
804 1923 957 1957 epistolam.
972 1922 997 1950 in
1011 1929 1074 1950 vera

294 1965 399 2002 synodo
432 1966 588 1994 testimonio
617 1965 760 2000 futuram,
784 1971 815 1994 ut
840 1972 1007 2003 compertum
1038 1967 1075 1995 sit

293 2011 420 2040 omnibus
439 2019 486 2039 vos
501 2011 586 2040 altera
606 2011 716 2040 absente
734 2017 810 2047 parte
824 2020 874 2047 pro
894 2014 1004 2041 libidine
1016 2020 1073 2040 rem

293 2057 422 2093 gessisse,
437 2064 574 2091 unumque
602 2057 680 2084 vobis
698 2057 844 2085 conﬂandre
859 2058 885 2085 in
902 2066 950 2086 nos
966 2058 1074 2093 conspi-

293 2102 408 2131 rationis
429 2102 513 2130 fuisse
535 2102 713 2138 propositum.
733 2102 833 2130 Horum
861 2108 951 2131 autem
978 2111 1072 2132 exem-

1132 863 1230 899 ρῶντες
1245 863 1299 900 γὰρ
1315 865 1340 890 οἱ
1356 863 1536 899 πρεσὸύτεροι
1553 863 1601 897 τῆς
1615 863 1718 894 πόλεως
1730 863 1776 888 καὶ
1791 861 1838 888 τοῦ
1852 862 1909 887 Μα-

1129 909 1230 945 ρεώτου
1245 910 1293 943 τὰς
1308 909 1473 945 κακουργίας
1484 908 1582 940 αὐτῶν,
1602 908 1723 944 ἔγραψαν
1737 909 1783 934 καὶ
1802 907 1908 942 διεμαρ-

1129 956 1243 992 τύραντο
1255 955 1349 982 ταῦτα·

1209 1003 1380 1037 ΘΕΟΓΝΙῼ,
1408 1003 1502 1029 ΜΑΡΙ
1523 1002 1588 1028 ΚΑΙ
1610 1001 1838 1035 ΜΑΚΕΔΟΝΙῼ,

1129 1048 1274 1082 Θεοδώρῳ,
1287 1049 1334 1074 καὶ
1353 1048 1516 1081 Οὺρσακιῳ,
1535 1047 1584 1073 καὶ.
1600 1047 1742 1074 Οὐάλεντι
1751 1068 1760 1080 ,
1774 1046 1835 1082 ιζσῖς
1849 1046 1908 1073 ἀπὸ

1166 1081 1257 1117 Τύρου
1277 1083 1419 1110 ἐλθοῦσιν
1443 1083 1635 1115 ἐπισκόποις,
1665 1081 1818 1117 παρὰῗτῶν
1839 1088 1908 1115 πρε-

1162 1117 1313 1152 σϐυτέρων
1325 1119 1373 1144 καὶ
1389 1118 1534 1144 διακόνων
1547 1117 1601 1151 τῆς
1617 1116 1776 1152 καθολικῶς
1787 1117 1907 1152 Ἐκκλη-

1162 1155 1231 1186 σίας
1251 1151 1484 1187 Ἀλεξανδρείας,
1515 1152 1575 1179 ὑπὸ
1600 1152 1653 1179 τὸν
1678 1151 1909 1186 αιὸεσιμὼτατον

1162 1188 1329 1215 ἐπίσκοπον
1348 1187 1532 1214 ¹Αθανάσιον.

1164 1235 1302 1269 Ἔπρεπεν
1325 1234 1396 1269 ὑμᾶς
1413 1255 1420 1266 ,
1447 1233 1610 1268 ἐρχομένους
1636 1233 1683 1260 καὶ
1708 1233 1823 1267 ἄγοντας
1848 1228 1907 1267 pse"

1127 1280 1233 1307 ἑαυτῶν
1247 1280 1293 1307 τὸν
1309 1280 1472 1315 κατήγορον,
1485 1280 1598 1313 ἀγαγεῖν
1623 1279 1671 1306 καὶ
1699 1278 1838 1315 Μακάρων
1862 1278 1908 1305 τὸν

1127 1326 1309 1362 πρεσὸύτερον
1318 1335 1325 1341 ·
1336 1327 1363 1352 αἱ
1379 1326 1433 1361 γὰρ
1456 1326 1561 1361 κρίσεις
1574 1325 1645 1351 οὕτω
1657 1324 1826 1352 συνίστανται
1837 1321 1908 1351 κατὰ

1126 1372 1176 1404 τὰς
1183 1372 1263 1406 ἁγίας
1270 1372 1391 1408 Γραφὰς,
1402 1372 1472 1398 ὥστε
1485 1372 1530 1398 τὸν
1541 1368 1690 1407 κατήγορον
1702 1371 1770 1406 μετὰ
1781 1369 1829 1397 τοῦ
1842 1378 1908 1397 κατ-

1126 1417 1311 1453 ηγορουμένου
1335 1418 1456 1444 ἐστάναι.
1488 1416 1595 1452 Ἐπειδὴ
1618 1417 1647 1443 δέ
1684 1416 1745 1443 οὗτε
1765 1416 1908 1451 Μακάριον

1088 1487 1111 1518 c
1126 1463 1260 1498 ἠγάγετε,
1283 1462 1345 1489 οὗτε
1373 1464 1388 1489 ὁ
1410 1462 1620 1498 αἰδεσιμὼτατος
1651 1462 1730 1497 ήμῶν
1760 1462 1910 1492 ἐπίσκοπος

1133 1508 1289 1539 Ἀθανάσιος
1313 1507 1373 1543 μεθ’
1402 1508 1479 1544 ὑμῶν
1505 1507 1647 1543 εἰσῆλθεν,
1670 1506 1826 1542 ἠξιώσαμεν
1854 1506 1908 1533 κᾶν

1125 1554 1201 1580 αὐτοὶ
1212 1555 1339 1590 παρεῖναι
1363 1554 1392 1580 ἐν
1412 1556 1445 1590 τῇ
1468 1553 1565 1590 κρίσει,
1594 1554 1637 1580 [va
1661 1552 1801 1588 παρόντων
1827 1551 1908 1587 ἡμῶν

1124 1599 1249 1635 ἀσφαλὴς
1276 1600 1294 1636 ἠ
1318 1600 1440 1632 ἐξέτασις
1468 1600 1590 1635 γένηται,
1614 1599 1661 1626 καὶ
1685 1597 1839 1633 πεισθῶμεν
1860 1595 1909 1624 καὶ

1124 1645 1214 1681 ἡμεῖς.
1239 1645 1347 1681 Ἐπειδή
1362 1646 1431 1672 δὲού
1447 1645 1526 1672 τοῦτο
1540 1646 1757 1681 συνεχωρήσατε,
1773 1644 1839 1671 ἀλλὰ
1858 1641 1908 1679 μό-

1124 1699 1163 1718 νοι
1175 1691 1242 1727 μετὰ
1258 1691 1304 1718 τοῦ
1317 1692 1435 1728 ἐπάρχου
1449 1691 1497 1727 τῆς
1511 1691 1648 1725 Αἰγύπτου
1666 1692 1713 1718 καὶ
1725 1690 1772 1718 τοῦ
1786 1688 1907 1726 κατηγό-

1125 1745 1172 1771 ρου
1185 1737 1334 1773 ἠθελήσατε
1344 1738 1473 1773 πράττειν
1483 1735 1501 1764 ἃ
1518 1737 1573 1773 (29)
1597 1737 1722 1772 βούλεσθε
1731 1745 1738 1753 ·
1760 1737 1908 1772 ὁμολογοῦ-

1125 1790 1185 1818 μεν,
1205 1783 1246 1809 ὅτι
1262 1782 1379 1818 ὑποψίαν
1391 1783 1495 1818 εἴδομεν
1507 1783 1536 1808 ἐν
1550 1781 1589 1817 τῷ
1607 1782 1750 1818 πράγματι
1771 1781 1906 1817 πονηρὰν,

1123 1829 1170 1855 καὶ
1192 1828 1385 1864 ἐθεωρήσαμεν
1408 1830 1448 1855 ὅτι
1465 1829 1584 1864 συσκευὴ
1609 1829 1656 1855 καὶ
1679 1828 1806 1864 ἐπιϐουλὴ
1826 1829 1908 1863 μόνον

1123 1874 1198 1902 ἐστὶν
1212 1875 1228 1910 ή
1242 1875 1342 1906 εἴσοδος
1355 1875 1442 1910 ὑμῶν.
1457 1875 1507 1902 Διὰ
1523 1875 1603 1902 τοῦτο
1620 1875 1721 1910 ταύτην
1736 1875 1799 1910 ὑμῖν
1823 1875 1908 1902 ἐπιδί-

1122 1921 1202 1956 δομεν
1217 1921 1271 1957 (50)
1285 1921 1333 1957 τήν
1354 1921 1508 1957 ἐπιστολὴν,
1533 1921 1680 1957 μαρτύριον
1704 1922 1835 1958 ἐσομένην
1865 1923 1907 1954 εις

1122 1967 1249 2004 ἀληθινὴν
1266 1967 1383 1999 σύνοδον,
1398 1968 1441 1994 ῐνα
1453 1968 1560 2004 γνωσθῇ
1573 1969 1665 2001 πᾶσιν,
1676 1969 1717 1995 ὅτι
1731 1969 1801 1996 κατὰ
1826 1977 1907 2004 μονο-

1124 2014 1235 2050 μέρειαν
1248 2014 1319 2049 ἅπερ
1337 2014 1488 2050 ἠθελήσατε
1503 2014 1647 2050 ἐπράξατε,
1659 2015 1706 2041 καὶ
1720 2015 1796 2042 οὐδὲν
1811 2014 1907 2050 ἕτερον

1121 2059 1139 2094 ἦ
1154 2059 1288 2094 auexequ
1303 2059 1453 2095 ἠθελήσατε
1473 2059 1607 2087 συνθεῖναι
1621 2060 1680 2087 καθ’
1693 2060 1780 2096 ἡμῶν.
1794 2060 1906 2087 Τούτων

1121 2105 1150 2132 δὲ
1163 2106 1198 2133 τὰ
1211 2106 1255 2132 ἴσα
1271 2106 1468 2142 ἐπιδεδώκαμεν
1480 2107 1526 2133 καὶ
1544 2106 1684 2142 Παλλαδίῳ
1703 2106 1742 2142 τῷ
1762 2106 1907 2143 κουριώσῳ

293 2148 389 2185 plaria,
405 2156 440 2176 ne
453 2147 617 2176 abderentur
629 2156 645 2176 a
658 2149 745 2183 vobis,
765 2149 885 2177 Palladio
898 2157 1004 2185 quoque
1016 2151 1071 2178 Au-

1124 2152 1168 2178 τοῦ
1195 2152 1349 2187 Αὐγούστου
1363 2152 1430 2188 (51),
1453 2153 1496 2179 ῐνα
1519 2152 1557 2188 μὴ
1578 2152 1665 2188 κρυὸῇ
1681 2152 1746 2188 παρ’
1761 2153 1848 2188 ὑμῶν.
1870 2154 1905 2179 Ἀ

292 2195 365 2230 gusti
387 2194 494 2223 curioso
518 2194 686 2222 tradidimus.
707 2195 761 2222 Res
776 2194 846 2222 enim
863 2203 878 2222 a
893 2195 970 2223 vobis
992 2201 1074 2230 gestas

293 2238 449 2275 suspicandi
472 2238 551 2267 nobis
583 2239 701 2274 taliaque
723 2239 860 2275 cogitandi
891 2240 978 2268 locum
1002 2248 1074 2275 ρηο-
1095 2240 1101 2244 ’

292 2285 368 2313 bent.

328 2331 471 2367 Dionysius
491 2332 633 2366 presbyter
647 2331 704 2359 haec
725 2331 832 2363 tradidi,
847 2330 998 2359 Alexander
1011 2339 1072 2367 pre-

291 2378 397 2414 sbyter,
417 2377 522 2405 Nilaras
538 2378 688 2412 presbyter.
707 2377 816 2413 Longus
831 2378 982 2413 presbyter,
998 2378 1072 2413 Aph-

293 2423 401 2451 thonius
419 2423 570 2459 presbyter,
581 2423 745 2450 Athanasius
761 2423 911 2458 presbyter.
930 2423 1071 2458 Amyntius

291 2470 445 2506 presbyter,
457 2469 547 2498 Pistus
563 2470 713 2505 presbyter,
725 2469 830 2497 Plution
846 2470 996 2504 presbyter,
1013 2468 1072 2496 Dio—

327 2570 383 2606 (29)
395 2570 463 2604 Reg.
469 2589 484 2606 ι
493 2570 574 2606 ἅπερ.

327 2579 383 2606 (2w
396 2579 476 2604 μσς..
493 2579 545 2597 απε
566 2590 574 2598 .

327 2607 383 2644 (ἦυ)
407 2606 445 2632 Ita
458 2604 536 2644 ﬁes.
549 2579 621 2633 Edit.
635 2605 732 2644 P:I_ris.,
745 2605 881 2641 mendose,
892 2605 1066 2641 ἐπιδίδωμεν.

289 2640 378 2681 P881191
389 2645 449 2681 ιιοξει
458 2640 532 2681 “38-.-
549 2641 720 2681 μοιρεξερίαν·

325 2675 441 2712 (ὅιλεία
465 2675 574 2709 Regius.
591 2675 660 2712 Editi
674 2683 747 2709 vero,
762 2675 910 2712 κουριὼδῳ,
927 2675 1064 2712 mendose.

289 2710 396 2738 Curiosi
405 2715 492 2737 autem
504 2715 580 2737 erant
592 2711 687 2744 quibus
698 2718 762 2738 cura
772 2710 940 2738 incumbebat
952 2711 1065 2738 crimina

288 2750 317 2772 et
330 2745 442 2780 quilibet
461 2750 615 2779 perpetrata
638 2745 756 2772 facinora
772 2746 923 2780 indagandi,
953 2752 1066 2779 reosque

290 2781 324 2807 ad
339 2781 527 2811 imperatorem
541 2780 678 2807 deferendi
694 2787 726 2806 ac
738 2781 912 2807 denuntiandi
928 2788 935 2805 :
952 2781 985 2806 de
1003 2781 1065 2813 qni-

291 2815 341 2842 bus
363 2814 423 2842 [use
437 2814 553 2849 Cangius
569 2815 594 2842 in
609 2819 722 2849 utroque
741 2814 888 2847 Glossario,
913 2819 941 2843 et
954 2815 1066 2843 Gottho-

1121 2197 1175 2233 γὰρ
1189 2197 1336 2233 ἐπράξατε,
1347 2198 1458 2225 τοιαῦτα
1472 2198 1564 2225 λοιπὸν
1579 2198 1652 2234 ἡμᾶς
1672 2197 1834 2225 ὑποπτεύειν
1856 2198 1905 2225 καὶ

1120 2242 1272 2278 λογίζεσθαι
1287 2245 1360 2271 ποιεῖ
1368 2244 1432 2280 περὶ
1445 2243 1530 2280 ὑμῶν.

1158 2333 1294 2366 Διονύσιος
1317 2333 1500 2370 πρεσσύτερος
1530 2333 1698 2366 ἐπιδέδωκα,
1729 2333 1904 2369 Ἀλέξανδπ

1124 2379 1317 2416 πρεσϐύτερος,
1343 2379 1478 2415 Νειλαρᾶς
1499 2380 1553 2415 (52)
1579 2381 1771 2416 πρεσϐύτερος,
1798 2381 1906 2414 Λόγγος

1124 2424 1317 2460 πρεσϐύτερος,
1349 2425 1484 2460 ’Δφθόνιος
1506 2426 1705 2461 πρεσϐύτερος,
1745 2425 1906 2456 Ἀϐανάσιος

1124 2469 1316 2505 πρεσϐύτερος,
1343 2469 1484 2505 Ἀμύντιος
1508 2470 1564 2505 (55)
1586 2470 1782 2506 πρεσῦύτερος,
1803 2469 1906 2501 Πιστὸς

1123 2570 1214 2597 l'redus
1229 2570 1254 2598 in
1271 2571 1340 2598 notis
1357 2570 1388 2596 ad
1400 2569 1466 2596 Cod.
1482 2569 1614 2596 Theodos.
1636 2569 1684 2597 lib.
1696 2577 1734 2601 vr.
1746 2569 1787 2595 tit.
1802 2567 1849 2599 29,
1867 2568 1908 2594 De

1122 2606 1244 2636 curiosis,
1257 2610 1321 2632 tom.
1339 2605 1371 2636 ll,
1384 2612 1443 2638 pag.
1459 2603 1494 2631 95
1507 2610 1533 2630 et
1549 2604 1608 2636 194,
1624 2605 1668 2639 qui
1684 2605 1832 2639 curiososa
1848 2604 1909 2630 tru-

1123 2641 1262 2667 mentariis
1275 2637 1401 2674 distingui
1417 2637 1563 2666 contendit.
1577 2637 1694 2666 Joannes
1705 2645 1792 2665 tamen
1808 2637 1905 2673 Lydus

1115 2683 1130 2701 a
1141 2675 1244 2710 Cangio
1258 2676 1284 2701 iu
1305 2673 1395 2702 GloS's.
1412 2674 1459 2701 Gr.
1478 2675 1586 2705 citatus,
1605 2673 1795 2710 fruntcntarios
1808 2680 1840 2710 ac
1852 2680 1887 2698 cn
1897 2686 1905 2691 -

1115 2707 1316 2736 riosos'eosdein
1330 2716 1390 2736 esse
1401 2711 1448 2739 ait.
1461 2709 1485 2735 οἱ
1496 2709 1707 2744 φρουμεντάριοι
1716 2709 1763 2736 καὶ
1779 2707 1905 2742 xoptem;

1114 2744 1369 2780 προσηγορεύοντοη
1423 2778 1428 2780 _
1563 2758 1581 2780 ῖς

1149 2778 1205 2814 (59.)
1222 2778 1298 2813 Reg”
1314 2778 1457 2814 Νειλαράς.
1471 2779 1549 2812 Editi,
1562 2778 1670 2810 Νειλᾶς.

1149 2815 1205 2850 (ὃὸ)
1221 2815 1296 2849 “93.,
1309 2814 1463 2850 ’Δμὸύτιος.

1911 2851 1927 2863 ’ἰ
