2031 3048
118 156 168 187 581

664 153 836 183 APOLOGIA
855 154 995 184 CONTRA
1014 155 1175 183 ARIANOS.

1682 153 1734 181 582

117 216 316 253 πρεσϐύτερος,
343 217 481 244 Ηλουτίων
514 216 698 252 πρεσϐύτερος
712 239 720 250 ,
755 217 899 252 Διόσκορος

951 224 1045 244 scorus
1070 217 1222 251 presbyter,
1245 215 1401 250 Apollonius
1426 213 1577 250 presbyter,
1601 213 1733 247 Sarapion

117 262 313 298 πρεσϐύτερος,
337 261 513 293 Ἀπολλώνιος
537 261 732 297 πρεσϐύτερος,
754 261 900 297 Σαραπίων

118 307 312 343 πρεσϐύτερος,
335 307 488 342 Ἀμμώνιος
519 307 718 342 πρεσϐύτερος,
736 307 814 337 Γάϊος
833 316 901 342 πρε-

119 353 259 388 σϐύτερος,
275 353 361 384 Ῥἷνος
374 352 566 388 πρεσϐύτερος,
575 352 692 388 Δίθαλὴς
703 352 898 388 πρεσϐύτερος.

153 399 275 426 Διάκονοι
297 398 363 434 (54),
385 398 567 434 Μαρκελλῖνος
597 398 729 431 διάκονος,
753 398 900 430 Ἀππιανὺς

117 444 250 475 διάκονος,
261 443 335 470 Θέων
346 443 478 475 διάκονος,
492 443 622 479 Τιμόθεος
636 442 767 475 διάκονος,
782 443 829 470 καὶ
853 444 900 469 Τι-

121 489 216 525 μόθεος
228 489 307 520 ἄλλος
322 488 455 520 διάκονος.

154 535 198 562 74.
212 535 252 561 Τὰ
272 534 320 570 μὲν
332 534 384 561 τῶν
399 534 453 560 ἀπὸ
465 533 514 569 τῆς
538 533 641 565 πόλεως
652 533 790 569 κληρικῶν
810 533 901 569 γράμκ

121 580 195 616 ματά
209 588 238 606 τε
263 580 310 606 καὶ
333 579 450 614 ὀνόματα
467 578 570 605 ταῦτα’
584 578 601 605 ἃ
626 578 654 605 δὲ
675 579 722 605 καὶ
740 579 765 605 οἱ
786 579 840 605 ἀπὸ
854 578 901 605 τοῦ

118 625 269 661 Μαρεώτου
288 625 412 660 κληρικοὶ
437 624 560 660 ἔγραψαν
581 624 759 658 γινώσκοντες
775 625 822 651 τὸν
837 625 901 660 τρό-

121 680 171 698 πον
189 670 235 698 τοῦ
265 670 425 705 κατηγόρου,
441 670 488 696 καὶ
514 670 542 696 ἐν
567 670 600 704 τῇ
620 668 756 704 περιοδείᾳ
771 670 818 696 σὺν
841 669 902 704 ἐμοὶ

120 717 206 748 ὖντες,
224 715 281 742 ἐστι
291 714 376 741 ταῦτα
387 723 393 729 ·

350 762 403 796 Τῌ
425 761 513 795 arta
535 760 676 794 ΣΥΝοΔρ

118 807 180 835 τῶν
199 808 352 842 μακαρίων
382 807 557 833 ἐπισκόπων
571 805 636 842 (55)
660 804 716 842 τῆς
737 803 900 842 καθολικῆς

162 839 338 876 Ἑνὶκληὰίας
350 843 377 868 οἱ
391 842 465 868 κατὰ
479 841 639 874 Μαρεώτην
650 839 761 872 πάντες
773 841 902 873 πρεσϐύ-

154 886 232 912 τεροι
245 875 293 904 καὶ
306 877 438 904 διάκονοι
450 877 485 903 ὲν
496 877 591 909 Κυρίῳ
602 875 724 909 χαίρειν.

155 924 262 955 Είδότες
272 924 301 949 τὸ
314 922 512 958 γεγραμμένον,
524 922 564 947 ὅτι
578 922 607 947 Ἀ
617 919 697 947 εἶδον
709 921 736 946 οι
754 920 901 954 ὀφθαλμοί

119 979 177 998 σου
193 969 279 1004 λέγε,
295 969 341 995 καὶ
368 968 408 994 ὅτι
424 968 543 1001 Μάρτυς
561 966 678 1000 ψευδὴς
688 967 743 992 οὐκ
757 964 899 999 ἀτιμώρη-

119 1024 171 1048 τος
183 1015 278 1047 ἔσται,
289 1015 306 1041 ἂ
318 1015 422 1049 εἴδομεν
435 1013 489 1048 (56)
506 1012 705 1048 μαρτυροῦμεν,
721 1011 847 1046 μάλιστα,
861 1012 901 1037 ὅτι

119 1061 269 1096 ἀναγκαίαν
295 1060 373 1096 ἡμῶν
392 1059 518 1093 ἐποίησεν
542 1056 612 1084 εἶναι
644 1057 692 1093 τὴν
711 1057 862 1093 μαρτυρίαν
884 1057 900 1091 ἡ

116 1107 251 1143 ,γενομένη
263 1105 381 1141 συσκευὴ
392 1105 462 1132 κατὰ
476 1104 523 1130 τοῦ
538 1103 687 1131 ἐπισκόπου
697 1105 713 1138 ἡ
718 1103 774 1138 μῶν
795 1102 901 1129 Ἀθανα-

115 1153 189 1182 Δσίου.
206 1151 384 1187 Θαυμάζομεν
400 1150 452 1186 γὰρ
468 1150 525 1182 πῶς
550 1150 617 1181 ὅλως
649 1148 770 1184 Ἰσχύρας
792 1147 842 1175 κᾶν
861 1148 900 1180 είς

120 1198 218 1235 μέτρον
231 1198 279 1233 τῆς
298 1195 457 1231 Ἐκκλησίας
470 1195 606 1230 ἐμετρήθη
622 1195 688 1230 (57),
701 1194 764 1229 περὶ
779 1190 810 1220 οὖ
824 1193 900 1229 πρῶ-

118 1253 166 1271 τον
181 1242 360 1279 διηγήσασθαι
378 1242 523 1276 ἀναγκαῖον
542 1240 691 1276 ἡγούμεθα.
711 1239 831 1275 ’ἰσχύρας
853 1239 899 1265 οὺ-

115 1290 215 1317 δέποτε
245 1288 400 1324 λειτουργὸς
425 1289 473 1322 τῆς
507 1286 667 1322 Ἐκκλησίας
690 1285 816 1320 γέγονεν’
843 1284 899 1311 ἀλλ’

119 1335 213 1363 ἑαυτὸν
231 1335 279 1371 μὲν
294 1334 347 1370 πρὸ
360 1333 453 1360 τούτου
470 1333 586 1368 ἐφήμισε
616 1331 765 1358 Κολλούθου
782 1330 898 1367 πρεσϐύ-

118 1381 265 1418 τερον,οὺκ
280 1380 342 1415 ἔσχε
354 1380 381 1406 δὲ
391 1379 436 1405 τὸν
453 1377 609 1413 πειθόμενον
626 1377 709 1413 αὐτῷ,
728 1378 752 1404 ει
769 1377 806 1412 μὴ
821 1377 900 1412 μόνον

119 1428 182 1460 τοὺς
197 1428 336 1461 συγγενεῖς
361 1425 457 1452 ἑαυτοῦ
472 1434 478 1440 ι
506 1424 567 1451 οὔτε
589 1423 643 1460 γὰρ
668 1424 812 1459 ἐκκλησίαν
837 1423 899 1459 ἔσχε

115 1473 195 1506 -ποτὲ,
211 1472 271 1518 οὔτε
280 1472 346 1503 ὅλως
358 1471 486 1507 κληρικὺς
500 1470 628 1505 ἐνομίσθη
640 1470 716 1505 παρὰ
732 1471 787 1500 τοῖς
810 1469 899 1503 ὀλίγον

118 1515 265 1550 διεστῶσιν
285 1517 338 1545 ἀπὸ
350 1518 398 1553 τῆς
418 1516 513 1552 κώμης
539 1515 632 1548 αὑτοῦ,
658 1515 726 1551 πλὴν
747 1515 845 1551 μόνοις,
862 1515 899 1546 ὡς

951 263 1101 297 presbyter.
1119 261 1278 288 Ammonius
1302 260 1452 294 presbyter,
1470 259 1553 286 Gaius
1578 260 1733 293 presbyter,

951 308 1055 335 lthinus
1071 308 1221 343 presbyter,
1234 305 1356 333 [Etbales
1371 307 1519 341 presbyter.

986 398 1096 425 Diaconi
1115 405 1123 424 :
1145 397 1315 424 Marcellinus
1339 396 1486 429 diaconus,
1509 396 1647 431 Appianus
1671 396 1732 422 dia-

951 451 1044 475 conus,
1064 443 1154 470 Theon
1176 443 1315 474 diaconus,
1326 443 1481 470 Timotheus
1495 443 1624 470 diaconus
1640 446 1666 470 et
1684 442 1732 469 Ti-

950 491 1074 517 motheus
1087 489 1154 516 alter
1167 489 1307 516 diaconus.

990 535 1034 561 74.
1055 535 1153 562 Eorum
1171 535 1260 569 itaque
1280 535 1325 569 qui
1343 534 1368 561 in
1395 534 1460 561 urbe
1475 539 1552 561 erant
1572 533 1730 561 clericorum

955 581 996 608 hae
1014 581 1087 609 fuere
1107 582 1212 612 litterae,
1227 585 1254 607 et
1269 581 1325 607 hsce
1343 588 1437 608 eorum
1457 581 1574 607 nomina.
1593 579 1731 606 Mareotici

952 632 1040 653 autem
1055 627 1159 657 clerici,
1182 627 1278 661 quibus
1303 627 1435 660 explorati
1462 631 1539 652 erant
1562 626 1729 652 accusatoris

952 679 1049 703 mores,
1064 672 1162 706 quique
1181 673 1247 698 mihi
1268 671 1325 698 loca
1350 671 1523 706 perlustranti
1546 672 1641 698 adesse
1660 671 1732 698 sole-

951 718 1026 749 baut,
1044 718 1091 744 has
1102 723 1129 744 et
1145 718 1192 752 ipsi
1208 717 1305 744 dedere
1320 717 1422 744 litteras
1444 726 1450 744 :

1180 763 1220 790 SA
1228 763 1337 791 NCT/E
1358 763 1506 790 SYNODO

952 810 1085 836 beatorum
1111 810 1286 843 episcoporum
1312 809 1449 835 cat/tolich
1476 808 1617 841 Ecclesia',
1644 818 1731 837 omnes

987 846 1030 878 qui
1050 846 1077 870 in
1098 844 1213 871 Mureole
1228 849 1287 870 sunt
1304 845 1446 879 presbyteri
1458 851 1480 871 et
1498 845 1614 877 diaconi,
1630 846 1658 872 in
1680 845 1732 872 Do-

916 887 937 914 Β
987 879 1055 905 mino
1069 881 1189 905 salttlent.

986 924 1067 952 Gnari
1083 925 1140 960 ejus
1152 925 1298 959 Scripturte
1313 932 1372 959 quas
1390 925 1436 955 ait,
1449 924 1514 957 Qum
1528 925 1647 951 uiderunt
1661 924 1732 952 oculi

951 971 988 996 lui
1005 970 1108 1004 loquere
1117 971 1151 1002 ⁸³,
1166 975 1202 1002 et,
1214 969 1296 996 Testis
1313 970 1394 1004 falsus
1410 979 1461 996 non
1475 971 1523 996 erit
1540 972 1682 1004 impunitus
1693 971 1730 1004 ἰς

955 1024 1013 1050 tunc
1027 1017 1142 1043 vidimus
1156 1021 1286 1043 testamur
1300 1025 1306 1042 :
1322 1016 1429 1050 quando
1444 1016 1613 1050 potissimum
1628 1021 1732 1043 structa

952 1061 977 1088 in
1018 1062 1173 1096 episcopum
1208 1065 1329 1088 nostrum
1360 1061 1534 1088 Athanasium
1569 1062 1732 1097 conspiratio

951 1105 1029 1140 hujus
1056 1105 1158 1132 ferendi
1187 1105 1331 1132 testimonii
1355 1106 1544 1133 necessitatem
1574 1107 1653 1135 nobis
1679 1107 1732 1134 im-

950 1151 1032 1185 ponit.
1046 1149 1174 1176 Miramur
1191 1150 1262 1176 enim
1279 1158 1330 1184 qua
1356 1150 1462 1177 tandem
1488 1151 1592 1178 ratione
1606 1152 1732 1188 lscbyras

950 1197 983 1223 ad
999 1203 1150 1223 mensuram
1173 1195 1300 1223 Ecclesize
1322 1205 1429 1225 mensus
1446 1198 1535 1230 fuerit,
1557 1199 1591 1225 de
1607 1206 1660 1232 quo
1674 1200 1731 1234 pri-

951 1251 1022 1270 mum
1044 1244 1166 1278 quzedam
1185 1245 1335 1271 enarranda
1351 1245 1525 1272 arbitramur.
1542 1245 1665 1281 lschyras
1681 1247 1733 1274 mi-

950 1291 1035 1317 uister
1062 1289 1189 1317 Ecclesia:
1209 1298 1343 1324 nunquam
1364 1291 1486 1324 exstitit;
1509 1292 1557 1319 sed
1585 1300 1647 1320 cum
1671 1300 1733 1321 sese

947 1335 1002 1369 jam
1027 1335 1128 1369 pridem
1154 1334 1293 1369 jactilaret
1310 1335 1424 1363 Collutbi
1443 1344 1503 1364 esse
1528 1338 1731 1373 presbyterum,

950 1380 1070 1415 cognatis
1091 1380 1306 1416 exceptis,'ejus
1334 1389 1414 1409 nemo
1433 1382 1523 1409 verbis
1546 1383 1624 1411 tidem
1652 1384 1732 1411 adbi-

949 1426 1032 1453 buit:
1062 1426 1162 1461 quippe
1185 1426 1230 1460 qui
1258 1434 1345 1460 neque
1362 1427 1505 1454 ecclesiam
1531 1427 1656 1456 habuerit
1680 1437 1732 1457 un-

950 1479 1041 1506 quam,
1058 1479 1143 1506 neque
1158 1472 1268 1498 omnino
1290 1472 1404 1500 clericus
1427 1473 1507 1500 fuerit
1527 1481 1542 1500 a
1559 1475 1600 1502 sui
1616 1477 1676 1510 pagi
1699 1476 1732 1502 ti-

950 1517 1050 1544 nitimis
1065 1517 1251 1549 existimatus;
1269 1518 1391 1552 cognatis
1405 1518 1544 1551 duntaxat.
1562 1520 1600 1547 uti
1617 1520 1730 1555 jamjam

120 1565 296 1600 προείπομεν,
307 1564 363 1594 τοϊς
377 1551 552 1596 συγγενεῦσιν
569 1560 623 1595 (58)
639 1560 734 1587 ἑαυτοῦ
744 1569 750 1575 ·
766 1559 834 1587 ἀλλὰ
855 1560 900 1586 καὶ

951 1563 1075 1595 diximus,
1090 1563 1220 1597 exceptis.
1236 1563 1288 1590 Sed
1305 1551 1397 1590 tamen
1415 1571 1474 1590 cum
1491 1564 1572 1592 talem
1592 1551 1643 1592 sibi
1665 1551 1731 1593 titu-

119 1611 193 1646 ὅμως
208 1608 334 1644 τοιαύτην
352 1606 440 1642 ἑαυτῷ
452 1606 636 1641 προσηγορίαν
661 1606 838 1641 ἐπιφημίσας,
854 1606 901 1632 ἐπὶ

120 1655 170 1691 τῆς
197 1654 305 1681 συνόδου
334 1653 384 1687 τῆς
411 1651 640 1687 συγκροτηοείσης
660 1651 689 1677 ἐν
705 1650 899 1686 ’Δλεξανδρείᾳ,

120 1701 166 1730 ἐπὶ
179 1702 213 1736 τῇ
226 1699 359 1736 παρουσίᾳ
369 1698 416 1725 τοῦ
433 1698 538 1733 Πατρὸς
550 1696 629 1732 ἡμῶν
648 1697 735 1723 Ὀσίου
750 1697 898 1733 καθῃρέθη,

115 1747 168 1774 ηκαὶ
185 1745 279 1777 λαῖκδς
295 1743 425 1780 συνήχθη,
439 1743 487 1770 καὶ
503 1742 588 1774 οὕτως
602 1742 691 1777 ἔμεινε
706 1742 751 1769 τὸν
764 1742 827 1777 ἑξῆς
839 1742 901 1777 χρό-

120 1802 176 1825 νον,
187 1791 310 1820 ἐκπεσὼν
322 1791 369 1818 καὶ
381 1790 430 1825 τῆς
442 1789 557 1825 ψευδοῦς
570 1788 697 1820 ὑπονοίας
712 1787 758 1815 τοῦ
783 1788 901 1823 πρεσϐυ-

120 1838 219 1874 τερίου.
228 1838 296 1874 Περὶ
310 1836 364 1872 γὰρ
379 1835 433 1862 τῶν
447 1835 519 1871 ἠθῶν
531 1834 613 1861 αὐτοῦ
629 1835 753 1871 περιττὸν
763 1833 902 1870 ἡγούμεθα

113 1880 208 1919 λέγειν
225 1903 234 1917 ,
259 1882 414 1918 δυναμένων
443 1881 551 1908 πάντων
582 1882 681 1908 εἰδέναι
713 1881 747 1908 τὰ
779 1881 900 1909 τοιαῦτα.

127 1929 236 1965 Ἐπειδὴ
260 1929 288 1956 δὲ
315 1928 379 1963 περὶ
402 1927 524 1959 κλάσεως
540 1924 670 1963 ποτηρίου
690 1927 738 1955 καὶ
763 1927 902 1963 τραπέζης

116 1975 337 2011 ἐσυκοφάντησεν
350 1974 431 2012 ῂμῶν
447 1974 492 2001 τὸν
506 1973 652 2000 ἐπίσκοπον
673 1973 838 2005 Ἀθανάσιον,
855 1973 902 2000 καὶ¹

121 2021 186 2056 περὶ
199 2020 292 2047 τούτου
303 2020 481 2056 διηγήσασθαι
495 2020 559 2055 ὑμῖν
579 2019 633 2056 (59)
655 2020 801 2053 ἀναγκαῖον
825 2018 903 2054 ἠπεί-

122 2066 236 2102 χθημεν.
264 2065 417 2097 Φθάσαντες
437 2065 492 2101 γὰρ
517 2064 629 2100 εἴπομεν
651 2064 797 2100 ἐκκλησίαν
822 2064 903 2090 αὐτὸν

118 2110 257 2146 ’μηδέποτε
270 2110 412 2146 ἐσχηκέναι
423 2111 452 2137 ἐν
463 2109 503 2145 τῷ
514 2110 666 2147 Μαρεώτῃ·
680 2109 718 2141 ὡς
732 2109 762 2136 δὲ
778 2108 823 2135 ἐπὶ
835 2108 902 2135 Θεοῦ

123 2157 271 2192 μάρτυρος,
288 2155 347 2182 οὐδὲ
370 2157 496 2192 ποτήριον
526 2155 689 2188 κέκλασται,
705 2155 765 2182 οὐδὲ
779 2155 904 2191 τράπεζα

949 1608 1004 1636 lum
1022 1609 1194 1641 vindicasset,
1210 1610 1236 1636 in
1255 1610 1358 1644 synodo
1372 1609 1540 1637 Alexandriae
1555 1616 1729 1645 congregata,

950 1660 1082 1689 praesente
1102 1655 1181 1682 Patre
1202 1661 1293 1683 nostro
1318 1655 1398 1682 llosio
1421 1656 1577 1690 depositus,
1597 1657 1631 1684 ad
1647 1656 1731 1685 laico-

951 1708 1009 1727 rmn
1035 1701 1250 1728 communionem
1274 1701 1401 1728 redactus
1418 1706 1460 1729 est
1480 1710 1487 1728 :
1512 1709 1567 1736 quo
1592 1702 1674 1729 etiam
1702 1703 1730 1730 in

951 1745 1009 1774 loco
1024 1746 1195 1780 subsequenti
1221 1751 1340 1781 tempore
1363 1747 1522 1782 permansit,
1537 1755 1552 1775 a
1571 1748 1638 1776 falsa
1662 1756 1732 1783 quo-

951 1799 1003 1826 que
1019 1792 1218 1827 presbyteratus
1233 1792 1385 1826 suspicione
1400 1792 1503 1827 lapsus.
1522 1791 1561 1820 De
1579 1792 1655 1827 cujus
1672 1801 1731 1821 mo-

952 1838 1039 1869 ribus,
1061 1837 1132 1872 quod
1160 1837 1238 1864 facile
1260 1838 1294 1864 ab
1317 1838 1442 1865 omnibus
1468 1838 1589 1873 dignosci
1611 1845 1732 1874 queant,

951 1884 1019 1910 nihil
1038 1887 1079 1910 est
1097 1884 1168 1918 quod
1188 1884 1338 1919 loquamur.
1354 1883 1486 1912 Caeterum
1503 1885 1566 1920 quia
1589 1885 1623 1913 de
1645 1885 1734 1914 calice

952 1928 1037 1956 fracto
1057 1930 1142 1963 deque
1164 1936 1256 1956 mensa
1280 1929 1407 1957 subversa
1432 1930 1587 1965 episcopum
1611 1936 1733 1959 nostrum

951 1974 1127 2001 Athanasium
1151 1981 1233 2001 ausus
1255 1978 1296 2001 est
1321 1974 1487 2008 insimulare,
1516 1975 1592 2011 151
1609 1983 1653 2004 res
1674 1977 1733 2005 haec

952 2019 1030 2047 nobis
1043 2019 1172 2047 incumbit
1189 2020 1342 2047 necessario
1359 2022 1558 2055 pertractanda.
1575 2021 1608 2048 Et
1624 2022 1733 2057 quidem

950 2065 1005 2099 jam
1022 2071 1102 2099 supra
1119 2065 1219 2092 dictum
1243 2070 1285 2092 est
1307 2072 1442 2101 nunquam
1458 2065 1531 2093 illum
1546 2067 1688 2095 ecclesiam
1705 2068 1733 2095 in

952 2110 1072 2138 Mareote
1089 2111 1226 2138 habuisse.
1249 2110 1306 2138 Hoc
1329 2111 1393 2138 item
1417 2111 1476 2146 ipso
1491 2115 1558 2139 teste
1572 2111 1629 2139 Deo
1643 2113 1734 2140 decla-

953 2163 1055 2188 ramus,
1075 2164 1124 2184 nec
1147 2156 1258 2184 calicem
1281 2156 1446 2184 confractum
1462 2163 1533 2190 esse,
1547 2165 1598 2185 nec
1613 2165 1733 2186 mensam

119 2201 262 2237 ἀνετράπη
271 2201 345 2236 παρὰ
356 2201 402 2227 τοῦ
413 2201 560 2228 ἐπισκόπου
575 2201 663 2237 ἡμῶν,
674 2201 733 2228 οὐδὲ
744 2202 808 2237 παρ’
822 2201 901 2228 ἄλλου

953 2203 1108 2230 subversam
1125 2202 1166 2229 vel
1181 2203 1214 2230 ab
1229 2202 1355 2238 episcopo
1375 2207 1477 2235 nostro,
1491 2203 1533 2231 vel
1548 2203 1581 2231 ab
1600 2203 1653 2230 alio
1666 2211 1735 2238 quo-

122 2247 194 2279 τινὸς
203 2247 258 2274 τῶν
277 2246 407 2274 συνόντων
422 2247 509 2282 αὐτῷ·
528 2247 595 2274 ἀλλὰ
610 2247 698 2274 πάντα
711 2249 768 2274 ἐστὶ
777 2248 811 2274 τὰ
824 2247 902 2282 λεγό-

125 2299 192 2326 μενα
204 2290 366 2325 συκοφαντία
377 2299 384 2306 '
396 2291 444 2317 καὶ
454 2290 540 2317 ταῦτα
551 2291 675 2327 λέγομεν,
689 2292 719 2318 οὐ
733 2292 841 2328 μακρὰν
856 2291 903 2319 τοῦ

122 2336 270 2364 ἐπισκόπου
294 2335 409 2368 ἀπόντες
435 2335 488 2372 (40)
502 2345 509 2352 ·
544 2337 644 2369 πάντες
674 2337 727 2373 γὰρ
760 2340 807 2366 σὺν
831 2340 905 2376 αύτῷ

120 2383 217 2417 ἐσμεν,
233 2383 297 2409 ὅταν
309 2382 454 2419 περιοδεύῃ
466 2382 511 2409 τδν
526 2383 678 2419 Μαρεώτην
690 2392 696 2399 ·
713 2385 760 2411 καὶ
777 2385 905 2413 οὐδέποτε

127 2427 205 2462 μόνος
231 2427 414 2463 περιέρχεται.
431 2427 498 2455 ἀλλὰ
528 2427 596 2464 μετὰ
620 2428 728 2455 πάντων
753 2430 830 2465 ἡμῶν
852 2431 906 2457 τῶν

124 2473 324 2509 πρεσϐυτέρων,
338 2474 386 2500 καὶ
404 2472 458 2499 τῶν
480 2473 619 2506 διακόνων,
635 2475 682 2500 καὶ
705 2475 776 2502 λαῶν
795 2476 904 2503 ἱκανῶν.

124 2519 170 2545 Διὸ
180 2519 227 2545 καὶ
239 2519 277 2550 ὡς
287 2518 476 2555 συμπαρόντες
494 2519 567 2554 αὐτῷ
580 2520 608 2546 ὲν
624 2520 698 2556 πάσῃ
720 2521 867 2557 περιοδείᾳ,

125 2564 269 2599 πεποίηται
288 2564 356 2600 πρὸς
367 2565 452 2600 ἡμᾶς,
466 2564 552 2592 ταῦτα
565 2565 678 2600 λέγομεν
691 2566 738 2593 καὶ
753 2568 904 2603 μαρτυροῦ-

126 2617 186 2644 μεν,
198 2609 310 2636 ὅτιοῦτε
328 2610 455 2646 ποτήριον
467 2611 610 2645 κατέαγεν,
634 2610 695 2638 οὗτε
711 2611 833 2646 τράπεζα
857 2613 904 2640 ἀν-

160 2665 185 2682 ⁸³
197 2665 278 2693 Prov.
289 2673 353 2700 xxv.
367 2666 394 2694 8.
431 2667 531 2704 ",ibid.
542 2676 598 2703 tux,
611 2669 638 2697 5.

161 2734 217 2772 (ξιξ)
232 2735 353 2772 ᾴιάκονοι
368 2735 443 2772 deest
457 2736 483 2772 in
498 2737 592 2769 Editis.
605 2737 631 2764 in
648 2736 713 2771 Reg.
727 2736 834 2772 legitur.

163 2770 218 2804 (55)
233 2770 288 2808 _lta_
300 2771 379 2808 lteg,
394 2770 472 2808 Basil.
490 2778 516 2799 et
539 2773 577 2800 sic
599 2772 662 2808 legit
682 2770 812 2800 Nannius.
830 2773 903 2802 Editi

126 2811 200 2834 vero.
212 2804 266 2831 τῶν
276 2805 360 2839 ἁγίων
372 2807 536 2834 ἐπισκόπων.

161 2839 217 2876 (ἐξ)
229 2839 432 2876 [ἔθεινοτδαμεν-
514 2866 544 2874 .-

163 2875 218 2910 (57)
235 2873 311 2911 Εεξςη
329 2873 476 2913 ἐμετρήθη.
488 2876 558 2906 Editi
570 2884 632 2906 vero
648 2878 793 2916 ἐπεκλήθη.

953 2249 1023 2282 piam
1045 2247 1131 2282 ipsum
1146 2247 1308 2280 comitante;
1325 2247 1374 2285 sed,
1387 2255 1553 2283 qua-cunque
1566 2247 1653 2275 delata
1670 2252 1734 2276 sunt

953 2301 1054 2321 meram
1071 2300 1133 2320 esse
1146 2293 1319 2320 calumniam.
1338 2293 1391 2320 Nos
1410 2293 1513 2320 scilicet
1535 2293 1585 2321 hoc
1604 2297 1735 2321 testamur

952 2339 997 2374 qui
1012 2346 1063 2366 non
1086 2338 1178 2374 procul
1191 2339 1318 2373 episcopo
1331 2345 1435 2370 sumus,
1451 2338 1497 2366 sed
1512 2337 1656 2365 Mareotem
1672 2345 1735 2373 per-

953 2385 1109 2412 lustrantem
1133 2392 1227 2412 omnes
1247 2385 1408 2411 comitamur
1425 2393 1432 2411 :
1451 2392 1536 2419 neque
1559 2385 1631 2412 enim
1659 2385 1734 2413 solus

954 2437 1071 2464 unquam
1087 2434 1144 2461 est,
1168 2430 1215 2456 sed
1241 2437 1291 2456 nos
1314 2437 1408 2457 omnes
1434 2430 1603 2465 presbyteri,
1628 2430 1734 2458 diaconi

959 2476 1125 2511 populusque
1148 2475 1275 2509 frequens
1293 2475 1350 2502 loca
1369 2476 1488 2503 visitanti
1511 2476 1648 2503 adsumus.
1664 2476 1736 2509 Quo-

956 2523 1027 2550 circa
1043 2530 1100 2554 uos,
1119 2526 1211 2557 utpote
1230 2522 1349 2556 episcopi
1370 2522 1546 2549 circumcirca
1571 2523 1598 2549 iu
1622 2522 1670 2549 hac
1694 2531 1737 2550 re-

956 2568 1034 2604 gione
1057 2568 1226 2603 peragrantis
1245 2568 1369 2600 comites,
1393 2569 1449 2595 haec
1471 2568 1597 2601 dicimus,
1618 2569 1674 2595 haec
1697 2572 1738 2595 te-

957 2619 1069 2648 stamur,
1085 2621 1133 2641 nec
1151 2613 1267 2641 fractum
1284 2614 1419 2648 poculum,
1434 2621 1522 2648 neque
1544 2621 1665 2642 mensam
1679 2621 1739 2641 esse

995 2740 1052 2776 (58)
1065 2738 1244 2776 Συγγεᾼνεῦσιν
1262 2738 1326 2776 lien.
1337 2738 1407 2776 Edili
1421 2746 1494 2776 vero.
1514 2739 1666 2776 συγγενέσι.

993 2774 1048 2811 (59)
1063 2775 1132 2818 ιξιιὶε.
1150 2774 1332 2809 Ρειιίεηήμῖν,
1351 2775 1429 2801 male.
1442 2774 1513 2801 Edit.
1532 2782 1594 2801 tero
1607 2774 1738 2805 Contine}.

957 2815 984 2839 et
997 2819 1060 2837 mss.
1073 2815 1146 2845 υμῖν.

955 2862 964 2882 ς
993 2846 1048 2881 (40)
1067 2845 1144 2881 lleg.,
1156 2844 1280 2876 ἀπόντες.
1292 2843 1362 2873 Editi
1380 2851 1454 2879 vero,
1472 2843 1597 2875 ἀπόντος.
