2031 3048
309 135 363 167 335
591 135 823 165 SI'ATHANASZI
843 137 916 165 OPP.
939 137 1028 164 PARS
1047 136 1068 164 l.
1087 152 1122 157 ——

309 197 482 228 subversam,
504 196 550 223 sed
575 196 631 222 haec
648 196 737 222 omnin
763 197 905 223 mentitum
929 196 1065 231 Ischyram
1078 217 1086 227 ,
1102 198 1126 228 Α

310 243 384 276 quod
399 247 426 269 et
447 242 501 275 ipse
518 242 648 276 rescripto
665 242 771 276 propria
789 249 869 268 manu
880 243 942 268 dato
960 246 1086 268 testatur.

313 287 380 316 Post
409 294 545 314 secessum
582 293 699 320 namque
734 293 813 313 suum
852 288 885 314 ad
922 286 1089 320 Mcletianos,

314 333 349 360 iis
370 332 426 366 jam
447 331 588 359 calumniis
607 332 633 359 in
649 332 803 366 episcopum
827 337 947 359 nostrum
970 334 1090 360 Athana-

309 378 380 406 sium
396 378 540 413 evulgatis;
559 385 619 405 cum
640 377 833 405 ecclesiasticis
849 379 1028 406 conventibus
1043 379 1091 405 adv

311 424 380 452 mitti
404 427 578 459 peroptaret,
600 423 626 451 id
650 424 701 459 ipsi
727 424 838 452 minime
857 432 1012 452 concessum
1032 429 1089 459 est,

310 468 418 495 tametsi
442 468 486 495 ille
511 468 642 503 rescripto
667 476 716 496 suo
740 469 902 504 propriaque
919 477 1000 496 manu
1024 477 1089 497 con-

311 513 399 540 fessus
411 519 495 546 esset,
511 513 578 540 nihil
591 521 685 541 eorum
699 521 793 542 revera
812 521 917 550 gestum
933 515 1028 548 fuisse,
1043 515 1090 542 sed

310 566 340 586 se
352 567 366 586 a
382 559 540 593 quibusdam
554 559 587 586 ad
601 567 633 587 ea
646 560 757 587 dicenda
776 564 964 589 subornatum.

345 603 523 636 Quamobrem
556 604 591 631 ad
630 604 775 632 lareotem
811 613 871 633 cum
906 606 1092 640 pervenissent

310 648 474 684 Theognius,
496 649 664 683 Theodorus,
680 650 773 684 Maris,
797 651 981 683 Iacedonius,
1005 651 1087 679 Ursa-

311 695 370 722 cius
394 700 421 723 et
443 695 551 730 Valens,
575 697 694 731 nihilque
715 697 845 731 ejusmodi
873 705 964 725 revera
985 702 1090 732 gestum

311 741 523 776 comperissent;
551 749 614 770 cum
638 750 701 770 mox
722 743 840 770 futurum
865 748 935 770 esset
957 747 987 770 ut
1006 748 1090 770 totum

311 791 423 814 structae
449 787 476 814 in
501 787 677 814 Athanasium
711 787 866 822 episcopum
897 791 1018 814 nostrum
1042 795 1090 814 ca-

311 832 419 860 lumniae
433 832 577 860 artiﬁcium
591 833 851 868 deprehenderetur,
865 837 920 859 tum
935 832 1090 868 Theognius

310 883 339 905 et
352 878 471 911 assecla‘,
487 879 636 906 Athanasio
649 886 744 906 omnes
761 877 951 909 infensissimi,
974 876 1091 913 Ischyrae
1105 869 1128 899 Β

311 929 440 958 cognatos
452 924 686 959 Ariomanitasque
707 924 848 951 nonnullos
872 923 1037 950 induxerunt
1058 922 1092 950 ad

310 976 344 997 ea
364 969 477 997 dicenda
496 977 555 1004 quae
570 969 620 996 sibi
642 970 760 996 maxime
783 970 940 1004 placerent:
955 968 1092 1003 popularis

311 1014 384 1042 enim
408 1014 497 1042 nullus
518 1015 654 1049 quidpiam
684 1014 797 1049 protulit
820 1015 846 1040 in
872 1014 1039 1048 episcopum.
1058 1014 1093 1040 At

312 1061 349 1087 illi
372 1065 476 1088 terrore
489 1060 615 1096 Philagrii
630 1060 737 1095 Egypti
755 1060 886 1095 prefecti,
912 1060 1047 1095 minisque
1061 1067 1092 1087 ac

311 1106 463 1141 patrocinio
482 1106 708 1133 Ariomanitarum
723 1105 796 1138 freti.
817 1106 948 1133 arbitratu
963 1113 1012 1133 suo
1036 1113 1091 1132 retu

311 1158 427 1186 gessere.
450 1151 532 1179 Nobis
553 1152 652 1186 quippe
675 1152 707 1178 ad
730 1159 790 1178 eam
813 1151 989 1185 detegendam
1014 1158 1092 1186 syco-

311 1198 450 1232 phantiam
470 1198 659 1224 accedentibus
678 1204 844 1231 nequaquam
865 1196 1002 1228 admissis.
1038 1197 1092 1223 imo

311 1243 440 1277 expulsis,
454 1251 521 1278 quos
537 1243 614 1270 libuit
635 1243 667 1270 ad
688 1243 849 1270 calumniam
874 1244 949 1277 prius
972 1242 1090 1269 adorna-

313 1293 364 1320 tos,
387 1288 515 1324 Philagrii
537 1288 655 1323 praefecti
678 1288 829 1320 formidine.
847 1289 953 1316 consilii
970 1289 1012 1316 sui
1029 1296 1091 1324 par-

313 1332 409 1367 ticipes
427 1332 549 1360 etl'ecere.
568 1333 652 1367 Cujus
664 1333 727 1360 item
744 1334 862 1367 preteeti
875 1341 968 1367 opera,
982 1335 1094 1368 permis~

315 1386 376 1405 sum
391 1378 468 1406 nobis
481 1387 534 1406 non
547 1384 589 1406 est
605 1379 667 1406 huic
688 1380 817 1406 interesse
838 1381 954 1413 negotio,
970 1388 1023 1414 quo
1039 1380 1093 1407 sal-

312 1428 366 1450 tem
380 1431 395 1451 a
410 1431 439 1451 se
455 1425 614 1452 subornatos
638 1430 720 1452 testes
744 1426 927 1453 internoscere
950 1434 1092 1458 possemus

311 1475 346 1495 ex
373 1468 530 1496 Ecclesiane
564 1474 670 1501 essent,
695 1477 730 1496 an
756 1477 789 1496 ex
816 1470 1003 1497 Ariomanitis.
1032 1470 1091 1498 Non

313 1513 401 1549 ignari
428 1519 517 1542 autem
543 1515 619 1546 estis.
636 1514 727 1542 dilecti
745 1514 849 1546 Patres,
876 1516 914 1542 rei
937 1523 1018 1550 quam
1040 1516 1091 1551 ipsi

313 1567 364 1588 nos
380 1560 508 1592 edocetis.
530 1560 631 1587 nullam
653 1560 758 1588 scilicet
772 1561 826 1588 vim
849 1561 948 1589 habere
968 1542 1092 1589 inimico-
1105 1542 1126 1571 ο

311 1613 372 1633 rum
390 1606 554 1634 testimonia.
573 1605 709 1633 Caeterum
727 1607 784 1633 haec
803 1613 818 1632 a
835 1606 913 1633 nobis
937 1614 1000 1634 vere
1021 1607 1091 1639 dici,

311 1653 392 1680 testis
411 1653 468 1688 ipsa
485 1652 602 1687 lschyrre
620 1659 727 1684 manus,
748 1656 832 1679 testes
852 1652 917 1686 ipsa:
932 1660 977 1680 res
992 1658 1090 1687 gestae;

312 1699 390 1725 nobis
416 1698 542 1726 nimirum
566 1698 634 1726 nihil
656 1698 774 1726 consciis
797 1699 848 1726 hac
869 1699 973 1726 ratione
1002 1705 1091 1727 actum

312 1743 396 1771 fuisse
416 1752 423 1770 :
445 1743 609 1779 Philagrium
635 1752 726 1772 secum
752 1751 939 1778 assumpsere,
962 1749 990 1771 ut
1011 1746 1091 1778 gladii

313 1789 455 1817 formidine
473 1791 608 1825 minisque
623 1790 761 1823 adhibitis,
779 1798 827 1824 pro
848 1791 998 1818 libidinem
1012 1792 1082 1819 Atha

312 1836 418 1864 uasium
433 1836 631 1870 conspirarent.
653 1836 715 1864 Haec
729 1837 806 1871 quasi
829 1842 961 1871 praesente
977 1837 1032 1865 Deo
1056 1843 1094 1865 te-

313 1882 480 1909 stiﬁcamur:
496 1882 553 1910 hac
569 1882 716 1916 loquimur,
730 1887 760 1909 ut
780 1883 826 1917 qui
849 1888 924 1910 certo
939 1884 1056 1910 sciamus
1076 1891 1092 1911 a

313 1927 369 1955 Deo
385 1928 502 1956 futurum
516 1935 576 1956 esse
589 1928 722 1963 judicium
737 1937 744 1955 :
763 1928 852 1962 cupidi
869 1929 975 1962 quidem
992 1934 1021 1955 ut
1035 1937 1093 1956 om-

1139 135 1325 164 HISTORICA
1343 136 1386 164 ET
1405 136 1613 164 DOGMATICA.
1870 137 1926 167 386

1141 197 1260 232 ετράπη,
1273 195 1341 223 ἀλλὰ
1354 195 1441 223 πάντα
1451 195 1633 230 ψεύδεται,ὠς
1647 196 1692 222 καὶ
1705 196 1785 228 αύτὸς
1809 196 1854 223 διὰ
1877 197 1927 233 τῆς

1139 241 1234 268 ἑαυτοῦ
1249 241 1339 277 χειρὸς
1355 242 1497 277 μαρτυρεῖ.
1519 241 1676 276 Θελήσαντα
1692 241 1746 276 γὰρ
1761 241 1842 268 αὑτὸν
1861 250 1928 269 συν-

1139 287 1255 322 αχθῆναι
1271 287 1341 323 μετὰ
1357 288 1389 314 τὸ
1409 287 1534 314 ἀπελθεῖν
1563 287 1644 314 αὑτὸν
1661 287 1730 322 μετὰ
1745 287 1926 321 Μελιτιανῶν,

1139 333 1186 360 καὶ
1196 332 1306 359 τοιαῦτα
1320 332 1437 368 φημίσαι
1450 331 1521 359 κατὰ
1531 331 1578 358 τοῦ
1593 332 1744 358 ἐπισκόπου
1757 332 1834 368 ἡμῶν
1851 332 1929 360 ’Δθα·

1138 378 1242 409 νασίου,
1255 379 1306 405 οὐκ
1333 377 1456 410 ἐδέξαντο
1480 378 1572 411 αὑτὸν,
1603 378 1689 406 καίτοι
1705 378 1858 414 γράψαντα,
1878 380 1926 406 καὶ

1140 424 1193 460 [δίᾳ
1208 425 1280 460 χειρὶ
1295 424 1499 459 ὁμολογήσαντα
1518 424 1602 460 μηδὲν
1632 423 1735 451 τούτων
1752 425 1925 460 γεγενῆσθαι,

1136 470 1195 498 ἀλλ’
1210 470 1409 505 ύποϐςϐλῆσθαι
1422 470 1475 497 ὑπό
1488 479 1569 497 τινων
1585 470 1672 497 ταῦτα
1686 471 1784 497 εἰπεῖν.
1933 482 1936 490 ι

1174 601 1219 628 Διὸ
1233 602 1280 628 καὶ
1293 602 1415 633 ἐλθόντες
1431 603 1454 628 οἱ
1472 603 1535 638 περὶ
1557 602 1685 636 Θεόγνιον
1708 603 1754 629 καὶ
1775 601 1924 637 Θεόδωρον,

1139 647 1185 674 καὶ
1199 647 1300 683 Μάριν,
1312 648 1358 674 καὶ
1369 648 1545 680 Μακεδόνων,
1558 649 1605 674 καὶ
1615 649 1776 684 Ούρσὰχιον,
1794 649 1841 675 καὶ
1854 647 1926 674 Οὺάρ

1142 693 1233 724 λεντα,
1261 694 1300 725 είς
1326 693 1372 719 τὸν
1397 693 1557 729 Μαρεώτην,
1574 693 1649 720 οὐδὲν
1669 694 1792 729 εὑρόντες
1814 693 1925 728 ἀληθὲς,

1139 738 1207 765 ἀλλὰ
1225 739 1368 774 μέλλοντος
1383 738 1431 765 τοῦ
1451 740 1612 775 πράγματος
1629 739 1788 774 ἐλέγχεσθαι
1798 759 1806 771 ,
1822 740 1864 766 ὅτι.
1879 747 1926 766 συ-

1140 785 1458 820 κοφαντίαν-εἰργάσαντο
1467 786 1538 812 κατὰ
1544 786 1590 813 τοῦ
1602 786 1751 812 ἐπισκόπου
1763 784 1839 820 ήμῶν
1847 784 1927 812 Ἀθα-

1140 830 1243 862 νασίου,
1257 830 1335 857 αὐτοὶ
1350 831 1376 856 οἰ
1389 831 1454 866 περὶ
1469 830 1594 864 Θεόγνιον
1603 851 1611 862 ,
1627 830 1719 866 ἐχθροὶ
1734 830 1924 865 τυγχάνοντες,

1141 877 1203 908 τοὺς
1219 878 1358 911 συγγενεῖς
1381 876 1463 903 αὑτοῦ
1487 877 1533 903 καί
1554 885 1630 908 τινας
1650 876 1854 911 Ἀρειομανίτας
1877 883 1926 902 πε-

1141 923 1287 958 ποιήκασιν
1299 923 1385 948 εἰπεῖν
1399 922 1470 958 ἅπερ
1487 921 1592 957 ἤθελον.
1614 922 1652 949 ού
1667 922 1721 957 γάρ
1738 930 1781 953 τις
1795 921 1842 948 τοῦ
1858 921 1924 948 λαοῦ

1142 968 1213 995 κατὰ
1224 968 1271 995 τοῦ
1288 968 1438 995 ἐπισκόπου
1452 968 1572 1003 εἴρηκεν,
1588 967 1645 995 ἀλλ’
1655 968 1732 994 αὐτοὶ
1743 967 1782 1002 τῷ
1789 967 1864 1002 φόϐῳ
1876 967 1924 994 τοῦ

1142 1014 1262 1049 ἐπάρχου
1277 1014 1326 1049 τῆς
1339 1013 1477 1048 Αἰγύπτου
1492 1013 1649 1048 Φιλαγρίου,
1664 1013 1710 1040 καὶ
1725 1015 1785 1045 ταῖς
1798 1012 1925 1044 ἀπειλαῖς

1141 1060 1189 1086 καὶ
1204 1061 1236 1094 τῇ
1254 1059 1404 1095 προστασίᾳ
1419 1058 1472 1086 τῶν
1493 1059 1701 1095 ’Λρειομανιτῶν
1711 1080 1719 1091 ,
1740 1060 1812 1095 ἅπερ
1826 1058 1926 1094 ὴθέλη-

1143 1113 1191 1131 σαν
1202 1106 1374 1141 πεποιήκασι.
1392 1105 1446 1132 Καὶ
1462 1105 1514 1141 γὰρ
1530 1105 1653 1137 ἐλθόντας
1665 1107 1739 1141 ἡμᾶς
1752 1104 1860 1139 ἐλέγξαι
1873 1105 1926 1140 τὴν

1143 1151 1323 1185 συκοφαντίαν
1346 1150 1395 1177 οὐκ
1418 1150 1579 1185 ἐπέτρεψαν,
1604 1151 1661 1178 ἀλλ’
1683 1151 1851 1186 ἁπέρῥιπτον
1876 1150 1925 1185 μὲν

1141 1197 1224 1231 ἡμᾶς,
1241 1195 1289 1228 οὓς
1301 1196 1329 1222 δὲ
1344 1196 1439 1231 ῆθελον
1464 1196 1705 1231 συσκευαζόμενοι,
1723 1196 1924 1232 προσεδέχοντο,

1142 1244 1189 1270 καὶ
1203 1243 1369 1270 συνετίθεντο
1389 1244 1481 1274 αὐτοῖς
1504 1243 1549 1269 διὰ
1570 1243 1615 1270 τὸν
1641 1243 1722 1277 φόϐον
1735 1242 1781 1269 τοῦ
1805 1243 1926 1277 ἐπάρχου

1141 1289 1284 1324 Φιλαγρίου
1295 1297 1301 1303 ·
1317 1289 1349 1315 δι’
1361 1289 1390 1316 ὃν
1399 1289 1461 1316 οὔτε
1478 1291 1602 1325 παρεῖναι
1615 1290 1688 1325 ἡμᾶς
1703 1289 1864 1324 ἐπέτρεψαν,
1881 1288 1926 1315 ἶνα

1142 1335 1192 1361 κᾶν
1215 1335 1278 1366 τοὺς
1308 1334 1540 1370 ὑποϐαλλομένους
1575 1335 1622 1361 ὑπ’
1651 1334 1739 1361 αὐτῶν
1768 1334 1926 1369 δυνηθῶμεν

1142 1380 1250 1414 ἐλέγξαι
1264 1381 1288 1406 εἰ
1299 1381 1348 1415 τῆς
1369 1380 1529 1416 Ἐκκλησίας
1542 1381 1619 1412 εἰσὶν,
1631 1381 1863 1415 ἢἋρειομανῖται.
1879 1379 1925 1406 0!.

1141 1426 1203 1453 δατε
1213 1426 1242 1453 δὲ
1257 1426 1324 1461 (41),
1338 1427 1474 1461 ἀγαπητοὶ
1488 1426 1618 1462 Πατέρες,
1629 1426 1675 1452 καὶ
1691 1426 1785 1461 ὑμεῖς,
1799 1425 1836 1456 ὡς
1853 1424 1927 1451 διδά-

1143 1480 1222 1498 σκετε
1237 1473 1321 1508 ἡμᾶς,
1344 1472 1384 1498 ὅτι
1408 1471 1512 1510 έχθρῶν
1534 1471 1583 1497 οὑκ
1599 1470 1685 1505 ἰσχύει
1706 1470 1852 1506 μαρτυρία.
1870 1469 1927 1496 Καὶ

1142 1517 1184 1544 δτι
1201 1517 1249 1552 μὲν
1265 1516 1441 1552 ἀληθεύομεν,
1459 1518 1590 1552 μαρτυρεί
1607 1516 1656 1551 μὲν
1671 1517 1719 1542 καὶ
1731 1517 1748 1551 ὴ
1765 1516 1825 1551 χεὶρ
1838 1515 1926 1550 ’ἰσχύ-

1144 1571 1188 1598 ρα,
1205 1564 1338 1599 μαρτυρεῖ
1359 1563 1388 1590 δὲ
1402 1563 1449 1589 καὶ
1467 1562 1523 1598 (42)
1544 1562 1579 1589 τὰ
1600 1562 1751 1598 πράγματα
1769 1561 1858 1594 αὐτὰ,
1871 1562 1924 1593 ὅτι,

1141 1609 1220 1644 ἡμῶν
1238 1608 1320 1644 μηδὲν
1339 1608 1496 1635 συνειδότων
1506 1607 1625 1634 τοιοῦτόν
1635 1617 1661 1634 τι
1675 1608 1851 1643 γεγενῆσθαι,
1864 1607 1927 1634 Φιλ-

1143 1655 1240 1690 άγριον
1263 1653 1415 1690 παρέλαϐον
1439 1653 1497 1688 μεθ’
1522 1653 1635 1687 ἑαυτῶν,
1663 1653 1706 1680 ἵνα
1728 1653 1767 1688 τῷ
1784 1653 1858 1688 φόϐῳ
1877 1652 1926 1679 τοῦ

1141 1701 1234 1734 ξίφους
1260 1700 1307 1726 καὶ
1333 1701 1395 1731 ταῖς
1425 1698 1549 1730 ἀπειλαῖς
1582 1699 1600 1725 ἃ
1629 1698 1765 1734 βούλονται
1795 1699 1927 1725 συσκευά-

1142 1756 1250 1774 σωνται.
1269 1745 1360 1773 Ταῦτα
1372 1746 1409 1778 ὡς
1425 1746 1471 1774 ἐπὶ
1485 1745 1552 1772 Θεοῦ
1576 1745 1777 1782 μαρτυροῦμεν,
1789 1744 1875 1772 ταῦτα
1886 1744 1925 1776 ὡς

1141 1793 1241 1824 ειδότες
1255 1793 1303 1818 καὶ
1322 1792 1455 1827 ἐσομένην
1472 1792 1561 1827 κρίσιν
1574 1792 1649 1827 παρὰ
1661 1791 1728 1818 Θεοῦ
1743 1791 1868 1825 λέγομεν,
1881 1789 1927 1816 θέ-

1140 1839 1231 1870 λοντες
1260 1838 1310 1873 μὲν
1327 1838 1414 1864 ἐλθεῖν
1437 1838 1537 1869 πάντες
1562 1838 1629 1873 πρὸς
1649 1837 1730 1872 ὑμᾶς,
1749 1836 1926 1873 ἀρκεσθέντες

1140 1883 1169 1910 δὲ
1180 1885 1236 1915 τοῖς
1253 1883 1283 1916 ἐξ
1297 1883 1386 1918 ἡμῶν,
1402 1883 1445 1909 ἵνα
1457 1883 1491 1909 τὰ
1504 1883 1652 1919 γράμματα
1664 1883 1712 1918 τὴν
1724 1882 1778 1909 τῶν
1789 1883 1827 1918 μὴ
1839 1889 1927 1917 παρα-

1142 1929 1293 1965 γενομένων
1309 1929 1459 1965 παρουσίαν
1475 1929 1584 1964 ἀποπλη
1589 1928 1674 1965 ρὼσῃ.

313 1968 393 2001 uibus
416 1973 491 2001 nobis
509 1975 543 2001 ad
563 1981 611 2001 vos
636 1973 779 2001 accedendi
807 1973 920 2001 facultas
940 1979 1027 2008 esset;
1049 1981 1091 2002 sat
1119 1984 1180 2004 esse
1203 1975 1254 2002 rati
1289 1979 1397 2007 tamen,
1421 1975 1442 2003 si
1475 1983 1508 2002 ex
1530 1975 1605 2002 uobis
1625 1975 1732 2010 quidam
1753 1975 1842 2003 isthuc
1864 1975 1928 2004 mit-

315 2023 416 2052 tantur,
434 2024 464 2046 ut
480 2019 576 2046 littera
595 2026 649 2046 non
666 2019 847 2046 accedentium
869 2021 941 2047 vices
953 2020 1104 2054 suppleam.

348 2085 472 2121 Ingenius
485 2085 626 2120 presbyter
641 2092 690 2113 vos
701 2085 792 2112 valere
808 2085 834 2112 in
853 2085 965 2111 Domino
981 2090 1092 2120 exopto,
1109 2075 1131 2102 θ

314 2131 404 2160 dilecti
428 2131 522 2158 Patres
543 2131 660 2158 :Theon
684 2131 836 2166 presbyter.
857 2133 1004 2159 Ammonas
1031 2139 1092 2166 pre-

315 2179 416 2214 sbyter,
429 2176 568 2205 lleraclius
588 2177 739 2211 presbyter,
755 2175 841 2203 Bocco
863 2176 1013 2211 presbyter,
1028 2176 1095 2211 Try-

315 2226 370 2261 pho
388 2223 538 2260 presbyter,
562 2222 658 2250 Petrus
681 2222 830 2257 presbyter,
855 2221 954 2249 llierax
979 2223 1094 2258 presby-

316 2277 370 2304 ter,
392 2270 523 2305 Sarapion
548 2269 697 2304 presbyter,
722 2267 828 2302 Marcus
850 2267 1001 2303 presbyter,
1021 2268 1094 2295 Ptol-

317 2317 402 2344 larion
422 2317 571 2351 presbyter,
592 2314 675 2342 Gaius
693 2314 845 2350 presbyter,
870 2313 1011 2341 Dioscorus
1032 2321 1094 2348 pre-

317 2363 427 2398 sbyter,
452 2361 605 2389 Demetrius
637 2360 797 2395 presbyter,
823 2359 948 2395 Thyrsus
980 2360 1094 2394 presby-

319 2411 370 2434 ter.

353 2463 463 2491 Diaconi
473 2471 480 2490 :
490 2461 581 2490 Pistus
595 2461 736 2493 diaconus,
753 2460 862 2496 Apollos
878 2460 1018 2492 diaconus.
1034 2459 1098 2487 Ser-

319 2517 366 2535 ras
377 2509 517 2540 diaconus,
532 2508 623 2535 Pistus
638 2508 778 2538 diaconus,
800 2506 942 2542 Polynicus
956 2506 1098 2537 diaconus,

321 2554 399 2589 152
414 2555 573 2582 Ammonius
592 2553 736 2586 diaconus,
757 2552 867 2580 Maurus
883 2552 1023 2585 diaconus,
1046 2551 1099 2578 He-

320 2601 438 2632 pltarstus
455 2598 594 2630 diaconus.
615 2597 724 2632 Apollos
738 2596 878 2628 diaconus,
894 2596 1013 2630 Metopas
1040 2596 1097 2623 dia-

320 2652 414 2676 conus.
431 2643 547 2677 Serapas
573 2645 710 2675 diaconus,
730 2642 940 2677 Meliphthongus
960 2642 1099 2673 diaconus,

320 2689 419 2717 Lucius
440 2690 576 2723 diaconus,
598 2689 731 2726 Gregoras
747 2689 888 2716 diaconus.

341 2793 413 2854 ἁμι)
430 2793 724 2830 ΚρεηἎρειομανίται.
742 2793 838 2820 Οἴδατε
850 2792 888 2819 δέ.
906 2791 988 2824 Editi,
1003 2791 1098 2819 Οἴδατε

361 2837 384 2854 η.

328 2843 414 2893 ’Ἤνὶὶ
443 2864 495 2889 Καὶ
517 2864 543 2890 in
567 2863 631 2897 lteg.
651 2863 773 2894 habetur,
801 2864 847 2890 sed
863 2863 937 2889 deost
962 2863 988 2889 iu
1010 2862 1098 2889 editis.

1186 2089 1314 2122 Ίγγένιος
1333 2087 1517 2122 πρεσϐύτερος
1527 2086 1662 2122 ἐρρῶσθαι
1677 2087 1749 2122 ὑμᾶς
1765 2086 1879 2123 εὔχομαι
1897 2087 1925 2114 ὲν

1144 2135 1250 2170 Κυρίῳ,
1267 2133 1402 2168 ἀγαπητοὶ
1416 2133 1546 2168 ῐΙατέρες,
1558 2132 1630 2158 Θέων
1645 2133 1838 2168 πρεσϐύτερος,
1861 2133 1926 2169 Ἀμι-

1146 2181 1238 2216 μωνᾶς
1252 2178 1444 2215 πρεσϐύτερος,
1469 2178 1626 2213 Ἡράκλειος
1644 2178 1842 2214 πρεσϐύτερος,
1861 2179 1927 2206 Βόκ-

1145 2235 1199 2253 κων
1223 2225 1421 2260 πρεσϐύτερος,
1449 2224 1564 2260 Τρύφων
1600 2225 1795 2261 πρεσϐύτερος,
1824 2225 1927 2261 Πέτρος

1144 2270 1338 2306 πρεσϐύτερος,
1367 2269 1454 2304 Ἰέραξ
1479 2268 1670 2305 πρεσϐύτερος,
1691 2270 1834 2304 Σαραπίων
1858 2279 1926 2304 πρε-

1144 2316 1284 2351 σϐύτερος,
1311 2315 1424 2350 Μάρκος
1446 2314 1640 2350 πρεσϐύτερος,
1673 2315 1842 2350 Πτολλαρίων
1868 2316 1924 2350 (43)

1143 2361 1336 2398 πρεσϐύτερος,
1345 2361 1422 2392 Γάϊος
1431 2360 1622 2396 πρεσϐύτερος,
1631 2361 1772 2396 Διόσκορος
1782 2361 1928 2396 πρεσϐύτε-

1145 2415 1201 2442 ρος,
1218 2406 1371 2441 Δημήτριος
1392 2405 1590 2441 πρεσϐύτερος,
1612 2405 1716 2440 Θύρσος
1734 2405 1926 2442 πρεσϐύτερος.

1180 2463 1318 2490 Διάκονοι·
1339 2463 1437 2493 Πιστὸς
1461 2462 1601 2494 διάκονος,
1635 2462 1769 2493 Ἀπολλὼς
1795 2462 1926 2495 διάκονος,

1146 2510 1250 2546 Eappa;
1274 2508 1330 2544 (44)
1355 2508 1485 2541 διάκονος,
1508 2509 1606 2540 Πιστὸς
1627 2508 1758 2540 διάκονος,
1783 2509 1928 2541 Πολύνικος

1144 2556 1285 2587 διάκονος,
1308 2554 1461 2590 Ἀμμώνιος
1489 2554 1629 2586 διάκονος,
1658 2554 1767 2590 Μαῦρος
1796 2555 1927 2587 διάκονος,

1145 2600 1295 2634 Ἥφαιστος
1317 2599 1450 2631 διάκονος,
1483 2599 1618 2631 Ἀπολλὼς
1642 2600 1777 2632 διάκονος,
1792 2601 1928 2632 Μετωπᾶς

1145 2645 1277 2677 διάκονος,
1290 2646 1414 2681 Σεραπᾶς
1426 2646 1564 2678 διάκονος,
1581 2645 1769 2680 Μελίφϐογγος
1793 2645 1927 2680 διάκονος,

1147 2691 1258 2723 Λούκιος
1272 2691 1404 2723 διάκονος,
1420 2692 1562 2727 Γρηγορᾶς
1577 2691 1706 2723 διάκονος.

1153 2790 1302 2827 Moxiediti,
1318 2791 1394 2826 ἡμῶν
1406 2792 1517 2825 μέν,ερ‹1
1537 2792 1584 2827 μέν
1595 2793 1667 2818 deost
1682 2791 1706 2827 in
1723 2791 1789 2827 Reg.

1189 2826 1243 2858 (43)
1258 2827 1334 2858 Πειρη
1347 2827 1524 2861 Πτολλαρὶων.
1538 2826 1622 2855 Editt.
1635 2826 1800 2860 Πολλαρίών.

1189 2861 1244 2895 με)
1262 2862 1338 2895 Iit-,g.,
1354 2862 1447 2896 Σέρις.
