2031 3048
269 145 322 176 38‘!

550 143 578 171 S.
597 141 779 170 ATHANASII
799 138 873 168 OPP.
893 140 982 168 PARS
1001 140 1022 167 1,
1045 155 1077 161 -—
1097 136 1282 166 HISTORICA
1303 137 1345 165 ΕΤ
1367 136 1573 164 DOGMATICA.

1828 134 1885 162 388

299 207 347 236 huc
366 212 504 237 accessere,
519 202 652 230 catholica:
671 200 794 228 Ecclesia:
808 202 931 236 episcopi,
948 201 974 226 in
991 199 1044 226 Do-

1129 198 1224 237 τασξζῳ
1243 198 1391 237 clad-(rec
1418 195 1472 230 τῆς
1495 195 1658 230 ωθολικῆς
1681 195 1884 229 Ἑκκλησίας,

298 244 370 270 mino
385 242 504 268 salutent.

300 288 467 317 Arhitramur
481 292 532 312 non
555 284 667 311 ulterius
687 283 820 310 occultam
837 289 897 310 esse
912 282 945 308 ab
962 281 1045 308 Euse-

264 336 319 363 bio.
335 331 482 366 Theoguio,
499 330 576 363 Mari,
593 329 728 363 Narcisso,
746 329 887 356 Theodoro
904 333 930 354 et
952 327 1046 354 Patro-

263 381 336 415 philo
358 379 383 406 in
405 385 453 405 nos
478 376 622 404 conﬂatam
648 375 887 410 conspirationem.
913 374 945 401 Et
973 374 1045 409 prin-

263 428 333 462 cipio
349 426 455 461 quidem
480 431 593 456 omnes,
621 430 669 457 per
694 421 872 449 Athanasium
902 419 1045 447 commini-

262 479 347 500 strum
371 476 508 502 nostrum,
532 469 714 496 recusavintus
736 468 880 503 quominus
908 467 942 494 iis
967 465 1045 501 153

263 517 439 554 prasentibus
469 516 644 550 interrogatio
667 515 829 546 haberetur;
865 513 935 548 quod
963 513 1047 547 probe

263 565 394 592 sciremus
412 563 454 590 vel
466 562 544 589 unius
562 560 664 588 inimici
677 560 860 595 przesentiam,
874 559 969 585 nedum
986 557 1046 592 plu-

266 611 411 641 rimorum,
430 607 665 642 interrogationem
681 605 788 632 turbare
803 611 834 631 ac
846 604 942 631 laadere
957 609 1043 637 p055e.

264 656 322 683 Non
337 654 422 689 ignari
443 653 541 688 quippe
557 652 623 679 estis
635 655 737 686 quanto
762 657 814 676 non
837 656 886 676 nos
905 648 1046 678 duntaxat,

263 701 310 730 sed
326 705 353 729 et
366 707 459 728 omnes
474 698 640 726 ortltodoxos
653 696 715 724 odio
735 695 850 724 habeant
866 703 873 721 :
895 694 950 720 Arii
971 701 1047 720 nam-

263 755 315 781 que
328 745 426 773 furoris
441 745 581 778 itupimque
591 743 649 777 ejus
661 741 791 770 doctrinae
805 748 897 771 causa,
913 741 939 766 in
954 746 1047 767 omnes

264 794 420 827 insurgunt,
433 791 460 818 iu
476 796 572 818 omnes
583 788 748 823 conspirant.
762 786 873 820 Quando
885 792 974 813 autem
987 792 1046 817 nos,

263 839 369 867 veritati
384 837 560 869 conﬁdentes,
569 839 697 863 structam
708 841 722 861 a
738 833 886 861 Meletianis
897 832 1048 868 sycophan-

1129 234 1164 259 ἐν
1175 233 1271 267 Κυρίῳ
1287 233 1409 266 χαίρειν.

1132 279 1230 305 Οὐκέτι
1243 278 1391 314 νομιζομεν
1405 277 1454 313 τὴν
1473 276 1606 312 συσκευὴν
1623 275 1720 312 ἄδηλον
1731 274 1799 302 εἶναι
1811 296 1819 308 ,
1835 276 1884 312 τὴν

1097 324 1172 361 παρὰ
1184 324 1238 352 τῶν
1252 324 1317 361 περὶ
1335 323 1482 356 Εὐσέϐιον,
1505 323 1552 350 καὶ
1565 322 1689 356 Θεόγνιον
1698 342 1706 353 ,
1719 322 1766 349 καὶ
1781 321 1883 357 Μάριν,

1098 371 1144 398 καὶ
1154 371 1318 407 Νάρκισσον,
1338 371 1386 397 καὶ
1402 370 1538 405 θεόδωρον
1552 369 1618 403 (Si),
1645 368 1693 395 καὶ
1715 367 1883 404 Πατρόφιλον

1097 420 1163 454 ἡμῖν
1185 417 1340 452 γινομένην.
1356 417 1410 443 Καὶ
1422 417 1480 442 κατ’
1496 415 1581 451 ἀρχὴν
1597 415 1645 450 μὲν
1669 414 1723 450 γὰρ
1747 414 1884 450 παρῃτού-

1099 465 1169 500 μεθα
1182 465 1281 496 πάντες
1293 463 1338 490 διὰ
1346 462 1393 490 τοῦ
1409 462 1612 498 συλλειτουργοῦ
1628 461 1705 497 ἡμῶν
1714 461 1881 492 Ἀθανασίου,

1098 510 1239 546 παρόντων
1264 508 1353 535 αὐτῶν
1375 508 1425 544 τὴν
1448 507 1579 543 ἀκρόασιν
1606 507 1747 541 γενέσθαι·
1773 506 1882 537 ειδότες,

1097 557 1137 583 ὅτι
1149 556 1195 582 κα).
1209 556 1268 586 ἐνὸς
1284 555 1364 590 μόνου
1372 553 1469 589 ἐχθροῦ
1484 553 1631 589 παρουσία,
1654 553 1752 587 μήτιγε
1768 550 1882 583 πολλῶν,

1097 603 1241 639 ταράττειν
1258 602 1303 628 καὶ
1318 601 1445 636 βλάπτειν
1463 600 1573 626 δύναται
1590 599 1638 634 τὴν
1652 599 1794 634 ἀκρόασιν.
1807 596 1885 624 Οἴδα-

1097 660 1126 677 τε
1143 651 1197 686 γὰρ
1214 649 1262 676 καὶ
1287 649 1366 684 ὑμεῖς
1392 647 1469 674 αὐτοὶ
1492 646 1540 682 τὴν
1555 645 1654 681 ἔχθραν
1676 643 1776 675 αὐτῶν,
1800 643 1834 678 ἢν
1852 642 1884 669 οὑ

1098 696 1165 731 πρὸς
1178 696 1252 731 ἡμᾶς
1269 694 1349 730 μόνον
1370 693 1528 728 ἐσχήκασιν,
1546 690 1613 717 ἀλλὰ
1627 689 1673 716 κα).
1695 689 1763 724 πρὸς
1779 688 1885 719 πάντας

1097 741 1160 773 τοὺς
1171 739 1336 777 ὀρθοδόξους,
1355 739 1395 765 δτι
1411 738 1454 765 διὰ
1467 737 1516 773 τὴν
1527 737 1632 771 Ἀρείου
1651 735 1758 771 μανίαν,
1771 735 1818 760 καὶ
1834 733 1884 769 τὴν

1098 787 1182 822 ἀσεϐῆ
1197 785 1369 813 διδασκαλίαν
1385 784 1489 811 ἐκείνου
1502 783 1572 810 κατὰ
1589 782 1697 809 πάντων
1710 781 1883 816 ἐπιφύονται,

1098 833 1145 859 κα).
1173 833 1239 859 πᾶσι
1269 830 1490 862 συσκευάζονται.
1520 829 1628 864 Ἐπειδὴ
1655 828 1683 854 δὲ
1720 826 1885 863 θαρροῦντες

264 887 328 914 tiam
358 885 487 911 adversus
500 882 649 909 Ecclesiam
667 879 842 914 comprobare
864 878 982 914 aggressi
1001 885 1046 904 su-

1101 879 1176 914 ὴμεῖς
1187 878 1220 912 τῇ
1238 876 1362 912 ἀληθείᾳ,
1377 875 1461 908 δεῖξαι
1476 875 1524 910 τὴν
1543 873 1724 908 συκοφαντίαν
1743 873 1792 908 τὴν
1813 871 1884 898 κατὰ

266 939 341 963 mus,
357 931 510 964 ignoramus
522 935 574 961 quo
586 926 698 953 consilio
714 925 857 952 Eusebiani
879 925 949 951 dicta
965 924 1046 950 inter-

265 976 364 1011 pellare
389 978 478 1000 nostra
505 971 604 1004 conati,
623 970 774 998 testimonia
798 970 879 996 etiam
903 968 1047 1003 repudiare

264 1021 327 1048 totis
342 1019 444 1047 viribus
458 1019 509 1045 nisi
526 1022 605 1049 sunt;
620 1017 682 1043 dum
694 1015 816 1042 sinceros
831 1014 935 1048 iudices
956 1012 1046 1044 minis,

265 1067 334 1094 alios
345 1063 514 1093 contumeliis
530 1062 694 1089 lacesserent
711 1069 718 1086 τ
733 1068 765 1088 eo
785 1061 870 1087 solum
882 1064 913 1086 ut
935 1059 976 1086 sui
999 1058 1047 1085 ad-

265 1119 373 1140 versum
385 1118 434 1138 nos
445 1108 605 1143 assequendi
620 1107 749 1143 propositi
763 1106 839 1141 copia
852 1110 934 1133 esset.
947 1105 979 1132 Et
995 1104 1049 1132 lor-

266 1165 339 1188 tasse
359 1157 448 1186 divina
472 1159 563 1183 vestra
585 1155 687 1189 pietas,
714 1152 814 1180 domini
835 1151 1047 1183 honoratissimi,

265 1211 358 1232 eorum
373 1192 515 1237 ignorabat
537 1198 765 1233 conspirationem
792 1204 798 1222 :
824 1197 871 1224 sed
887 1196 1050 1223 arbitramur

266 1259 325 1279 eam
339 1257 410 1278 nunc
428 1255 488 1276 esse
504 1246 688 1281 conspicuam.
701 1242 748 1271 Nae
761 1243 799 1271 illi
820 1250 895 1270 suam
917 1242 967 1278 ipsi
985 1250 1048 1277 pro-

265 1297 359 1324 didere
374 1293 588 1329 conjurationem
605 1299 611 1318 :
628 1298 661 1318 ex
674 1290 755 1318 sociis
774 1295 892 1323 namque
907 1288 962 1315 suis
976 1288 1051 1315 viros

267 1343 346 1370 nobis
364 1344 504 1375 suspectos
531 1338 620 1373 legare
637 1337 815 1364 decreverunt
840 1335 866 1361 itt
887 1334 1049 1367 Mareotem;

267 1393 298 1415 ut
311 1388 388 1415 nobis
402 1385 558 1413 absentibus
582 1389 610 1411 et
631 1383 674 1410 hic
699 1381 912 1413 remanentibus,
940 1379 1051 1415 populos

267 1433 385 1464 turbare,
408 1436 436 1459 et
456 1430 587 1458 arbitratu
618 1435 668 1456 suo
695 1434 776 1462 agere
799 1426 915 1453 valeant.
948 1424 1052 1453 Norunt

265 1480 338 1509 enim
355 1476 536 1506 Ariomanitas
547 1479 560 1508 ,'
572 1474 758 1503 Colluthianos
774 1477 801 1500 et
825 1472 981 1500 Meletianos
1001 1472 1051 1499 Ec-

266 1527 356 1554 clesiae
370 1526 460 1552 hostes
470 1531 532 1551 esse
548 1531 556 1550 :
573 1521 749 1557 quamobrem
774 1520 823 1547 hos
840 1519 913 1555 ipsos
935 1526 967 1547 eo
989 1518 1051 1546 mit-

265 1575 361 1602 tendos
378 1573 517 1601 curarunt,
534 1573 562 1596 ut
584 1569 609 1595 in
630 1566 772 1602 praesentia
796 1553 966 1593 inimicorum
991 1553 1084 1599 quaec

264 1619 402 1647 voluerint
418 1618 443 1644 in
459 1623 509 1643 nos
522 1614 720 1642 machinentur.
737 1612 842 1640 Etenim
861 1612 907 1646 qui
929 1611 973 1639 hic
988 1618 1050 1638 ver-

266 1674 314 1695 san
320 1671 361 1693 tur
373 1662 508 1691 Melctiani
517 1661 573 1696 jam
584 1668 615 1688 ex
628 1659 683 1687 suis
693 1659 822 1694 quosdam
835 1657 924 1684 isthuc
935 1656 1049 1683 misere:

267 1714 321 1740 imo
336 1715 452 1746 quatuor
466 1713 530 1736 ante
546 1707 639 1734 diebus
652 1725 660 1739 ,
675 1705 751 1741 gnari
773 1704 874 1731 scilicet
892 1703 961 1729 hanc
977 1702 1050 1729 futu-

267 1768 325 1788 ram
339 1765 400 1786 esse
419 1754 640 1792 perquisitionem
650 1771 659 1784 ,
673 1750 828 1778 veredarios
849 1747 900 1776 sub
912 1755 1051 1783 vesperam

267 1807 317 1834 viae
336 1803 507 1833 commisere.
526 1800 571 1835 qui
591 1799 747 1826 Meletianos
764 1803 797 1823 ex
813 1795 931 1830 Egypto
948 1794 973 1821 in
994 1793 1052 1820 Ma»

256 1858 386 1883 ireotem,
403 1850 447 1877 ubi
463 1856 497 1875 ne
512 1854 580 1874 unus
604 1845 711 1880 quidem
741 1850 834 1870 eorum
856 1841 959 1872 aderat,
973 1847 1053 1873 coge-

266 1903 343 1929 rent;
359 1905 393 1924 ex
408 1896 520 1929 aliisque
532 1892 599 1920 locis
611 1890 797 1918 Colluthianos
817 1891 844 1914 et
861 1887 1052 1918 Ariomanltas,

267 1950 336 1977 quos
347 1942 380 1968 de
395 1928 536 1967 calumniis
550 1937 576 1964 in
594 1943 643 1962 nos
655 1933 808 1962 deferendis
821 1936 882 1959 ante
899 1928 1051 1959 monerent.

268 1989 356 2016 Probe
370 1992 486 2021 namque
503 1982 662 2011 meministis
675 1982 761 2016 ipsum
782 1986 873 2006 coram
890 1977 968 2005 vobis
985 1984 1052 2004 con-

268 2033 530 2068 ﬁassumlschyram,
551 2037 604 2056 non
622 2028 682 2063 plus
707 2031 810 2061 septem
828 2032 888 2052 esse
915 2023 962 2059 qui
988 2030 1054 2050 con-

267 2081 394 2108 ventibus
406 2077 533 2105 intersint
547 2075 614 2103 suis.
634 2072 856 2111 Quandoquidem
872 2071 964 2106 igitur,
980 2074 1054 2105 post—

267 2134 350 2162 quam
365 2125 497 2152 arbitratu
513 2129 562 2150 suo
578 2122 634 2148 hac
650 2124 713 2146 sunt
732 2118 897 2150 machinati,
911 2122 1052 2152 postquam

268 2178 409 2209 suspectos
423 2170 513 2198 isthuc
524 2169 622 2196 misere
636 2168 708 2194 viros
718 2186 726 2198 ,
745 2165 925 2199 comperimus
937 2172 984 2191 eos
996 2164 1054 2191 sin-

1097 925 1146 960 τῆς
1169 923 1330 958 Ἐκκλησίας
1345 922 1398 948 ὑπὸ
1408 921 1462 949 τῶν
1475 920 1643 948 Μελιτιανῶν
1660 919 1806 954 γινομένην
1823 917 1886 953 ἠθε-

1097 971 1230 1006 λήσαμεν,
1250 970 1299 996 οὐκ
1313 968 1423 1003 οἴδαμεν
1447 967 1506 999 πῶς
1525 968 1550 993 ol
1562 967 1625 1003 περ).
1642 966 1771 992 Εὑσέῦιον
1785 964 1886 1000 ταράτ-

1097 1026 1154 1045 τειν
1174 1016 1209 1043 τὰ
1236 1016 1301 1051 παρ’
1326 1015 1404 1051 ἡμῶν
1433 1014 1567 1049 λεγόμενα
1592 1012 1750 1048 ἐπειρῶντο,
1777 1011 1824 1038 καὶ
1838 1010 1885 1037 ἐπὶ

1099 1063 1165 1090 πολὺ
1179 1061 1343 1093 ἐσπούδαζον
1361 1060 1395 1087 τὰ
1419 1059 1482 1095 παρ’
1506 1059 1582 1095 ἡμῶν
1602 1059 1736 1093 λεγόμενα
1757 1057 1885 1084 ἐκϐάλλε-

1100 1109 1173 1141 σθαι,
1189 1110 1246 1140 τοῖς
1276 1108 1325 1144 μὲν
1357 1107 1493 1143 ἀκεραίως
1521 1105 1674 1138 δικάζουσιν
1701 1103 1885 1134 ἀπειλοῦντες,

1099 1155 1161 1186 τοὺς
1180 1154 1208 1180 δὲ
1229 1153 1276 1180 καὶ
1301 1152 1467 1189 ὑϐρίζοντες,
1500 1151 1579 1186 μόνον
1607 1151 1650 1177 ἵνα
1673 1151 1703 1177 τὸ
1723 1149 1783 1177 καθ’
1804 1147 1886 1184 ἡμῶν

1100 1199 1315 1235 σπουδαζόμενον
1331 1199 1422 1231 αὐτοῖς
1446 1199 1569 1233 γένηται.
1589 1198 1645 1224 Καὶ
1668 1197 1733 1228 ἴσως
1759 1196 1776 1231 ἡ
1795 1195 1886 1226 ἔνθεος

1100 1246 1177 1282 ὑμῶν
1193 1245 1331 1277 εὐλάϐεια,
1345 1245 1434 1280 κύριοι
1451 1244 1620 1280 τιμιώτατοι,
1635 1243 1728 1278 ἠγνόει
1747 1243 1795 1277 τὴν
1810 1249 1887 1276 γενο-

1101 1293 1185 1329 μένην
1199 1293 1264 1328 παρ’
1284 1292 1373 1319 αὐτῶν
1393 1293 1545 1328 συσκευήν·
1575 1291 1643 1318 ἀλλά
1671 1289 1719 1316 νῦν
1739 1289 1886 1324 νομίζομεν

1100 1338 1219 1374 φανερὰν
1234 1337 1396 1374 γεγενῆσθαι
1409 1338 1505 1373 αὑτήν.
1516 1337 1582 1364 Ἰδοὺ
1593 1336 1647 1372 γὰρ
1669 1335 1793 1371 φανερῶς
1809 1334 1888 1361 αὐτοὶ

1100 1386 1148 1422 τὴν
1164 1385 1297 1420 συσκευὴν
1309 1383 1472 1417 ἐνεδείξαντο
1484 1391 1492 1399 ο
1509 1384 1570 1414 τοὺς
1583 1382 1638 1418 γάρ
1661 1381 1690 1414 ἐξ
1714 1381 1801 1409 αὐτῶν
1821 1381 1889 1406 ὑπο-

1101 1431 1283 1466 πτευομένους
1295 1429 1452 1457 ἀποστεῖλαι
1468 1428 1601 1464 ἠθέλησαν
1614 1429 1653 1459 εἰς
1668 1428 1714 1454 τὸν
1724 1425 1887 1463 Μαρεώτην,

1101 1477 1154 1510 ἵνα,
1178 1477 1302 1504 ἀπόντων
1330 1474 1409 1511 ήμῶν
1437 1475 1483 1502 καὶ
1507 1473 1623 1501 ἐνταῦθα
1651 1473 1804 1509 μενόντων,
1823 1471 1888 1503 τοὺς

1101 1523 1182 1555 λαοὺς
1197 1522 1253 1559 (55)
1265 1521 1430 1557 ταράξωσιν,
1447 1521 1465 1548 ἃ
1480 1521 1508 1548 δὲ
1527 1521 1664 1556 βούλονται
1675 1518 1887 1555 διαπράξωνται.

1101 1567 1178 1596 Εἶδον
1194 1569 1265 1605 γὰρ,
1279 1569 1320 1595 ὃτι
1340 1569 1364 1595 οἱ
1391 1568 1602 1604 ’Δρειομανῖται,
1626 1567 1674 1593 καὶ
1697 1564 1890 1593 Κολλουθιανοὶ

1101 1617 1148 1643 καὶ
1168 1615 1334 1648 Μελιτιανοὶ,
1357 1614 1449 1650 ἐχθροὶ
1473 1613 1524 1649 τῆς
1554 1612 1700 1647 καθολικῆς
1729 1609 1890 1646 Ἑκκλησίας

1101 1661 1154 1688 εἰσί
1166 1670 1172 1676 ·
1194 1660 1239 1688 διὰ
1247 1661 1326 1687 τοῦτο
1339 1660 1507 1687 ἐσπούδασαν
1521 1659 1677 1687 ἀποστεῖλαι
1693 1658 1815 1690 τούτους,
1832 1657 1889 1689 ἵνα,

1102 1708 1242 1744 παρόντων
1270 1707 1375 1743 ἐχθρῶν
1385 1727 1392 1740 ,
1411 1706 1565 1733 καττύσωσι
1585 1705 1645 1733 καθ’
1660 1705 1738 1741 ἡμῶν
1749 1704 1766 1731 ἃ
1779 1704 1889 1739 βούλον-

1101 1763 1156 1781 ται.
1172 1754 1227 1780 Καὶ
1237 1753 1290 1788 γὰρ
1301 1753 1326 1780 οἱ
1343 1752 1459 1779 ἐνταῦθα
1474 1752 1528 1779 τῶν
1541 1751 1710 1779 Μελιτιανῶν
1728 1749 1892 1777 ἀπέστειλαν

1102 1801 1132 1833 ἐξ
1146 1800 1249 1827 ἑαυτῶν
1261 1799 1317 1836 (56)
1343 1807 1418 1830 τινας
1428 1819 1435 1831 ,
1451 1800 1498 1825 καὶ
1522 1799 1576 1834 πρὸ
1593 1798 1733 1833 τεσσάρων
1755 1797 1804 1831 μὲν
1819 1798 1891 1832 ἠμε-

1104 1847 1168 1882 ρῶν,
1190 1845 1285 1881 ὥσπερ
1310 1845 1410 1876 εἰδότες
1435 1844 1513 1871 τοῦτο
1536 1844 1568 1871 τὸ
1597 1844 1707 1879 σκέμμα
1731 1844 1893 1878 γιγνόμενον

1103 1892 1223 1924 ἔσεσθαι,
1249 1893 1296 1920 καὶ
1319 1892 1438 1928 ἑσπέραν
1463 1891 1491 1918 δὲ
1517 1891 1692 1927 βηριδαρίους-
1707 1891 1762 1926 (57)
1779 1889 1847 1925 πρὸς
1861 1889 1893 1916 τὸ

1103 1937 1149 1964 καὶ
1161 1937 1215 1964 ἀπὸ
1237 1938 1287 1973 τῆς
1308 1938 1446 1972 Αἰγύπτου
1467 1937 1644 1969 Μελιτιανοὺς
1666 1938 1829 1970 συναγαγεῖν
1851 1937 1892 1967 εἰς

1102 1983 1148 2010 τὸν
1163 1983 1324 2019 Μαρεώτην,
1341 1984 1385 2010 διὰ
1401 1983 1431 2010 τὸ
1447 1983 1483 2018 μὴ
1494 1980 1563 2010 εἶναι
1578 1983 1637 2009 ἐκεῖ
1649 1981 1750 2018 μηδένα
1764 1981 1891 2012 καθόλου,

1103 2029 1149 2055 καὶ
1165 2028 1377 2059 Κολλουθιανοὺς
1392 2028 1438 2055 καὶ
1459 2027 1662 2063 Ἀρειομανίτας
1677 2025 1730 2053 ἀπὸ
1746 2025 1834 2052 ἄλλων
1848 2025 1893 2052 τό-

1104 2082 1172 2105 πων,
1188 2073 1235 2099 καὶ
1252 2073 1384 2100 καττΰσαι
1395 2072 1455 2100 καθ’
1470 2073 1547 2108 ἡμῶν
1565 2073 1663 2104 αὐτοὺς
1676 2072 1777 2106 λέγειν.
1794 2072 1892 2099 Οἴδατε

1102 2119 1157 2154 γάρ
1170 2119 1218 2145 καὶ
1231 2120 1326 2154 ὑμεῖς,
1350 2120 1391 2146 ὅτι
1411 2119 1491 2151 αὐτὸς
1509 2118 1632 2154 Ἰσχύρας
1652 2118 1826 2153 ὡμολόγησεν
1848 2118 1892 2152 ἐφ’

1103 2164 1180 2199 ὑμῶν
1196 2165 1226 2191 οὐ
1239 2165 1320 2192 πλέον
1339 2165 1408 2191 ἑπτὰ
1431 2165 1621 2200 συναγομένων
1643 2164 1725 2199 ἐχειν.
1752 2164 1828 2191 Ἐπεὶ
1844 2162 1893 2191 οὖν

269 2221 392 2256 gulorum
422 2221 541 2245 vestrum
570 2214 745 2242 circumcirca
773 2211 984 2244 subscriptiones
1006 2219 1050 2245 po-

1108 2210 1176 2246 μετὰ
1190 2211 1220 2238 τὸ
1233 2211 1332 2243 αὐτοὺς
1355 2211 1560 2238 κατασκευάσαι
1587 2211 1656 2246 ὅπερ
1673 2210 1811 2245 βούλονται
1821 2231 1828 2243 ,
1845 2211 1893 2238 καὶ

269 2266 380 2299 stularc,
408 2269 437 2291 ut
462 2262 582 2290 omnium
611 2264 730 2287 vestrum
757 2265 890 2285 consensu
916 2265 960 2284 res
979 2263 1054 2292 gesta

267 2314 410 2341 videatur:
432 2318 464 2338 ea
487 2316 552 2336 sane
578 2306 655 2334 nobis
675 2313 755 2333 causa
781 2304 828 2331 fuit
852 2304 956 2331 litteras
978 2305 1054 2332 vobis

269 2358 467 2394 quamprimum
482 2355 586 2389 hocque
602 2351 784 2380 testimonium
805 2350 936 2377 tradendi.
953 2349 1053 2377 Conte-

269 2410 373 2434 stamur
389 2403 460 2431 enim
475 2409 525 2428 nos
547 2398 793 2434 conspirationibus
814 2397 971 2432 insidiisque
991 2397 1053 2424 illo-

268 2459 330 2481 rum
347 2457 439 2485 opera,
456 2447 615 2481 illorumque
630 2452 712 2472 causa
733 2443 822 2479 appeti
838 2451 846 2470 :
861 2450 1052 2477 rogamusque,

268 2502 301 2525 ut
317 2497 365 2524 Dei
380 2497 475 2523 timore
487 2493 512 2520 in
526 2496 615 2520 mente
626 2494 770 2524 suscepto,
785 2489 967 2524 improbantes
983 2489 1054 2523 quod

271 2544 341 2572 clam
356 2541 433 2570 nobis
444 2546 510 2576 quos
522 2536 629 2566 libuerit
643 2535 778 2567 miserint,
794 2541 846 2561 non
856 2534 1053 2567 subscribatis;

308 2691 365 2727 (54)
401 2688 471 2716 Edili
501 2686 639 2727 mendose,
659 2684 798 2727 ρεόεριλον.
830 2682 884 2727 ﬁed
910 2682 983 2727 liega
1008 2682 1053 2727 llic

270 2732 300 2756 et
310 2717 345 2754 ‘in
356 2717 363 2725 ’
378 2727 526 2759 sequeule_
533 2721 645 2755 epistola
655 2756 660 2759 _
671 2717 817 2759 Θεόδωρον.
830 2718 893 2759 Mos.
916 2717 983 2759 Kcr'
1002 2718 1053 2759 ἀρ-

271 2753 336 2799 χὴν⁸
353 2761 403 2799 μὲν
419 2753 484 2799 ’γάρ
506 2753 581 2799 ﬂag.
594 2760 633 2799 let
655 2756 690 2799 ita
716 2755 743 2781 in
758 2753 894 2799 _‘sequettt‘i
913 2754 994 2799 epist.
1009 2754 1051 2799 rh:

271 2787 419 2831 ἓδὶιίέγάρ
437 2787 646 2831 δθὶὸῐ.“ἸῙ)ίι1θιιὶ
662 2789 783 2831 ιξίιξεκίιι
803 2789 853 2816 bac
877 2787 989 2831 epistola
1007 2787 1051 2828 διά

272 2823 320 2860 τοῦ
338 2823 623 2862 συλλὲιτουργοῦ,ειιιιι
638 2825 728 2862 editis.
743 2824 902 2862 Insequenti
918 2830 981 2851 vero
997 2823 1053 2858 epi-

275 2859 355 2898 stola,
370 2865 429 2900 δίχα
441 2859 487 2891 τοῧ
500 2859 722 2896 συλλειτουργοῦ,
737 2859 874 2887 mendose.

1105 2258 1263 2285 ἀποστεῖλαι
1279 2259 1342 2290 τοὺς
1357 2258 1504 2290 ὑπόπτους,
1519 2257 1688 2293 ἠκούσαμεν,
1700 2258 1740 2284 ὃτι
1755 2257 1817 2284 καθ’
1831 2258 1895 2284 ἕκα-

1107 2313 1168 2330 στον
1191 2303 1268 2339 ὑμῶν
1293 2303 1499 2339 περιερχόμενοι
1522 2303 1684 2330 ἀπαιτοῦσιν
1717 2304 1892 2339 ὑπογραφὴν,

1105 2350 1173 2386 πρὸς
1184 2350 1214 2376 τὸ
1232 2350 1319 2376 δοκεῖν
1331 2350 1363 2384 τῇ
1378 2350 1485 2376 πάντων
1501 2349 1578 2385 ὑμῶν
1597 2349 1692 2384 σκέψει
1709 2350 1893 2385 γεγενῆσθαι·

1104 2397 1197 2423 τούτου
1215 2396 1307 2423 ἕνεκεν
1326 2395 1430 2431 γράψαι
1446 2395 1509 2431 ὑμῖν
1523 2396 1704 2431 ὴπείχθημεν,
1725 2396 1771 2423 καὶ
1786 2396 1895 2422 ἐπιδοῦι

1105 2452 1149 2470 ναι
1161 2443 1219 2470 τόδε
1235 2443 1265 2469 τὸ
1280 2443 1428 2478 μαρτύριον
1441 2451 1447 2457 ·
1467 2442 1666 2478 μαρτυρόμενοι
1693 2442 1753 2478 μὲν,
1777 2443 1818 2469 ὃτι
1845 2451 1894 2469 συ-

1106 2488 1293 2524 σκευαζόμεθα
1307 2489 1355 2515 καὶ
1371 2489 1510 2524 πάσχομεν
1524 2489 1570 2515 ὑπ’
1581 2489 1671 2516 αὐτῶν
1687 2489 1734 2516 καὶ
1751 2489 1785 2516 δι’
1801 2490 1895 2516 αὐτῶν

1106 2534 1260 2570 ἐπιϐουλὴν,
1278 2534 1416 2568 ἀξιοῦντες
1437 2535 1464 2562 δὲ
1490 2536 1564 2567 ὅπως
1588 2536 1617 2562 ἐν
1642 2535 1680 2571 νῷ
1702 2535 1831 2567 λαϐόντες
1847 2536 1895 2563 τὸν

1142 2676 1199 2748 (55)
1214 2676 1242 2704 1η
1258 2669 1380 2711 sequenti
1391 2676 1516 2710 epistola,
1531 2677 1594 2709 τοὺς
1605 2677 1653 2712 μὲν
1661 2677 1752 2709 λαούς.

1153 2713 1197 2747 56)
1210 2712 1277 2746 Reg.
1293 2711 1323 2744 ἐξ
1337 2712 1451 2740 ἑαυτῶν.
1462 2711 1491 2740 ln
1506 2714 1628 2747 sequenti
1644 2720 1707 2740 vero
1721 2713 1752 2740 idt

1125 2711 1197 2754 _(56)
1210 2712 1277 2746 Reg.
1293 2711 1323 2744 ἐξ
1337 2712 1451 2740 ἑαυτῶν.
1462 2711 1491 2740 ln
1506 2711 1628 2747 sequenti
1644 2720 1707 2740 vero
1721 2713 1791 2740 idem
1806 2712 1836 2746 ἐξ
1847 2713 1894 2739 αὗ-

1104 2757 1314 2824 ΪἜῚΠξεμξῃ
1339 2782 1460 2824 sequenti
1478 2782 1557 2817 epist.
1587 2782 1615 2824 δέ
1634 2783 1682 2824 δύο
1709 2783 1894 2824 ξηριδαρίους.

1105 2819 1174 2888 ﬁtng
1284 2818 1390 2847 Comm.
1413 2822 1441 2846 et
1460 2825 1526 2846 mss.
1558 2818 1628 2854 πρὸς
1640 2819 1694 2855 ντό.
1715 2818 1787 2847 Edit.
1805 2818 1895 2846 Paris.
