  <div class='ocr_page' id='page_1' title='image "/cluster/home/n/w/nwhite01/storage/ocr_20150623/25/njp.32101010944591/480.png"; bbox 0 0 2031 3048; ppageno 0'>
   <div class='ocr_carea' id='block_1_1' title="bbox 131 156 181 184">
    <p class='ocr_par' dir='ltr' id='par_1_1' title="bbox 131 156 181 184">
     <span class='ocr_line' id='line_1_1' title="bbox 131 156 181 184; baseline 0 -1"><span class='ocrx_word' id='word_1_1' title='bbox 131 156 181 184; x_wconf 70' lang='lat'><strong>589</strong></span> 
     </span>
    </p>
   </div>
   <div class='ocr_carea' id='block_1_2' title="bbox 696 156 1206 186">
    <p class='ocr_par' dir='ltr' id='par_1_2' title="bbox 696 156 1206 186">
     <span class='ocr_line' id='line_1_2' title="bbox 696 156 1206 186; baseline 0.002 -3"><span class='ocrx_word' id='word_1_2' title='bbox 696 156 865 184; x_wconf 71' lang='lat' dir='ltr'><strong>APOLOGIA</strong></span> <span class='ocrx_word' id='word_1_3' title='bbox 883 156 1023 186; x_wconf 72' lang='lat' dir='ltr'><strong>CONTRA</strong></span> <span class='ocrx_word' id='word_1_4' title='bbox 1044 157 1206 186; x_wconf 81' lang='lat' dir='ltr'><strong>ARIANOS.</strong></span> 
     </span>
    </p>
   </div>
   <div class='ocr_carea' id='block_1_3' title="bbox 1700 157 1754 189">
    <p class='ocr_par' dir='ltr' id='par_1_3' title="bbox 1700 157 1754 189">
     <span class='ocr_line' id='line_1_3' title="bbox 1700 157 1754 189; baseline 0.037 -2"><span class='ocrx_word' id='word_1_5' title='bbox 1700 157 1754 189; x_wconf 68' lang='lat'><strong>$90</strong></span> 
     </span>
    </p>
   </div>
   <div class='ocr_carea' id='block_1_4' title="bbox 129 211 909 256">
    <p class='ocr_par' dir='ltr' id='par_1_4' title="bbox 129 211 909 254">
     <span class='ocr_line' id='line_1_4' title="bbox 129 211 909 254; baseline 0.008 -15"><span class='ocrx_word' id='word_1_6' title='bbox 129 214 173 240; x_wconf 79' lang='grc' dir='ltr'>τοῦ</span> <span class='ocrx_word' id='word_1_7' title='bbox 191 211 260 240; x_wconf 79' lang='grc' dir='ltr'>Θεοῦ</span> <span class='ocrx_word' id='word_1_8' title='bbox 277 213 373 248; x_wconf 72' lang='grc' dir='ltr'>φόϐον,</span> <span class='ocrx_word' id='word_1_9' title='bbox 389 214 435 241; x_wconf 79' lang='grc' dir='ltr'>καὶ</span> <span class='ocrx_word' id='word_1_10' title='bbox 461 216 658 250; x_wconf 84' lang='grc' dir='ltr'>καταγνόντες,</span> <span class='ocrx_word' id='word_1_11' title='bbox 673 217 713 243; x_wconf 80' lang='grc' dir='ltr'><strong>ὅτι</strong></span> <span class='ocrx_word' id='word_1_12' title='bbox 735 217 820 253; x_wconf 77' lang='grc' dir='ltr'>χωρὶς</span> <span class='ocrx_word' id='word_1_13' title='bbox 839 219 909 254; x_wconf 66' lang='grc' dir='ltr'>ἡμῶι</span> 
     </span>
    </p>
   </div>
   <div class='ocr_carea' id='block_1_5' title="bbox 960 211 1740 256">
    <p class='ocr_par' dir='ltr' id='par_1_5' title="bbox 968 219 1740 256">
     <span class='ocr_line' id='line_1_5' title="bbox 968 219 1740 256; baseline 0.003 -10"><span class='ocrx_word' id='word_1_14' title='bbox 968 223 997 246; x_wconf 81' lang='grc' dir='ltr'><strong>ιιι</strong></span> <span class='ocrx_word' id='word_1_15' title='bbox 1011 227 1044 247; x_wconf 91' lang='lat' dir='ltr'><strong>ne</strong></span> <span class='ocrx_word' id='word_1_16' title='bbox 1056 227 1116 254; x_wconf 59' lang='lat' dir='ltr'><strong>quas</strong></span> <span class='ocrx_word' id='word_1_17' title='bbox 1126 219 1163 246; x_wconf 92' lang='lat' dir='ltr'><strong>illi</strong></span> <span class='ocrx_word' id='word_1_18' title='bbox 1174 220 1245 247; x_wconf 87' lang='lat' dir='ltr'><strong>inter</strong></span> <span class='ocrx_word' id='word_1_19' title='bbox 1260 226 1290 247; x_wconf 89' lang='lat' dir='ltr'><strong>se</strong></span> <span class='ocrx_word' id='word_1_20' title='bbox 1305 219 1502 253; x_wconf 88' lang='lat' dir='ltr'><strong>machinantnr,</strong></span> <span class='ocrx_word' id='word_1_21' title='bbox 1517 220 1574 248; x_wconf 57' lang='lat' dir='ltr'><strong>hate</strong></span> <span class='ocrx_word' id='word_1_22' title='bbox 1585 220 1661 256; x_wconf 83' lang='lat' dir='ltr'><strong>quasi</strong></span> <span class='ocrx_word' id='word_1_23' title='bbox 1677 229 1692 248; x_wconf 80' lang='grc' dir='ltr'><strong>ιι</strong></span> <span class='ocrx_word' id='word_1_24' title='bbox 1705 226 1740 248; x_wconf 84' lang='lat' dir='ltr'><strong>vo</strong></span> 
     </span>
    </p>
   </div>
   <div class='ocr_carea' id='block_1_6' title="bbox 128 259 913 301">
    <p class='ocr_par' dir='ltr' id='par_1_6' title="bbox 128 259 913 301">
     <span class='ocr_line' id='line_1_6' title="bbox 128 259 913 301; baseline 0.008 -15"><span class='ocrx_word' id='word_1_25' title='bbox 128 259 290 287; x_wconf 77' lang='grc' dir='ltr'><strong>ἀπέστειλαν</strong></span> <span class='ocrx_word' id='word_1_26' title='bbox 303 259 350 292; x_wconf 82' lang='grc' dir='ltr'><strong>οὓς</strong></span> <span class='ocrx_word' id='word_1_27' title='bbox 363 260 511 297; x_wconf 74' lang='grc' dir='ltr'>ἠθέλησαν,</span> <span class='ocrx_word' id='word_1_28' title='bbox 529 263 566 298; x_wconf 78' lang='grc' dir='ltr'><strong>μὴ</strong></span> <span class='ocrx_word' id='word_1_29' title='bbox 584 264 777 300; x_wconf 78' lang='grc' dir='ltr'>ὑπογρᾶψητε,</span> <span class='ocrx_word' id='word_1_30' title='bbox 802 265 843 292; x_wconf 83' lang='grc' dir='ltr'><strong>ἵνα</strong></span> <span class='ocrx_word' id='word_1_31' title='bbox 866 265 913 301; x_wconf 80' lang='grc' dir='ltr'><strong>μὴ,</strong></span> 
     </span>
    </p>
   </div>
   <div class='ocr_carea' id='block_1_7' title="bbox 128 306 914 348">
    <p class='ocr_par' dir='ltr' id='par_1_7' title="bbox 128 306 914 348">
     <span class='ocr_line' id='line_1_7' title="bbox 128 306 914 348; baseline 0.006 -15"><span class='ocrx_word' id='word_1_32' title='bbox 128 307 196 343; x_wconf 76' lang='grc' dir='ltr'>ἅπερ</span> <span class='ocrx_word' id='word_1_33' title='bbox 212 306 288 334; x_wconf 71' lang='grc' dir='ltr'>,ιίντοὶ</span> <span class='ocrx_word' id='word_1_34' title='bbox 303 307 364 334; x_wconf 83' lang='grc' dir='ltr'>καθ’</span> <span class='ocrx_word' id='word_1_35' title='bbox 380 309 493 340; x_wconf 78' lang='grc' dir='ltr'>ἑαυτοὺς</span> <span class='ocrx_word' id='word_1_36' title='bbox 509 310 665 342; x_wconf 83' lang='grc' dir='ltr'>καττύουσι,</span> <span class='ocrx_word' id='word_1_37' title='bbox 690 310 777 337; x_wconf 81' lang='grc' dir='ltr'>ταῦτα</span> <span class='ocrx_word' id='word_1_38' title='bbox 794 311 832 343; x_wconf 82' lang='grc' dir='ltr'><strong>ὡς</strong></span> <span class='ocrx_word' id='word_1_39' title='bbox 849 312 914 348; x_wconf 86' lang='grc' dir='ltr'>παρ’</span> 
     </span>
    </p>
   </div>
   <div class='ocr_carea' id='block_1_8' title="bbox 128 352 915 393">
    <p class='ocr_par' dir='ltr' id='par_1_8' title="bbox 128 352 915 393">
     <span class='ocr_line' id='line_1_8' title="bbox 128 352 915 393; baseline 0.008 -14"><span class='ocrx_word' id='word_1_40' title='bbox 128 352 203 388; x_wconf 78' lang='grc' dir='ltr'>ὑμῶν</span> <span class='ocrx_word' id='word_1_41' title='bbox 224 353 375 388; x_wconf 81' lang='grc' dir='ltr'>γιγνόμενα</span> <span class='ocrx_word' id='word_1_42' title='bbox 397 354 506 389; x_wconf 83' lang='grc' dir='ltr'>λέγωσι.</span> <span class='ocrx_word' id='word_1_43' title='bbox 531 356 586 382; x_wconf 76' lang='grc' dir='ltr'><strong>Καὶ</strong></span> <span class='ocrx_word' id='word_1_44' title='bbox 604 357 658 391; x_wconf 81' lang='grc' dir='ltr'>γὰρ</span> <span class='ocrx_word' id='word_1_45' title='bbox 687 358 788 393; x_wconf 80' lang='grc' dir='ltr'>πρέπει</span> <span class='ocrx_word' id='word_1_46' title='bbox 808 359 871 390; x_wconf 84' lang='grc' dir='ltr'>τοὺς</span> <span class='ocrx_word' id='word_1_47' title='bbox 886 359 915 386; x_wconf 81' lang='grc' dir='ltr'>ὲν</span> 
     </span>
    </p>
   </div>
   <div class='ocr_carea' id='block_1_9' title="bbox 126 399 914 438">
    <p class='ocr_par' dir='ltr' id='par_1_9' title="bbox 126 399 914 438">
     <span class='ocr_line' id='line_1_9' title="bbox 126 399 914 438; baseline 0.009 -14"><span class='ocrx_word' id='word_1_48' title='bbox 126 399 233 435; x_wconf 81' lang='grc' dir='ltr'>Χριστῷ</span> <span class='ocrx_word' id='word_1_49' title='bbox 258 399 417 436; x_wconf 72' lang='grc' dir='ltr'><strong>ἀνθρώπους</strong></span> <span class='ocrx_word' id='word_1_50' title='bbox 430 401 467 437; x_wconf 83' lang='grc' dir='ltr'>μὴ</span> <span class='ocrx_word' id='word_1_51' title='bbox 485 402 525 433; x_wconf 81' lang='grc' dir='ltr'><strong>εἰς</strong></span> <span class='ocrx_word' id='word_1_52' title='bbox 537 401 696 438; x_wconf 79' lang='grc' dir='ltr'>ἀνθρώπινα</span> <span class='ocrx_word' id='word_1_53' title='bbox 710 403 831 438; x_wconf 80' lang='grc' dir='ltr'><strong>βλέπειν,</strong></span> <span class='ocrx_word' id='word_1_54' title='bbox 846 404 914 431; x_wconf 75' lang='grc' dir='ltr'>ἀλλὰ</span> 
     </span>
    </p>
   </div>
   <div class='ocr_carea' id='block_1_10' title="bbox 125 445 915 485">
    <p class='ocr_par' dir='ltr' id='par_1_10' title="bbox 125 445 915 485">
     <span class='ocr_line' id='line_1_10' title="bbox 125 445 915 485; baseline 0.006 -14"><span class='ocrx_word' id='word_1_55' title='bbox 125 445 172 481; x_wconf 83' lang='grc' dir='ltr'>τὴν</span> <span class='ocrx_word' id='word_1_56' title='bbox 197 445 326 481; x_wconf 78' lang='grc' dir='ltr'>ἀλήθειαν</span> <span class='ocrx_word' id='word_1_57' title='bbox 350 446 458 473; x_wconf 82' lang='grc' dir='ltr'>πάντων</span> <span class='ocrx_word' id='word_1_58' title='bbox 483 447 643 483; x_wconf 81' lang='grc' dir='ltr'><strong>προκρίνειν</strong></span> <span class='ocrx_word' id='word_1_59' title='bbox 666 449 733 483; x_wconf 78' lang='grc'><strong>(58).</strong></span> <span class='ocrx_word' id='word_1_60' title='bbox 759 449 814 476; x_wconf 78' lang='grc' dir='ltr'>Καὶ</span> <span class='ocrx_word' id='word_1_61' title='bbox 846 450 915 485; x_wconf 76' lang='grc' dir='ltr'>μήτε</span> 
     </span>
    </p>
   </div>
   <div class='ocr_carea' id='block_1_11' title="bbox 124 489 914 531">
    <p class='ocr_par' dir='ltr' id='par_1_11' title="bbox 124 489 914 531">
     <span class='ocr_line' id='line_1_11' title="bbox 124 489 914 531; baseline 0.004 -14"><span class='ocrx_word' id='word_1_62' title='bbox 124 489 268 527; x_wconf 83' lang='grc' dir='ltr'>ἀπειλὴνῇ</span> <span class='ocrx_word' id='word_1_63' title='bbox 298 491 416 527; x_wconf 82' lang='grc' dir='ltr'>χρῶνται</span> <span class='ocrx_word' id='word_1_64' title='bbox 445 493 512 528; x_wconf 85' lang='grc' dir='ltr'>πρὸς</span> <span class='ocrx_word' id='word_1_65' title='bbox 538 494 658 528; x_wconf 77' lang='grc' dir='ltr'>πάντας,</span> <span class='ocrx_word' id='word_1_66' title='bbox 686 495 754 531; x_wconf 84' lang='grc' dir='ltr'>μήτε</span> <span class='ocrx_word' id='word_1_67' title='bbox 779 496 914 531; x_wconf 82' lang='grc' dir='ltr'>συσκευὴν</span> 
     </span>
    </p>
   </div>
   <div class='ocr_carea' id='block_1_12' title="bbox 125 537 915 578">
    <p class='ocr_par' dir='ltr' id='par_1_12' title="bbox 125 537 915 578">
     <span class='ocr_line' id='line_1_12' title="bbox 125 537 915 578; baseline 0.006 -15"><span class='ocrx_word' id='word_1_68' title='bbox 125 537 275 573; x_wconf 78' lang='grc' dir='ltr'>φοὸηθῆτε,</span> <span class='ocrx_word' id='word_1_69' title='bbox 293 537 360 565; x_wconf 78' lang='grc' dir='ltr'>ἀλλὰ</span> <span class='ocrx_word' id='word_1_70' title='bbox 376 539 475 574; x_wconf 75' lang='grc' dir='ltr'>μᾶλλον</span> <span class='ocrx_word' id='word_1_71' title='bbox 499 539 544 566; x_wconf 83' lang='grc' dir='ltr'><strong>τὸν</strong></span> <span class='ocrx_word' id='word_1_72' title='bbox 559 539 634 566; x_wconf 84' lang='grc' dir='ltr'>Θεάν.</span> <span class='ocrx_word' id='word_1_73' title='bbox 653 541 724 567; x_wconf 88' lang='grc' dir='ltr'>Ἔδει</span> <span class='ocrx_word' id='word_1_74' title='bbox 741 540 812 576; x_wconf 87' lang='grc' dir='ltr'>γὰρ,</span> <span class='ocrx_word' id='word_1_75' title='bbox 835 541 915 578; x_wconf 80' lang='grc' dir='ltr'>εἴπερ</span> 
     </span>
    </p>
   </div>
   <div class='ocr_carea' id='block_1_13' title="bbox 122 582 913 623">
    <p class='ocr_par' dir='ltr' id='par_1_13' title="bbox 122 582 913 623">
     <span class='ocr_line' id='line_1_13' title="bbox 122 582 913 623; baseline 0.006 -14"><span class='ocrx_word' id='word_1_76' title='bbox 122 582 154 619; x_wconf 72' lang='grc' dir='ltr'>ἦν</span> <span class='ocrx_word' id='word_1_77' title='bbox 167 583 235 615; x_wconf 78' lang='grc' dir='ltr'>ὅλως</span> <span class='ocrx_word' id='word_1_78' title='bbox 249 583 395 610; x_wconf 81' lang='grc' dir='ltr'>ἀκόλουθον</span> <span class='ocrx_word' id='word_1_79' title='bbox 417 586 457 616; x_wconf 79' lang='grc' dir='ltr'>εὶς</span> <span class='ocrx_word' id='word_1_80' title='bbox 473 585 518 611; x_wconf 83' lang='grc' dir='ltr'><strong>τὸν</strong></span> <span class='ocrx_word' id='word_1_81' title='bbox 536 585 690 621; x_wconf 87' lang='grc' dir='ltr'>Μαρεώτην</span> <span class='ocrx_word' id='word_1_82' title='bbox 716 587 913 623; x_wconf 73' lang='grc' dir='ltr'><strong>ἀποσταλῆναι,</strong></span> 
     </span>
    </p>
   </div>
   <div class='ocr_carea' id='block_1_14' title="bbox 123 630 914 669">
    <p class='ocr_par' dir='ltr' id='par_1_14' title="bbox 123 630 914 669">
     <span class='ocr_line' id='line_1_14' title="bbox 123 630 914 669; baseline 0.005 -13"><span class='ocrx_word' id='word_1_83' title='bbox 123 630 167 656; x_wconf 75' lang='grc' dir='ltr'><strong>καὶ</strong></span> <span class='ocrx_word' id='word_1_84' title='bbox 182 630 256 665; x_wconf 81' lang='grc' dir='ltr'>ἡμᾶς</span> <span class='ocrx_word' id='word_1_85' title='bbox 268 632 462 666; x_wconf 79' lang='grc' dir='ltr'><strong>συμπαρεῖναι,</strong></span> <span class='ocrx_word' id='word_1_86' title='bbox 476 631 520 658; x_wconf 84' lang='grc' dir='ltr'>ἵνα</span> <span class='ocrx_word' id='word_1_87' title='bbox 534 633 596 664; x_wconf 75' lang='grc' dir='ltr'>τοὺς</span> <span class='ocrx_word' id='word_1_88' title='bbox 611 631 660 667; x_wconf 81' lang='grc' dir='ltr'><strong>μὲν</strong></span> <span class='ocrx_word' id='word_1_89' title='bbox 674 633 789 668; x_wconf 82' lang='grc' dir='ltr'>ἐχθροὺς</span> <span class='ocrx_word' id='word_1_90' title='bbox 796 633 914 669; x_wconf 86' lang='grc' dir='ltr'><strong>τῆςἙκ-</strong></span> 
     </span>
    </p>
   </div>
   <div class='ocr_carea' id='block_1_15' title="bbox 122 676 914 716">
    <p class='ocr_par' dir='ltr' id='par_1_15' title="bbox 122 676 914 716">
     <span class='ocr_line' id='line_1_15' title="bbox 122 676 914 716; baseline 0.006 -14"><span class='ocrx_word' id='word_1_91' title='bbox 122 676 235 712; x_wconf 85' lang='grc' dir='ltr'>κλησίας</span> <span class='ocrx_word' id='word_1_92' title='bbox 249 676 414 712; x_wconf 81' lang='grc' dir='ltr'>ἐλέγξωμεν,</span> <span class='ocrx_word' id='word_1_93' title='bbox 427 678 489 710; x_wconf 85' lang='grc' dir='ltr'>τοὺς</span> <span class='ocrx_word' id='word_1_94' title='bbox 502 678 530 704; x_wconf 82' lang='grc' dir='ltr'><strong>δὲ</strong></span> <span class='ocrx_word' id='word_1_95' title='bbox 548 678 639 711; x_wconf 80' lang='grc' dir='ltr'><strong>ξένους</strong></span> <span class='ocrx_word' id='word_1_96' title='bbox 654 679 853 716; x_wconf 82' lang='grc' dir='ltr'><strong>ἀποδείξωμεν,</strong></span> <span class='ocrx_word' id='word_1_97' title='bbox 867 681 914 707; x_wconf 82' lang='grc' dir='ltr'>καὶ</span> 
     </span>
    </p>
   </div>
   <div class='ocr_carea' id='block_1_16' title="bbox 121 722 912 764">
    <p class='ocr_par' dir='ltr' id='par_1_16' title="bbox 121 722 912 764">
     <span class='ocr_line' id='line_1_16' title="bbox 121 722 912 764; baseline 0.006 -15"><span class='ocrx_word' id='word_1_98' title='bbox 121 722 228 758; x_wconf 81' lang='grc' dir='ltr'>καθαρὰ</span> <span class='ocrx_word' id='word_1_99' title='bbox 241 723 287 749; x_wconf 77' lang='grc' dir='ltr'>τοῦ</span> <span class='ocrx_word' id='word_1_100' title='bbox 302 723 464 759; x_wconf 82' lang='grc' dir='ltr'>πράγματος</span> <span class='ocrx_word' id='word_1_101' title='bbox 476 725 492 759; x_wconf 84' lang='grc' dir='ltr'>ἡ</span> <span class='ocrx_word' id='word_1_102' title='bbox 504 724 601 761; x_wconf 77' lang='grc' dir='ltr'>ἔρευνα</span> <span class='ocrx_word' id='word_1_103' title='bbox 611 725 734 761; x_wconf 81' lang='grc' dir='ltr'>γένηται.</span> <span class='ocrx_word' id='word_1_104' title='bbox 742 726 837 753; x_wconf 79' lang='grc' dir='ltr'><strong>Οἴδατε</strong></span> <span class='ocrx_word' id='word_1_105' title='bbox 847 726 912 764; x_wconf 81' lang='grc' dir='ltr'>γὰρ,</span> 
     </span>
    </p>
   </div>
   <div class='ocr_carea' id='block_1_17' title="bbox 121 768 912 809">
    <p class='ocr_par' dir='ltr' id='par_1_17' title="bbox 121 768 912 809">
     <span class='ocr_line' id='line_1_17' title="bbox 121 768 912 809; baseline 0.006 -16"><span class='ocrx_word' id='word_1_106' title='bbox 121 768 160 794; x_wconf 86' lang='grc' dir='ltr'>ὄτι</span> <span class='ocrx_word' id='word_1_107' title='bbox 175 768 199 794; x_wconf 77' lang='grc' dir='ltr'>οἱ</span> <span class='ocrx_word' id='word_1_108' title='bbox 218 768 283 804; x_wconf 74' lang='grc' dir='ltr'>περὶ</span> <span class='ocrx_word' id='word_1_109' title='bbox 298 769 428 796; x_wconf 80' lang='grc' dir='ltr'>Εὺσέὸιον</span> <span class='ocrx_word' id='word_1_110' title='bbox 449 769 602 798; x_wconf 84' lang='grc' dir='ltr'>ἐκάττυσαν</span> <span class='ocrx_word' id='word_1_111' title='bbox 623 771 766 808; x_wconf 85' lang='grc' dir='ltr'>ἐπιστολὴν</span> <span class='ocrx_word' id='word_1_112' title='bbox 785 772 912 809; x_wconf 87' lang='grc' dir='ltr'>ἐπιδοθῆ-</span> 
     </span>
    </p>
   </div>
   <div class='ocr_carea' id='block_1_18' title="bbox 121 814 913 850">
    <p class='ocr_par' dir='ltr' id='par_1_18' title="bbox 121 814 913 850">
     <span class='ocr_line' id='line_1_18' title="bbox 121 814 913 850; baseline 0.008 -11"><span class='ocrx_word' id='word_1_113' title='bbox 121 822 174 846; x_wconf 80' lang='grc' dir='ltr'>ναι,</span> <span class='ocrx_word' id='word_1_114' title='bbox 200 814 238 845; x_wconf 81' lang='grc' dir='ltr'>ὡς</span> <span class='ocrx_word' id='word_1_115' title='bbox 265 814 320 840; x_wconf 86' lang='grc' dir='ltr'><strong>ἀπὸ</strong></span> <span class='ocrx_word' id='word_1_116' title='bbox 344 815 566 847; x_wconf 82' lang='grc' dir='ltr'>Κολλουθιανῶν,</span> <span class='ocrx_word' id='word_1_117' title='bbox 587 817 633 843; x_wconf 77' lang='grc' dir='ltr'><strong>καὶ</strong></span> <span class='ocrx_word' id='word_1_118' title='bbox 656 817 839 850; x_wconf 86' lang='grc' dir='ltr'>Μελιτιανῶν,</span> <span class='ocrx_word' id='word_1_119' title='bbox 866 818 913 845; x_wconf 77' lang='grc' dir='ltr'>καὶ</span> 
     </span>
    </p>
   </div>
   <div class='ocr_carea' id='block_1_19' title="bbox 122 860 912 899">
    <p class='ocr_par' dir='ltr' id='par_1_19' title="bbox 122 860 912 899">
     <span class='ocr_line' id='line_1_19' title="bbox 122 860 912 899; baseline 0.006 -13"><span class='ocrx_word' id='word_1_120' title='bbox 122 860 283 896; x_wconf 78' lang='grc' dir='ltr'>Ἀρειανῶν,</span> <span class='ocrx_word' id='word_1_121' title='bbox 303 863 453 897; x_wconf 63' lang='grc' dir='ltr'>γραψεῖσαν</span> <span class='ocrx_word' id='word_1_122' title='bbox 475 862 536 889; x_wconf 80' lang='grc' dir='ltr'>καθ’</span> <span class='ocrx_word' id='word_1_123' title='bbox 561 863 655 899; x_wconf 83' lang='grc' dir='ltr'>ἡμῶν·</span> <span class='ocrx_word' id='word_1_124' title='bbox 689 864 737 890; x_wconf 79' lang='grc' dir='ltr'><strong>καὶ</strong></span> <span class='ocrx_word' id='word_1_125' title='bbox 756 863 848 899; x_wconf 81' lang='grc' dir='ltr'>δῆλον,</span> <span class='ocrx_word' id='word_1_126' title='bbox 871 865 912 891; x_wconf 79' lang='grc' dir='ltr'>ὅτι</span> 
     </span>
    </p>
   </div>
   <div class='ocr_carea' id='block_1_20' title="bbox 967 264 1754 300">
    <p class='ocr_par' dir='ltr' id='par_1_20' title="bbox 967 264 1754 300">
     <span class='ocr_line' id='line_1_20' title="bbox 967 264 1754 300; baseline 0 -7"><span class='ocrx_word' id='word_1_127' title='bbox 967 266 1008 293; x_wconf 86' lang='lat' dir='ltr'><strong>bis</strong></span> <span class='ocrx_word' id='word_1_128' title='bbox 1019 271 1093 300; x_wconf 75' lang='lat' dir='ltr'><strong>gesta</strong></span> <span class='ocrx_word' id='word_1_129' title='bbox 1114 265 1270 300; x_wconf 64' lang='lat' dir='ltr'><strong>praedicent.</strong></span> <span class='ocrx_word' id='word_1_130' title='bbox 1294 264 1498 294; x_wconf 84' lang='lat' dir='ltr'><strong>Etenimdecet</strong></span> <span class='ocrx_word' id='word_1_131' title='bbox 1513 265 1680 293; x_wconf 85' lang='lat' dir='ltr'><strong>Christianos</strong></span> <span class='ocrx_word' id='word_1_132' title='bbox 1706 265 1754 293; x_wconf 80' lang='lat' dir='ltr'><strong>lto-</strong></span> 
     </span>
    </p>
   </div>
   <div class='ocr_carea' id='block_1_21' title="bbox 967 308 1756 342">
    <p class='ocr_par' dir='ltr' id='par_1_21' title="bbox 967 308 1756 342">
     <span class='ocr_line' id='line_1_21' title="bbox 967 308 1756 342; baseline 0.001 -7"><span class='ocrx_word' id='word_1_133' title='bbox 967 309 1053 336; x_wconf 87' lang='lat' dir='ltr'><strong>mines</strong></span> <span class='ocrx_word' id='word_1_134' title='bbox 1065 316 1117 335; x_wconf 94' lang='lat' dir='ltr'><strong>non</strong></span> <span class='ocrx_word' id='word_1_135' title='bbox 1135 309 1251 335; x_wconf 84' lang='lat' dir='ltr'><strong>humana</strong></span> <span class='ocrx_word' id='word_1_136' title='bbox 1265 308 1418 342; x_wconf 83' lang='lat' dir='ltr'><strong>respicere,</strong></span> <span class='ocrx_word' id='word_1_137' title='bbox 1435 309 1482 336; x_wconf 89' lang='lat' dir='ltr'><strong>sed</strong></span> <span class='ocrx_word' id='word_1_138' title='bbox 1509 309 1651 336; x_wconf 94' lang='lat' dir='ltr'><strong>veritatem</strong></span> <span class='ocrx_word' id='word_1_139' title='bbox 1667 310 1756 336; x_wconf 86' lang='lat' dir='ltr'><strong>omni-</strong></span> 
     </span>
    </p>
   </div>
   <div class='ocr_carea' id='block_1_22' title="bbox 966 354 1755 388">
    <p class='ocr_par' dir='ltr' id='par_1_22' title="bbox 966 354 1755 388">
     <span class='ocr_line' id='line_1_22' title="bbox 966 354 1755 388; baseline 0 -7"><span class='ocrx_word' id='word_1_140' title='bbox 966 354 1016 381; x_wconf 91' lang='lat' dir='ltr'><strong>bus</strong></span> <span class='ocrx_word' id='word_1_141' title='bbox 1029 354 1175 382; x_wconf 79' lang='lat' dir='ltr'><strong>anteferre.</strong></span> <span class='ocrx_word' id='word_1_142' title='bbox 1191 354 1229 381; x_wconf 67' lang='lat' dir='ltr'><strong>Ne</strong></span> <span class='ocrx_word' id='word_1_143' title='bbox 1241 354 1353 382; x_wconf 89' lang='lat' dir='ltr'><strong>metuile</strong></span> <span class='ocrx_word' id='word_1_144' title='bbox 1369 361 1437 388; x_wconf 86' lang='lat' dir='ltr'><strong>quas</strong></span> <span class='ocrx_word' id='word_1_145' title='bbox 1460 354 1496 381; x_wconf 92' lang='lat' dir='ltr'><strong>illi</strong></span> <span class='ocrx_word' id='word_1_146' title='bbox 1518 354 1604 382; x_wconf 90' lang='lat' dir='ltr'><strong>minas</strong></span> <span class='ocrx_word' id='word_1_147' title='bbox 1627 354 1755 381; x_wconf 87' lang='lat' dir='ltr'><strong>omnibus</strong></span> 
     </span>
    </p>
   </div>
   <div class='ocr_carea' id='block_1_23' title="bbox 967 400 1755 435">
    <p class='ocr_par' dir='ltr' id='par_1_23' title="bbox 967 400 1755 435">
     <span class='ocr_line' id='line_1_23' title="bbox 967 400 1755 435; baseline 0.001 -9"><span class='ocrx_word' id='word_1_148' title='bbox 967 400 1114 432; x_wconf 78' lang='lat' dir='ltr'><strong>intentant,</strong></span> <span class='ocrx_word' id='word_1_149' title='bbox 1133 407 1199 429; x_wconf 84' lang='lat' dir='ltr'><strong>neve</strong></span> <span class='ocrx_word' id='word_1_150' title='bbox 1215 407 1307 427; x_wconf 89' lang='lat' dir='ltr'><strong>eorum</strong></span> <span class='ocrx_word' id='word_1_151' title='bbox 1330 400 1579 435; x_wconf 85' lang='lat' dir='ltr'><strong>conspirationem,</strong></span> <span class='ocrx_word' id='word_1_152' title='bbox 1594 401 1641 428; x_wconf 88' lang='lat' dir='ltr'><strong>sed</strong></span> <span class='ocrx_word' id='word_1_153' title='bbox 1666 400 1755 435; x_wconf 81' lang='lat' dir='ltr'><strong>potius</strong></span> 
     </span>
    </p>
   </div>
   <div class='ocr_carea' id='block_1_24' title="bbox 966 443 1753 481">
    <p class='ocr_par' dir='ltr' id='par_1_24' title="bbox 966 443 1753 481">
     <span class='ocr_line' id='line_1_24' title="bbox 966 443 1753 481; baseline -0.001 -7"><span class='ocrx_word' id='word_1_154' title='bbox 966 447 1051 474; x_wconf 88' lang='lat' dir='ltr'><strong>Deum</strong></span> <span class='ocrx_word' id='word_1_155' title='bbox 1068 446 1170 474; x_wconf 85' lang='lat' dir='ltr'><strong>timete.</strong></span> <span class='ocrx_word' id='word_1_156' title='bbox 1193 445 1246 473; x_wconf 85' lang='lat' dir='ltr'><strong>Par</strong></span> <span class='ocrx_word' id='word_1_157' title='bbox 1268 453 1327 474; x_wconf 86' lang='lat' dir='ltr'><strong>erat</strong></span> <span class='ocrx_word' id='word_1_158' title='bbox 1349 448 1432 479; x_wconf 87' lang='lat' dir='ltr'><strong>enim,</strong></span> <span class='ocrx_word' id='word_1_159' title='bbox 1455 443 1478 474; x_wconf 87' lang='lat' dir='ltr'><strong>si</strong></span> <span class='ocrx_word' id='word_1_160' title='bbox 1506 446 1614 481; x_wconf 83' lang='lat' dir='ltr'><strong>quidem</strong></span> <span class='ocrx_word' id='word_1_161' title='bbox 1641 447 1753 474; x_wconf 92' lang='lat' dir='ltr'><strong>omnino</strong></span> 
     </span>
    </p>
   </div>
   <div class='ocr_carea' id='block_1_25' title="bbox 966 493 1754 530">
    <p class='ocr_par' dir='ltr' id='par_1_25' title="bbox 966 493 1754 530">
     <span class='ocr_line' id='line_1_25' title="bbox 966 493 1754 530; baseline 0.004 -10"><span class='ocrx_word' id='word_1_162' title='bbox 966 494 1041 522; x_wconf 82' lang='lat' dir='ltr'><strong>fuere</strong></span> <span class='ocrx_word' id='word_1_163' title='bbox 1054 494 1135 530; x_wconf 76' lang='lat' dir='ltr'><strong>legati</strong></span> <span class='ocrx_word' id='word_1_164' title='bbox 1149 495 1175 521; x_wconf 93' lang='lat' dir='ltr'><strong>in</strong></span> <span class='ocrx_word' id='word_1_165' title='bbox 1194 493 1341 522; x_wconf 85' lang='lat' dir='ltr'><strong>Mareotem</strong></span> <span class='ocrx_word' id='word_1_166' title='bbox 1356 494 1478 521; x_wconf 85' lang='lat' dir='ltr'><strong>mittendi</strong></span> <span class='ocrx_word' id='word_1_167' title='bbox 1490 513 1496 525; x_wconf 90' lang='lat'><em>.</em></span> <span class='ocrx_word' id='word_1_168' title='bbox 1522 501 1572 522; x_wconf 90' lang='lat' dir='ltr'><strong>nos</strong></span> <span class='ocrx_word' id='word_1_169' title='bbox 1592 494 1673 522; x_wconf 91' lang='lat' dir='ltr'><strong>etiam</strong></span> <span class='ocrx_word' id='word_1_170' title='bbox 1690 495 1754 523; x_wconf 85' lang='lat' dir='ltr'><strong>huic</strong></span> 
     </span>
    </p>
   </div>
   <div class='ocr_carea' id='block_1_26' title="bbox 965 536 1753 574">
    <p class='ocr_par' dir='ltr' id='par_1_26' title="bbox 965 536 1753 574">
     <span class='ocr_line' id='line_1_26' title="bbox 965 536 1753 574; baseline 0 -7"><span class='ocrx_word' id='word_1_171' title='bbox 965 540 1097 567; x_wconf 85' lang='lat' dir='ltr'><strong>interesse</strong></span> <span class='ocrx_word' id='word_1_172' title='bbox 1117 539 1240 574; x_wconf 75' lang='lat' dir='ltr'><strong>negotio;</strong></span> <span class='ocrx_word' id='word_1_173' title='bbox 1259 545 1288 566; x_wconf 96' lang='lat' dir='ltr'><strong>ut</strong></span> <span class='ocrx_word' id='word_1_174' title='bbox 1307 540 1431 566; x_wconf 87' lang='lat' dir='ltr'><strong>inimicos</strong></span> <span class='ocrx_word' id='word_1_175' title='bbox 1455 536 1582 566; x_wconf 69' lang='lat' dir='ltr'><strong>Ecclesiae</strong></span> <span class='ocrx_word' id='word_1_176' title='bbox 1602 540 1753 574; x_wconf 81' lang='lat' dir='ltr'><strong>confutare,</strong></span> 
     </span>
    </p>
   </div>
   <div class='ocr_carea' id='block_1_27' title="bbox 965 586 1754 621">
    <p class='ocr_par' dir='ltr' id='par_1_27' title="bbox 965 586 1754 621">
     <span class='ocr_line' id='line_1_27' title="bbox 965 586 1754 621; baseline -0.001 -7"><span class='ocrx_word' id='word_1_177' title='bbox 965 591 1163 621; x_wconf 86' lang='lat' dir='ltr'><strong>extraneosque</strong></span> <span class='ocrx_word' id='word_1_178' title='bbox 1177 586 1299 613; x_wconf 90' lang='lat' dir='ltr'><strong>indicare</strong></span> <span class='ocrx_word' id='word_1_179' title='bbox 1312 593 1452 621; x_wconf 85' lang='lat' dir='ltr'><strong>possemus</strong></span> <span class='ocrx_word' id='word_1_180' title='bbox 1469 593 1476 612; x_wconf 92' lang='lat'><strong>:</strong></span> <span class='ocrx_word' id='word_1_181' title='bbox 1500 592 1532 612; x_wconf 90' lang='lat' dir='ltr'><strong>ac</strong></span> <span class='ocrx_word' id='word_1_182' title='bbox 1547 593 1579 612; x_wconf 91' lang='lat' dir='ltr'><strong>eo</strong></span> <span class='ocrx_word' id='word_1_183' title='bbox 1592 586 1671 613; x_wconf 92' lang='lat' dir='ltr'><strong>modo</strong></span> <span class='ocrx_word' id='word_1_184' title='bbox 1696 586 1754 613; x_wconf 88' lang='lat' dir='ltr'><strong>sin-</strong></span> 
     </span>
    </p>
   </div>
   <div class='ocr_carea' id='block_1_28' title="bbox 964 629 1753 666">
    <p class='ocr_par' dir='ltr' id='par_1_28' title="bbox 964 629 1753 666">
     <span class='ocr_line' id='line_1_28' title="bbox 964 629 1753 666; baseline 0 -8"><span class='ocrx_word' id='word_1_185' title='bbox 964 639 1028 659; x_wconf 83' lang='lat' dir='ltr'><strong>cere</strong></span> <span class='ocrx_word' id='word_1_186' title='bbox 1041 639 1129 660; x_wconf 66' lang='lat' dir='ltr'><strong>causa:</strong></span> <span class='ocrx_word' id='word_1_187' title='bbox 1141 631 1294 666; x_wconf 89' lang='lat' dir='ltr'><strong>disquisitio</strong></span> <span class='ocrx_word' id='word_1_188' title='bbox 1308 630 1462 658; x_wconf 83' lang='lat' dir='ltr'><strong>haberetur.</strong></span> <span class='ocrx_word' id='word_1_189' title='bbox 1485 629 1568 658; x_wconf 84' lang='lat' dir='ltr'><strong>Scitis</strong></span> <span class='ocrx_word' id='word_1_190' title='bbox 1579 630 1650 657; x_wconf 89' lang='lat' dir='ltr'><strong>enim</strong></span> <span class='ocrx_word' id='word_1_191' title='bbox 1665 631 1753 658; x_wconf 78' lang='lat' dir='ltr'><strong>Euse-</strong></span> 
     </span>
    </p>
   </div>
   <div class='ocr_carea' id='block_1_29' title="bbox 964 676 1755 712">
    <p class='ocr_par' dir='ltr' id='par_1_29' title="bbox 964 676 1755 712">
     <span class='ocr_line' id='line_1_29' title="bbox 964 676 1755 712; baseline 0.001 -8"><span class='ocrx_word' id='word_1_192' title='bbox 964 678 1059 705; x_wconf 86' lang='lat' dir='ltr'><strong>bianos</strong></span> <span class='ocrx_word' id='word_1_193' title='bbox 1070 677 1132 704; x_wconf 89' lang='lat' dir='ltr'><strong>dolo</strong></span> <span class='ocrx_word' id='word_1_194' title='bbox 1149 684 1211 704; x_wconf 88' lang='lat' dir='ltr'><strong>usos</strong></span> <span class='ocrx_word' id='word_1_195' title='bbox 1226 676 1368 711; x_wconf 87' lang='lat' dir='ltr'><strong>epistolam</strong></span> <span class='ocrx_word' id='word_1_196' title='bbox 1386 676 1540 708; x_wconf 83' lang='lat' dir='ltr'><strong>tradidisse,</strong></span> <span class='ocrx_word' id='word_1_197' title='bbox 1565 677 1642 712; x_wconf 88' lang='lat' dir='ltr'><strong>quasi</strong></span> <span class='ocrx_word' id='word_1_198' title='bbox 1660 685 1675 704; x_wconf 87' lang='lat' dir='ltr'><strong>a</strong></span> <span class='ocrx_word' id='word_1_199' title='bbox 1690 677 1755 705; x_wconf 77' lang='lat' dir='ltr'><strong>Col-</strong></span> 
     </span>
    </p>
   </div>
   <div class='ocr_carea' id='block_1_30' title="bbox 964 722 1754 756">
    <p class='ocr_par' dir='ltr' id='par_1_30' title="bbox 964 722 1754 756">
     <span class='ocr_line' id='line_1_30' title="bbox 964 722 1754 756; baseline 0.003 -6"><span class='ocrx_word' id='word_1_200' title='bbox 964 723 1104 756; x_wconf 87' lang='lat' dir='ltr'><strong>lutbiauis,</strong></span> <span class='ocrx_word' id='word_1_201' title='bbox 1122 722 1274 750; x_wconf 82' lang='lat' dir='ltr'><strong>Meletianis</strong></span> <span class='ocrx_word' id='word_1_202' title='bbox 1289 728 1317 750; x_wconf 94' lang='lat' dir='ltr'><strong>et</strong></span> <span class='ocrx_word' id='word_1_203' title='bbox 1331 722 1441 750; x_wconf 85' lang='lat' dir='ltr'><strong>Arianis</strong></span> <span class='ocrx_word' id='word_1_204' title='bbox 1454 723 1596 751; x_wconf 86' lang='lat' dir='ltr'><strong>adversum</strong></span> <span class='ocrx_word' id='word_1_205' title='bbox 1618 731 1667 751; x_wconf 55' lang='grc' dir='ltr'><strong>που</strong></span> <span class='ocrx_word' id='word_1_206' title='bbox 1686 725 1754 752; x_wconf 76' lang='lat' dir='ltr'><strong>seri-</strong></span> 
     </span>
    </p>
   </div>
   <div class='ocr_carea' id='block_1_31' title="bbox 964 769 1754 805">
    <p class='ocr_par' dir='ltr' id='par_1_31' title="bbox 964 769 1754 805">
     <span class='ocr_line' id='line_1_31' title="bbox 964 769 1754 805; baseline 0.004 -9"><span class='ocrx_word' id='word_1_207' title='bbox 964 774 1048 805; x_wconf 88' lang='lat' dir='ltr'><strong>ptam.</strong></span> <span class='ocrx_word' id='word_1_208' title='bbox 1064 769 1212 804; x_wconf 83' lang='lat' dir='ltr'><strong>Palamque</strong></span> <span class='ocrx_word' id='word_1_209' title='bbox 1223 773 1265 796; x_wconf 82' lang='lat' dir='ltr'><strong>est</strong></span> <span class='ocrx_word' id='word_1_210' title='bbox 1278 769 1347 801; x_wconf 86' lang='lat' dir='ltr'><strong>illos,</strong></span> <span class='ocrx_word' id='word_1_211' title='bbox 1359 773 1453 805; x_wconf 85' lang='lat' dir='ltr'><strong>utpote</strong></span> <span class='ocrx_word' id='word_1_212' title='bbox 1468 769 1596 797; x_wconf 63' lang='lat' dir='ltr'><strong>Ecclesia:</strong></span> <span class='ocrx_word' id='word_1_213' title='bbox 1615 770 1754 799; x_wconf 77' lang='lat' dir='ltr'><strong>catholicae</strong></span> 
     </span>
    </p>
   </div>
   <div class='ocr_carea' id='block_1_32' title="bbox 964 814 1754 851">
    <p class='ocr_par' dir='ltr' id='par_1_32' title="bbox 964 814 1754 851">
     <span class='ocr_line' id='line_1_32' title="bbox 964 814 1754 851; baseline 0.001 -8"><span class='ocrx_word' id='word_1_214' title='bbox 964 816 1068 848; x_wconf 76' lang='lat' dir='ltr'><strong>hostes,</strong></span> <span class='ocrx_word' id='word_1_215' title='bbox 1084 815 1152 842; x_wconf 87' lang='lat' dir='ltr'><strong>nihil</strong></span> <span class='ocrx_word' id='word_1_216' title='bbox 1172 822 1235 851; x_wconf 83' lang='lat' dir='ltr'><strong>vere</strong></span> <span class='ocrx_word' id='word_1_217' title='bbox 1254 814 1287 842; x_wconf 90' lang='lat' dir='ltr'><strong>de</strong></span> <span class='ocrx_word' id='word_1_218' title='bbox 1299 815 1388 847; x_wconf 86' lang='lat' dir='ltr'><strong>nobis,</strong></span> <span class='ocrx_word' id='word_1_219' title='bbox 1405 815 1452 842; x_wconf 91' lang='lat' dir='ltr'><strong>sed</strong></span> <span class='ocrx_word' id='word_1_220' title='bbox 1465 815 1556 842; x_wconf 85' lang='lat' dir='ltr'><strong>omnia</strong></span> <span class='ocrx_word' id='word_1_221' title='bbox 1577 816 1689 843; x_wconf 87' lang='lat' dir='ltr'><strong>adversa</strong></span> <span class='ocrx_word' id='word_1_222' title='bbox 1705 818 1754 844; x_wconf 42' lang='lat' dir='ltr'><strong>des-</strong></span> 
     </span>
    </p>
   </div>
   <div class='ocr_carea' id='block_1_33' title="bbox 963 861 1753 890">
    <p class='ocr_par' dir='ltr' id='par_1_33' title="bbox 963 861 1753 890">
     <span class='ocr_line' id='line_1_33' title="bbox 963 861 1753 890; baseline 0.001 -1"><span class='ocrx_word' id='word_1_223' title='bbox 963 861 1044 889; x_wconf 79' lang='lat' dir='ltr'><strong>ferre.</strong></span> <span class='ocrx_word' id='word_1_224' title='bbox 1067 861 1122 889; x_wconf 90' lang='lat' dir='ltr'><strong>Lex</strong></span> <span class='ocrx_word' id='word_1_225' title='bbox 1145 867 1234 888; x_wconf 87' lang='lat' dir='ltr'><strong>autem</strong></span> <span class='ocrx_word' id='word_1_226' title='bbox 1257 861 1303 888; x_wconf 85' lang='lat' dir='ltr'><strong>Dei</strong></span> <span class='ocrx_word' id='word_1_227' title='bbox 1329 861 1467 889; x_wconf 89' lang='lat' dir='ltr'><strong>inimicum</strong></span> <span class='ocrx_word' id='word_1_228' title='bbox 1497 866 1570 889; x_wconf 86' lang='lat' dir='ltr'><strong>vetat</strong></span> <span class='ocrx_word' id='word_1_229' title='bbox 1591 862 1632 889; x_wconf 86' lang='lat' dir='ltr'><strong>vel</strong></span> <span class='ocrx_word' id='word_1_230' title='bbox 1658 867 1753 890; x_wconf 82' lang='lat' dir='ltr'><strong>testem</strong></span> 
     </span>
    </p>
   </div>
   <div class='ocr_carea' id='block_1_34' title="bbox 120 899 909 946">
    <p class='ocr_par' dir='ltr' id='par_1_34' title="bbox 120 906 909 946">
     <span class='ocr_line' id='line_1_34' title="bbox 120 906 909 946; baseline 0.005 -14"><span class='ocrx_word' id='word_1_231' title='bbox 120 906 196 933; x_wconf 74' lang='grc' dir='ltr'>αὐτοὶ</span> <span class='ocrx_word' id='word_1_232' title='bbox 208 908 231 933; x_wconf 75' lang='grc' dir='ltr'>οἱ</span> <span class='ocrx_word' id='word_1_233' title='bbox 248 907 340 943; x_wconf 81' lang='grc' dir='ltr'>ἐχθροὶ</span> <span class='ocrx_word' id='word_1_234' title='bbox 355 907 411 943; x_wconf 80' lang='lat'><strong>(59)</strong></span> <span class='ocrx_word' id='word_1_235' title='bbox 423 908 473 943; x_wconf 83' lang='grc' dir='ltr'>τῆς</span> <span class='ocrx_word' id='word_1_236' title='bbox 494 909 641 945; x_wconf 83' lang='grc' dir='ltr'>καθολικῆς</span> <span class='ocrx_word' id='word_1_237' title='bbox 661 909 823 946; x_wconf 77' lang='grc' dir='ltr'>Ἐκκλησίας</span> <span class='ocrx_word' id='word_1_238' title='bbox 837 910 909 937; x_wconf 74' lang='grc' dir='ltr'>οὐδὲν</span> 
     </span>
    </p>
   </div>
   <div class='ocr_carea' id='block_1_35' title="bbox 960 899 1754 946">
    <p class='ocr_par' dir='ltr' id='par_1_35' title="bbox 964 907 1754 944">
     <span class='ocr_line' id='line_1_35' title="bbox 964 907 1754 944; baseline 0.003 -9"><span class='ocrx_word' id='word_1_239' title='bbox 964 915 1025 935; x_wconf 87' lang='lat' dir='ltr'><strong>esse</strong></span> <span class='ocrx_word' id='word_1_240' title='bbox 1039 907 1080 935; x_wconf 85' lang='lat' dir='ltr'><strong>vel</strong></span> <span class='ocrx_word' id='word_1_241' title='bbox 1094 907 1225 942; x_wconf 86' lang='lat' dir='ltr'><strong>judicem.</strong></span> <span class='ocrx_word' id='word_1_242' title='bbox 1249 907 1389 942; x_wconf 74' lang='lat' dir='ltr'><strong>Reliquum</strong></span> <span class='ocrx_word' id='word_1_243' title='bbox 1408 912 1458 941; x_wconf 82' lang='lat' dir='ltr'><strong>est,</strong></span> <span class='ocrx_word' id='word_1_244' title='bbox 1484 913 1512 935; x_wconf 92' lang='lat' dir='ltr'><strong>ut</strong></span> <span class='ocrx_word' id='word_1_245' title='bbox 1525 913 1651 944; x_wconf 84' lang='lat' dir='ltr'><strong>tauquam</strong></span> <span class='ocrx_word' id='word_1_246' title='bbox 1668 910 1694 937; x_wconf 88' lang='lat' dir='ltr'><strong>in</strong></span> <span class='ocrx_word' id='word_1_247' title='bbox 1711 911 1754 938; x_wconf 86' lang='lat' dir='ltr'><strong>die</strong></span> 
     </span>
    </p>
   </div>
   <div class='ocr_carea' id='block_1_36' title="bbox 120 952 909 992">
    <p class='ocr_par' dir='ltr' id='par_1_36' title="bbox 120 952 909 992">
     <span class='ocr_line' id='line_1_36' title="bbox 120 952 909 992; baseline 0.008 -14"><span class='ocrx_word' id='word_1_248' title='bbox 120 952 218 988; x_wconf 81' lang='grc' dir='ltr'>ἀληθὲς</span> <span class='ocrx_word' id='word_1_249' title='bbox 228 954 292 988; x_wconf 77' lang='grc' dir='ltr'>περὶ</span> <span class='ocrx_word' id='word_1_250' title='bbox 312 954 399 989; x_wconf 84' lang='grc' dir='ltr'>ἡμῶν,</span> <span class='ocrx_word' id='word_1_251' title='bbox 418 954 485 981; x_wconf 82' lang='grc' dir='ltr'>ἀλλὰ.</span> <span class='ocrx_word' id='word_1_252' title='bbox 500 955 588 982; x_wconf 83' lang='grc' dir='ltr'>πάντα</span> <span class='ocrx_word' id='word_1_253' title='bbox 600 954 661 983; x_wconf 62' lang='lat' dir='ltr'><strong>icaO‘</strong></span> <span class='ocrx_word' id='word_1_254' title='bbox 677 956 756 992; x_wconf 79' lang='grc' dir='ltr'>ἡμῶν</span> <span class='ocrx_word' id='word_1_255' title='bbox 774 956 909 991; x_wconf 86' lang='grc' dir='ltr'>λέγουσιν.</span> 
     </span>
    </p>
   </div>
   <div class='ocr_carea' id='block_1_37' title="bbox 125 999 912 1040">
    <p class='ocr_par' dir='ltr' id='par_1_37' title="bbox 125 999 912 1040">
     <span class='ocr_line' id='line_1_37' title="bbox 125 999 912 1040; baseline 0.005 -14"><span class='ocrx_word' id='word_1_256' title='bbox 125 999 154 1027; x_wconf 85' lang='grc' dir='ltr'><strong>Ὀ</strong></span> <span class='ocrx_word' id='word_1_257' title='bbox 168 1000 197 1026; x_wconf 83' lang='grc' dir='ltr'>δὲ</span> <span class='ocrx_word' id='word_1_258' title='bbox 210 1000 290 1035; x_wconf 84' lang='grc' dir='ltr'>νόμος</span> <span class='ocrx_word' id='word_1_259' title='bbox 300 1000 347 1027; x_wconf 78' lang='grc' dir='ltr'>τοῦ</span> <span class='ocrx_word' id='word_1_260' title='bbox 363 1001 430 1028; x_wconf 81' lang='grc' dir='ltr'>Θεοῦ</span> <span class='ocrx_word' id='word_1_261' title='bbox 443 1001 504 1028; x_wconf 75' lang='grc' dir='ltr'>οὗτε</span> <span class='ocrx_word' id='word_1_262' title='bbox 517 1002 612 1039; x_wconf 81' lang='grc' dir='ltr'>ἐχθρὸν</span> <span class='ocrx_word' id='word_1_263' title='bbox 627 1003 762 1039; x_wconf 80' lang='grc' dir='ltr'>μάρτυρα,</span> <span class='ocrx_word' id='word_1_264' title='bbox 778 1002 840 1030; x_wconf 77' lang='grc' dir='ltr'>οὔτε</span> <span class='ocrx_word' id='word_1_265' title='bbox 854 1012 912 1040; x_wconf 86' lang='grc' dir='ltr'>κρι-</span> 
     </span>
    </p>
   </div>
   <div class='ocr_carea' id='block_1_38' title="bbox 119 1043 911 1086">
    <p class='ocr_par' dir='ltr' id='par_1_38' title="bbox 119 1043 911 1086">
     <span class='ocr_line' id='line_1_38' title="bbox 119 1043 911 1086; baseline 0.008 -15"><span class='ocrx_word' id='word_1_266' title='bbox 119 1045 167 1080; x_wconf 84' lang='grc' dir='ltr'>τὴν</span> <span class='ocrx_word' id='word_1_267' title='bbox 190 1043 260 1072; x_wconf 73' lang='grc' dir='ltr'>εἶναι</span> <span class='ocrx_word' id='word_1_268' title='bbox 284 1046 418 1081; x_wconf 80' lang='grc' dir='ltr'>βούλεται.</span> <span class='ocrx_word' id='word_1_269' title='bbox 443 1048 544 1075; x_wconf 78' lang='grc' dir='ltr'>Λοιπὸν</span> <span class='ocrx_word' id='word_1_270' title='bbox 572 1049 610 1080; x_wconf 82' lang='grc' dir='ltr'>ὡς</span> <span class='ocrx_word' id='word_1_271' title='bbox 632 1050 661 1076; x_wconf 88' lang='grc' dir='ltr'><strong>ἐν</strong></span> <span class='ocrx_word' id='word_1_272' title='bbox 679 1049 772 1086; x_wconf 71' lang='grc' dir='ltr'>ἡμέρᾳ</span> <span class='ocrx_word' id='word_1_273' title='bbox 793 1050 911 1085; x_wconf 84' lang='grc' dir='ltr'>κρίσεως</span> 
     </span>
    </p>
   </div>
   <div class='ocr_carea' id='block_1_39' title="bbox 119 1090 911 1131">
    <p class='ocr_par' dir='ltr' id='par_1_39' title="bbox 119 1090 911 1131">
     <span class='ocr_line' id='line_1_39' title="bbox 119 1090 911 1131; baseline 0.006 -14"><span class='ocrx_word' id='word_1_274' title='bbox 119 1090 195 1125; x_wconf 89' lang='grc' dir='ltr'>λόγον</span> <span class='ocrx_word' id='word_1_275' title='bbox 226 1091 367 1126; x_wconf 85' lang='grc' dir='ltr'>μέλλοντες</span> <span class='ocrx_word' id='word_1_276' title='bbox 390 1092 508 1126; x_wconf 81' lang='grc' dir='ltr'><strong>διδόναι,</strong></span> <span class='ocrx_word' id='word_1_277' title='bbox 542 1093 669 1127; x_wconf 79' lang='grc' dir='ltr'>λαϐόντες</span> <span class='ocrx_word' id='word_1_278' title='bbox 693 1095 724 1122; x_wconf 79' lang='grc' dir='ltr'>τὸ</span> <span class='ocrx_word' id='word_1_279' title='bbox 762 1094 911 1131; x_wconf 85' lang='grc' dir='ltr'>μαρτύριον</span> 
     </span>
    </p>
   </div>
   <div class='ocr_carea' id='block_1_40' title="bbox 118 1136 911 1177">
    <p class='ocr_par' dir='ltr' id='par_1_40' title="bbox 118 1136 911 1177">
     <span class='ocr_line' id='line_1_40' title="bbox 118 1136 911 1177; baseline 0.006 -13"><span class='ocrx_word' id='word_1_280' title='bbox 118 1136 208 1169; x_wconf 62' lang='grc' dir='ltr'><strong>⁸τοῦτο,</strong></span> <span class='ocrx_word' id='word_1_281' title='bbox 227 1138 274 1165; x_wconf 76' lang='grc' dir='ltr'><strong>καὶ</strong></span> <span class='ocrx_word' id='word_1_282' title='bbox 289 1139 399 1173; x_wconf 85' lang='grc' dir='ltr'>γνόντες</span> <span class='ocrx_word' id='word_1_283' title='bbox 410 1139 545 1176; x_wconf 83' lang='grc' dir='ltr'>συσκευὴν</span> <span class='ocrx_word' id='word_1_284' title='bbox 559 1140 607 1176; x_wconf 85' lang='grc' dir='ltr'>τὴν</span> <span class='ocrx_word' id='word_1_285' title='bbox 628 1141 689 1168; x_wconf 83' lang='grc' dir='ltr'>καθ’</span> <span class='ocrx_word' id='word_1_286' title='bbox 705 1141 784 1177; x_wconf 80' lang='grc' dir='ltr'>ἡμῶν</span> <span class='ocrx_word' id='word_1_287' title='bbox 800 1141 911 1177; x_wconf 72' lang='grc' dir='ltr'>γενομέ-</span> 
     </span>
    </p>
   </div>
   <div class='ocr_carea' id='block_1_41' title="bbox 118 1184 910 1224">
    <p class='ocr_par' dir='ltr' id='par_1_41' title="bbox 118 1184 910 1224">
     <span class='ocr_line' id='line_1_41' title="bbox 118 1184 910 1224; baseline 0.006 -14"><span class='ocrx_word' id='word_1_288' title='bbox 118 1192 179 1219; x_wconf 82' lang='grc' dir='ltr'>νην.</span> <span class='ocrx_word' id='word_1_289' title='bbox 206 1184 428 1220; x_wconf 80' lang='grc' dir='ltr'>παρακληθέντες</span> <span class='ocrx_word' id='word_1_290' title='bbox 443 1186 596 1220; x_wconf 83' lang='grc' dir='ltr'>φυλάξασθε</span> <span class='ocrx_word' id='word_1_291' title='bbox 617 1187 700 1223; x_wconf 82' lang='grc' dir='ltr'>μηδέν</span> <span class='ocrx_word' id='word_1_292' title='bbox 716 1196 743 1214; x_wconf 83' lang='grc' dir='ltr'><strong>τι</strong></span> <span class='ocrx_word' id='word_1_293' title='bbox 757 1187 818 1215; x_wconf 81' lang='grc' dir='ltr'>καθ’</span> <span class='ocrx_word' id='word_1_294' title='bbox 831 1187 910 1224; x_wconf 80' lang='grc' dir='ltr'>ἡμῶν</span> 
     </span>
    </p>
   </div>
   <div class='ocr_carea' id='block_1_42' title="bbox 119 1229 911 1270">
    <p class='ocr_par' dir='ltr' id='par_1_42' title="bbox 119 1229 911 1270">
     <span class='ocr_line' id='line_1_42' title="bbox 119 1229 911 1270; baseline 0.006 -14"><span class='ocrx_word' id='word_1_295' title='bbox 119 1229 231 1265; x_wconf 75' lang='grc' dir='ltr'>πρᾶξαι,</span> <span class='ocrx_word' id='word_1_296' title='bbox 248 1231 315 1267; x_wconf 76' lang='grc' dir='ltr'>μηδὲ</span> <span class='ocrx_word' id='word_1_297' title='bbox 331 1232 498 1268; x_wconf 85' lang='grc' dir='ltr'>συνάρασθαι</span> <span class='ocrx_word' id='word_1_298' title='bbox 508 1234 542 1269; x_wconf 85' lang='grc' dir='ltr'>τῇ</span> <span class='ocrx_word' id='word_1_299' title='bbox 553 1233 607 1260; x_wconf 83' lang='grc' dir='ltr'><strong>τῶν</strong></span> <span class='ocrx_word' id='word_1_300' title='bbox 624 1234 689 1270; x_wconf 76' lang='grc' dir='ltr'>περὶ</span> <span class='ocrx_word' id='word_1_301' title='bbox 703 1234 833 1261; x_wconf 77' lang='grc' dir='ltr'>Εὐσέϐιον</span> <span class='ocrx_word' id='word_1_302' title='bbox 849 1233 911 1261; x_wconf 82' lang='grc' dir='ltr'>σκέ-</span> 
     </span>
    </p>
   </div>
   <div class='ocr_carea' id='block_1_43' title="bbox 118 1275 911 1315">
    <p class='ocr_par' dir='ltr' id='par_1_43' title="bbox 118 1275 911 1315">
     <span class='ocr_line' id='line_1_43' title="bbox 118 1275 911 1315; baseline 0.005 -13"><span class='ocrx_word' id='word_1_303' title='bbox 118 1275 173 1310; x_wconf 77' lang='grc' dir='ltr'>ψει.</span> <span class='ocrx_word' id='word_1_304' title='bbox 186 1276 241 1303; x_wconf 80' lang='grc' dir='ltr'>Καὶ</span> <span class='ocrx_word' id='word_1_305' title='bbox 253 1276 308 1312; x_wconf 86' lang='grc' dir='ltr'>γὰρ</span> <span class='ocrx_word' id='word_1_306' title='bbox 323 1278 404 1305; x_wconf 83' lang='grc' dir='ltr'>πάλιν</span> <span class='ocrx_word' id='word_1_307' title='bbox 423 1279 513 1306; x_wconf 77' lang='grc' dir='ltr'>οἴδατε</span> <span class='ocrx_word' id='word_1_308' title='bbox 525 1299 532 1311; x_wconf 93' lang='grc'><strong>,</strong></span> <span class='ocrx_word' id='word_1_309' title='bbox 548 1279 586 1312; x_wconf 89' lang='grc' dir='ltr'>ὼς</span> <span class='ocrx_word' id='word_1_310' title='bbox 608 1279 791 1315; x_wconf 83' lang='grc' dir='ltr'>προείπομεν,</span> <span class='ocrx_word' id='word_1_311' title='bbox 811 1279 850 1311; x_wconf 83' lang='grc' dir='ltr'>ὡς</span> <span class='ocrx_word' id='word_1_312' title='bbox 865 1280 911 1314; x_wconf 86' lang='grc' dir='ltr'><strong>ἐχ-</strong></span> 
     </span>
    </p>
   </div>
   <div class='ocr_carea' id='block_1_44' title="bbox 961 954 1752 990">
    <p class='ocr_par' dir='ltr' id='par_1_44' title="bbox 961 954 1752 990">
     <span class='ocr_line' id='line_1_44' title="bbox 961 954 1752 990; baseline 0.004 -9"><span class='ocrx_word' id='word_1_313' title='bbox 961 954 1055 989; x_wconf 84' lang='lat' dir='ltr'><strong>judicii</strong></span> <span class='ocrx_word' id='word_1_314' title='bbox 1072 954 1205 982; x_wconf 84' lang='lat' dir='ltr'><strong>rationem</strong></span> <span class='ocrx_word' id='word_1_315' title='bbox 1221 954 1369 987; x_wconf 87' lang='lat' dir='ltr'><strong>reddituri,</strong></span> <span class='ocrx_word' id='word_1_316' title='bbox 1384 954 1435 982; x_wconf 91' lang='lat' dir='ltr'><strong>hoc</strong></span> <span class='ocrx_word' id='word_1_317' title='bbox 1448 960 1559 990; x_wconf 88' lang='lat' dir='ltr'><strong>accepto</strong></span> <span class='ocrx_word' id='word_1_318' title='bbox 1588 957 1752 989; x_wconf 74' lang='lat' dir='ltr'><strong>testimonio.</strong></span> 
     </span>
    </p>
   </div>
   <div class='ocr_carea' id='block_1_45' title="bbox 963 1001 1754 1037">
    <p class='ocr_par' dir='ltr' id='par_1_45' title="bbox 963 1001 1754 1037">
     <span class='ocr_line' id='line_1_45' title="bbox 963 1001 1754 1037; baseline 0.003 -9"><span class='ocrx_word' id='word_1_319' title='bbox 963 1001 1108 1036; x_wconf 81' lang='lat' dir='ltr'><strong>agnitaque</strong></span> <span class='ocrx_word' id='word_1_320' title='bbox 1121 1001 1323 1035; x_wconf 74' lang='lat' dir='ltr'><strong>conspiratione</strong></span> <span class='ocrx_word' id='word_1_321' title='bbox 1335 1001 1362 1028; x_wconf 94' lang='lat' dir='ltr'><strong>in</strong></span> <span class='ocrx_word' id='word_1_322' title='bbox 1379 1008 1428 1028; x_wconf 87' lang='lat' dir='ltr'><strong>nos</strong></span> <span class='ocrx_word' id='word_1_323' title='bbox 1438 1001 1566 1034; x_wconf 81' lang='lat' dir='ltr'><strong>conﬂata,</strong></span> <span class='ocrx_word' id='word_1_324' title='bbox 1579 1003 1754 1037; x_wconf 78' lang='lat' dir='ltr'><strong>quantumvis</strong></span> 
     </span>
    </p>
   </div>
   <div class='ocr_carea' id='block_1_46' title="bbox 965 1046 1754 1082">
    <p class='ocr_par' dir='ltr' id='par_1_46' title="bbox 965 1046 1754 1082">
     <span class='ocr_line' id='line_1_46' title="bbox 965 1046 1754 1082; baseline 0.004 -9"><span class='ocrx_word' id='word_1_325' title='bbox 965 1046 1061 1082; x_wconf 69' lang='lat' dir='ltr'><strong>rogati,</strong></span> <span class='ocrx_word' id='word_1_326' title='bbox 1076 1046 1184 1081; x_wconf 78' lang='lat' dir='ltr'><strong>quidvis</strong></span> <span class='ocrx_word' id='word_1_327' title='bbox 1197 1050 1290 1073; x_wconf 82' lang='lat' dir='ltr'><strong>contra</strong></span> <span class='ocrx_word' id='word_1_328' title='bbox 1311 1054 1360 1073; x_wconf 89' lang='lat' dir='ltr'><strong>nos</strong></span> <span class='ocrx_word' id='word_1_329' title='bbox 1375 1053 1458 1081; x_wconf 80' lang='lat' dir='ltr'><strong>agere</strong></span> <span class='ocrx_word' id='word_1_330' title='bbox 1474 1047 1593 1074; x_wconf 82' lang='lat' dir='ltr'><strong>caveatis</strong></span> <span class='ocrx_word' id='word_1_331' title='bbox 1610 1057 1617 1075; x_wconf 89' lang='lat'><strong>:</strong></span> <span class='ocrx_word' id='word_1_332' title='bbox 1639 1056 1688 1076; x_wconf 90' lang='lat' dir='ltr'><strong>nec</strong></span> <span class='ocrx_word' id='word_1_333' title='bbox 1702 1048 1754 1076; x_wconf 52' lang='lat' dir='ltr'><strong>Eu‘</strong></span> 
     </span>
    </p>
   </div>
   <div class='ocr_carea' id='block_1_47' title="bbox 963 1085 1754 1131">
    <p class='ocr_par' dir='ltr' id='par_1_47' title="bbox 963 1085 1754 1131">
     <span class='ocr_line' id='line_1_47' title="bbox 963 1085 1754 1131; baseline 0.005 -12"><span class='ocrx_word' id='word_1_334' title='bbox 963 1093 1135 1120; x_wconf 84' lang='lat' dir='ltr'><strong>sebiauorum</strong></span> <span class='ocrx_word' id='word_1_335' title='bbox 1157 1091 1273 1119; x_wconf 89' lang='lat' dir='ltr'><strong>consilio</strong></span> <span class='ocrx_word' id='word_1_336' title='bbox 1296 1085 1450 1120; x_wconf 71' lang='lat' dir='ltr'><strong>sociamini.</strong></span> <span class='ocrx_word' id='word_1_337' title='bbox 1478 1092 1537 1120; x_wconf 80' lang='lat' dir='ltr'><strong>Non</strong></span> <span class='ocrx_word' id='word_1_338' title='bbox 1555 1094 1641 1128; x_wconf 77' lang='lat' dir='ltr'><strong>ignari</strong></span> <span class='ocrx_word' id='word_1_339' title='bbox 1654 1095 1754 1131; x_wconf 83' lang='lat' dir='ltr'><strong>quippe</strong></span> 
     </span>
    </p>
   </div>
   <div class='ocr_carea' id='block_1_48' title="bbox 963 1138 1751 1173">
    <p class='ocr_par' dir='ltr' id='par_1_48' title="bbox 963 1138 1751 1173">
     <span class='ocr_line' id='line_1_48' title="bbox 963 1138 1751 1173; baseline 0.003 -7"><span class='ocrx_word' id='word_1_340' title='bbox 963 1139 1041 1170; x_wconf 82' lang='lat' dir='ltr'><strong>estis,</strong></span> <span class='ocrx_word' id='word_1_341' title='bbox 1057 1139 1094 1165; x_wconf 87' lang='lat' dir='ltr'><strong>uti</strong></span> <span class='ocrx_word' id='word_1_342' title='bbox 1109 1146 1190 1173; x_wconf 84' lang='lat' dir='ltr'><strong>supra</strong></span> <span class='ocrx_word' id='word_1_343' title='bbox 1205 1138 1341 1170; x_wconf 84' lang='lat' dir='ltr'><strong>diximus,</strong></span> <span class='ocrx_word' id='word_1_344' title='bbox 1357 1138 1476 1166; x_wconf 80' lang='lat' dir='ltr'><strong>infensos</strong></span> <span class='ocrx_word' id='word_1_345' title='bbox 1493 1139 1571 1168; x_wconf 91' lang='lat' dir='ltr'><strong>nobis</strong></span> <span class='ocrx_word' id='word_1_346' title='bbox 1590 1140 1651 1168; x_wconf 84' lang='lat' dir='ltr'><strong>illos</strong></span> <span class='ocrx_word' id='word_1_347' title='bbox 1667 1149 1727 1170; x_wconf 85' lang='lat' dir='ltr'><strong>esse</strong></span> <span class='ocrx_word' id='word_1_348' title='bbox 1744 1150 1751 1168; x_wconf 87' lang='lat'>:</span> 
     </span>
    </p>
   </div>
   <div class='ocr_carea' id='block_1_49' title="bbox 963 1184 1754 1223">
    <p class='ocr_par' dir='ltr' id='par_1_49' title="bbox 963 1184 1754 1223">
     <span class='ocr_line' id='line_1_49' title="bbox 963 1184 1754 1223; baseline 0.004 -11"><span class='ocrx_word' id='word_1_349' title='bbox 963 1192 1013 1212; x_wconf 89' lang='lat' dir='ltr'><strong>nec</strong></span> <span class='ocrx_word' id='word_1_350' title='bbox 1029 1192 1077 1212; x_wconf 90' lang='lat' dir='ltr'><strong>vos</strong></span> <span class='ocrx_word' id='word_1_351' title='bbox 1098 1185 1163 1212; x_wconf 81' lang='lat' dir='ltr'><strong>latet</strong></span> <span class='ocrx_word' id='word_1_352' title='bbox 1175 1192 1224 1212; x_wconf 90' lang='lat' dir='ltr'><strong>cur</strong></span> <span class='ocrx_word' id='word_1_353' title='bbox 1244 1184 1374 1212; x_wconf 83' lang='lat' dir='ltr'><strong>Eusebius</strong></span> <span class='ocrx_word' id='word_1_354' title='bbox 1393 1185 1525 1213; x_wconf 60' lang='lat' dir='ltr'><strong>Caesarea;</strong></span> <span class='ocrx_word' id='word_1_355' title='bbox 1543 1186 1577 1214; x_wconf 92' lang='lat' dir='ltr'><strong>ab</strong></span> <span class='ocrx_word' id='word_1_356' title='bbox 1595 1194 1667 1214; x_wconf 91' lang='lat' dir='ltr'><strong>anno</strong></span> <span class='ocrx_word' id='word_1_357' title='bbox 1684 1196 1754 1223; x_wconf 70' lang='lat' dir='ltr'><strong>prm-</strong></span> 
     </span>
    </p>
   </div>
   <div class='ocr_carea' id='block_1_50' title="bbox 963 1231 1752 1269">
    <p class='ocr_par' dir='ltr' id='par_1_50' title="bbox 963 1231 1752 1269">
     <span class='ocr_line' id='line_1_50' title="bbox 963 1231 1752 1269; baseline 0.006 -12"><span class='ocrx_word' id='word_1_358' title='bbox 963 1231 1043 1258; x_wconf 89' lang='lat' dir='ltr'><strong>terito</strong></span> <span class='ocrx_word' id='word_1_359' title='bbox 1055 1231 1180 1258; x_wconf 80' lang='lat' dir='ltr'><strong>inimicus</strong></span> <span class='ocrx_word' id='word_1_360' title='bbox 1194 1231 1272 1259; x_wconf 90' lang='lat' dir='ltr'><strong>nobis</strong></span> <span class='ocrx_word' id='word_1_361' title='bbox 1284 1231 1371 1258; x_wconf 80' lang='lat' dir='ltr'><strong>factus</strong></span> <span class='ocrx_word' id='word_1_362' title='bbox 1383 1231 1429 1259; x_wconf 87' lang='lat' dir='ltr'><strong>sit.</strong></span> <span class='ocrx_word' id='word_1_363' title='bbox 1448 1232 1543 1261; x_wconf 80' lang='lat' dir='ltr'><strong>Valere</strong></span> <span class='ocrx_word' id='word_1_364' title='bbox 1553 1241 1601 1262; x_wconf 86' lang='lat' dir='ltr'><strong>vos</strong></span> <span class='ocrx_word' id='word_1_365' title='bbox 1615 1240 1752 1269; x_wconf 77' lang='lat' dir='ltr'><strong>optamus,</strong></span> 
     </span>
    </p>
   </div>
   <div class='ocr_carea' id='block_1_51' title="bbox 965 1277 1317 1306">
    <p class='ocr_par' dir='ltr' id='par_1_51' title="bbox 965 1277 1317 1306">
     <span class='ocr_line' id='line_1_51' title="bbox 965 1277 1317 1306; baseline 0.003 -2"><span class='ocrx_word' id='word_1_366' title='bbox 965 1277 1068 1305; x_wconf 90' lang='lat' dir='ltr'><strong>domini</strong></span> <span class='ocrx_word' id='word_1_367' title='bbox 1084 1278 1317 1306; x_wconf 65' lang='lat' dir='ltr'><strong>desiderantissimi.</strong></span> 
     </span>
    </p>
   </div>
   <div class='ocr_carea' id='block_1_52' title="bbox 118 1323 1754 1366">
    <p class='ocr_par' dir='ltr' id='par_1_52' title="bbox 118 1323 1754 1366">
     <span class='ocr_line' id='line_1_52' title="bbox 118 1323 1754 1366; baseline 0.006 -16"><span class='ocrx_word' id='word_1_368' title='bbox 118 1323 177 1359; x_wconf 83' lang='grc' dir='ltr'>θροί</span> <span class='ocrx_word' id='word_1_369' title='bbox 188 1325 255 1351; x_wconf 82' lang='grc' dir='ltr'>εἰσιν</span> <span class='ocrx_word' id='word_1_370' title='bbox 267 1325 354 1361; x_wconf 79' lang='grc' dir='ltr'>ἡμῶν,</span> <span class='ocrx_word' id='word_1_371' title='bbox 372 1326 418 1353; x_wconf 71' lang='grc' dir='ltr'><strong>καὶ</strong></span> <span class='ocrx_word' id='word_1_372' title='bbox 430 1326 474 1354; x_wconf 86' lang='grc' dir='ltr'><strong>διὰ</strong></span> <span class='ocrx_word' id='word_1_373' title='bbox 484 1327 509 1354; x_wconf 83' lang='grc' dir='ltr'><strong>τί</strong></span> <span class='ocrx_word' id='word_1_374' title='bbox 521 1327 672 1360; x_wconf 75' lang='grc' dir='ltr'>Εὑσέϐιοςό</span> <span class='ocrx_word' id='word_1_375' title='bbox 696 1328 746 1364; x_wconf 83' lang='grc' dir='ltr'><strong>τῆς</strong></span> <span class='ocrx_word' id='word_1_376' title='bbox 771 1327 940 1363; x_wconf 80' lang='grc' dir='ltr'><strong>Καισαρείας</strong></span> <span class='ocrx_word' id='word_1_377' title='bbox 959 1325 1056 1361; x_wconf 77' lang='grc' dir='ltr'>ἐχθρὸς</span> <span class='ocrx_word' id='word_1_378' title='bbox 1072 1326 1182 1361; x_wconf 82' lang='grc' dir='ltr'>γέγονεν</span> <span class='ocrx_word' id='word_1_379' title='bbox 1201 1326 1255 1353; x_wconf 71' lang='grc' dir='ltr'><strong>ἀπὺ</strong></span> <span class='ocrx_word' id='word_1_380' title='bbox 1271 1326 1396 1362; x_wconf 78' lang='grc' dir='ltr'>πέρυσιν.</span> <span class='ocrx_word' id='word_1_381' title='bbox 1419 1327 1572 1364; x_wconf 78' lang='grc' dir='ltr'>Ὲρῤὦσθαι</span> <span class='ocrx_word' id='word_1_382' title='bbox 1593 1329 1665 1365; x_wconf 78' lang='grc' dir='ltr'>ὑμᾶς</span> <span class='ocrx_word' id='word_1_383' title='bbox 1680 1329 1754 1366; x_wconf 76' lang='grc' dir='ltr'>εὒχό·</span> 
     </span>
    </p>
   </div>
   <div class='ocr_carea' id='block_1_53' title="bbox 120 1372 520 1410">
    <p class='ocr_par' dir='ltr' id='par_1_53' title="bbox 120 1372 520 1410">
     <span class='ocr_line' id='line_1_53' title="bbox 120 1372 520 1410; baseline 0.01 -11"><span class='ocrx_word' id='word_1_384' title='bbox 120 1372 199 1408; x_wconf 80' lang='grc' dir='ltr'>μεθα,</span> <span class='ocrx_word' id='word_1_385' title='bbox 219 1373 307 1410; x_wconf 84' lang='grc' dir='ltr'>κύριοι</span> <span class='ocrx_word' id='word_1_386' title='bbox 327 1375 520 1403; x_wconf 54' lang='grc' dir='ltr'>ποθεινῶατοι.</span> 
     </span>
    </p>
   </div>
   <div class='ocr_carea' id='block_1_54' title="bbox 310 1418 708 1456">
    <p class='ocr_par' dir='ltr' id='par_1_54' title="bbox 310 1418 708 1456">
     <span class='ocr_line' id='line_1_54' title="bbox 310 1418 708 1456; baseline 0.008 -11"><span class='ocrx_word' id='word_1_387' title='bbox 310 1418 365 1454; x_wconf 83' lang='grc'>(60)</span> <span class='ocrx_word' id='word_1_388' title='bbox 391 1421 520 1455; x_wconf 54' lang='lat' dir='ltr'><strong>manu)</strong></span> <span class='ocrx_word' id='word_1_389' title='bbox 541 1420 708 1456; x_wconf 82' lang='grc' dir='ltr'><strong>ΔΙΟΝΥΣῙῼ</strong></span> 
     </span>
    </p>
   </div>
   <div class='ocr_carea' id='block_1_55' title="bbox 118 1463 911 1502">
    <p class='ocr_par' dir='ltr' id='par_1_55' title="bbox 118 1463 911 1502">
     <span class='ocr_line' id='line_1_55' title="bbox 118 1463 911 1502; baseline 0.004 -11"><span class='ocrx_word' id='word_1_390' title='bbox 118 1463 158 1502; x_wconf 80' lang='grc' dir='ltr'>τῷ</span> <span class='ocrx_word' id='word_1_391' title='bbox 173 1464 370 1502; x_wconf 61' lang='grc' dir='ltr'>λαμπροτάτῳ</span> <span class='ocrx_word' id='word_1_392' title='bbox 381 1466 485 1502; x_wconf 58' lang='grc' dir='ltr'>κόμητι</span> <span class='ocrx_word' id='word_1_393' title='bbox 499 1466 579 1501; x_wconf 79' lang='grc' dir='ltr'>παρὰ</span> <span class='ocrx_word' id='word_1_394' title='bbox 595 1467 653 1494; x_wconf 81' lang='grc' dir='ltr'>τῶν</span> <span class='ocrx_word' id='word_1_395' title='bbox 668 1467 843 1494; x_wconf 76' lang='grc' dir='ltr'>ἐπισκόπων</span> <span class='ocrx_word' id='word_1_396' title='bbox 855 1467 911 1502; x_wconf 81' lang='grc' dir='ltr'>τῆς</span> 
     </span>
    </p>
   </div>
   <div class='ocr_carea' id='block_1_56' title="bbox 118 1500 911 1571">
    <p class='ocr_par' dir='ltr' id='par_1_56' title="bbox 118 1500 911 1571">
     <span class='ocr_line' id='line_1_56' title="bbox 118 1500 911 1564; baseline 0.005 -38"><span class='ocrx_word' id='word_1_397' title='bbox 118 1500 269 1535; x_wconf 68' lang='grc' dir='ltr'>Αἰγύπτου</span> <span class='ocrx_word' id='word_1_398' title='bbox 291 1500 456 1563; x_wconf 51' lang='grc' dir='ltr'>καθολικτῖςὶ</span> <span class='ocrx_word' id='word_1_399' title='bbox 479 1502 673 1564; x_wconf 55' lang='grc' dir='ltr'>’ξθξκλησίαᾳ</span> <span class='ocrx_word' id='word_1_400' title='bbox 689 1502 750 1530; x_wconf 81' lang='grc' dir='ltr'><strong>τῶν</strong></span> <span class='ocrx_word' id='word_1_401' title='bbox 760 1500 911 1531; x_wconf 70' lang='grc' dir='ltr'>ἐλθόν-τών</span> 
     </span>
     <span class='ocr_line' id='line_1_57' title="bbox 456 1546 592 1571; baseline 0 -7"><span class='ocrx_word' id='word_1_402' title='bbox 456 1547 472 1569; x_wconf 87' lang='grc' dir='ltr'><em>ς</em></span> <span class='ocrx_word' id='word_1_403' title='bbox 508 1546 592 1571; x_wconf 86' lang='grc' dir='ltr'>υρον.</span> 
     </span>
    </p>
   </div>
   <div class='ocr_carea' id='block_1_57' title="bbox 153 1579 910 1620">
    <p class='ocr_par' dir='ltr' id='par_1_57' title="bbox 153 1579 910 1620">
     <span class='ocr_line' id='line_1_58' title="bbox 153 1579 910 1620; baseline 0.005 -14"><span class='ocrx_word' id='word_1_404' title='bbox 153 1579 210 1607; x_wconf 83' lang='grc' dir='ltr'><strong>Οὐκ</strong></span> <span class='ocrx_word' id='word_1_405' title='bbox 225 1579 265 1606; x_wconf 78' lang='grc' dir='ltr'>ἔτι</span> <span class='ocrx_word' id='word_1_406' title='bbox 280 1580 427 1616; x_wconf 86' lang='grc' dir='ltr'>νομίζομεν</span> <span class='ocrx_word' id='word_1_407' title='bbox 437 1580 486 1617; x_wconf 86' lang='grc' dir='ltr'><strong>τὴν</strong></span> <span class='ocrx_word' id='word_1_408' title='bbox 501 1580 636 1617; x_wconf 81' lang='grc' dir='ltr'>συσκευὴν</span> <span class='ocrx_word' id='word_1_409' title='bbox 655 1580 752 1618; x_wconf 82' lang='grc' dir='ltr'>ἄδηλον</span> <span class='ocrx_word' id='word_1_410' title='bbox 772 1581 842 1610; x_wconf 82' lang='grc' dir='ltr'>εἶναι</span> <span class='ocrx_word' id='word_1_411' title='bbox 861 1583 910 1620; x_wconf 80' lang='grc' dir='ltr'><strong>τὴν</strong></span> 
     </span>
    </p>
   </div>
   <div class='ocr_carea' id='block_1_58' title="bbox 117 1624 909 1664">
    <p class='ocr_par' dir='ltr' id='par_1_58' title="bbox 117 1624 909 1664">
     <span class='ocr_line' id='line_1_59' title="bbox 117 1624 909 1664; baseline 0.005 -13"><span class='ocrx_word' id='word_1_412' title='bbox 117 1625 194 1661; x_wconf 83' lang='grc' dir='ltr'>παρὰ</span> <span class='ocrx_word' id='word_1_413' title='bbox 206 1624 260 1651; x_wconf 83' lang='grc' dir='ltr'><strong>τῶν</strong></span> <span class='ocrx_word' id='word_1_414' title='bbox 274 1627 339 1661; x_wconf 79' lang='grc' dir='ltr'>περὶ</span> <span class='ocrx_word' id='word_1_415' title='bbox 355 1624 485 1653; x_wconf 82' lang='grc' dir='ltr'>Εὑσέὸιον</span> <span class='ocrx_word' id='word_1_416' title='bbox 497 1646 505 1658; x_wconf 88' lang='grc'><strong>,</strong></span> <span class='ocrx_word' id='word_1_417' title='bbox 524 1627 571 1653; x_wconf 76' lang='grc' dir='ltr'>καὶ</span> <span class='ocrx_word' id='word_1_418' title='bbox 590 1625 734 1661; x_wconf 86' lang='grc' dir='ltr'>Θεόγνιον,</span> <span class='ocrx_word' id='word_1_419' title='bbox 748 1626 795 1655; x_wconf 77' lang='grc' dir='ltr'><strong>καὶ</strong></span> <span class='ocrx_word' id='word_1_420' title='bbox 806 1625 909 1664; x_wconf 84' lang='grc' dir='ltr'>Μάριν,</span> 
     </span>
    </p>
   </div>
   <div class='ocr_carea' id='block_1_59' title="bbox 117 1670 910 1710">
    <p class='ocr_par' dir='ltr' id='par_1_59' title="bbox 117 1670 910 1710">
     <span class='ocr_line' id='line_1_60' title="bbox 117 1670 910 1710; baseline 0.004 -12"><span class='ocrx_word' id='word_1_421' title='bbox 117 1670 166 1698; x_wconf 69' lang='grc' dir='ltr'><strong>καὶ</strong></span> <span class='ocrx_word' id='word_1_422' title='bbox 181 1671 347 1707; x_wconf 81' lang='grc' dir='ltr'><strong>Νάρκισσον,</strong></span> <span class='ocrx_word' id='word_1_423' title='bbox 365 1673 413 1699; x_wconf 79' lang='grc' dir='ltr'><strong>καὶ</strong></span> <span class='ocrx_word' id='word_1_424' title='bbox 428 1671 575 1708; x_wconf 83' lang='grc' dir='ltr'>Θεόδωρον,</span> <span class='ocrx_word' id='word_1_425' title='bbox 600 1674 648 1700; x_wconf 82' lang='grc' dir='ltr'>καὶ</span> <span class='ocrx_word' id='word_1_426' title='bbox 661 1674 829 1709; x_wconf 81' lang='grc' dir='ltr'>Πατρόφιλον</span> <span class='ocrx_word' id='word_1_427' title='bbox 844 1675 910 1710; x_wconf 83' lang='grc' dir='ltr'>ἡμῖν</span> 
     </span>
    </p>
   </div>
   <div class='ocr_carea' id='block_1_60' title="bbox 117 1717 909 1756">
    <p class='ocr_par' dir='ltr' id='par_1_60' title="bbox 117 1717 909 1756">
     <span class='ocr_line' id='line_1_61' title="bbox 117 1717 909 1756; baseline 0.004 -12"><span class='ocrx_word' id='word_1_428' title='bbox 117 1717 290 1754; x_wconf 82' lang='grc' dir='ltr'>γιγνομένην.</span> <span class='ocrx_word' id='word_1_429' title='bbox 309 1718 377 1745; x_wconf 83' lang='grc' dir='ltr'>Κατ’</span> <span class='ocrx_word' id='word_1_430' title='bbox 391 1718 478 1754; x_wconf 83' lang='grc' dir='ltr'>ἀρχὴν</span> <span class='ocrx_word' id='word_1_431' title='bbox 493 1719 543 1754; x_wconf 79' lang='grc' dir='ltr'><strong>μὲν</strong></span> <span class='ocrx_word' id='word_1_432' title='bbox 557 1719 611 1755; x_wconf 86' lang='grc' dir='ltr'>γὰρ</span> <span class='ocrx_word' id='word_1_433' title='bbox 626 1719 822 1756; x_wconf 80' lang='grc' dir='ltr'>παρῃτσύμεθα</span> <span class='ocrx_word' id='word_1_434' title='bbox 839 1720 909 1747; x_wconf 86' lang='grc' dir='ltr'>πάν-</span> 
     </span>
    </p>
   </div>
   <div class='ocr_carea' id='block_1_61' title="bbox 116 1762 910 1801">
    <p class='ocr_par' dir='ltr' id='par_1_61' title="bbox 116 1762 910 1801">
     <span class='ocr_line' id='line_1_62' title="bbox 116 1762 910 1801; baseline 0.001 -11"><span class='ocrx_word' id='word_1_435' title='bbox 116 1771 163 1795; x_wconf 85' lang='grc' dir='ltr'><strong>τες</strong></span> <span class='ocrx_word' id='word_1_436' title='bbox 173 1763 217 1790; x_wconf 82' lang='grc' dir='ltr'><strong>διὰ</strong></span> <span class='ocrx_word' id='word_1_437' title='bbox 237 1762 284 1790; x_wconf 83' lang='grc' dir='ltr'>τοῦ</span> <span class='ocrx_word' id='word_1_438' title='bbox 299 1763 505 1800; x_wconf 84' lang='grc' dir='ltr'>συλλειτουργοῦ</span> <span class='ocrx_word' id='word_1_439' title='bbox 516 1763 595 1799; x_wconf 82' lang='grc' dir='ltr'>ἡμῶν</span> <span class='ocrx_word' id='word_1_440' title='bbox 617 1764 785 1796; x_wconf 84' lang='grc' dir='ltr'>Ἀθανασίου,</span> <span class='ocrx_word' id='word_1_441' title='bbox 810 1764 910 1801; x_wconf 87' lang='grc' dir='ltr'>παρόν-</span> 
     </span>
    </p>
   </div>
   <div class='ocr_carea' id='block_1_62' title="bbox 116 1808 909 1845">
    <p class='ocr_par' dir='ltr' id='par_1_62' title="bbox 116 1808 909 1845">
     <span class='ocr_line' id='line_1_63' title="bbox 116 1808 909 1845; baseline 0.004 -10"><span class='ocrx_word' id='word_1_442' title='bbox 116 1817 172 1835; x_wconf 88' lang='grc' dir='ltr'><strong>των</strong></span> <span class='ocrx_word' id='word_1_443' title='bbox 188 1808 289 1841; x_wconf 83' lang='grc' dir='ltr'>αὺτῶν,</span> <span class='ocrx_word' id='word_1_444' title='bbox 304 1808 498 1845; x_wconf 75' lang='grc' dir='ltr'>τὴνιάκρόασιν</span> <span class='ocrx_word' id='word_1_445' title='bbox 513 1809 654 1843; x_wconf 85' lang='grc' dir='ltr'>γενέσθαι·</span> <span class='ocrx_word' id='word_1_446' title='bbox 675 1810 787 1842; x_wconf 77' lang='grc' dir='ltr'>ειδότες,</span> <span class='ocrx_word' id='word_1_447' title='bbox 801 1811 842 1838; x_wconf 78' lang='grc' dir='ltr'>ὅτι</span> <span class='ocrx_word' id='word_1_448' title='bbox 862 1811 909 1838; x_wconf 83' lang='grc' dir='ltr'><strong>καὶ</strong></span> 
     </span>
    </p>
   </div>
   <div class='ocr_carea' id='block_1_63' title="bbox 116 1852 908 1893">
    <p class='ocr_par' dir='ltr' id='par_1_63' title="bbox 116 1852 908 1893">
     <span class='ocr_line' id='line_1_64' title="bbox 116 1852 908 1893; baseline 0.004 -12"><span class='ocrx_word' id='word_1_449' title='bbox 116 1852 177 1887; x_wconf 65' lang='grc' dir='ltr'>ἐνὸς</span> <span class='ocrx_word' id='word_1_450' title='bbox 191 1854 271 1890; x_wconf 87' lang='grc' dir='ltr'>μόνου</span> <span class='ocrx_word' id='word_1_451' title='bbox 283 1854 380 1891; x_wconf 82' lang='grc' dir='ltr'>ἐχθροῦ</span> <span class='ocrx_word' id='word_1_452' title='bbox 397 1855 542 1890; x_wconf 81' lang='grc' dir='ltr'>παρουσία,</span> <span class='ocrx_word' id='word_1_453' title='bbox 557 1857 654 1892; x_wconf 90' lang='grc' dir='ltr'>μήτιγε</span> <span class='ocrx_word' id='word_1_454' title='bbox 668 1856 782 1890; x_wconf 83' lang='grc' dir='ltr'>πολλῶν,</span> <span class='ocrx_word' id='word_1_455' title='bbox 806 1856 908 1893; x_wconf 85' lang='grc' dir='ltr'>ταράτ-</span> 
     </span>
    </p>
   </div>
   <div class='ocr_carea' id='block_1_64' title="bbox 114 1900 909 1939">
    <p class='ocr_par' dir='ltr' id='par_1_64' title="bbox 114 1900 909 1939">
     <span class='ocr_line' id='line_1_65' title="bbox 114 1900 909 1939; baseline 0.004 -12"><span class='ocrx_word' id='word_1_456' title='bbox 114 1908 174 1928; x_wconf 81' lang='grc' dir='ltr'>τειν</span> <span class='ocrx_word' id='word_1_457' title='bbox 189 1901 236 1928; x_wconf 81' lang='grc' dir='ltr'><strong>καὶ</strong></span> <span class='ocrx_word' id='word_1_458' title='bbox 254 1900 383 1937; x_wconf 86' lang='grc' dir='ltr'>βλάπτειν</span> <span class='ocrx_word' id='word_1_459' title='bbox 394 1901 506 1928; x_wconf 87' lang='grc' dir='ltr'>δύναται</span> <span class='ocrx_word' id='word_1_460' title='bbox 516 1902 565 1937; x_wconf 83' lang='grc' dir='ltr'>τὴν</span> <span class='ocrx_word' id='word_1_461' title='bbox 578 1902 720 1938; x_wconf 86' lang='grc' dir='ltr'>ἀκρόασιν.</span> <span class='ocrx_word' id='word_1_462' title='bbox 736 1902 844 1939; x_wconf 82' lang='grc' dir='ltr'>Φανερὰ</span> <span class='ocrx_word' id='word_1_463' title='bbox 854 1903 909 1939; x_wconf 85' lang='grc' dir='ltr'><strong>γάρ</strong></span> 
     </span>
    </p>
   </div>
   <div class='ocr_carea' id='block_1_65' title="bbox 116 1947 908 1986">
    <p class='ocr_par' dir='ltr' id='par_1_65' title="bbox 116 1947 908 1986">
     <span class='ocr_line' id='line_1_66' title="bbox 116 1947 908 1986; baseline 0.003 -12"><span class='ocrx_word' id='word_1_464' title='bbox 116 1948 220 1983; x_wconf 84' lang='grc' dir='ltr'>ἐστινὴ</span> <span class='ocrx_word' id='word_1_465' title='bbox 234 1947 320 1983; x_wconf 73' lang='grc' dir='ltr'>ἔχθρα</span> <span class='ocrx_word' id='word_1_466' title='bbox 335 1947 433 1979; x_wconf 83' lang='grc' dir='ltr'>αὐτῶν,</span> <span class='ocrx_word' id='word_1_467' title='bbox 450 1948 484 1984; x_wconf 83' lang='grc' dir='ltr'>ἢν</span> <span class='ocrx_word' id='word_1_468' title='bbox 499 1948 530 1974; x_wconf 88' lang='grc' dir='ltr'><strong>οὐ</strong></span> <span class='ocrx_word' id='word_1_469' title='bbox 555 1948 623 1984; x_wconf 79' lang='grc' dir='ltr'>πρὸς</span> <span class='ocrx_word' id='word_1_470' title='bbox 637 1950 717 1985; x_wconf 73' lang='grc' dir='ltr'><strong>’1)μᾶςὲ</strong></span> <span class='ocrx_word' id='word_1_471' title='bbox 726 1949 806 1985; x_wconf 82' lang='grc' dir='ltr'>μόνον</span> <span class='ocrx_word' id='word_1_472' title='bbox 825 1949 908 1986; x_wconf 86' lang='grc' dir='ltr'>ἐσχή-</span> 
     </span>
    </p>
   </div>
   <div class='ocr_carea' id='block_1_66' title="bbox 115 1992 908 2032">
    <p class='ocr_par' dir='ltr' id='par_1_66' title="bbox 115 1992 908 2032">
     <span class='ocr_line' id='line_1_67' title="bbox 115 1992 908 2032; baseline 0.004 -12"><span class='ocrx_word' id='word_1_473' title='bbox 115 2002 207 2026; x_wconf 77' lang='grc' dir='ltr'>κασιν,</span> <span class='ocrx_word' id='word_1_474' title='bbox 228 1993 296 2020; x_wconf 81' lang='grc' dir='ltr'>ἀλλὰ</span> <span class='ocrx_word' id='word_1_475' title='bbox 315 1993 361 2020; x_wconf 77' lang='grc' dir='ltr'><strong>καὶ</strong></span> <span class='ocrx_word' id='word_1_476' title='bbox 387 1993 455 2030; x_wconf 78' lang='grc' dir='ltr'>πρὸς</span> <span class='ocrx_word' id='word_1_477' title='bbox 479 1992 582 2028; x_wconf 82' lang='grc' dir='ltr'>πάντας</span> <span class='ocrx_word' id='word_1_478' title='bbox 597 1995 659 2027; x_wconf 79' lang='grc' dir='ltr'>τοὺς</span> <span class='ocrx_word' id='word_1_479' title='bbox 673 1994 848 2032; x_wconf 71' lang='grc' dir='ltr'>όρθοδόξουςο</span> <span class='ocrx_word' id='word_1_480' title='bbox 865 1996 908 2023; x_wconf 83' lang='grc' dir='ltr'>ὅτι</span> 
     </span>
    </p>
   </div>
   <div class='ocr_carea' id='block_1_67' title="bbox 114 2038 907 2074">
    <p class='ocr_par' dir='ltr' id='par_1_67' title="bbox 114 2038 907 2074">
     <span class='ocr_line' id='line_1_68' title="bbox 114 2038 907 2074; baseline 0.003 -8"><span class='ocrx_word' id='word_1_481' title='bbox 114 2039 188 2066; x_wconf 85' lang='grc' dir='ltr'>κατὰ</span> <span class='ocrx_word' id='word_1_482' title='bbox 204 2039 307 2072; x_wconf 81' lang='grc' dir='ltr'>πάντας</span> <span class='ocrx_word' id='word_1_483' title='bbox 331 2039 508 2074; x_wconf 84' lang='grc' dir='ltr'>ἐπιφύονται,</span> <span class='ocrx_word' id='word_1_484' title='bbox 531 2040 578 2066; x_wconf 80' lang='grc' dir='ltr'><strong>καὶ</strong></span> <span class='ocrx_word' id='word_1_485' title='bbox 594 2038 661 2067; x_wconf 76' lang='grc' dir='ltr'>πᾶσι</span> <span class='ocrx_word' id='word_1_486' title='bbox 678 2040 907 2073; x_wconf 80' lang='grc' dir='ltr'>συσκευάζονται·</span> 
     </span>
    </p>
   </div>
   <div class='ocr_carea' id='block_1_68' title="bbox 114 2086 945 2126">
    <p class='ocr_par' dir='ltr' id='par_1_68' title="bbox 114 2086 945 2126">
     <span class='ocr_line' id='line_1_69' title="bbox 114 2086 945 2126; baseline 0.002 -14"><span class='ocrx_word' id='word_1_487' title='bbox 114 2086 210 2122; x_wconf 75' lang='grc' dir='ltr'>ἐπειδὴ</span> <span class='ocrx_word' id='word_1_488' title='bbox 223 2086 251 2113; x_wconf 76' lang='grc' dir='ltr'><strong>δὲ</strong></span> <span class='ocrx_word' id='word_1_489' title='bbox 268 2086 432 2122; x_wconf 75' lang='grc' dir='ltr'>θαρροῦντες</span> <span class='ocrx_word' id='word_1_490' title='bbox 453 2087 534 2121; x_wconf 81' lang='grc' dir='ltr'>ἡμεῖς</span> <span class='ocrx_word' id='word_1_491' title='bbox 552 2089 585 2122; x_wconf 80' lang='grc' dir='ltr'>τῇ</span> <span class='ocrx_word' id='word_1_492' title='bbox 601 2087 731 2123; x_wconf 71' lang='grc' dir='ltr'>ἀληθείᾳ,</span> <span class='ocrx_word' id='word_1_493' title='bbox 749 2087 834 2120; x_wconf 79' lang='grc' dir='ltr'>δεῖξαι</span> <span class='ocrx_word' id='word_1_494' title='bbox 856 2088 906 2124; x_wconf 81' lang='grc' dir='ltr'>τὴν</span> <span class='ocrx_word' id='word_1_495' title='bbox 922 2098 945 2126; x_wconf 74' lang='grc' dir='ltr'><strong>ι)</strong></span> 
     </span>
    </p>
   </div>
   <div class='ocr_carea' id='block_1_69' title="bbox 115 2132 907 2168">
    <p class='ocr_par' dir='ltr' id='par_1_69' title="bbox 115 2132 907 2168">
     <span class='ocr_line' id='line_1_70' title="bbox 115 2132 907 2168; baseline 0.003 -9"><span class='ocrx_word' id='word_1_496' title='bbox 115 2132 298 2167; x_wconf 79' lang='grc' dir='ltr'>συκοφαντίαν</span> <span class='ocrx_word' id='word_1_497' title='bbox 309 2132 358 2168; x_wconf 83' lang='grc' dir='ltr'><strong>τὴν</strong></span> <span class='ocrx_word' id='word_1_498' title='bbox 372 2132 441 2159; x_wconf 85' lang='grc' dir='ltr'>κατὰ</span> <span class='ocrx_word' id='word_1_499' title='bbox 450 2133 500 2168; x_wconf 83' lang='grc' dir='ltr'><strong>τῆς</strong></span> <span class='ocrx_word' id='word_1_500' title='bbox 519 2132 681 2168; x_wconf 83' lang='grc' dir='ltr'>Ἐκκλησίας</span> <span class='ocrx_word' id='word_1_501' title='bbox 704 2133 756 2160; x_wconf 82' lang='grc' dir='ltr'><strong>ὑπὸ</strong></span> <span class='ocrx_word' id='word_1_502' title='bbox 775 2133 829 2160; x_wconf 84' lang='grc' dir='ltr'>τῶν</span> <span class='ocrx_word' id='word_1_503' title='bbox 850 2134 907 2161; x_wconf 82' lang='grc' dir='ltr'><strong>Με-</strong></span> 
     </span>
    </p>
   </div>
   <div class='ocr_carea' id='block_1_70' title="bbox 113 2177 904 2215">
    <p class='ocr_par' dir='ltr' id='par_1_70' title="bbox 113 2177 904 2215">
     <span class='ocr_line' id='line_1_71' title="bbox 113 2177 904 2215; baseline 0.001 -9"><span class='ocrx_word' id='word_1_504' title='bbox 113 2177 241 2206; x_wconf 86' lang='grc' dir='ltr'>λιτιανῶν</span> <span class='ocrx_word' id='word_1_505' title='bbox 265 2178 413 2214; x_wconf 82' lang='grc' dir='ltr'>γενομένην</span> <span class='ocrx_word' id='word_1_506' title='bbox 430 2178 612 2215; x_wconf 76' lang='grc' dir='ltr'>ἠθελήσαμεν,</span> <span class='ocrx_word' id='word_1_507' title='bbox 640 2180 690 2206; x_wconf 80' lang='grc' dir='ltr'><strong>οὐκ</strong></span> <span class='ocrx_word' id='word_1_508' title='bbox 716 2179 826 2215; x_wconf 74' lang='grc' dir='ltr'>οἴδαμεν</span> <span class='ocrx_word' id='word_1_509' title='bbox 846 2180 904 2212; x_wconf 83' lang='grc' dir='ltr'><strong>πῶς</strong></span> 
     </span>
    </p>
   </div>
   <div class='ocr_carea' id='block_1_71' title="bbox 113 2223 907 2262">
    <p class='ocr_par' dir='ltr' id='par_1_71' title="bbox 113 2223 907 2262">
     <span class='ocr_line' id='line_1_72' title="bbox 113 2223 907 2262; baseline 0.004 -11"><span class='ocrx_word' id='word_1_510' title='bbox 113 2225 194 2252; x_wconf 75' lang='grc' dir='ltr'>αὐτοὶ</span> <span class='ocrx_word' id='word_1_511' title='bbox 204 2225 228 2251; x_wconf 88' lang='grc' dir='ltr'>οἱ</span> <span class='ocrx_word' id='word_1_512' title='bbox 241 2225 305 2260; x_wconf 77' lang='grc' dir='ltr'>περὶ</span> <span class='ocrx_word' id='word_1_513' title='bbox 326 2223 455 2252; x_wconf 79' lang='grc' dir='ltr'>Εὑσέϐιον</span> <span class='ocrx_word' id='word_1_514' title='bbox 471 2225 614 2261; x_wconf 79' lang='grc' dir='ltr'>ταράττειν</span> <span class='ocrx_word' id='word_1_515' title='bbox 636 2225 669 2252; x_wconf 85' lang='grc' dir='ltr'>τὰ</span> <span class='ocrx_word' id='word_1_516' title='bbox 691 2226 755 2261; x_wconf 85' lang='grc' dir='ltr'>παρ’</span> <span class='ocrx_word' id='word_1_517' title='bbox 772 2226 850 2262; x_wconf 83' lang='grc' dir='ltr'>ἡμῶν</span> <span class='ocrx_word' id='word_1_518' title='bbox 864 2226 907 2254; x_wconf 85' lang='grc' dir='ltr'>λε-</span> 
     </span>
    </p>
   </div>
   <div class='ocr_carea' id='block_1_72' title="bbox 113 2270 905 2308">
    <p class='ocr_par' dir='ltr' id='par_1_72' title="bbox 113 2270 905 2308">
     <span class='ocr_line' id='line_1_73' title="bbox 113 2270 905 2308; baseline 0.003 -11"><span class='ocrx_word' id='word_1_519' title='bbox 113 2270 219 2307; x_wconf 81' lang='grc' dir='ltr'>γόμενα</span> <span class='ocrx_word' id='word_1_520' title='bbox 231 2270 379 2308; x_wconf 76' lang='grc' dir='ltr'>ἐπειρῶντο</span> <span class='ocrx_word' id='word_1_521' title='bbox 388 2280 395 2287; x_wconf 94' lang='grc'><strong>·</strong></span> <span class='ocrx_word' id='word_1_522' title='bbox 412 2272 458 2298; x_wconf 77' lang='grc' dir='ltr'><strong>καὶ</strong></span> <span class='ocrx_word' id='word_1_523' title='bbox 473 2272 519 2298; x_wconf 76' lang='grc' dir='ltr'>ἐπὶ</span> <span class='ocrx_word' id='word_1_524' title='bbox 532 2271 599 2298; x_wconf 86' lang='grc' dir='ltr'>πολὺ</span> <span class='ocrx_word' id='word_1_525' title='bbox 614 2271 779 2304; x_wconf 79' lang='grc' dir='ltr'>ἐσπούδαζον</span> <span class='ocrx_word' id='word_1_526' title='bbox 793 2272 827 2299; x_wconf 76' lang='grc' dir='ltr'>τὰ</span> <span class='ocrx_word' id='word_1_527' title='bbox 839 2273 905 2308; x_wconf 84' lang='grc' dir='ltr'>παρ’</span> 
     </span>
    </p>
   </div>
   <div class='ocr_carea' id='block_1_73' title="bbox 114 2316 904 2354">
    <p class='ocr_par' dir='ltr' id='par_1_73' title="bbox 114 2316 904 2354">
     <span class='ocr_line' id='line_1_74' title="bbox 114 2316 904 2354; baseline 0.003 -11"><span class='ocrx_word' id='word_1_528' title='bbox 114 2317 194 2353; x_wconf 83' lang='grc' dir='ltr'>ἡμῶν</span> <span class='ocrx_word' id='word_1_529' title='bbox 209 2316 344 2353; x_wconf 75' lang='grc' dir='ltr'>λεγόμενα</span> <span class='ocrx_word' id='word_1_530' title='bbox 362 2317 539 2344; x_wconf 77' lang='grc' dir='ltr'>ἐκϐάλλεσθαι</span> <span class='ocrx_word' id='word_1_531' title='bbox 549 2337 556 2349; x_wconf 91' lang='grc'><strong>,</strong></span> <span class='ocrx_word' id='word_1_532' title='bbox 577 2319 634 2349; x_wconf 81' lang='grc' dir='ltr'>τοῖς</span> <span class='ocrx_word' id='word_1_533' title='bbox 654 2318 702 2353; x_wconf 85' lang='grc' dir='ltr'>μὲν</span> <span class='ocrx_word' id='word_1_534' title='bbox 716 2318 853 2354; x_wconf 82' lang='grc' dir='ltr'>ἀκεραίως</span> <span class='ocrx_word' id='word_1_535' title='bbox 864 2318 904 2345; x_wconf 86' lang='grc' dir='ltr'><strong>δι-</strong></span> 
     </span>
    </p>
   </div>
   <div class='ocr_carea' id='block_1_74' title="bbox 114 2361 905 2400">
    <p class='ocr_par' dir='ltr' id='par_1_74' title="bbox 114 2361 905 2400">
     <span class='ocr_line' id='line_1_75' title="bbox 114 2361 905 2400; baseline 0.001 -10"><span class='ocrx_word' id='word_1_536' title='bbox 114 2363 246 2395; x_wconf 82' lang='grc' dir='ltr'>κάζουσιν</span> <span class='ocrx_word' id='word_1_537' title='bbox 259 2361 443 2395; x_wconf 81' lang='grc' dir='ltr'>ἀπειλοῦντες,</span> <span class='ocrx_word' id='word_1_538' title='bbox 454 2363 516 2395; x_wconf 83' lang='grc' dir='ltr'>τοὺς</span> <span class='ocrx_word' id='word_1_539' title='bbox 527 2364 556 2390; x_wconf 87' lang='grc' dir='ltr'><strong>δέ</strong></span> <span class='ocrx_word' id='word_1_540' title='bbox 571 2364 617 2390; x_wconf 78' lang='grc' dir='ltr'>καὶ</span> <span class='ocrx_word' id='word_1_541' title='bbox 633 2363 788 2398; x_wconf 76' lang='grc' dir='ltr'>ὑϐρίζοντες</span> <span class='ocrx_word' id='word_1_542' title='bbox 801 2384 808 2395; x_wconf 88' lang='grc'><strong>,</strong></span> <span class='ocrx_word' id='word_1_543' title='bbox 824 2364 905 2400; x_wconf 87' lang='grc' dir='ltr'>μόνον</span> 
     </span>
    </p>
   </div>
   <div class='ocr_carea' id='block_1_75' title="bbox 113 2408 905 2446">
    <p class='ocr_par' dir='ltr' id='par_1_75' title="bbox 113 2408 905 2446">
     <span class='ocr_line' id='line_1_76' title="bbox 113 2408 905 2446; baseline 0.003 -11"><span class='ocrx_word' id='word_1_544' title='bbox 113 2408 160 2436; x_wconf 85' lang='grc' dir='ltr'>τνα</span> <span class='ocrx_word' id='word_1_545' title='bbox 174 2408 205 2435; x_wconf 79' lang='grc' dir='ltr'>τὸ</span> <span class='ocrx_word' id='word_1_546' title='bbox 217 2409 278 2437; x_wconf 81' lang='grc' dir='ltr'>καθ’</span> <span class='ocrx_word' id='word_1_547' title='bbox 287 2409 366 2446; x_wconf 84' lang='grc' dir='ltr'>ήμῶν</span> <span class='ocrx_word' id='word_1_548' title='bbox 378 2409 594 2445; x_wconf 83' lang='grc' dir='ltr'>σπουδαζόμενον</span> <span class='ocrx_word' id='word_1_549' title='bbox 608 2409 699 2441; x_wconf 79' lang='grc' dir='ltr'>αὐτοῖς</span> <span class='ocrx_word' id='word_1_550' title='bbox 713 2409 835 2446; x_wconf 85' lang='grc' dir='ltr'>γένηται.</span> <span class='ocrx_word' id='word_1_551' title='bbox 850 2410 905 2437; x_wconf 82' lang='grc' dir='ltr'><strong>Καὶ</strong></span> 
     </span>
    </p>
   </div>
   <div class='ocr_carea' id='block_1_76' title="bbox 113 2454 904 2492">
    <p class='ocr_par' dir='ltr' id='par_1_76' title="bbox 113 2454 904 2492">
     <span class='ocr_line' id='line_1_77' title="bbox 113 2454 904 2492; baseline 0.001 -10"><span class='ocrx_word' id='word_1_552' title='bbox 113 2455 182 2487; x_wconf 71' lang='grc' dir='ltr'>ἴσως</span> <span class='ocrx_word' id='word_1_553' title='bbox 197 2456 213 2491; x_wconf 85' lang='grc' dir='ltr'><strong>ή</strong></span> <span class='ocrx_word' id='word_1_554' title='bbox 226 2456 380 2492; x_wconf 84' lang='grc' dir='ltr'>χρηστότης</span> <span class='ocrx_word' id='word_1_555' title='bbox 398 2454 474 2491; x_wconf 77' lang='grc' dir='ltr'>ὑμῶν</span> <span class='ocrx_word' id='word_1_556' title='bbox 494 2455 549 2491; x_wconf 81' lang='grc'>(61)</span> <span class='ocrx_word' id='word_1_557' title='bbox 567 2456 656 2491; x_wconf 75' lang='grc' dir='ltr'>ἠγνόει</span> <span class='ocrx_word' id='word_1_558' title='bbox 681 2456 730 2492; x_wconf 76' lang='grc' dir='ltr'><strong>τὴν</strong></span> <span class='ocrx_word' id='word_1_559' title='bbox 747 2456 806 2483; x_wconf 84' lang='grc' dir='ltr'>καθ’</span> <span class='ocrx_word' id='word_1_560' title='bbox 825 2457 904 2492; x_wconf 87' lang='grc' dir='ltr'>ἡμῶν</span> 
     </span>
    </p>
   </div>
   <div class='ocr_carea' id='block_1_77' title="bbox 112 2498 904 2536">
    <p class='ocr_par' dir='ltr' id='par_1_77' title="bbox 112 2498 904 2536">
     <span class='ocr_line' id='line_1_78' title="bbox 112 2498 904 2536; baseline -0.001 -9"><span class='ocrx_word' id='word_1_561' title='bbox 112 2498 262 2536; x_wconf 84' lang='grc' dir='ltr'>γινομένην</span> <span class='ocrx_word' id='word_1_562' title='bbox 275 2501 339 2536; x_wconf 89' lang='grc' dir='ltr'>παρ’</span> <span class='ocrx_word' id='word_1_563' title='bbox 352 2500 441 2527; x_wconf 84' lang='grc' dir='ltr'>αὐτῶν</span> <span class='ocrx_word' id='word_1_564' title='bbox 454 2500 588 2535; x_wconf 84' lang='grc' dir='ltr'>συσκευήν</span> <span class='ocrx_word' id='word_1_565' title='bbox 598 2506 605 2515; x_wconf 84' lang='grc'><strong><em>⁸</em></strong></span> <span class='ocrx_word' id='word_1_566' title='bbox 622 2499 689 2526; x_wconf 81' lang='grc' dir='ltr'>ἀλλὰ</span> <span class='ocrx_word' id='word_1_567' title='bbox 700 2499 747 2527; x_wconf 84' lang='grc' dir='ltr'>νῦν</span> <span class='ocrx_word' id='word_1_568' title='bbox 758 2499 904 2535; x_wconf 80' lang='grc' dir='ltr'>νομίζομεν</span> 
     </span>
    </p>
   </div>
   <div class='ocr_carea' id='block_1_78' title="bbox 112 2545 904 2582">
    <p class='ocr_par' dir='ltr' id='par_1_78' title="bbox 112 2545 904 2582">
     <span class='ocr_line' id='line_1_79' title="bbox 112 2545 904 2582; baseline 0 -10"><span class='ocrx_word' id='word_1_569' title='bbox 112 2545 236 2580; x_wconf 74' lang='grc' dir='ltr'>φανερὰν</span> <span class='ocrx_word' id='word_1_570' title='bbox 250 2545 335 2582; x_wconf 77' lang='grc' dir='ltr'>αὐτὴν</span> <span class='ocrx_word' id='word_1_571' title='bbox 357 2545 529 2580; x_wconf 82' lang='grc' dir='ltr'>γεγενῆσθαι.</span> <span class='ocrx_word' id='word_1_572' title='bbox 549 2545 614 2572; x_wconf 78' lang='grc' dir='ltr'>’ἰδοὺ</span> <span class='ocrx_word' id='word_1_573' title='bbox 633 2545 688 2581; x_wconf 83' lang='grc' dir='ltr'>γὰρ</span> <span class='ocrx_word' id='word_1_574' title='bbox 707 2545 832 2581; x_wconf 83' lang='grc' dir='ltr'>φανερῶς</span> <span class='ocrx_word' id='word_1_575' title='bbox 853 2546 904 2572; x_wconf 86' lang='grc' dir='ltr'><strong>αὺ-</strong></span> 
     </span>
    </p>
   </div>
   <div class='ocr_carea' id='block_1_79' title="bbox 111 2591 903 2627">
    <p class='ocr_par' dir='ltr' id='par_1_79' title="bbox 111 2591 903 2627">
     <span class='ocr_line' id='line_1_80' title="bbox 111 2591 903 2627; baseline 0 -9"><span class='ocrx_word' id='word_1_576' title='bbox 111 2591 157 2618; x_wconf 79' lang='grc' dir='ltr'>τοὶ</span> <span class='ocrx_word' id='word_1_577' title='bbox 171 2591 220 2627; x_wconf 87' lang='grc' dir='ltr'><strong>τὴν</strong></span> <span class='ocrx_word' id='word_1_578' title='bbox 247 2591 381 2627; x_wconf 78' lang='grc' dir='ltr'>συσκευὴν</span> <span class='ocrx_word' id='word_1_579' title='bbox 396 2591 575 2624; x_wconf 76' lang='grc' dir='ltr'>ἐνεδείξαντο·</span> <span class='ocrx_word' id='word_1_580' title='bbox 589 2591 652 2623; x_wconf 82' lang='grc' dir='ltr'>τοὺς</span> <span class='ocrx_word' id='word_1_581' title='bbox 670 2591 724 2627; x_wconf 86' lang='grc' dir='ltr'>γὰρ</span> <span class='ocrx_word' id='word_1_582' title='bbox 753 2591 782 2624; x_wconf 81' lang='grc' dir='ltr'><strong>ἐξ</strong></span> <span class='ocrx_word' id='word_1_583' title='bbox 799 2591 903 2618; x_wconf 80' lang='grc' dir='ltr'>ἐαυτῶν</span> 
     </span>
    </p>
   </div>
   <div class='ocr_carea' id='block_1_80' title="bbox 112 2635 904 2673">
    <p class='ocr_par' dir='ltr' id='par_1_80' title="bbox 112 2635 904 2673">
     <span class='ocr_line' id='line_1_81' title="bbox 112 2635 904 2673; baseline 0.001 -10"><span class='ocrx_word' id='word_1_584' title='bbox 112 2637 272 2663; x_wconf 77' lang='grc' dir='ltr'>ἀποστεῖλαι</span> <span class='ocrx_word' id='word_1_585' title='bbox 283 2637 420 2672; x_wconf 78' lang='grc' dir='ltr'>ἠθέλησαν</span> <span class='ocrx_word' id='word_1_586' title='bbox 436 2637 476 2669; x_wconf 80' lang='grc' dir='ltr'><strong>εις</strong></span> <span class='ocrx_word' id='word_1_587' title='bbox 495 2636 540 2663; x_wconf 80' lang='grc' dir='ltr'>τὸν</span> <span class='ocrx_word' id='word_1_588' title='bbox 556 2635 724 2673; x_wconf 81' lang='grc' dir='ltr'>Μαρεώτην·</span> <span class='ocrx_word' id='word_1_589' title='bbox 743 2637 786 2664; x_wconf 81' lang='grc' dir='ltr'>ἵνα</span> <span class='ocrx_word' id='word_1_590' title='bbox 797 2657 805 2668; x_wconf 84' lang='grc'><strong>,</strong></span> <span class='ocrx_word' id='word_1_591' title='bbox 820 2637 904 2664; x_wconf 84' lang='grc' dir='ltr'>ἀπόν-</span> 
     </span>
    </p>
   </div>
   <div class='ocr_carea' id='block_1_81' title="bbox 109 2682 904 2718">
    <p class='ocr_par' dir='ltr' id='par_1_81' title="bbox 109 2682 904 2718">
     <span class='ocr_line' id='line_1_82' title="bbox 109 2682 904 2718; baseline -0.001 -8"><span class='ocrx_word' id='word_1_592' title='bbox 109 2690 169 2710; x_wconf 70' lang='lat' dir='ltr'><strong>‘Bwv</strong></span> <span class='ocrx_word' id='word_1_593' title='bbox 185 2683 273 2718; x_wconf 80' lang='grc' dir='ltr'>ἡμῶν,</span> <span class='ocrx_word' id='word_1_594' title='bbox 290 2683 338 2710; x_wconf 79' lang='grc' dir='ltr'>καὶ</span> <span class='ocrx_word' id='word_1_595' title='bbox 362 2682 479 2710; x_wconf 86' lang='grc' dir='ltr'>ἐνταῦθα</span> <span class='ocrx_word' id='word_1_596' title='bbox 496 2683 631 2718; x_wconf 83' lang='grc' dir='ltr'>μενόντων</span> <span class='ocrx_word' id='word_1_597' title='bbox 642 2703 649 2717; x_wconf 83' lang='grc'><strong>,</strong></span> <span class='ocrx_word' id='word_1_598' title='bbox 674 2682 738 2715; x_wconf 84' lang='grc' dir='ltr'>τοὺς</span> <span class='ocrx_word' id='word_1_599' title='bbox 753 2683 803 2718; x_wconf 78' lang='grc' dir='ltr'>μὲν</span> <span class='ocrx_word' id='word_1_600' title='bbox 824 2682 904 2715; x_wconf 84' lang='grc' dir='ltr'>λαοὺς</span> 
     </span>
    </p>
   </div>
   <div class='ocr_carea' id='block_1_82' title="bbox 152 2762 902 2800">
    <p class='ocr_par' dir='ltr' id='par_1_82' title="bbox 152 2762 902 2800">
     <span class='ocr_line' id='line_1_83' title="bbox 152 2762 902 2800; baseline 0.005 -11"><span class='ocrx_word' id='word_1_601' title='bbox 152 2762 257 2800; x_wconf 78' lang='lat' dir='ltr'><strong>(58)_lta</strong></span> <span class='ocrx_word' id='word_1_602' title='bbox 269 2764 333 2799; x_wconf 68' lang='lat' dir='ltr'><strong>lies.</strong></span> <span class='ocrx_word' id='word_1_603' title='bbox 343 2764 387 2792; x_wconf 92' lang='lat' dir='ltr'><strong>hic</strong></span> <span class='ocrx_word' id='word_1_604' title='bbox 397 2763 456 2791; x_wconf 88' lang='lat' dir='ltr'><strong>etin</strong></span> <span class='ocrx_word' id='word_1_605' title='bbox 464 2764 586 2799; x_wconf 86' lang='lat' dir='ltr'><strong>sequenti</strong></span> <span class='ocrx_word' id='word_1_606' title='bbox 594 2764 673 2800; x_wconf 87' lang='lat' dir='ltr'><strong>epist.</strong></span> <span class='ocrx_word' id='word_1_607' title='bbox 682 2764 754 2793; x_wconf 73' lang='lat' dir='ltr'><strong>Editi</strong></span> <span class='ocrx_word' id='word_1_608' title='bbox 762 2765 902 2798; x_wconf 87' lang='lat' dir='ltr'><strong>mendose,</strong></span> 
     </span>
    </p>
   </div>
   <div class='ocr_carea' id='block_1_83' title="bbox 110 2797 903 2870">
    <p class='ocr_par' dir='ltr' id='par_1_83' title="bbox 110 2797 903 2870">
     <span class='ocr_line' id='line_1_84' title="bbox 110 2797 618 2833; baseline 0.002 -7"><span class='ocrx_word' id='word_1_609' title='bbox 110 2797 281 2833; x_wconf 76' lang='grc' dir='ltr'>ὕποκρίνειν.</span> <span class='ocrx_word' id='word_1_610' title='bbox 310 2797 319 2799; x_wconf 55' lang='grc'>⁷</span> <span class='ocrx_word' id='word_1_611' title='bbox 502 2797 511 2799; x_wconf 63' lang='grc'><strong><em>“</em></strong></span> <span class='ocrx_word' id='word_1_612' title='bbox 611 2797 618 2800; x_wconf 51' lang='grc'><strong>-</strong></span> 
     </span>
     <span class='ocr_line' id='line_1_85' title="bbox 123 2833 903 2870; baseline 0.003 -10"><span class='ocrx_word' id='word_1_613' title='bbox 123 2867 131 2870; x_wconf 34' lang='grc' dir='ltr'><strong>Α</strong></span> <span class='ocrx_word' id='word_1_614' title='bbox 153 2833 208 2869; x_wconf 80' lang='lat'><strong>(59)</strong></span> <span class='ocrx_word' id='word_1_615' title='bbox 240 2834 307 2869; x_wconf 74' lang='lat' dir='ltr'><strong>Reg.</strong></span> <span class='ocrx_word' id='word_1_616' title='bbox 343 2834 421 2861; x_wconf 80' lang='grc' dir='ltr'>αὐτοὶ</span> <span class='ocrx_word' id='word_1_617' title='bbox 452 2834 477 2861; x_wconf 80' lang='grc' dir='ltr'><strong>οἱ</strong></span> <span class='ocrx_word' id='word_1_618' title='bbox 506 2834 608 2870; x_wconf 83' lang='grc' dir='ltr'>ἐχθροί.</span> <span class='ocrx_word' id='word_1_619' title='bbox 643 2834 671 2862; x_wconf 94' lang='lat' dir='ltr'><strong>In</strong></span> <span class='ocrx_word' id='word_1_620' title='bbox 708 2835 800 2867; x_wconf 86' lang='lat' dir='ltr'><strong>editis,</strong></span> <span class='ocrx_word' id='word_1_621' title='bbox 824 2834 903 2863; x_wconf 82' lang='grc' dir='ltr'>αὐτοί</span> 
     </span>
    </p>
   </div>
   <div class='ocr_carea' id='block_1_84' title="bbox 113 2867 904 2941">
    <p class='ocr_par' dir='ltr' id='par_1_84' title="bbox 113 2867 904 2941">
     <span class='ocr_line' id='line_1_86' title="bbox 113 2867 904 2941; baseline 0.004 -10"><span class='ocrx_word' id='word_1_622' title='bbox 113 2867 208 2939; x_wconf 37' lang='lat' dir='ltr'><strong>de???)</strong></span> <span class='ocrx_word' id='word_1_623' title='bbox 220 2903 282 2933; x_wconf 69' lang='lat' dir='ltr'><strong>Haec</strong></span> <span class='ocrx_word' id='word_1_624' title='bbox 291 2904 414 2940; x_wconf 85' lang='lat' dir='ltr'><strong>epistola,</strong></span> <span class='ocrx_word' id='word_1_625' title='bbox 428 2905 500 2941; x_wconf 86' lang='lat' dir='ltr'><strong>quod</strong></span> <span class='ocrx_word' id='word_1_626' title='bbox 514 2910 628 2941; x_wconf 83' lang='lat' dir='ltr'><strong>excepto</strong></span> <span class='ocrx_word' id='word_1_627' title='bbox 646 2905 724 2934; x_wconf 85' lang='lat' dir='ltr'><strong>titulo</strong></span> <span class='ocrx_word' id='word_1_628' title='bbox 738 2905 904 2941; x_wconf 66' lang='lat' dir='ltr'><strong>praecedenti</strong></span> 
     </span>
    </p>
   </div>
   <div class='ocr_carea' id='block_1_85' title="bbox 1181 1416 1520 1447">
    <p class='ocr_par' dir='ltr' id='par_1_85' title="bbox 1181 1416 1520 1447">
     <span class='ocr_line' id='line_1_87' title="bbox 1181 1416 1520 1447; baseline 0.012 -4"><span class='ocrx_word' id='word_1_629' title='bbox 1181 1416 1249 1444; x_wconf 75' lang='lat' dir='ltr'><strong>FLA</strong></span> <span class='ocrx_word' id='word_1_630' title='bbox 1259 1417 1321 1445; x_wconf 83' lang='grc' dir='ltr'>γιο</span> <span class='ocrx_word' id='word_1_631' title='bbox 1339 1418 1520 1447; x_wconf 84' lang='lat' dir='ltr'><strong>DIONYSIO</strong></span> 
     </span>
    </p>
   </div>
   <div class='ocr_carea' id='block_1_86' title="bbox 1015 1457 1980 1503">
    <p class='ocr_par' dir='ltr' id='par_1_86' title="bbox 1015 1457 1980 1503">
     <span class='ocr_line' id='line_1_88' title="bbox 1015 1457 1980 1503; baseline 0.011 -14"><span class='ocrx_word' id='word_1_632' title='bbox 1015 1462 1169 1490; x_wconf 67' lang='lat' dir='ltr'><strong>Clarissima</strong></span> <span class='ocrx_word' id='word_1_633' title='bbox 1189 1464 1289 1503; x_wconf 64' lang='lat' dir='ltr'><strong>comiti,</strong></span> <span class='ocrx_word' id='word_1_634' title='bbox 1299 1465 1414 1503; x_wconf 58' lang='lat' dir='ltr'><strong>episgopt‘</strong></span> <span class='ocrx_word' id='word_1_635' title='bbox 1426 1465 1547 1501; x_wconf 53' lang='lat' dir='ltr'><strong>(Egyplii</strong></span> <span class='ocrx_word' id='word_1_636' title='bbox 1562 1469 1700 1498; x_wconf 63' lang='lat' dir='ltr'><strong>catholici:</strong></span> <span class='ocrx_word' id='word_1_637' title='bbox 1714 1457 1908 1501; x_wconf 50' lang='lat' dir='ltr'><strong>Mdu}</strong></span> <span class='ocrx_word' id='word_1_638' title='bbox 1921 1482 1980 1503; x_wconf 63' lang='grc' dir='ltr'><strong>κικ-</strong></span> 
     </span>
    </p>
   </div>
   <div class='ocr_carea' id='block_1_87' title="bbox 1031 1494 1574 1535">
    <p class='ocr_par' dir='ltr' id='par_1_87' title="bbox 1031 1494 1574 1535">
     <span class='ocr_line' id='line_1_89' title="bbox 1031 1494 1574 1535; baseline 0.013 -12"><span class='ocrx_word' id='word_1_639' title='bbox 1031 1494 1273 1532; x_wconf 61' lang='grc' dir='ltr'>Ἵείεεὶω,</span> <span class='ocrx_word' id='word_1_640' title='bbox 1282 1494 1334 1534; x_wconf 23' lang='grc' dir='ltr'><strong>νᾳάἰ</strong></span> <span class='ocrx_word' id='word_1_641' title='bbox 1355 1494 1452 1535; x_wconf 53' lang='lat' dir='ltr'><strong>Tyrum</strong></span> <span class='ocrx_word' id='word_1_642' title='bbox 1464 1494 1574 1531; x_wconf 41' lang='lat' dir='ltr'><strong>&quot;genere.</strong></span> 
     </span>
    </p>
   </div>
   <div class='ocr_carea' id='block_1_88' title="bbox 999 1576 1752 1613">
    <p class='ocr_par' dir='ltr' id='par_1_88' title="bbox 999 1576 1752 1613">
     <span class='ocr_line' id='line_1_90' title="bbox 999 1576 1752 1613; baseline 0.012 -10"><span class='ocrx_word' id='word_1_643' title='bbox 999 1576 1079 1613; x_wconf 55' lang='lat' dir='ltr'><strong>15h,</strong></span> <span class='ocrx_word' id='word_1_644' title='bbox 1093 1577 1266 1605; x_wconf 84' lang='lat' dir='ltr'><strong>Arbitrantur</strong></span> <span class='ocrx_word' id='word_1_645' title='bbox 1285 1585 1337 1606; x_wconf 90' lang='lat' dir='ltr'><strong>non</strong></span> <span class='ocrx_word' id='word_1_646' title='bbox 1356 1579 1469 1607; x_wconf 64' lang='lat' dir='ltr'><strong>ulterius</strong></span> <span class='ocrx_word' id='word_1_647' title='bbox 1479 1581 1612 1608; x_wconf 84' lang='lat' dir='ltr'><strong>occultant</strong></span> <span class='ocrx_word' id='word_1_648' title='bbox 1636 1588 1697 1611; x_wconf 85' lang='lat' dir='ltr'><strong>esse</strong></span> <span class='ocrx_word' id='word_1_649' title='bbox 1717 1585 1752 1612; x_wconf 83' lang='lat' dir='ltr'><strong>ab</strong></span> 
     </span>
    </p>
   </div>
   <div class='ocr_carea' id='block_1_89' title="bbox 963 1621 1751 1660">
    <p class='ocr_par' dir='ltr' id='par_1_89' title="bbox 963 1621 1751 1660">
     <span class='ocr_line' id='line_1_91' title="bbox 963 1621 1751 1660; baseline 0.008 -9"><span class='ocrx_word' id='word_1_650' title='bbox 963 1623 1087 1658; x_wconf 84' lang='lat' dir='ltr'><strong>Eusebio,</strong></span> <span class='ocrx_word' id='word_1_651' title='bbox 1098 1621 1246 1660; x_wconf 78' lang='lat' dir='ltr'><strong>Theognio,</strong></span> <span class='ocrx_word' id='word_1_652' title='bbox 1265 1624 1343 1657; x_wconf 87' lang='lat' dir='ltr'><strong>Mari,</strong></span> <span class='ocrx_word' id='word_1_653' title='bbox 1354 1624 1490 1658; x_wconf 81' lang='lat' dir='ltr'><strong>Narcisso,</strong></span> <span class='ocrx_word' id='word_1_654' title='bbox 1501 1626 1643 1656; x_wconf 89' lang='lat' dir='ltr'><strong>Theodoro</strong></span> <span class='ocrx_word' id='word_1_655' title='bbox 1658 1634 1686 1657; x_wconf 86' lang='lat' dir='ltr'><strong>et</strong></span> <span class='ocrx_word' id='word_1_656' title='bbox 1697 1627 1751 1657; x_wconf 80' lang='lat' dir='ltr'><strong>Pa-</strong></span> 
     </span>
    </p>
   </div>
   <div class='ocr_carea' id='block_1_90' title="bbox 961 1671 1749 1711">
    <p class='ocr_par' dir='ltr' id='par_1_90' title="bbox 961 1671 1749 1711">
     <span class='ocr_line' id='line_1_92' title="bbox 961 1671 1749 1711; baseline 0.009 -14"><span class='ocrx_word' id='word_1_657' title='bbox 961 1671 1080 1705; x_wconf 86' lang='lat' dir='ltr'><strong>trophilo</strong></span> <span class='ocrx_word' id='word_1_658' title='bbox 1093 1671 1119 1698; x_wconf 92' lang='lat' dir='ltr'><strong>in</strong></span> <span class='ocrx_word' id='word_1_659' title='bbox 1133 1678 1184 1698; x_wconf 89' lang='lat' dir='ltr'><strong>nos</strong></span> <span class='ocrx_word' id='word_1_660' title='bbox 1197 1671 1339 1699; x_wconf 85' lang='lat' dir='ltr'><strong>conﬂatam</strong></span> <span class='ocrx_word' id='word_1_661' title='bbox 1352 1673 1591 1707; x_wconf 77' lang='lat' dir='ltr'><strong>conspirntionem.</strong></span> <span class='ocrx_word' id='word_1_662' title='bbox 1611 1672 1749 1711; x_wconf 85' lang='lat' dir='ltr'><strong>Principio</strong></span> 
     </span>
    </p>
   </div>
   <div class='ocr_carea' id='block_1_91' title="bbox 960 1716 1751 1758">
    <p class='ocr_par' dir='ltr' id='par_1_91' title="bbox 960 1716 1751 1758">
     <span class='ocr_line' id='line_1_93' title="bbox 960 1716 1751 1758; baseline 0.009 -15"><span class='ocrx_word' id='word_1_663' title='bbox 960 1717 1031 1744; x_wconf 91' lang='lat' dir='ltr'><strong>enim</strong></span> <span class='ocrx_word' id='word_1_664' title='bbox 1040 1724 1135 1745; x_wconf 91' lang='lat' dir='ltr'><strong>omnes</strong></span> <span class='ocrx_word' id='word_1_665' title='bbox 1148 1725 1197 1753; x_wconf 88' lang='lat' dir='ltr'><strong>per</strong></span> <span class='ocrx_word' id='word_1_666' title='bbox 1203 1716 1381 1745; x_wconf 82' lang='lat' dir='ltr'><strong>Athanasium</strong></span> <span class='ocrx_word' id='word_1_667' title='bbox 1391 1720 1606 1748; x_wconf 89' lang='lat' dir='ltr'><strong>comministrum</strong></span> <span class='ocrx_word' id='word_1_668' title='bbox 1616 1727 1751 1758; x_wconf 73' lang='lat' dir='ltr'><strong>nostrum,</strong></span> 
     </span>
    </p>
   </div>
   <div class='ocr_carea' id='block_1_92' title="bbox 961 1762 1749 1803">
    <p class='ocr_par' dir='ltr' id='par_1_92' title="bbox 961 1762 1749 1803">
     <span class='ocr_line' id='line_1_94' title="bbox 961 1762 1749 1803; baseline 0.01 -15"><span class='ocrx_word' id='word_1_669' title='bbox 961 1762 1159 1796; x_wconf 85' lang='lat' dir='ltr'><strong>recusavimus,</strong></span> <span class='ocrx_word' id='word_1_670' title='bbox 1173 1763 1319 1798; x_wconf 88' lang='lat' dir='ltr'><strong>quominus</strong></span> <span class='ocrx_word' id='word_1_671' title='bbox 1333 1763 1366 1790; x_wconf 90' lang='lat' dir='ltr'><strong>iis</strong></span> <span class='ocrx_word' id='word_1_672' title='bbox 1379 1765 1556 1799; x_wconf 74' lang='lat' dir='ltr'><strong>praesentibus</strong></span> <span class='ocrx_word' id='word_1_673' title='bbox 1571 1766 1749 1803; x_wconf 76' lang='lat' dir='ltr'><strong>interrogatio</strong></span> 
     </span>
    </p>
   </div>
   <div class='ocr_carea' id='block_1_93' title="bbox 960 1807 1749 1844">
    <p class='ocr_par' dir='ltr' id='par_1_93' title="bbox 960 1807 1749 1844">
     <span class='ocr_line' id='line_1_95' title="bbox 960 1807 1749 1844; baseline 0.01 -10"><span class='ocrx_word' id='word_1_674' title='bbox 960 1807 1106 1835; x_wconf 79' lang='lat' dir='ltr'><strong>haberetur</strong></span> <span class='ocrx_word' id='word_1_675' title='bbox 1124 1816 1131 1834; x_wconf 91' lang='lat'><strong>:</strong></span> <span class='ocrx_word' id='word_1_676' title='bbox 1146 1809 1218 1844; x_wconf 90' lang='lat' dir='ltr'><strong>quod</strong></span> <span class='ocrx_word' id='word_1_677' title='bbox 1232 1809 1315 1844; x_wconf 86' lang='lat' dir='ltr'><strong>probe</strong></span> <span class='ocrx_word' id='word_1_678' title='bbox 1330 1810 1462 1838; x_wconf 87' lang='lat' dir='ltr'><strong>sciremus</strong></span> <span class='ocrx_word' id='word_1_679' title='bbox 1482 1811 1524 1838; x_wconf 89' lang='lat' dir='ltr'><strong>vel</strong></span> <span class='ocrx_word' id='word_1_680' title='bbox 1547 1813 1626 1840; x_wconf 88' lang='lat' dir='ltr'><strong>unius</strong></span> <span class='ocrx_word' id='word_1_681' title='bbox 1645 1813 1749 1842; x_wconf 86' lang='lat' dir='ltr'><strong>inimici</strong></span> 
     </span>
    </p>
   </div>
   <div class='ocr_carea' id='block_1_94' title="bbox 959 1855 1747 1894">
    <p class='ocr_par' dir='ltr' id='par_1_94' title="bbox 959 1855 1747 1894">
     <span class='ocr_line' id='line_1_96' title="bbox 959 1855 1747 1894; baseline 0.01 -14"><span class='ocrx_word' id='word_1_682' title='bbox 959 1855 1131 1888; x_wconf 68' lang='lat' dir='ltr'><strong>praesentiam</strong></span> <span class='ocrx_word' id='word_1_683' title='bbox 1144 1874 1151 1886; x_wconf 88' lang='lat'><strong>,</strong></span> <span class='ocrx_word' id='word_1_684' title='bbox 1169 1855 1266 1882; x_wconf 89' lang='lat' dir='ltr'><strong>nedum</strong></span> <span class='ocrx_word' id='word_1_685' title='bbox 1288 1855 1484 1891; x_wconf 89' lang='lat' dir='ltr'><strong>plurimorum,</strong></span> <span class='ocrx_word' id='word_1_686' title='bbox 1505 1857 1747 1894; x_wconf 77' lang='lat' dir='ltr'><strong>interrogationem</strong></span> 
     </span>
    </p>
   </div>
   <div class='ocr_carea' id='block_1_95' title="bbox 960 1901 1749 1938">
    <p class='ocr_par' dir='ltr' id='par_1_95' title="bbox 960 1901 1749 1938">
     <span class='ocr_line' id='line_1_97' title="bbox 960 1901 1749 1938; baseline 0.009 -11"><span class='ocrx_word' id='word_1_687' title='bbox 960 1901 1070 1928; x_wconf 87' lang='lat' dir='ltr'><strong>turbare</strong></span> <span class='ocrx_word' id='word_1_688' title='bbox 1085 1908 1117 1928; x_wconf 90' lang='lat' dir='ltr'><strong>ac</strong></span> <span class='ocrx_word' id='word_1_689' title='bbox 1131 1901 1228 1928; x_wconf 55' lang='lat' dir='ltr'><strong>laedere</strong></span> <span class='ocrx_word' id='word_1_690' title='bbox 1244 1909 1334 1936; x_wconf 85' lang='lat' dir='ltr'><strong>posse.</strong></span> <span class='ocrx_word' id='word_1_691' title='bbox 1355 1902 1447 1930; x_wconf 80' lang='lat' dir='ltr'><strong>Palam</strong></span> <span class='ocrx_word' id='word_1_692' title='bbox 1463 1903 1536 1930; x_wconf 87' lang='lat' dir='ltr'><strong>enim</strong></span> <span class='ocrx_word' id='word_1_693' title='bbox 1559 1909 1600 1932; x_wconf 88' lang='lat' dir='ltr'><strong>est</strong></span> <span class='ocrx_word' id='word_1_694' title='bbox 1618 1913 1675 1938; x_wconf 80' lang='lat' dir='ltr'><strong>eos.</strong></span> <span class='ocrx_word' id='word_1_695' title='bbox 1694 1912 1749 1935; x_wconf 87' lang='lat' dir='ltr'><strong>nou</strong></span> 
     </span>
    </p>
   </div>
   <div class='ocr_carea' id='block_1_96' title="bbox 959 1946 1746 1981">
    <p class='ocr_par' dir='ltr' id='par_1_96' title="bbox 959 1946 1746 1981">
     <span class='ocr_line' id='line_1_98' title="bbox 959 1946 1746 1981; baseline 0.011 -9"><span class='ocrx_word' id='word_1_696' title='bbox 959 1954 1009 1973; x_wconf 85' lang='lat' dir='ltr'><strong>nos</strong></span> <span class='ocrx_word' id='word_1_697' title='bbox 1019 1947 1160 1979; x_wconf 82' lang='lat' dir='ltr'><strong>duntaxat,</strong></span> <span class='ocrx_word' id='word_1_698' title='bbox 1173 1946 1220 1974; x_wconf 88' lang='lat' dir='ltr'><strong>sed</strong></span> <span class='ocrx_word' id='word_1_699' title='bbox 1235 1951 1262 1974; x_wconf 87' lang='lat' dir='ltr'><strong>et</strong></span> <span class='ocrx_word' id='word_1_700' title='bbox 1272 1954 1366 1975; x_wconf 89' lang='lat' dir='ltr'><strong>omnes</strong></span> <span class='ocrx_word' id='word_1_701' title='bbox 1379 1948 1544 1976; x_wconf 72' lang='lat' dir='ltr'><strong>orthodoxoe</strong></span> <span class='ocrx_word' id='word_1_702' title='bbox 1554 1950 1616 1977; x_wconf 88' lang='lat' dir='ltr'><strong>odin</strong></span> <span class='ocrx_word' id='word_1_703' title='bbox 1628 1951 1727 1979; x_wconf 84' lang='lat' dir='ltr'><strong>habere</strong></span> <span class='ocrx_word' id='word_1_704' title='bbox 1738 1962 1746 1981; x_wconf 84' lang='lat'><strong>:</strong></span> 
     </span>
    </p>
   </div>
   <div class='ocr_carea' id='block_1_97' title="bbox 959 1991 1748 2031">
    <p class='ocr_par' dir='ltr' id='par_1_97' title="bbox 959 1991 1748 2031">
     <span class='ocr_line' id='line_1_99' title="bbox 959 1991 1748 2031; baseline 0.009 -12"><span class='ocrx_word' id='word_1_705' title='bbox 959 1991 985 2019; x_wconf 93' lang='lat' dir='ltr'><strong>in</strong></span> <span class='ocrx_word' id='word_1_706' title='bbox 1001 1999 1096 2020; x_wconf 89' lang='lat' dir='ltr'><strong>omnes</strong></span> <span class='ocrx_word' id='word_1_707' title='bbox 1111 1993 1212 2029; x_wconf 88' lang='lat' dir='ltr'><strong>quippe</strong></span> <span class='ocrx_word' id='word_1_708' title='bbox 1236 1993 1389 2029; x_wconf 81' lang='lat' dir='ltr'><strong>insurgunt,</strong></span> <span class='ocrx_word' id='word_1_709' title='bbox 1413 1994 1440 2022; x_wconf 94' lang='lat' dir='ltr'><strong>in</strong></span> <span class='ocrx_word' id='word_1_710' title='bbox 1466 2003 1560 2023; x_wconf 88' lang='lat' dir='ltr'><strong>omnes</strong></span> <span class='ocrx_word' id='word_1_711' title='bbox 1580 1997 1748 2031; x_wconf 79' lang='lat' dir='ltr'><strong>conspirant.</strong></span> 
     </span>
    </p>
   </div>
   <div class='ocr_carea' id='block_1_98' title="bbox 959 2039 1748 2075">
    <p class='ocr_par' dir='ltr' id='par_1_98' title="bbox 959 2039 1748 2075">
     <span class='ocr_line' id='line_1_100' title="bbox 959 2039 1748 2075; baseline 0.01 -11"><span class='ocrx_word' id='word_1_712' title='bbox 959 2039 1073 2072; x_wconf 89' lang='lat' dir='ltr'><strong>Quando</strong></span> <span class='ocrx_word' id='word_1_713' title='bbox 1091 2044 1180 2066; x_wconf 85' lang='lat' dir='ltr'><strong>autem</strong></span> <span class='ocrx_word' id='word_1_714' title='bbox 1195 2048 1244 2068; x_wconf 88' lang='lat' dir='ltr'><strong>nos</strong></span> <span class='ocrx_word' id='word_1_715' title='bbox 1262 2040 1368 2068; x_wconf 84' lang='lat' dir='ltr'><strong>veritati</strong></span> <span class='ocrx_word' id='word_1_716' title='bbox 1384 2041 1568 2075; x_wconf 74' lang='lat' dir='ltr'><strong>conﬁdentes,</strong></span> <span class='ocrx_word' id='word_1_717' title='bbox 1585 2048 1715 2071; x_wconf 89' lang='lat' dir='ltr'><strong>structam</strong></span> <span class='ocrx_word' id='word_1_718' title='bbox 1731 2054 1748 2072; x_wconf 88' lang='lat' dir='ltr'><strong>n</strong></span> 
     </span>
    </p>
   </div>
   <div class='ocr_carea' id='block_1_99' title="bbox 959 2084 1747 2121">
    <p class='ocr_par' dir='ltr' id='par_1_99' title="bbox 959 2084 1747 2121">
     <span class='ocr_line' id='line_1_101' title="bbox 959 2084 1747 2121; baseline 0.009 -10"><span class='ocrx_word' id='word_1_719' title='bbox 959 2084 1109 2112; x_wconf 84' lang='lat' dir='ltr'><strong>Meletianis</strong></span> <span class='ocrx_word' id='word_1_720' title='bbox 1124 2087 1330 2121; x_wconf 84' lang='lat' dir='ltr'><strong>sycophantiam</strong></span> <span class='ocrx_word' id='word_1_721' title='bbox 1354 2087 1484 2115; x_wconf 85' lang='lat' dir='ltr'><strong>adversus</strong></span> <span class='ocrx_word' id='word_1_722' title='bbox 1499 2087 1648 2116; x_wconf 75' lang='lat' dir='ltr'><strong>Ecclesium</strong></span> <span class='ocrx_word' id='word_1_723' title='bbox 1669 2096 1747 2118; x_wconf 89' lang='lat' dir='ltr'><strong>com-</strong></span> 
     </span>
    </p>
   </div>
   <div class='ocr_carea' id='block_1_100' title="bbox 959 2131 1748 2168">
    <p class='ocr_par' dir='ltr' id='par_1_100' title="bbox 959 2131 1748 2168">
     <span class='ocr_line' id='line_1_102' title="bbox 959 2131 1748 2168; baseline 0.006 -10"><span class='ocrx_word' id='word_1_724' title='bbox 959 2131 1076 2167; x_wconf 87' lang='lat' dir='ltr'><strong>probare</strong></span> <span class='ocrx_word' id='word_1_725' title='bbox 1097 2132 1216 2167; x_wconf 72' lang='lat' dir='ltr'><strong>aggressi</strong></span> <span class='ocrx_word' id='word_1_726' title='bbox 1242 2139 1350 2166; x_wconf 90' lang='lat' dir='ltr'><strong>sumus,</strong></span> <span class='ocrx_word' id='word_1_727' title='bbox 1370 2133 1528 2166; x_wconf 80' lang='lat' dir='ltr'><strong>ignoramus</strong></span> <span class='ocrx_word' id='word_1_728' title='bbox 1556 2142 1610 2168; x_wconf 91' lang='lat' dir='ltr'><strong>quo</strong></span> <span class='ocrx_word' id='word_1_729' title='bbox 1634 2135 1748 2163; x_wconf 90' lang='lat' dir='ltr'><strong>consilio</strong></span> 
     </span>
    </p>
   </div>
   <div class='ocr_carea' id='block_1_101' title="bbox 960 2177 1746 2214">
    <p class='ocr_par' dir='ltr' id='par_1_101' title="bbox 960 2177 1746 2214">
     <span class='ocr_line' id='line_1_103' title="bbox 960 2177 1746 2214; baseline 0.006 -11"><span class='ocrx_word' id='word_1_730' title='bbox 960 2177 1042 2204; x_wconf 92' lang='lat' dir='ltr'><strong>iidem</strong></span> <span class='ocrx_word' id='word_1_731' title='bbox 1063 2177 1209 2205; x_wconf 86' lang='lat' dir='ltr'><strong>Eusebiaui</strong></span> <span class='ocrx_word' id='word_1_732' title='bbox 1236 2178 1308 2205; x_wconf 86' lang='lat' dir='ltr'><strong>dicta</strong></span> <span class='ocrx_word' id='word_1_733' title='bbox 1329 2178 1503 2213; x_wconf 88' lang='lat' dir='ltr'><strong>interpellare</strong></span> <span class='ocrx_word' id='word_1_734' title='bbox 1525 2184 1618 2207; x_wconf 85' lang='lat' dir='ltr'><strong>nostra</strong></span> <span class='ocrx_word' id='word_1_735' title='bbox 1642 2182 1746 2214; x_wconf 88' lang='lat' dir='ltr'><strong>conati,</strong></span> 
     </span>
    </p>
   </div>
   <div class='ocr_carea' id='block_1_102' title="bbox 957 2223 1746 2260">
    <p class='ocr_par' dir='ltr' id='par_1_102' title="bbox 957 2223 1746 2260">
     <span class='ocr_line' id='line_1_104' title="bbox 957 2223 1746 2260; baseline 0.006 -10"><span class='ocrx_word' id='word_1_736' title='bbox 957 2223 1114 2251; x_wconf 84' lang='lat' dir='ltr'><strong>testimonia</strong></span> <span class='ocrx_word' id='word_1_737' title='bbox 1127 2224 1208 2251; x_wconf 82' lang='lat' dir='ltr'><strong>etiam</strong></span> <span class='ocrx_word' id='word_1_738' title='bbox 1225 2229 1318 2252; x_wconf 84' lang='lat' dir='ltr'><strong>nostra</strong></span> <span class='ocrx_word' id='word_1_739' title='bbox 1334 2225 1478 2260; x_wconf 89' lang='lat' dir='ltr'><strong>repudiare</strong></span> <span class='ocrx_word' id='word_1_740' title='bbox 1494 2225 1557 2253; x_wconf 87' lang='lat' dir='ltr'><strong>totis</strong></span> <span class='ocrx_word' id='word_1_741' title='bbox 1574 2226 1677 2255; x_wconf 84' lang='lat' dir='ltr'><strong>viribus</strong></span> <span class='ocrx_word' id='word_1_742' title='bbox 1694 2227 1746 2255; x_wconf 82' lang='lat' dir='ltr'><strong>nisi</strong></span> 
     </span>
    </p>
   </div>
   <div class='ocr_carea' id='block_1_103' title="bbox 959 2269 1746 2303">
    <p class='ocr_par' dir='ltr' id='par_1_103' title="bbox 959 2269 1746 2303">
     <span class='ocr_line' id='line_1_105' title="bbox 959 2269 1746 2303; baseline 0.005 -8"><span class='ocrx_word' id='word_1_743' title='bbox 959 2273 1032 2302; x_wconf 86' lang='lat' dir='ltr'><strong>sunt,</strong></span> <span class='ocrx_word' id='word_1_744' title='bbox 1049 2269 1112 2296; x_wconf 93' lang='lat' dir='ltr'><strong>dum</strong></span> <span class='ocrx_word' id='word_1_745' title='bbox 1125 2270 1248 2296; x_wconf 82' lang='lat' dir='ltr'><strong>sinceras</strong></span> <span class='ocrx_word' id='word_1_746' title='bbox 1267 2269 1373 2303; x_wconf 80' lang='lat' dir='ltr'><strong>iudices</strong></span> <span class='ocrx_word' id='word_1_747' title='bbox 1399 2269 1489 2302; x_wconf 83' lang='lat' dir='ltr'><strong>minis,</strong></span> <span class='ocrx_word' id='word_1_748' title='bbox 1516 2270 1583 2298; x_wconf 83' lang='lat' dir='ltr'><strong>alios</strong></span> <span class='ocrx_word' id='word_1_749' title='bbox 1606 2276 1746 2299; x_wconf 89' lang='lat' dir='ltr'><strong>contume-</strong></span> 
     </span>
    </p>
   </div>
   <div class='ocr_carea' id='block_1_104' title="bbox 957 2314 1749 2349">
    <p class='ocr_par' dir='ltr' id='par_1_104' title="bbox 957 2314 1749 2349">
     <span class='ocr_line' id='line_1_106' title="bbox 957 2314 1749 2349; baseline 0.005 -8"><span class='ocrx_word' id='word_1_750' title='bbox 957 2314 1002 2342; x_wconf 89' lang='lat' dir='ltr'><strong>liis</strong></span> <span class='ocrx_word' id='word_1_751' title='bbox 1016 2315 1200 2349; x_wconf 85' lang='lat' dir='ltr'><strong>lacesserent;</strong></span> <span class='ocrx_word' id='word_1_752' title='bbox 1217 2322 1249 2342; x_wconf 92' lang='lat' dir='ltr'><strong>eo</strong></span> <span class='ocrx_word' id='word_1_753' title='bbox 1263 2315 1349 2343; x_wconf 86' lang='lat' dir='ltr'><strong>solum</strong></span> <span class='ocrx_word' id='word_1_754' title='bbox 1367 2320 1396 2342; x_wconf 92' lang='lat' dir='ltr'><strong>ut</strong></span> <span class='ocrx_word' id='word_1_755' title='bbox 1412 2315 1452 2343; x_wconf 86' lang='lat' dir='ltr'><strong>sui</strong></span> <span class='ocrx_word' id='word_1_756' title='bbox 1474 2316 1616 2344; x_wconf 86' lang='lat' dir='ltr'><strong>adversum</strong></span> <span class='ocrx_word' id='word_1_757' title='bbox 1632 2324 1681 2344; x_wconf 83' lang='lat' dir='ltr'><strong>nos</strong></span> <span class='ocrx_word' id='word_1_758' title='bbox 1703 2325 1749 2346; x_wconf 73' lang='lat' dir='ltr'><strong>as-</strong></span> 
     </span>
    </p>
   </div>
   <div class='ocr_carea' id='block_1_105' title="bbox 957 2361 1744 2396">
    <p class='ocr_par' dir='ltr' id='par_1_105' title="bbox 957 2361 1744 2396">
     <span class='ocr_line' id='line_1_107' title="bbox 957 2361 1744 2396; baseline 0.004 -8"><span class='ocrx_word' id='word_1_759' title='bbox 957 2361 1085 2394; x_wconf 83' lang='lat' dir='ltr'><strong>sequendi</strong></span> <span class='ocrx_word' id='word_1_760' title='bbox 1103 2361 1233 2396; x_wconf 86' lang='lat' dir='ltr'><strong>propositi</strong></span> <span class='ocrx_word' id='word_1_761' title='bbox 1249 2361 1326 2395; x_wconf 89' lang='lat' dir='ltr'><strong>copia</strong></span> <span class='ocrx_word' id='word_1_762' title='bbox 1340 2366 1421 2390; x_wconf 82' lang='lat' dir='ltr'><strong>esset.</strong></span> <span class='ocrx_word' id='word_1_763' title='bbox 1438 2361 1471 2389; x_wconf 87' lang='lat' dir='ltr'><strong>Et</strong></span> <span class='ocrx_word' id='word_1_764' title='bbox 1487 2362 1602 2391; x_wconf 79' lang='lat' dir='ltr'><strong>fortasse</strong></span> <span class='ocrx_word' id='word_1_765' title='bbox 1617 2365 1744 2392; x_wconf 85' lang='lat' dir='ltr'><strong>humani-</strong></span> 
     </span>
    </p>
   </div>
   <div class='ocr_carea' id='block_1_106' title="bbox 957 2407 1747 2443">
    <p class='ocr_par' dir='ltr' id='par_1_106' title="bbox 957 2407 1747 2443">
     <span class='ocr_line' id='line_1_108' title="bbox 957 2407 1747 2443; baseline 0.005 -9"><span class='ocrx_word' id='word_1_766' title='bbox 957 2411 998 2434; x_wconf 82' lang='lat' dir='ltr'><strong>tas</strong></span> <span class='ocrx_word' id='word_1_767' title='bbox 1021 2412 1065 2434; x_wconf 88' lang='lat' dir='ltr'><strong>tua</strong></span> <span class='ocrx_word' id='word_1_768' title='bbox 1093 2414 1186 2434; x_wconf 80' lang='lat' dir='ltr'><strong>eorum</strong></span> <span class='ocrx_word' id='word_1_769' title='bbox 1211 2407 1355 2442; x_wconf 78' lang='lat' dir='ltr'><strong>ignorabat</strong></span> <span class='ocrx_word' id='word_1_770' title='bbox 1380 2408 1610 2443; x_wconf 88' lang='lat' dir='ltr'><strong>conspirationem</strong></span> <span class='ocrx_word' id='word_1_771' title='bbox 1639 2410 1666 2436; x_wconf 91' lang='lat' dir='ltr'><strong>in</strong></span> <span class='ocrx_word' id='word_1_772' title='bbox 1696 2418 1747 2438; x_wconf 83' lang='lat' dir='ltr'><strong>nos</strong></span> 
     </span>
    </p>
   </div>
   <div class='ocr_carea' id='block_1_107' title="bbox 955 2453 1747 2491">
    <p class='ocr_par' dir='ltr' id='par_1_107' title="bbox 955 2453 1747 2491">
     <span class='ocr_line' id='line_1_109' title="bbox 955 2453 1747 2491; baseline 0.003 -9"><span class='ocrx_word' id='word_1_773' title='bbox 955 2457 1086 2482; x_wconf 84' lang='lat' dir='ltr'><strong>structam</strong></span> <span class='ocrx_word' id='word_1_774' title='bbox 1104 2461 1110 2481; x_wconf 91' lang='lat'><strong>:</strong></span> <span class='ocrx_word' id='word_1_775' title='bbox 1125 2454 1171 2481; x_wconf 88' lang='lat' dir='ltr'><strong>sed</strong></span> <span class='ocrx_word' id='word_1_776' title='bbox 1190 2453 1357 2481; x_wconf 84' lang='lat' dir='ltr'><strong>arbitramur</strong></span> <span class='ocrx_word' id='word_1_777' title='bbox 1378 2461 1438 2481; x_wconf 83' lang='lat' dir='ltr'><strong>eam</strong></span> <span class='ocrx_word' id='word_1_778' title='bbox 1463 2462 1535 2483; x_wconf 91' lang='lat' dir='ltr'><strong>nunc</strong></span> <span class='ocrx_word' id='word_1_779' title='bbox 1555 2463 1615 2483; x_wconf 80' lang='lat' dir='ltr'><strong>esse</strong></span> <span class='ocrx_word' id='word_1_780' title='bbox 1638 2457 1747 2491; x_wconf 80' lang='lat' dir='ltr'><strong>conspi-</strong></span> 
     </span>
    </p>
   </div>
   <div class='ocr_carea' id='block_1_108' title="bbox 956 2499 1744 2534">
    <p class='ocr_par' dir='ltr' id='par_1_108' title="bbox 956 2499 1744 2534">
     <span class='ocr_line' id='line_1_110' title="bbox 956 2499 1744 2534; baseline 0.001 -6"><span class='ocrx_word' id='word_1_781' title='bbox 956 2508 1045 2528; x_wconf 84' lang='lat' dir='ltr'><strong>cuam.</strong></span> <span class='ocrx_word' id='word_1_782' title='bbox 1064 2499 1111 2527; x_wconf 68' lang='lat' dir='ltr'><strong>Na:</strong></span> <span class='ocrx_word' id='word_1_783' title='bbox 1133 2499 1170 2527; x_wconf 95' lang='lat' dir='ltr'><strong>illi</strong></span> <span class='ocrx_word' id='word_1_784' title='bbox 1193 2500 1243 2534; x_wconf 80' lang='lat' dir='ltr'><strong>ipsi</strong></span> <span class='ocrx_word' id='word_1_785' title='bbox 1270 2507 1329 2527; x_wconf 89' lang='lat' dir='ltr'><strong>eam</strong></span> <span class='ocrx_word' id='word_1_786' title='bbox 1347 2499 1436 2534; x_wconf 85' lang='lat' dir='ltr'><strong>palam</strong></span> <span class='ocrx_word' id='word_1_787' title='bbox 1465 2500 1554 2528; x_wconf 82' lang='lat' dir='ltr'><strong>fecere</strong></span> <span class='ocrx_word' id='word_1_788' title='bbox 1577 2509 1584 2528; x_wconf 92' lang='lat'><strong>:</strong></span> <span class='ocrx_word' id='word_1_789' title='bbox 1608 2509 1640 2528; x_wconf 84' lang='lat' dir='ltr'><strong>ex</strong></span> <span class='ocrx_word' id='word_1_790' title='bbox 1664 2503 1744 2530; x_wconf 91' lang='lat' dir='ltr'><strong>socii</strong></span> 
     </span>
    </p>
   </div>
   <div class='ocr_carea' id='block_1_109' title="bbox 956 2545 1746 2580">
    <p class='ocr_par' dir='ltr' id='par_1_109' title="bbox 956 2545 1746 2580">
     <span class='ocr_line' id='line_1_111' title="bbox 956 2545 1746 2580; baseline 0.004 -8"><span class='ocrx_word' id='word_1_791' title='bbox 956 2552 1075 2579; x_wconf 89' lang='lat' dir='ltr'><strong>namque</strong></span> <span class='ocrx_word' id='word_1_792' title='bbox 1092 2545 1149 2572; x_wconf 86' lang='lat' dir='ltr'><strong>suis</strong></span> <span class='ocrx_word' id='word_1_793' title='bbox 1172 2545 1245 2572; x_wconf 88' lang='lat' dir='ltr'><strong>viros</strong></span> <span class='ocrx_word' id='word_1_794' title='bbox 1255 2545 1333 2573; x_wconf 89' lang='lat' dir='ltr'><strong>nobis</strong></span> <span class='ocrx_word' id='word_1_795' title='bbox 1344 2550 1486 2580; x_wconf 86' lang='lat' dir='ltr'><strong>suspectos</strong></span> <span class='ocrx_word' id='word_1_796' title='bbox 1507 2545 1596 2580; x_wconf 79' lang='lat' dir='ltr'><strong>legare</strong></span> <span class='ocrx_word' id='word_1_797' title='bbox 1614 2546 1746 2575; x_wconf 88' lang='lat' dir='ltr'><strong>decreve-</strong></span> 
     </span>
    </p>
   </div>
   <div class='ocr_carea' id='block_1_110' title="bbox 956 2589 1745 2626">
    <p class='ocr_par' dir='ltr' id='par_1_110' title="bbox 956 2589 1745 2626">
     <span class='ocr_line' id='line_1_112' title="bbox 956 2589 1745 2626; baseline 0.005 -10"><span class='ocrx_word' id='word_1_798' title='bbox 956 2595 1021 2617; x_wconf 87' lang='lat' dir='ltr'><strong>runt</strong></span> <span class='ocrx_word' id='word_1_799' title='bbox 1039 2590 1065 2616; x_wconf 90' lang='lat' dir='ltr'><strong>in</strong></span> <span class='ocrx_word' id='word_1_800' title='bbox 1078 2589 1225 2617; x_wconf 83' lang='lat' dir='ltr'><strong>Mareotem</strong></span> <span class='ocrx_word' id='word_1_801' title='bbox 1239 2610 1247 2623; x_wconf 94' lang='lat'><strong>,</strong></span> <span class='ocrx_word' id='word_1_802' title='bbox 1270 2595 1300 2617; x_wconf 93' lang='lat' dir='ltr'><strong>ut</strong></span> <span class='ocrx_word' id='word_1_803' title='bbox 1318 2590 1397 2617; x_wconf 84' lang='lat' dir='ltr'><strong>nobis</strong></span> <span class='ocrx_word' id='word_1_804' title='bbox 1418 2590 1574 2618; x_wconf 83' lang='lat' dir='ltr'><strong>absentibus</strong></span> <span class='ocrx_word' id='word_1_805' title='bbox 1594 2596 1676 2626; x_wconf 85' lang='lat' dir='ltr'><strong>atque</strong></span> <span class='ocrx_word' id='word_1_806' title='bbox 1700 2593 1745 2621; x_wconf 93' lang='lat' dir='ltr'><strong>hic</strong></span> 
     </span>
    </p>
   </div>
   <div class='ocr_carea' id='block_1_111' title="bbox 957 2627 1743 2670">
    <p class='ocr_par' dir='ltr' id='par_1_111' title="bbox 957 2627 1743 2670">
     <span class='ocr_line' id='line_1_113' title="bbox 957 2627 1743 2670; baseline 0.005 -8"><span class='ocrx_word' id='word_1_807' title='bbox 957 2635 1173 2668; x_wconf 85' lang='lat' dir='ltr'><strong>remanentibus,</strong></span> <span class='ocrx_word' id='word_1_808' title='bbox 1193 2640 1220 2662; x_wconf 90' lang='lat' dir='ltr'><strong>et</strong></span> <span class='ocrx_word' id='word_1_809' title='bbox 1236 2635 1349 2670; x_wconf 91' lang='lat' dir='ltr'><strong>populos</strong></span> <span class='ocrx_word' id='word_1_810' title='bbox 1363 2636 1483 2668; x_wconf 85' lang='lat' dir='ltr'><strong>turbare,</strong></span> <span class='ocrx_word' id='word_1_811' title='bbox 1500 2641 1528 2664; x_wconf 92' lang='lat' dir='ltr'><strong>et</strong></span> <span class='ocrx_word' id='word_1_812' title='bbox 1541 2627 1675 2665; x_wconf 75' lang='lat' dir='ltr'><strong>arbitratu</strong></span> <span class='ocrx_word' id='word_1_813' title='bbox 1694 2646 1743 2666; x_wconf 89' lang='lat' dir='ltr'><strong>suo</strong></span> 
     </span>
    </p>
   </div>
   <div class='ocr_carea' id='block_1_112' title="bbox 957 2682 1744 2718">
    <p class='ocr_par' dir='ltr' id='par_1_112' title="bbox 957 2682 1744 2718">
     <span class='ocr_line' id='line_1_114' title="bbox 957 2682 1744 2718; baseline 0.003 -8"><span class='ocrx_word' id='word_1_814' title='bbox 957 2690 1038 2718; x_wconf 76' lang='lat' dir='ltr'><strong>agere</strong></span> <span class='ocrx_word' id='word_1_815' title='bbox 1053 2682 1244 2710; x_wconf 82' lang='lat' dir='ltr'><strong>valeant.Cum</strong></span> <span class='ocrx_word' id='word_1_816' title='bbox 1258 2682 1383 2710; x_wconf 86' lang='lat' dir='ltr'><strong>noverint</strong></span> <span class='ocrx_word' id='word_1_817' title='bbox 1395 2683 1666 2716; x_wconf 79' lang='lat' dir='ltr'><strong>enimAt-iomanitas,</strong></span> <span class='ocrx_word' id='word_1_818' title='bbox 1679 2684 1744 2713; x_wconf 81' lang='lat' dir='ltr'><strong>Col-</strong></span> 
     </span>
    </p>
   </div>
   <div class='ocr_carea' id='block_1_113' title="bbox 956 2764 1742 2797">
    <p class='ocr_par' dir='ltr' id='par_1_113' title="bbox 956 2764 1742 2797">
     <span class='ocr_line' id='line_1_115' title="bbox 956 2764 1742 2797; baseline 0 -5"><span class='ocrx_word' id='word_1_819' title='bbox 956 2765 1012 2792; x_wconf 78' lang='lat' dir='ltr'><strong>fere</strong></span> <span class='ocrx_word' id='word_1_820' title='bbox 1029 2765 1127 2792; x_wconf 84' lang='lat' dir='ltr'><strong>similis</strong></span> <span class='ocrx_word' id='word_1_821' title='bbox 1141 2770 1222 2797; x_wconf 85' lang='lat' dir='ltr'><strong>esset,</strong></span> <span class='ocrx_word' id='word_1_822' title='bbox 1242 2764 1269 2791; x_wconf 91' lang='lat' dir='ltr'><strong>in</strong></span> <span class='ocrx_word' id='word_1_823' title='bbox 1288 2764 1370 2792; x_wconf 86' lang='lat' dir='ltr'><strong>editis</strong></span> <span class='ocrx_word' id='word_1_824' title='bbox 1397 2764 1497 2793; x_wconf 81' lang='lat' dir='ltr'><strong>omissa</strong></span> <span class='ocrx_word' id='word_1_825' title='bbox 1518 2769 1569 2792; x_wconf 89' lang='lat' dir='ltr'><strong>est.</strong></span> <span class='ocrx_word' id='word_1_826' title='bbox 1587 2764 1640 2792; x_wconf 85' lang='lat' dir='ltr'><strong>Sed</strong></span> <span class='ocrx_word' id='word_1_827' title='bbox 1656 2766 1742 2793; x_wconf 69' lang='lat' dir='ltr'><strong>visum</strong></span> 
     </span>
    </p>
   </div>
   <div class='ocr_carea' id='block_1_114' title="bbox 956 2800 1742 2835">
    <p class='ocr_par' dir='ltr' id='par_1_114' title="bbox 956 2800 1742 2835">
     <span class='ocr_line' id='line_1_116' title="bbox 956 2800 1742 2835; baseline 0 -7"><span class='ocrx_word' id='word_1_828' title='bbox 956 2805 998 2828; x_wconf 87' lang='lat' dir='ltr'><strong>est</strong></span> <span class='ocrx_word' id='word_1_829' title='bbox 1014 2808 1073 2827; x_wconf 90' lang='lat' dir='ltr'><strong>eam</strong></span> <span class='ocrx_word' id='word_1_830' title='bbox 1095 2801 1238 2835; x_wconf 76' lang='lat' dir='ltr'><strong>integram,</strong></span> <span class='ocrx_word' id='word_1_831' title='bbox 1253 2805 1334 2834; x_wconf 89' lang='lat' dir='ltr'><strong>prout</strong></span> <span class='ocrx_word' id='word_1_832' title='bbox 1352 2800 1379 2826; x_wconf 95' lang='lat' dir='ltr'><strong>in</strong></span> <span class='ocrx_word' id='word_1_833' title='bbox 1400 2803 1585 2834; x_wconf 87' lang='lat' dir='ltr'><strong>manuscripto</strong></span> <span class='ocrx_word' id='word_1_834' title='bbox 1602 2800 1685 2835; x_wconf 72' lang='lat' dir='ltr'><strong>Regio</strong></span> <span class='ocrx_word' id='word_1_835' title='bbox 1703 2801 1742 2835; x_wconf 86' lang='lat' dir='ltr'><strong>le-_</strong></span> 
     </span>
    </p>
   </div>
   <div class='ocr_carea' id='block_1_115' title="bbox 956 2832 1744 2872">
    <p class='ocr_par' dir='ltr' id='par_1_115' title="bbox 956 2832 1744 2872">
     <span class='ocr_line' id='line_1_117' title="bbox 956 2832 1744 2872; baseline 0.003 -10"><span class='ocrx_word' id='word_1_836' title='bbox 956 2836 1038 2872; x_wconf 77' lang='lat' dir='ltr'><strong>gitur.</strong></span> <span class='ocrx_word' id='word_1_837' title='bbox 1056 2836 1107 2863; x_wconf 89' lang='lat' dir='ltr'><strong>huc</strong></span> <span class='ocrx_word' id='word_1_838' title='bbox 1121 2832 1397 2872; x_wconf 43' lang='lat' dir='ltr'><strong>transferrequodin</strong></span> <span class='ocrx_word' id='word_1_839' title='bbox 1410 2832 1568 2872; x_wconf 72' lang='lat' dir='ltr'><strong>nonnullis:</strong></span> <span class='ocrx_word' id='word_1_840' title='bbox 1579 2832 1744 2872; x_wconf 65' lang='lat' dir='ltr'><strong>praecedenti</strong></span> 
     </span>
    </p>
   </div>
   <div class='ocr_carea' id='block_1_116' title="bbox 957 2870 1478 2905">
    <p class='ocr_par' dir='ltr' id='par_1_116' title="bbox 957 2870 1478 2905">
     <span class='ocr_line' id='line_1_118' title="bbox 957 2870 1478 2905; baseline -0.002 -6"><span class='ocrx_word' id='word_1_841' title='bbox 957 2870 1101 2903; x_wconf 84' lang='lat' dir='ltr'><strong>discrepet,</strong></span> <span class='ocrx_word' id='word_1_842' title='bbox 1115 2875 1143 2898; x_wconf 89' lang='lat' dir='ltr'><strong>et</strong></span> <span class='ocrx_word' id='word_1_843' title='bbox 1156 2871 1235 2905; x_wconf 80' lang='lat' dir='ltr'><strong>longe</strong></span> <span class='ocrx_word' id='word_1_844' title='bbox 1250 2871 1286 2897; x_wconf 89' lang='lat' dir='ltr'><strong>sit</strong></span> <span class='ocrx_word' id='word_1_845' title='bbox 1300 2870 1345 2898; x_wconf 89' lang='lat' dir='ltr'><strong>illa</strong></span> <span class='ocrx_word' id='word_1_846' title='bbox 1361 2870 1478 2900; x_wconf 74' lang='lat' dir='ltr'><strong>brevior.</strong></span> 
     </span>
    </p>
   </div>
   <div class='ocr_carea' id='block_1_117' title="bbox 993 2905 1308 2942">
    <p class='ocr_par' dir='ltr' id='par_1_117' title="bbox 993 2905 1308 2942">
     <span class='ocr_line' id='line_1_119' title="bbox 993 2905 1308 2942; baseline 0.006 -9"><span class='ocrx_word' id='word_1_847' title='bbox 993 2905 1049 2942; x_wconf 77' lang='lat'><strong>(61)</strong></span> <span class='ocrx_word' id='word_1_848' title='bbox 1062 2905 1093 2934; x_wconf 88' lang='lat' dir='ltr'><strong>L.</strong></span> <span class='ocrx_word' id='word_1_849' title='bbox 1109 2905 1169 2941; x_wconf 85' lang='grc' dir='ltr'>σοῦ,</span> <span class='ocrx_word' id='word_1_850' title='bbox 1184 2912 1210 2934; x_wconf 84' lang='lat' dir='ltr'><strong>ut</strong></span> <span class='ocrx_word' id='word_1_851' title='bbox 1224 2907 1308 2942; x_wconf 79' lang='lat' dir='ltr'><strong>infra.</strong></span> 
     </span>
    </p>
   </div>
  </div>
