2031 3048
301 155 348 184 591

583 154 612 182 S.
632 153 817 182 ATHANASII
837 153 912 182 OPP.
935 154 1025 182 PARS
1044 155 1065 182 l.
1085 171 1120 177 —
1139 155 1327 183 HISTORICA
1343 155 1386 182 ET
1407 154 1615 184 DOGMATICA.

1866 154 1917 182 392

303 214 437 242 lnthianos
447 219 474 241 et
489 212 647 241 Meletianos
666 212 794 241 Ecclesiae
811 214 901 241 hostes
924 221 999 247 esse,
1021 215 1080 242 idco

1132 215 1302 251 ταράξωσιν.
1318 215 1335 242 ἃ.
1361 215 1388 241 δὲ
1411 214 1548 249 βούλονται
1571 213 1782 249 διαπράξωνται.
1813 212 1916 245 Εῐδότες

304 261 352 287 hos
373 260 443 293 ipsos
456 266 489 286 eo
504 259 647 286 mittendos
670 264 815 291 curarunt,
832 265 861 286 ut
887 260 913 286 in
938 259 1080 294 przcsentia

303 305 471 332 inimicorum
484 312 543 339 quae
559 304 609 338 ipsi
625 304 757 332 voluerint
770 305 797 332 in
817 312 867 332 nos
881 305 1080 332 machinentur.

303 351 406 379 Etenim
420 350 464 384 qui
475 350 519 377 hic
529 354 672 378 versamur
680 349 812 377 Meletiani
822 350 878 385 jam
891 357 923 377 ex
937 350 992 377 suis
1002 357 1082 384 quos-

302 397 363 424 dam
379 397 468 424 isthuc
480 396 580 424 misere
598 402 607 422 :
626 401 653 423 et
668 401 784 431 quatuor
799 401 862 423 ante
875 396 982 427 diebus.
1002 394 1080 430 gnari

302 442 406 470 scilicet
435 442 504 469 hanc
524 442 641 469 futuram
663 449 724 469 esse
750 441 990 476 perquisitionem,
1016 443 1083 469 duos

301 486 456 514 veredarios
470 486 519 513 sub
534 493 674 520 vesperam
697 486 845 518 miserunt,
862 486 909 520 qui
923 486 1081 514 Meletianos

301 536 333 555 ex
350 527 465 563 Ευριο
478 528 503 554 in
516 527 670 560 Mareotem,
683 527 727 554 ubi
740 535 774 555 ne
785 536 854 556 unus
865 528 973 563 quidem
987 536 1081 556 eorum

300 574 404 606 aderat,
416 578 562 607 cogerent;
578 580 611 599 ex
631 572 744 608 aliisque
770 573 836 600 locis
857 574 1044 602 Collnthianos
1057 579 1084 602 et

301 619 492 651 Ariomanitas,
505 626 572 654 quos
585 619 618 646 de
635 618 778 647 calumniis
798 620 825 647 in
846 628 895 648 nos
913 621 1083 656 proferendis

301 671 365 693 ante
381 666 556 693 instruerent.
578 664 699 692 Meminit
723 670 813 693 autem
846 667 1002 694 humanitas
1026 671 1082 699 tua,

303 712 391 747 ipsum
411 719 503 739 coram
524 715 550 738 te
580 711 738 739 confessum
759 712 896 748 lsehyram
909 733 917 745 ,
944 721 997 740 non
1025 713 1084 748 plus

303 762 404 791 septem
424 763 484 784 esse
498 756 544 791 qui
565 757 743 784 conventibus
767 757 893 785 intersint
914 758 981 786 suis.
994 757 1084 791 Quan-

303 801 446 838 doquidem
459 802 551 838 igitur,
564 807 705 837 postquam
729 803 863 830 arbitratu
883 811 932 830 suo
946 803 1004 830 haec
1022 808 1085 831 sunt

303 849 460 881 machinati.
485 853 626 883 postquam
657 854 797 889 suspectos
818 856 851 877 eo
873 849 971 878 misere
991 850 1083 882 viros,

1132 261 1196 296 γὰρ,
1212 261 1252 287 ὅτι
1268 261 1466 296 ’Δρειομανῖται
1479 260 1525 286 καὶ
1542 259 1740 291 Κολλουθιανοὶ,
1764 259 1811 286 καὶ
1835 260 1914 286 Μελι-

1132 307 1228 338 τιανοὶ,
1244 305 1335 342 ἐχθροὶ
1351 306 1400 340 τῆς
1419 305 1581 340 Ἐκκλησίας
1590 304 1654 336 εἰσὶ,
1672 304 1716 331 διὰ
1729 304 1807 330 τοῦτο
1818 304 1915 330 ἐσπού-

1132 352 1215 379 δασαν
1232 351 1388 379 ἀποστεῖλαι
1410 350 1521 381 τούτους
1533 357 1541 364 ·
1557 349 1612 382 ἵνα,
1632 349 1774 385 παρόντων
1803 349 1914 384 ἐχθρῶν,

1133 397 1190 433 (62)
1207 397 1359 425 καττύσωσι
1383 396 1443 424 καθ’
1474 395 1551 431 ἡμῶν
1575 395 1593 422 ἀ
1619 395 1766 431 βούλονται.
1794 396 1850 422 Καὶ
1864 395 1915 432 γὰρ

1133 444 1182 480 ήδη
1197 444 1221 470 οἱ
1238 442 1354 470 ἐνταῦθα
1368 442 1523 470 Μελιτιανοὶ
1538 442 1700 469 ἀπέστειλαν
1721 441 1750 475 ἐξ
1773 442 1860 468 αὐτῶν
1876 450 1914 468 τι-

1133 498 1183 521 νας
1193 509 1200 521 ,
1217 489 1265 516 καὶ
1281 488 1335 524 πρὸ
1358 488 1497 523 τεσσάρων
1515 488 1564 523 μὲν
1577 487 1702 523 ἡμερῶν,
1716 487 1810 523 ὣσπερ
1823 487 1915 519 ειδότες

1133 533 1213 560 τοῦτο
1226 533 1257 560 τδ
1269 534 1379 569 σκέμμα
1390 534 1535 569 γενόμενον
1551 533 1671 565 ἔσεσθαι,
1694 534 1742 560 καὶ
1755 534 1872 569 ἑσπέραν
1887 534 1914 560 δὲ

1132 580 1179 607 δύο
1195 579 1366 616 βηριδαριους
1379 580 1447 616 πρὸς
1460 579 1490 606 τδ
1502 580 1549 606 καὶ
1563 579 1617 606 ἀπὸ
1634 580 1683 615 τῆς
1699 580 1838 615 Αἰγύπτου
1863 581 1916 607 Με-

1133 625 1266 658 λιτιανοὺς
1283 627 1444 660 συναγαγεῖν
1461 626 1501 657 εις
1517 625 1563 652 τὸν
1577 626 1746 662 Μαρεώτην,
1767 626 1813 652 διὰ
1833 625 1863 652 τὺ
1881 626 1916 661 μὴ

1134 669 1203 698 εῖναι
1223 672 1281 698 ἐκεῖ
1306 670 1409 706 μηδένα
1428 670 1553 703 καθόλου,
1576 671 1623 697 καὶ
1645 670 1857 702 Κολλουθιανοὺς
1871 670 1916 698 καὶ

1141 716 1345 752 Ἀρειομανιτας
1361 715 1409 742 ἀπ’
1426 715 1513 742 ἄλλων
1529 716 1633 743 τόπων·
1653 717 1700 742 καὶ⁸
1713 715 1845 742 καττύσαι
1857 715 1916 742 καθ’

1133 762 1211 798 ἡμῶν
1223 762 1321 794 αὐτοὺς
1348 761 1447 796 λέγειν.
1465 759 1526 789 Οἷδε
1546 762 1575 789 δέ
1599 770 1646 788 σου
1662 763 1678 797 ή
1696 762 1859 798 χρηστότης,
1876 762 1915 788 ὃτι

1134 808 1215 840 αὐτὸς
1228 807 1401 844 ὡμολόγησεν
1411 807 1458 834 ἐπὶ
1477 807 1523 834 aut")
1541 807 1578 843 μὴ
1590 808 1669 835 πλέον
1684 808 1753 834 ἑπτὰ
1769 807 1916 843 συναγομέ-

1134 862 1187 881 νων
1199 853 1284 889 έχειν.
1306 853 1382 880 Ἐπεὶ
1395 850 1442 880 οὖν
1461 853 1528 888 μετὰ
1544 853 1575 880 τὸ
1597 853 1696 885 αὐτοὺς
1718 855 1917 881 κατασκευάσαι

303 895 484 930 comperimus
498 902 545 922 eos
570 894 736 930 singulorum
758 886 944 930 episcoporum
967 895 1080 923 circum-

1134 900 1201 935 ὅπερ
1218 899 1367 935 βούλονται,
1379 899 1426 926 καὶ
1437 899 1595 926 ἀποστεῖλαι
1607 899 1669 931 τοὺς
1686 899 1819 932 ὑπόπτας,
1833 900 1916 935 ἠκού-

302 941 375 968 circa
392 940 602 975 subscriptiones
621 940 768 975 postulare,
795 945 825 967 ut
845 947 939 968 eorum
964 942 1082 968 omnium

301 994 435 1015 consensu
452 994 494 1014 res
510 992 585 1021 gesta
601 987 743 1020 videatur;
760 993 791 1014 ea
804 993 869 1014 sane
884 987 918 1014 de
929 994 1010 1014 causa
1028 993 1084 1014 ma-

304 1033 446 1060 turandum
459 1032 585 1060 duximus
599 1032 654 1060 haec
668 1032 701 1059 ad
713 1036 786 1059 tuam
802 1031 953 1060 claritatem
966 1032 1083 1064 deferre,

302 1079 407 1113 hocque
438 1077 620 1105 testimonium
650 1078 698 1105 tibi
726 1077 836 1105 tradere
868 1085 875 1103 :
902 1082 1085 1106 contestamur

302 1124 373 1152 enim
384 1131 432 1152 nos
442 1123 685 1159 conspirationibus
697 1123 866 1159 insidiisque,
882 1123 987 1151 illorum
1001 1131 1084 1159 opera

303 1169 463 1204 iilorumque
476 1175 574 1201 causa,
598 1169 698 1203 appeti.
715 1168 906 1204 Rogamusque
930 1173 960 1196 ut
984 1169 1029 1196 Dei
1051 1169 1084 1196 ti-

303 1222 377 1243 more
389 1214 415 1242 in
430 1219 520 1241 mente
533 1217 671 1248 suscepto,
685 1220 789 1240 necnon
807 1213 858 1248 piis
884 1214 1019 1241 mandatis
1043 1221 1084 1241 re.

303 1259 467 1296 ligiosissimi
492 1259 679 1294 imperatoris,
697 1259 904 1294 improbansque
925 1260 996 1295 quod
1015 1260 1083 1288 citra

302 1312 462 1334 consensum
480 1309 615 1338 nostrum,
627 1312 696 1340 quos
708 1305 786 1333 libuit
801 1312 834 1333 eo
847 1306 978 1339 miserint,
994 1313 1028 1334 ne
1042 1310 1084 1334 to-

302 1352 373 1380 leres
386 1359 444 1379 eos.

337 1396 383 1424 79.
395 1396 572 1424 Adamantius
578 1397 723 1431 episcopus
733 1397 782 1425 has
790 1396 896 1426 litteras
908 1397 981 1432 dedi,
993 1398 1085 1435 lschy-

301 1451 358 1476 ras,
372 1443 498 1476 Ammon,
508 1443 614 1476 Petrus,
625 1443 830 1474 Ammonianus.
844 1443 997 1479 Tyrannus,
1014 1444 1085 1472 Tau-

302 1489 389 1520 rinus,
402 1489 596 1524 Sarapammon
607 1508 615 1521 .
641 1488 764 1517 Elurion
774 1510 783 1524 ,
799 1489 992 1524 Harpocration
1003 1511 1012 1523 ,
1029 1491 1084 1519 Mo-

301 1543 356 1569 ses,
373 1534 648 1584 0ptatus_,_Anubion,
663 1533 791 1584 Sam-ian,
809 1535 980 1584 Apollonius,
992 1535 1084 1572 lschy—
1097 1557 1118 1584 ο

302 1583 371 1614 rion,
387 1581 554 1612 Arbazthion,
569 1580 710 1613 Potamon,
725 1580 902 1616 Paphnutius,
916 1582 1080 1616 Heraclides,

302 1628 477 1661 Theodorus,
501 1627 714 1662 Agathammon,
735 1627 818 1655 Gaius
831 1647 839 1659 .
862 1627 970 1661 Pistus,
986 1629 1082 1662 Athas,

301 1675 396 1707 Nicon,
409 1673 542 1708 Pelagius,
558 1673 661 1706 Theon,
676 1673 856 1701 Paninuthins
866 1693 874 1706 ,
889 1673 1010 1707 Nonnus,
1023 1675 1083 1701 Ari-

301 1726 373 1752 ston,
391 1720 559 1752 Theodorus,
575 1719 692 1747 Irena‘us
702 1738 709 1750 ,
724 1719 918 1752 Blastammon,
934 1719 1081 1755 Philippus,

300 1765 511 1801 Apollos,155
523 1765 667 1793 Dioscorus
677 1785 684 1797 ,
699 1764 856 1792 Timotheus
873 1765 1081 1801 Diospolitanus,

301 1811 452 1843 Macarius,
465 1811 682 1843 Heraclammon,
702 1810 836 1845 Cronius,
854 1809 941 1845 Muis,
955 1810 1081 1846 Jacobus,

300 1858 422 1891 Ariston,
440 1857 640 1891 Artemidorus,
656 1855 788 1890 Phinees,
806 1856 900 1891 Psais,
916 1857 1080 1886 Heraclides.

565 1944 600 1971 Et
613 1946 724 1972 secundo
736 1945 817 1971 iidem

525 1988 663 2016 FLAVIO
678 1989 856 2018 DIONYSIO

300 2036 396 2064 Comiti
416 2035 608 2073 illuagiuimo,
620 2036 730 2073 episcopi
749 2035 883 2064 catholica
897 2035 1023 2065 Ecclesia:
1035 2038 1081 2073 qui

425 2104 430 2109 ι
477 2071 576 2106 Tyrum
588 2078 620 2097 ea:
631 2069 744 2105 Egypto
758 2079 915 2099 concessere.

334 2151 402 2180 Cum
419 2150 549 2186 plurimas
566 2149 705 2177 videamus
722 2149 749 2176 in
768 2157 817 2176 nos
836 2149 965 2178 conﬂatas
985 2150 1078 2184 conju-

299 2199 431 2232 rationes,
446 2196 610 2231 insidiasque
621 2200 742 2224 structas
757 2203 791 2224 ex
807 2196 1008 2230 conspiratione
1023 2198 1076 2225 Eu-

299 2244 378 2276 sebii,
392 2242 521 2276 Narcissi,
535 2241 650 2273 Flacilli.
668 2240 811 2276 Theognii,
831 2240 923 2274 Maris,
939 2241 1076 2270 Theodori

297 2296 325 2319 et
339 2288 485 2324 Patrophili
499 2297 508 2316 :
522 2295 589 2323 quos
601 2295 662 2315 cum
678 2294 693 2314 ο
705 2286 837 2322 principio
857 2293 982 2315 recusare
994 2287 1076 2316 velle-

296 2345 367 2372 mus,
381 2337 407 2364 id
420 2335 531 2364 minime
544 2334 621 2362 nobis
637 2341 793 2362 concessum
808 2338 866 2367 est,
881 2334 914 2361 ad
928 2334 996 2362 hanc
1011 2343 1076 2363 con-

296 2382 466 2410 testationem
481 2381 575 2408 venire
585 2379 714 2414 cogimur.
736 2377 842 2406 Etenim
865 2379 928 2407 hinc
952 2387 1074 2414 magnam

295 2429 328 2456 de
341 2426 492 2455 Meletianis
506 2426 561 2461 geri
575 2425 780 2453 sollicitudinem
792 2444 800 2457 ,
817 2424 880 2452 hinc
905 2429 1022 2453 structas
1048 2427 1074 2453 in

294 2473 455 2502 catholicam
468 2471 579 2507 Egypti
596 2470 741 2498 Ecclesiam
757 2470 842 2497 nostri
869 2477 950 2497 causa
966 2470 1076 2498 insidias

295 2519 441 2547 cernimus.
453 2517 620 2552 Quapropter
630 2516 700 2543 hanc
715 2515 761 2542 tibi
778 2515 909 2542 tradimus
920 2515 1074 2549 epistolam,

295 2568 421 2598 rogantes
436 2567 465 2589 ut
478 2562 505 2589 in
523 2566 611 2589 mente
626 2561 728 2588 habens
743 2560 825 2587 Deum
850 2560 1074 2595 omnipotentem,

328 2631 384 2667 (62)
409 2630 489 2667 Reg._
502 2631 578 2667 παρὰ
603 2627 656 2654 τῶν
671 2627 854 2667 ὲχθρῶνκδθᾴ
870 2628 897 2655 in
916 2629 1074 2662 praecedenti

294 2662 436 2701 παρόντων
445 2662 561 2701 ἐχθρῶν,
573 2671 632 2701 quae
646 2662 772 2701 Net-aest
791 2662 880 2701 lectio.

329 2698 386 2737 (65)
403 2698 578 2737 suspicantur
593 2698 868 2737 hnncﬁdaniantinm
879 2705 940 2737 eum
952 2705 1011 2726 esse
1026 2699 1072 2734 qni

292 2737 320 2764 in
333 2732 579 2769 subscrip'tiOnihus
596 2732 969 2769 SardicensibnsAmantius
992 2732 1073 2760 voca-

294 2777 348 2803 tur,
370 2767 466 2804 estque
482 2770 518 2796 ibi
533 2770 628 2795 ordine
646 2768 788 2804 secundus.
806 2767 864 2794 Mox
879 2767 946 2802 Reg.
961 2768 1004 2795 ῐνα
1021 2770 1073 2796 Ἰσ-

293 2803 519 2867 ἰξύραςδᾟμμων.
534 2804 586 2830 Sed
602 2811 651 2830 \‘ox
661 2803 704 2829 ἵνα
713 2808 753 2830 est
764 2810 972 2837 supervacanea.
987 2804 1071 2832 Porro

313 2848 351 2867 acc
367 2841 419 2866 duo
435 2839 570 2867 Ἰσγύρας.
586 2839 700 2867 Ἄμμων
717 2837 785 2864 forte
804 2837 873 2864 facta
893 2845 925 2865 ex
949 2839 999 2866 hoc
1017 2847 1070 2866 uno

294 2847 351 2867 hanc
367 2847 419 2866 ouo
438 2847 570 2873 ἰσχυρας,
595 2847 700 2873 Λμμων
717 2847 785 2864 torte
804 2847 873 2864 tacta
893 2847 925 2865 ex
949 2847 999 2866 uoc
1017 2847 1070 2866 uno

294 2875 401 2902 nomine
413 2874 663 2909 'IO’XUpt'ltLthV,qul
681 2872 707 2899 in
722 2872 815 2900 iisdem
829 2872 1070 2908 subscriptionibus

1134 954 1231 981 σαμεν,
1246 946 1288 972 ὅτι
1307 945 1367 972 καθ’
1385 945 1500 972 ἕκαστον
1524 945 1579 972 τῶν
1607 945 1762 973 ἐπισκόπων
1779 946 1918 981 περιερχὸ·

1135 999 1220 1026 μενοι,
1233 991 1393 1018 ἀπαιτοῦσιν
1407 991 1654 1027 ὑωγραφὴν,πρὸς
1663 991 1692 1018 τὸ
1705 991 1792 1018 δοκεῖν
1805 993 1838 1028 τῇ
1853 992 1917 1018 πάν-

1133 1045 1187 1064 των
1202 1037 1291 1064 αὐτῶν
1301 1036 1395 1072 σκέψει
1404 1036 1529 1071 γενέσθαι
1539 1046 1545 1052 ·
1557 1037 1651 1064 τούτου
1661 1038 1754 1063 ἕνεκεν
1765 1037 1917 1071 ἀνενεγκεῖν

1134 1083 1180 1110 ἐπὶ
1192 1083 1242 1119 τὴν
1254 1083 1304 1119 σὴν
1327 1083 1507 1119 λαμπρότητα
1523 1083 1708 1119 ήπείχθημεν,
1721 1083 1768 1110 καὶ
1782 1082 1918 1110 ἐπιδοῦναι

1134 1129 1193 1156 τόδε
1202 1129 1232 1155 τὺ
1243 1128 1390 1165 μαρτύριον
1399 1138 1405 1144 ·
1422 1129 1620 1165 μαρτυρόμενοι
1636 1130 1694 1165 μὲν,
1707 1129 1746 1156 ὅτι
1756 1127 1918 1161 συσκευαζό-

1136 1175 1215 1210 μεθα,
1228 1175 1274 1202 καὶ
1287 1176 1426 1210 πάσχομεν
1440 1175 1485 1202 ὑπ’
1500 1175 1589 1202 αὐτῶν
1601 1176 1648 1202 καὶ
1661 1176 1694 1203 δι’
1709 1175 1798 1202 αὐτῶν
1808 1175 1917 1202 ἐπιϐου-

1133 1221 1191 1257 λὴν,
1209 1221 1345 1255 ἀξιοῦντες
1356 1222 1385 1248 δὲ
1398 1222 1482 1254 ὅπως,
1495 1222 1524 1248 έν
1539 1221 1576 1257 νῷ
1592 1221 1682 1248 λαϐὼν
1702 1221 1749 1249 τὸν
1773 1221 1853 1257 φόϐον
1871 1221 1916 1248 τοῦ

1133 1266 1201 1294 Θεοῦ
1213 1267 1260 1293 καὶ
1270 1266 1319 1298 τὰς
1326 1267 1448 1299 εὐσεϐεῖς
1461 1267 1570 1300 ἐντολὰς
1584 1267 1631 1294 τοῦ
1651 1267 1855 1302 θεοφιλεστάτου
1871 1267 1918 1302 βα-

1134 1312 1239 1345 σιλέως,
1248 1312 1286 1344 ὡς
1295 1313 1456 1346 καταγνοὺς,
1471 1313 1512 1340 ὅτι
1524 1313 1607 1348 χωρὶς
1624 1312 1703 1349 ήμῶν
1721 1312 1768 1345 οὓς
1782 1313 1917 1349 ἠθέλησαν

1133 1356 1305 1389 ἀπέστειλαν,
1322 1356 1360 1392 μὴ
1375 1356 1481 1392 ἀνάσχῃ
1497 1356 1596 1384 αὐτῶν.

1169 1402 1223 1438 (65)
1241 1402 1418 1437 Ἀδαμάντιος
1434 1403 1582 1434 ἐπίσκοπος
1593 1402 1754 1434 ἐπιδέδωκα,
1783 1401 1918 1437 Ἰσχύρας,

1136 1448 1262 1484 Ἄμμων,
1277 1448 1390 1484 Πέτρος,
1400 1448 1596 1484 Ἄμμωνιανὸς,
1612 1448 1759 1484 Τύραννος,
1775 1449 1918 1484 Ταυρῖνος,

1134 1494 1346 1530 Σαραπάμμων,
1362 1493 1510 1529 Δίλουρίων
1523 1513 1531 1527 ,
1560 1494 1762 1530 Ἁρποκρατίων
1775 1514 1783 1527 ,
1804 1494 1918 1530 Μωσῆς,

1140 1539 1280 1571 Ὀπτᾱτος,
1303 1539 1457 1571 Ἅνουϐζων,
1469 1539 1606 1576 Σαπρίων,
1623 1538 1814 1572 Ἀπολλώνιος,
1833 1540 1920 1575 ’ἰσχυ-

1135 1586 1210 1622 ρίων,
1228 1586 1400 1622 Ἀρϐαιθίων,
1419 1585 1562 1621 Ποτάμων,
1578 1586 1755 1621 Παφνούτιος,
1776 1586 1918 1623 Ἡρακλεί-

1133 1629 1191 1664 δης,
1206 1628 1351 1665 Θεόδωρος,
1372 1629 1567 1665 ’Δγαθάμμων,
1589 1629 1677 1662 Γάϊος,
1695 1631 1803 1664 Πιστὸς,
1821 1631 1917 1664 Ἀθας,

1132 1675 1234 1707 Νίκων,
1248 1675 1391 1709 Πελάγιος,
1407 1674 1491 1706 Θέων,
1510 1675 1693 1709 Πανινούθιος,
1708 1676 1816 1709 Νόννος,
1844 1677 1918 1713 Ἀρε-

1134 1729 1213 1754 στων,
1227 1720 1371 1756 Θεόδωρος,
1387 1721 1543 1756 Εἰρηναῖος,
1555 1721 1742 1758 Βλαστάμμων
1752 1743 1760 1755 ,
1773 1723 1916 1755 Φίλιππος,

1139 1767 1282 1799 Ἀπολλὼς,
1297 1767 1455 1802 Διόσκορος,
1471 1767 1602 1803 Τιμόθεος
1622 1768 1788 1800 Διοσπόλεως
1798 1789 1805 1800 ,
1818 1769 1917 1795 Μακά-

1133 1822 1200 1849 ριος,
1221 1812 1433 1849 Ἠρακλάμμων,
1449 1802 1574 1848 Κρόνιος,
1591 1802 1749 1850 Μῦῖς’(64),
1778 1814 1918 1846 Ἰάκωϐος,

1139 1859 1286 1895 Ἀρίστων,
1318 1857 1529 1894 Ἀρτεμίδωρος,
1557 1859 1667 1892 Φινεὲς,
1704 1859 1793 1892 Ψάῑς,
1834 1860 1919 1895 Ἦρα.-

1132 1906 1178 1933 κλε
1183 1906 1249 1942 ἰδης.

1341 1952 1396 1980 Kal
1410 1952 1552 1987 δεύτερον
1567 1952 1594 1978 οἱ
1609 1942 1708 1978 αὐτοί

1355 2000 1428 2026 ΦΛΑ
1435 2000 1495 2033 ΥΙῼ
1517 1997 1690 2032 ΔΙΟΝΥΣΙῼ

1134 2032 1176 2066 Τῷ
1194 2033 1405 2071 ,λαμπροτᾷτφ-
1419 2031 1524 2071 adyth
1541 2032 1608 2071 (65),
1634 2033 1662 2058 οἱ
1693 2031 1729 2071 ἐν
1757 2032 1844 2071 Τύρῳ.
1864 2031 1917 2070 ἀει*

1165 2069 1315 2102 Αἰγύπτου
1334 2069 1474 2101 ἐλθόντες
1499 2068 1659 2095 ἐπίσκοποι
1677 2068 1733 2101 τῆς
1750 2068 1918 2100 καθολικῆς

1170 2103 1361 2137 Ἐκκλησίας.

1163 2148 1267 2180 Πολλὰς
1290 2148 1406 2184 ὁρῶντες
1428 2147 1562 2179 συσκευὰς
1587 2146 1647 2174 καθ’
1663 2147 1742 2183 ἡμῶν
1757 2146 1916 2182 γινομένας,

1129 2194 1177 2221 καὶ
1192 2193 1337 2226 ἐπιϐουλὰς
1353 2195 1385 2221 ἐκ
1397 2193 1451 2228 (66)
1467 2193 1600 2229 συσκευῆς
1620 2192 1674 2220 τῶν
1688 2193 1753 2228 περὶ
1770 2192 1915 2224 Εὑσέϐιον,

1129 2240 1176 2267 καὶ
1187 2241 1352 2276 Νάρκισσον,
1362 2240 1410 2267 καὶ¹
1421 2240 1576 2271 Φλάκιλλον,
1590 2239 1636 2266 καὶ
1645 2238 1779 2273 Θεόγνιον,
1792 2238 1839 2265 καὶ
1853 2238 1917 2265 Μά-

1130 2295 1183 2323 ριν,
1207 2286 1253 2314 καὶ
1270 2285 1416 2322 Θεόδωρον,
1441 2285 1488 2313 καὶ
1511 2283 1686 2321 Πατρόφιλον,
1711 2283 1758 2315 οὒς
1777 2282 1848 2310 κατὰ
1862 2283 1916 2318 τὴν

1129 2331 1215 2368 ἀρχὴν
1228 2331 1388 2367 θελήσαντες
1400 2329 1628 2366 παραιτήσασθαι,
1644 2330 1694 2356 οὐκ
1707 2329 1916 2365 ὲπετράπημεν,

1128 2378 1250 2413 ἀνάγκην
1264 2377 1360 2412 ἔχομεν
1378 2376 1425 2403 ἐπὶ
1440 2376 1518 2412 τήνδε
1533 2375 1581 2411 τὴν
1597 2375 1794 2410 διαμαρτυρίαν
1811 2374 1914 2402 ἐλθεῖν.

1128 2424 1182 2450 Καὶ
1204 2423 1259 2458 γὰρ
1276 2421 1374 2458 πολλὴν
1394 2421 1464 2457 ὑπὲρ
1481 2420 1649 2448 Μελιτιανῶν
1670 2420 1777 2456 όρῶμεν
1796 2419 1917 2456 σπουδὴν

1128 2470 1301 2505 γιγνομένην,
1317 2468 1387 2495 κατὰ
1403 2468 1431 2494 δὲ
1445 2467 1495 2503 τῆς
1516 2467 1661 2502 καθολικῆς
1679 2466 1840 2502 Ἐκκλησίας
1861 2466 1916 2502 τῆς

1128 2517 1157 2543 ὲν
1183 2515 1312 2550 Αἰγύπτῳ
1327 2514 1360 2541 δι’
1376 2513 1455 2550 ἡμῶν
1471 2512 1624 2548 ἐπιϐουλήν.
1657 2513 1736 2539 Ὅθεν
1760 2512 1916 2548 ὲπιδίδομέν

1128 2571 1169 2590 σοι
1188 2561 1267 2597 τήνδε
1288 2561 1336 2597 τὴν
1350 2559 1503 2595 ἐπιστολὴν,
1519 2558 1656 2592 ἀξιοῦντες
1677 2560 1706 2586 ὲν
1723 2558 1761 2594 νῷ
1777 2567 1806 2585 σε
1819 2558 1917 2586 λαϐεῖν

1127 2630 1197 2656 inter
1207 2628 1310 2663 primos
1326 2630 1512 2663 recensentur:
1528 2625 1641 2663 ﬁeliqna
1658 2625 1766 2663 nomina
1782 2624 1916 2663 fereom-

1126 2665 1170 2692 nia
1187 2660 1285 2690 ibidem
1299 2672 1306 2690 :
1319 2663 1365 2690 sed
1378 2661 1512 2696 suspicari
1528 2661 1590 2688 lieet
1610 2660 1733 2696 nonnihil
1750 2660 1917 2696 mutationis

1126 2699 1272 2732 contigisse
1288 2705 1295 2724 :
1308 2705 1332 2724 ν.
1347 2705 1372 2732 g.
1387 2695 1579 2738 Taupivogwpro
1597 2695 1737 2731 Τιϐερῖνος
1753 2695 1822 2722 forte
1836 2696 1917 2730 poti-

1127 2739 1192 2759 lum.
1213 2733 1296 2759 Paulo
1312 2737 1371 2759 nos!
1385 2732 1449 2759 Reiz.
1462 2731 1591 2759 Μωυσης.

1127 2739 1192 2762 turn.
1213 2733 1296 2760 Paulo
1312 2737 1371 2766 post
1385 2733 1449 2766 Reg.
1462 2733 1591 2770 Μωῢσῇς.

1161 2769 1218 2804 (6-1)
1230 2767 1298 2804 Reg.
1311 2767 1408 2804 Μούῖς.
1422 2767 1492 2794 Editi
1504 2766 1601 2798 Μουῖς.

1160 2803 1216 2839 (65)
1229 2803 1293 2839 litjg.
1308 2803 1409 2838 κόμιτι.

1159 2835 1215 2874 (66)
1235 2835 1284 2865 Ἐἷς
1310 2835 1386 2867 deest
1405 2838 1432 2866 in
1452 2836 1544 2866 editis.
1563 2835 1601 2864 Ex
1622 2835 1705 2872 Regio
1736 2835 1917 2871 desumptum

1122 2880 1173 2902 εει.
