  <div class='ocr_page' id='page_1' title='image "/cluster/home/n/w/nwhite01/storage/ocr_20150623/25/njp.32101010944591/483.png"; bbox 0 0 2031 3048; ppageno 0'>
   <div class='ocr_carea' id='block_1_1' title="bbox 271 156 325 184">
    <p class='ocr_par' dir='ltr' id='par_1_1' title="bbox 271 156 325 184">
     <span class='ocr_line' id='line_1_1' title="bbox 271 156 325 184; baseline 0 0"><span class='ocrx_word' id='word_1_1' title='bbox 271 156 325 184; x_wconf 69' lang='lat'><strong>395</strong></span> 
     </span>
    </p>
   </div>
   <div class='ocr_carea' id='block_1_2' title="bbox 555 153 1581 183">
    <p class='ocr_par' dir='ltr' id='par_1_2' title="bbox 555 153 1581 183">
     <span class='ocr_line' id='line_1_2' title="bbox 555 153 1581 183; baseline 0.001 -1"><span class='ocrx_word' id='word_1_2' title='bbox 555 155 583 182; x_wconf 86' lang='lat' dir='ltr'><strong>S.</strong></span> <span class='ocrx_word' id='word_1_3' title='bbox 604 153 788 182; x_wconf 71' lang='lat' dir='ltr'><strong>ATHANASII</strong></span> <span class='ocrx_word' id='word_1_4' title='bbox 808 153 884 182; x_wconf 87' lang='lat' dir='ltr'><strong>OPP.</strong></span> <span class='ocrx_word' id='word_1_5' title='bbox 905 153 993 181; x_wconf 73' lang='lat' dir='ltr'><strong>PARS</strong></span> <span class='ocrx_word' id='word_1_6' title='bbox 1009 153 1030 181; x_wconf 92' lang='grc' dir='ltr'><strong>Ι.</strong></span> <span class='ocrx_word' id='word_1_7' title='bbox 1051 169 1086 175; x_wconf 91' lang='grc'><strong>-</strong></span> <span class='ocrx_word' id='word_1_8' title='bbox 1104 153 1288 182; x_wconf 75' lang='lat' dir='ltr'><strong>INSTORICA</strong></span> <span class='ocrx_word' id='word_1_9' title='bbox 1307 153 1353 181; x_wconf 84' lang='grc' dir='ltr'><strong>ΕΤ</strong></span> <span class='ocrx_word' id='word_1_10' title='bbox 1371 153 1581 183; x_wconf 74' lang='lat' dir='ltr'><strong>DOGMATICA.</strong></span> 
     </span>
    </p>
   </div>
   <div class='ocr_carea' id='block_1_3' title="bbox 1841 153 1895 180">
    <p class='ocr_par' dir='ltr' id='par_1_3' title="bbox 1841 153 1895 180">
     <span class='ocr_line' id='line_1_3' title="bbox 1841 153 1895 180; baseline 0 0"><span class='ocrx_word' id='word_1_11' title='bbox 1841 153 1895 180; x_wconf 74' lang='grc'><strong>396</strong></span> 
     </span>
    </p>
   </div>
   <div class='ocr_carea' id='block_1_4' title="bbox 273 210 1054 247">
    <p class='ocr_par' dir='ltr' id='par_1_4' title="bbox 273 211 1054 247">
     <span class='ocr_line' id='line_1_4' title="bbox 273 211 1054 247; baseline -0.004 -6"><span class='ocrx_word' id='word_1_12' title='bbox 273 212 426 241; x_wconf 74' lang='lat' dir='ltr'><strong>Alexander</strong></span> <span class='ocrx_word' id='word_1_13' title='bbox 439 219 484 247; x_wconf 81' lang='lat' dir='ltr'><strong>por</strong></span> <span class='ocrx_word' id='word_1_14' title='bbox 496 212 635 247; x_wconf 77' lang='lat' dir='ltr'><strong>epistolam</strong></span> <span class='ocrx_word' id='word_1_15' title='bbox 659 212 723 239; x_wconf 91' lang='lat' dir='ltr'><strong>mihi</strong></span> <span class='ocrx_word' id='word_1_16' title='bbox 746 219 823 240; x_wconf 84' lang='lat' dir='ltr'><strong>suam</strong></span> <span class='ocrx_word' id='word_1_17' title='bbox 840 212 979 240; x_wconf 76' lang='lat' dir='ltr'><strong>indicavit.</strong></span> <span class='ocrx_word' id='word_1_18' title='bbox 1005 211 1054 239; x_wconf 90' lang='lat' dir='ltr'><strong>Ut-</strong></span> 
     </span>
    </p>
   </div>
   <div class='ocr_carea' id='block_1_5' title="bbox 1105 210 1895 247">
    <p class='ocr_par' dir='ltr' id='par_1_5' title="bbox 1106 210 1895 247">
     <span class='ocr_line' id='line_1_5' title="bbox 1106 210 1895 247; baseline -0.003 -8"><span class='ocrx_word' id='word_1_19' title='bbox 1106 212 1148 239; x_wconf 75' lang='grc' dir='ltr'>ἵνα</span> <span class='ocrx_word' id='word_1_20' title='bbox 1164 213 1259 247; x_wconf 81' lang='grc' dir='ltr'><strong>γνῶτε,</strong></span> <span class='ocrx_word' id='word_1_21' title='bbox 1275 213 1315 239; x_wconf 79' lang='grc' dir='ltr'>ὅτι</span> <span class='ocrx_word' id='word_1_22' title='bbox 1331 212 1401 239; x_wconf 83' lang='grc' dir='ltr'>κατὰ</span> <span class='ocrx_word' id='word_1_23' title='bbox 1414 212 1490 246; x_wconf 77' lang='grc' dir='ltr'>λόγον</span> <span class='ocrx_word' id='word_1_24' title='bbox 1506 212 1562 247; x_wconf 79' lang='grc' dir='ltr'>ἔχει</span> <span class='ocrx_word' id='word_1_25' title='bbox 1577 210 1611 238; x_wconf 72' lang='grc' dir='ltr'>τὰ</span> <span class='ocrx_word' id='word_1_26' title='bbox 1624 211 1762 247; x_wconf 78' lang='grc' dir='ltr'><strong>γραφέντα</strong></span> <span class='ocrx_word' id='word_1_27' title='bbox 1779 220 1823 246; x_wconf 84' lang='grc' dir='ltr'><strong>μοι</strong></span> <span class='ocrx_word' id='word_1_28' title='bbox 1841 220 1895 237; x_wconf 76' lang='grc' dir='ltr'>παο</span> 
     </span>
    </p>
   </div>
   <div class='ocr_carea' id='block_1_6' title="bbox 272 257 1054 292">
    <p class='ocr_par' dir='ltr' id='par_1_6' title="bbox 272 257 1054 292">
     <span class='ocr_line' id='line_1_6' title="bbox 272 257 1054 292; baseline 0.001 -9"><span class='ocrx_word' id='word_1_29' title='bbox 272 266 324 292; x_wconf 85' lang='lat' dir='ltr'><strong>que</strong></span> <span class='ocrx_word' id='word_1_30' title='bbox 340 263 430 284; x_wconf 88' lang='lat' dir='ltr'><strong>notum</strong></span> <span class='ocrx_word' id='word_1_31' title='bbox 445 257 520 284; x_wconf 83' lang='lat' dir='ltr'><strong>vobis</strong></span> <span class='ocrx_word' id='word_1_32' title='bbox 535 258 569 284; x_wconf 89' lang='lat' dir='ltr'><strong>sit</strong></span> <span class='ocrx_word' id='word_1_33' title='bbox 580 265 612 285; x_wconf 81' lang='lat' dir='ltr'><strong>ex</strong></span> <span class='ocrx_word' id='word_1_34' title='bbox 626 265 702 292; x_wconf 73' lang='lat' dir='ltr'><strong>aequo</strong></span> <span class='ocrx_word' id='word_1_35' title='bbox 718 262 744 285; x_wconf 88' lang='lat' dir='ltr'><strong>et</strong></span> <span class='ocrx_word' id='word_1_36' title='bbox 758 259 827 285; x_wconf 92' lang='lat' dir='ltr'><strong>bono</strong></span> <span class='ocrx_word' id='word_1_37' title='bbox 841 265 901 285; x_wconf 88' lang='lat' dir='ltr'><strong>esse</strong></span> <span class='ocrx_word' id='word_1_38' title='bbox 913 265 972 292; x_wconf 79' lang='lat' dir='ltr'><strong>quae</strong></span> <span class='ocrx_word' id='word_1_39' title='bbox 990 258 1054 285; x_wconf 90' lang='lat' dir='ltr'><strong>mihi</strong></span> 
     </span>
    </p>
   </div>
   <div class='ocr_carea' id='block_1_7' title="bbox 272 301 1054 337">
    <p class='ocr_par' dir='ltr' id='par_1_7' title="bbox 272 301 1054 337">
     <span class='ocr_line' id='line_1_7' title="bbox 272 301 1054 337; baseline 0.001 -9"><span class='ocrx_word' id='word_1_40' title='bbox 272 303 306 329; x_wconf 81' lang='lat' dir='ltr'><strong>ab</strong></span> <span class='ocrx_word' id='word_1_41' title='bbox 323 303 381 337; x_wconf 81' lang='lat' dir='ltr'><strong>ejus</strong></span> <span class='ocrx_word' id='word_1_42' title='bbox 396 302 603 329; x_wconf 75' lang='lat' dir='ltr'><strong>mansuetudine</strong></span> <span class='ocrx_word' id='word_1_43' title='bbox 615 303 715 336; x_wconf 88' lang='lat' dir='ltr'><strong>scripta</strong></span> <span class='ocrx_word' id='word_1_44' title='bbox 732 306 795 328; x_wconf 89' lang='lat' dir='ltr'><strong>sunt</strong></span> <span class='ocrx_word' id='word_1_45' title='bbox 811 322 818 334; x_wconf 95' lang='lat'><strong>,</strong></span> <span class='ocrx_word' id='word_1_46' title='bbox 833 309 864 327; x_wconf 88' lang='lat' dir='ltr'><strong>ea</strong></span> <span class='ocrx_word' id='word_1_47' title='bbox 876 301 932 336; x_wconf 87' lang='lat' dir='ltr'><strong>ipsa</strong></span> <span class='ocrx_word' id='word_1_48' title='bbox 948 309 962 328; x_wconf 87' lang='lat' dir='ltr'><strong>a</strong></span> <span class='ocrx_word' id='word_1_49' title='bbox 979 301 1054 329; x_wconf 87' lang='lat' dir='ltr'><strong>vobis</strong></span> 
     </span>
    </p>
   </div>
   <div class='ocr_carea' id='block_1_8' title="bbox 272 347 1055 382">
    <p class='ocr_par' dir='ltr' id='par_1_8' title="bbox 272 347 1055 382">
     <span class='ocr_line' id='line_1_8' title="bbox 272 347 1055 382; baseline 0 -8"><span class='ocrx_word' id='word_1_50' title='bbox 272 348 382 382; x_wconf 79' lang='lat' dir='ltr'><strong>legenda</strong></span> <span class='ocrx_word' id='word_1_51' title='bbox 401 347 536 381; x_wconf 77' lang='lat' dir='ltr'><strong>subjunxi.</strong></span> <span class='ocrx_word' id='word_1_52' title='bbox 555 347 714 375; x_wconf 84' lang='lat' dir='ltr'><strong>Meministis</strong></span> <span class='ocrx_word' id='word_1_53' title='bbox 734 352 821 374; x_wconf 87' lang='lat' dir='ltr'><strong>autem</strong></span> <span class='ocrx_word' id='word_1_54' title='bbox 844 348 963 382; x_wconf 87' lang='lat' dir='ltr'><strong>priorum</strong></span> <span class='ocrx_word' id='word_1_55' title='bbox 983 347 1055 374; x_wconf 86' lang='lat' dir='ltr'><strong>litte-</strong></span> 
     </span>
    </p>
   </div>
   <div class='ocr_carea' id='block_1_9' title="bbox 271 392 1056 427">
    <p class='ocr_par' dir='ltr' id='par_1_9' title="bbox 271 392 1056 427">
     <span class='ocr_line' id='line_1_9' title="bbox 271 392 1056 427; baseline 0 -8"><span class='ocrx_word' id='word_1_56' title='bbox 271 400 362 419; x_wconf 87' lang='lat' dir='ltr'><strong>rarum</strong></span> <span class='ocrx_word' id='word_1_57' title='bbox 381 399 512 425; x_wconf 81' lang='lat' dir='ltr'><strong>mearum,</strong></span> <span class='ocrx_word' id='word_1_58' title='bbox 525 392 622 426; x_wconf 88' lang='lat' dir='ltr'><strong>quibus</strong></span> <span class='ocrx_word' id='word_1_59' title='bbox 639 393 837 420; x_wconf 87' lang='lat' dir='ltr'><strong>mansuetudini</strong></span> <span class='ocrx_word' id='word_1_60' title='bbox 857 398 953 420; x_wconf 63' lang='lat' dir='ltr'><strong>vestra?</strong></span> <span class='ocrx_word' id='word_1_61' title='bbox 973 392 1056 427; x_wconf 72' lang='lat' dir='ltr'><strong>signi-</strong></span> 
     </span>
    </p>
   </div>
   <div class='ocr_carea' id='block_1_10' title="bbox 273 437 1055 472">
    <p class='ocr_par' dir='ltr' id='par_1_10' title="bbox 273 437 1055 472">
     <span class='ocr_line' id='line_1_10' title="bbox 273 437 1055 472; baseline 0.001 -7"><span class='ocrx_word' id='word_1_62' title='bbox 273 439 362 471; x_wconf 80' lang='lat' dir='ltr'><strong>ﬁcavi,</strong></span> <span class='ocrx_word' id='word_1_63' title='bbox 386 437 488 472; x_wconf 85' lang='lat' dir='ltr'><strong>legatos</strong></span> <span class='ocrx_word' id='word_1_64' title='bbox 515 439 651 465; x_wconf 86' lang='lat' dir='ltr'><strong>communi</strong></span> <span class='ocrx_word' id='word_1_65' title='bbox 672 439 776 466; x_wconf 83' lang='lat' dir='ltr'><strong>calculo</strong></span> <span class='ocrx_word' id='word_1_66' title='bbox 810 447 842 466; x_wconf 88' lang='lat' dir='ltr'><strong>ac</strong></span> <span class='ocrx_word' id='word_1_67' title='bbox 866 439 976 466; x_wconf 88' lang='lat' dir='ltr'><strong>decreto</strong></span> <span class='ocrx_word' id='word_1_68' title='bbox 995 446 1055 466; x_wconf 79' lang='lat' dir='ltr'><strong>esse</strong></span> 
     </span>
    </p>
   </div>
   <div class='ocr_carea' id='block_1_11' title="bbox 270 483 1055 520">
    <p class='ocr_par' dir='ltr' id='par_1_11' title="bbox 270 483 1055 520">
     <span class='ocr_line' id='line_1_11' title="bbox 270 483 1055 520; baseline 0.003 -10"><span class='ocrx_word' id='word_1_69' title='bbox 270 483 426 510; x_wconf 84' lang='lat' dir='ltr'><strong>mittendos.</strong></span> <span class='ocrx_word' id='word_1_70' title='bbox 441 483 539 511; x_wconf 82' lang='lat' dir='ltr'><strong>Cavete</strong></span> <span class='ocrx_word' id='word_1_71' title='bbox 552 483 634 518; x_wconf 78' lang='lat' dir='ltr'><strong>igitur</strong></span> <span class='ocrx_word' id='word_1_72' title='bbox 657 492 690 511; x_wconf 84' lang='lat' dir='ltr'><strong>ne</strong></span> <span class='ocrx_word' id='word_1_73' title='bbox 706 492 765 520; x_wconf 65' lang='lat' dir='ltr'><strong>quae</strong></span> <span class='ocrx_word' id='word_1_74' title='bbox 777 489 850 520; x_wconf 82' lang='lat' dir='ltr'><strong>gesta</strong></span> <span class='ocrx_word' id='word_1_75' title='bbox 863 489 926 512; x_wconf 87' lang='lat' dir='ltr'><strong>sunt</strong></span> <span class='ocrx_word' id='word_1_76' title='bbox 941 492 1055 512; x_wconf 87' lang='lat' dir='ltr'><strong>accusa-</strong></span> 
     </span>
    </p>
   </div>
   <div class='ocr_carea' id='block_1_12' title="bbox 271 529 1056 565">
    <p class='ocr_par' dir='ltr' id='par_1_12' title="bbox 271 529 1056 565">
     <span class='ocr_line' id='line_1_12' title="bbox 271 529 1056 565; baseline 0.001 -8"><span class='ocrx_word' id='word_1_77' title='bbox 271 529 336 557; x_wconf 87' lang='lat' dir='ltr'><strong>tioni</strong></span> <span class='ocrx_word' id='word_1_78' title='bbox 355 530 409 556; x_wconf 90' lang='lat' dir='ltr'><strong>sint</strong></span> <span class='ocrx_word' id='word_1_79' title='bbox 425 530 553 564; x_wconf 77' lang='lat' dir='ltr'><strong>obnoxia,</strong></span> <span class='ocrx_word' id='word_1_80' title='bbox 585 538 652 557; x_wconf 82' lang='lat' dir='ltr'><strong>neve</strong></span> <span class='ocrx_word' id='word_1_81' title='bbox 665 530 744 564; x_wconf 65' lang='lat' dir='ltr'><strong>iustae</strong></span> <span class='ocrx_word' id='word_1_82' title='bbox 758 531 874 565; x_wconf 70' lang='lat' dir='ltr'><strong>querelae</strong></span> <span class='ocrx_word' id='word_1_83' title='bbox 893 539 986 559; x_wconf 82' lang='lat' dir='ltr'><strong>ansam</strong></span> <span class='ocrx_word' id='word_1_84' title='bbox 1002 531 1056 558; x_wconf 91' lang='lat' dir='ltr'><strong>de-</strong></span> 
     </span>
    </p>
   </div>
   <div class='ocr_carea' id='block_1_13' title="bbox 271 576 1055 610">
    <p class='ocr_par' dir='ltr' id='par_1_13' title="bbox 271 576 1055 610">
     <span class='ocr_line' id='line_1_13' title="bbox 271 576 1055 610; baseline 0.003 -8"><span class='ocrx_word' id='word_1_85' title='bbox 271 584 330 603; x_wconf 86' lang='lat' dir='ltr'><strong>mus</strong></span> <span class='ocrx_word' id='word_1_86' title='bbox 349 576 381 603; x_wconf 89' lang='lat' dir='ltr'><strong>iis</strong></span> <span class='ocrx_word' id='word_1_87' title='bbox 393 576 438 610; x_wconf 86' lang='lat' dir='ltr'><strong>qui</strong></span> <span class='ocrx_word' id='word_1_88' title='bbox 457 583 506 605; x_wconf 85' lang='lat' dir='ltr'><strong>uos</strong></span> <span class='ocrx_word' id='word_1_89' title='bbox 522 584 651 606; x_wconf 77' lang='lat' dir='ltr'><strong>accusare</strong></span> <span class='ocrx_word' id='word_1_90' title='bbox 672 578 814 604; x_wconf 87' lang='lat' dir='ltr'><strong>voluerint.</strong></span> <span class='ocrx_word' id='word_1_91' title='bbox 831 577 866 607; x_wconf 88' lang='lat' dir='ltr'><strong>Ut</strong></span> <span class='ocrx_word' id='word_1_92' title='bbox 884 578 954 605; x_wconf 87' lang='lat' dir='ltr'><strong>enim</strong></span> <span class='ocrx_word' id='word_1_93' title='bbox 976 585 1055 604; x_wconf 87' lang='lat' dir='ltr'><strong>accu-</strong></span> 
     </span>
    </p>
   </div>
   <div class='ocr_carea' id='block_1_14' title="bbox 270 622 1053 658">
    <p class='ocr_par' dir='ltr' id='par_1_14' title="bbox 270 622 1053 658">
     <span class='ocr_line' id='line_1_14' title="bbox 270 622 1053 658; baseline 0.003 -10"><span class='ocrx_word' id='word_1_94' title='bbox 270 622 386 651; x_wconf 86' lang='lat' dir='ltr'><strong>santium</strong></span> <span class='ocrx_word' id='word_1_95' title='bbox 402 627 506 656; x_wconf 89' lang='lat' dir='ltr'><strong>partem</strong></span> <span class='ocrx_word' id='word_1_96' title='bbox 524 623 630 658; x_wconf 84' lang='lat' dir='ltr'><strong>gravari</strong></span> <span class='ocrx_word' id='word_1_97' title='bbox 645 631 697 650; x_wconf 91' lang='lat' dir='ltr'><strong>non</strong></span> <span class='ocrx_word' id='word_1_98' title='bbox 715 624 802 655; x_wconf 83' lang='lat' dir='ltr'><strong>decet.</strong></span> <span class='ocrx_word' id='word_1_99' title='bbox 822 624 861 651; x_wconf 90' lang='lat' dir='ltr'><strong>sic</strong></span> <span class='ocrx_word' id='word_1_100' title='bbox 878 631 926 650; x_wconf 91' lang='lat' dir='ltr'><strong>nec</strong></span> <span class='ocrx_word' id='word_1_101' title='bbox 944 631 1053 650; x_wconf 85' lang='lat' dir='ltr'><strong>accusa-</strong></span> 
     </span>
    </p>
   </div>
   <div class='ocr_carea' id='block_1_15' title="bbox 271 668 1054 697">
    <p class='ocr_par' dir='ltr' id='par_1_15' title="bbox 271 668 1054 697">
     <span class='ocr_line' id='line_1_15' title="bbox 271 668 1054 697; baseline 0.003 -2"><span class='ocrx_word' id='word_1_102' title='bbox 271 673 370 697; x_wconf 88' lang='lat' dir='ltr'><strong>torum.</strong></span> <span class='ocrx_word' id='word_1_103' title='bbox 388 668 519 695; x_wconf 77' lang='lat' dir='ltr'><strong>Existimo</strong></span> <span class='ocrx_word' id='word_1_104' title='bbox 542 674 632 696; x_wconf 86' lang='lat' dir='ltr'><strong>autem</strong></span> <span class='ocrx_word' id='word_1_105' title='bbox 654 669 723 696; x_wconf 82' lang='lat' dir='ltr'><strong>haud</strong></span> <span class='ocrx_word' id='word_1_106' title='bbox 749 669 834 696; x_wconf 84' lang='lat' dir='ltr'><strong>levem</strong></span> <span class='ocrx_word' id='word_1_107' title='bbox 857 669 915 697; x_wconf 74' lang='lat' dir='ltr'><strong>fore</strong></span> <span class='ocrx_word' id='word_1_108' title='bbox 932 677 981 697; x_wconf 87' lang='lat' dir='ltr'><strong>nos</strong></span> <span class='ocrx_word' id='word_1_109' title='bbox 995 669 1054 697; x_wconf 89' lang='lat' dir='ltr'><strong>cul-</strong></span> 
     </span>
    </p>
   </div>
   <div class='ocr_carea' id='block_1_16' title="bbox 270 713 1054 751">
    <p class='ocr_par' dir='ltr' id='par_1_16' title="bbox 270 713 1054 751">
     <span class='ocr_line' id='line_1_16' title="bbox 270 713 1054 751; baseline 0.003 -12"><span class='ocrx_word' id='word_1_110' title='bbox 270 714 349 751; x_wconf 78' lang='lat' dir='ltr'><strong>pandi</strong></span> <span class='ocrx_word' id='word_1_111' title='bbox 363 713 548 746; x_wconf 86' lang='lat' dir='ltr'><strong>occasionem,</strong></span> <span class='ocrx_word' id='word_1_112' title='bbox 569 713 590 742; x_wconf 90' lang='lat' dir='ltr'><strong>si</strong></span> <span class='ocrx_word' id='word_1_113' title='bbox 607 714 730 742; x_wconf 84' lang='lat' dir='ltr'><strong>dominus</strong></span> <span class='ocrx_word' id='word_1_114' title='bbox 751 722 826 742; x_wconf 82' lang='lat' dir='ltr'><strong>meus</strong></span> <span class='ocrx_word' id='word_1_115' title='bbox 841 713 993 743; x_wconf 77' lang='lat' dir='ltr'><strong>Alexander</strong></span> <span class='ocrx_word' id='word_1_116' title='bbox 1009 721 1054 742; x_wconf 84' lang='lat' dir='ltr'><strong>re-</strong></span> 
     </span>
    </p>
   </div>
   <div class='ocr_carea' id='block_1_17' title="bbox 270 758 809 793">
    <p class='ocr_par' dir='ltr' id='par_1_17' title="bbox 270 758 809 793">
     <span class='ocr_line' id='line_1_17' title="bbox 270 758 809 793; baseline 0.002 -8"><span class='ocrx_word' id='word_1_117' title='bbox 270 758 320 785; x_wconf 88' lang='lat' dir='ltr'><strong>bus</strong></span> <span class='ocrx_word' id='word_1_118' title='bbox 335 759 418 793; x_wconf 88' lang='lat' dir='ltr'><strong>gestis</strong></span> <span class='ocrx_word' id='word_1_119' title='bbox 431 766 482 786; x_wconf 88' lang='lat' dir='ltr'><strong>non</strong></span> <span class='ocrx_word' id='word_1_120' title='bbox 501 759 656 786; x_wconf 90' lang='lat' dir='ltr'><strong>consentire</strong></span> <span class='ocrx_word' id='word_1_121' title='bbox 675 759 809 786; x_wconf 78' lang='lat' dir='ltr'><strong>videatur.</strong></span> 
     </span>
    </p>
   </div>
   <div class='ocr_carea' id='block_1_18' title="bbox 305 804 1054 840">
    <p class='ocr_par' dir='ltr' id='par_1_18' title="bbox 305 804 1054 840">
     <span class='ocr_line' id='line_1_18' title="bbox 305 804 1054 840; baseline 0.004 -10"><span class='ocrx_word' id='word_1_122' title='bbox 305 804 350 831; x_wconf 79' lang='lat'><strong>82.</strong></span> <span class='ocrx_word' id='word_1_123' title='bbox 368 804 432 831; x_wconf 73' lang='lat' dir='ltr'><strong>Haec</strong></span> <span class='ocrx_word' id='word_1_124' title='bbox 445 804 507 832; x_wconf 92' lang='lat' dir='ltr'><strong>dum</strong></span> <span class='ocrx_word' id='word_1_125' title='bbox 523 804 558 831; x_wconf 89' lang='lat' dir='ltr'><strong>ita</strong></span> <span class='ocrx_word' id='word_1_126' title='bbox 580 809 755 839; x_wconf 78' lang='lat' dir='ltr'><strong>gererentur,</strong></span> <span class='ocrx_word' id='word_1_127' title='bbox 771 805 805 832; x_wconf 90' lang='lat' dir='ltr'><strong>ab</strong></span> <span class='ocrx_word' id='word_1_128' title='bbox 826 805 878 832; x_wconf 91' lang='lat' dir='ltr'><strong>illis</strong></span> <span class='ocrx_word' id='word_1_129' title='bbox 897 809 1022 840; x_wconf 85' lang='lat' dir='ltr'><strong>tanquam</strong></span> <span class='ocrx_word' id='word_1_130' title='bbox 1038 813 1054 834; x_wconf 79' lang='grc' dir='ltr'><strong><em>ο</em></strong></span> 
     </span>
    </p>
   </div>
   <div class='ocr_carea' id='block_1_19' title="bbox 270 851 1056 887">
    <p class='ocr_par' dir='ltr' id='par_1_19' title="bbox 270 851 1056 887">
     <span class='ocr_line' id='line_1_19' title="bbox 270 851 1056 887; baseline 0.004 -11"><span class='ocrx_word' id='word_1_131' title='bbox 270 851 369 885; x_wconf 74' lang='lat' dir='ltr'><strong>synodo</strong></span> <span class='ocrx_word' id='word_1_132' title='bbox 384 851 614 885; x_wconf 63' lang='lat' dir='ltr'><strong>pra’varicatorum</strong></span> <span class='ocrx_word' id='word_1_133' title='bbox 625 851 647 866; x_wconf 79' lang='grc'><strong>³⁵</strong></span> <span class='ocrx_word' id='word_1_134' title='bbox 659 852 822 880; x_wconf 83' lang='lat' dir='ltr'><strong>secessimus</strong></span> <span class='ocrx_word' id='word_1_135' title='bbox 835 861 842 878; x_wconf 86' lang='lat'><strong>:</strong></span> <span class='ocrx_word' id='word_1_136' title='bbox 855 859 886 878; x_wconf 88' lang='lat' dir='ltr'><strong>ea</strong></span> <span class='ocrx_word' id='word_1_137' title='bbox 895 852 992 887; x_wconf 73' lang='lat' dir='ltr'><strong>quippe</strong></span> <span class='ocrx_word' id='word_1_138' title='bbox 1011 858 1056 879; x_wconf 86' lang='lat' dir='ltr'><strong>so-</strong></span> 
     </span>
    </p>
   </div>
   <div class='ocr_carea' id='block_1_20' title="bbox 1107 257 1893 294">
    <p class='ocr_par' dir='ltr' id='par_1_20' title="bbox 1107 257 1893 294">
     <span class='ocr_line' id='line_1_20' title="bbox 1107 257 1893 294; baseline -0.001 -9"><span class='ocrx_word' id='word_1_139' title='bbox 1107 258 1140 294; x_wconf 78' lang='grc' dir='ltr'><strong>ρά</strong></span> <span class='ocrx_word' id='word_1_140' title='bbox 1149 260 1198 294; x_wconf 82' lang='grc' dir='ltr'>τῆς</span> <span class='ocrx_word' id='word_1_141' title='bbox 1209 260 1390 294; x_wconf 78' lang='grc' dir='ltr'>χρηστότητος</span> <span class='ocrx_word' id='word_1_142' title='bbox 1398 258 1491 289; x_wconf 78' lang='grc' dir='ltr'>αὐτοῦ,</span> <span class='ocrx_word' id='word_1_143' title='bbox 1505 258 1625 290; x_wconf 80' lang='grc' dir='ltr'>ὑπέταξα</span> <span class='ocrx_word' id='word_1_144' title='bbox 1637 258 1706 284; x_wconf 77' lang='grc' dir='ltr'>αὐτὰ</span> <span class='ocrx_word' id='word_1_145' title='bbox 1716 257 1893 292; x_wconf 72' lang='grc' dir='ltr'>ἀναγνωσθή-</span> 
     </span>
    </p>
   </div>
   <div class='ocr_carea' id='block_1_21' title="bbox 1106 303 1893 340">
    <p class='ocr_par' dir='ltr' id='par_1_21' title="bbox 1106 303 1893 340">
     <span class='ocr_line' id='line_1_21' title="bbox 1106 303 1893 340; baseline -0.003 -9"><span class='ocrx_word' id='word_1_146' title='bbox 1106 306 1206 340; x_wconf 84' lang='grc' dir='ltr'>σόμενα</span> <span class='ocrx_word' id='word_1_147' title='bbox 1218 306 1291 340; x_wconf 83' lang='grc' dir='ltr'>ὑμῖν,</span> <span class='ocrx_word' id='word_1_148' title='bbox 1303 305 1450 340; x_wconf 82' lang='grc' dir='ltr'>Μέμνησθε</span> <span class='ocrx_word' id='word_1_149' title='bbox 1467 305 1494 331; x_wconf 80' lang='grc' dir='ltr'>δὲ</span> <span class='ocrx_word' id='word_1_150' title='bbox 1505 305 1551 331; x_wconf 81' lang='grc' dir='ltr'>καὶ</span> <span class='ocrx_word' id='word_1_151' title='bbox 1567 305 1619 331; x_wconf 90' lang='grc' dir='ltr'>τῶν</span> <span class='ocrx_word' id='word_1_152' title='bbox 1633 303 1735 331; x_wconf 76' lang='grc' dir='ltr'>ἄνωθεν</span> <span class='ocrx_word' id='word_1_153' title='bbox 1746 305 1811 338; x_wconf 79' lang='grc' dir='ltr'>παρ’</span> <span class='ocrx_word' id='word_1_154' title='bbox 1823 303 1893 339; x_wconf 73' lang='grc' dir='ltr'>ἐμοῦ</span> 
     </span>
    </p>
   </div>
   <div class='ocr_carea' id='block_1_22' title="bbox 1104 347 1891 384">
    <p class='ocr_par' dir='ltr' id='par_1_22' title="bbox 1104 347 1891 384">
     <span class='ocr_line' id='line_1_22' title="bbox 1104 347 1891 384; baseline 0 -10"><span class='ocrx_word' id='word_1_155' title='bbox 1104 348 1276 383; x_wconf 71' lang='grc' dir='ltr'>γραφέντων·</span> <span class='ocrx_word' id='word_1_156' title='bbox 1295 349 1437 375; x_wconf 77' lang='grc' dir='ltr'>ἐπέστειλα</span> <span class='ocrx_word' id='word_1_157' title='bbox 1448 348 1502 384; x_wconf 81' lang='grc' dir='ltr'><strong>γὰρ</strong></span> <span class='ocrx_word' id='word_1_158' title='bbox 1519 347 1594 383; x_wconf 87' lang='grc' dir='ltr'>ὑμῶν</span> <span class='ocrx_word' id='word_1_159' title='bbox 1608 349 1640 384; x_wconf 82' lang='grc' dir='ltr'>τῇ</span> <span class='ocrx_word' id='word_1_160' title='bbox 1654 348 1826 384; x_wconf 81' lang='grc' dir='ltr'><strong>χρηστότητι,</strong></span> <span class='ocrx_word' id='word_1_161' title='bbox 1840 347 1891 375; x_wconf 78' lang='grc' dir='ltr'>κύ-</span> 
     </span>
    </p>
   </div>
   <div class='ocr_carea' id='block_1_23' title="bbox 1105 392 1892 429">
    <p class='ocr_par' dir='ltr' id='par_1_23' title="bbox 1105 392 1892 429">
     <span class='ocr_line' id='line_1_23' title="bbox 1105 392 1892 429; baseline -0.001 -9"><span class='ocrx_word' id='word_1_162' title='bbox 1105 402 1168 429; x_wconf 82' lang='grc' dir='ltr'>ριοι.</span> <span class='ocrx_word' id='word_1_163' title='bbox 1182 394 1222 420; x_wconf 83' lang='grc' dir='ltr'>ὅτι</span> <span class='ocrx_word' id='word_1_164' title='bbox 1235 393 1287 429; x_wconf 80' lang='grc' dir='ltr'><strong>χρὴ</strong></span> <span class='ocrx_word' id='word_1_165' title='bbox 1303 395 1365 425; x_wconf 78' lang='grc' dir='ltr'>τοὺς</span> <span class='ocrx_word' id='word_1_166' title='bbox 1377 393 1622 428; x_wconf 79' lang='grc' dir='ltr'><strong>ἀποστελλομένους</strong></span> <span class='ocrx_word' id='word_1_167' title='bbox 1643 394 1717 428; x_wconf 82' lang='grc' dir='ltr'>κοινῇ</span> <span class='ocrx_word' id='word_1_168' title='bbox 1734 393 1821 428; x_wconf 79' lang='grc' dir='ltr'>κρίσει</span> <span class='ocrx_word' id='word_1_169' title='bbox 1843 392 1892 419; x_wconf 72' lang='grc' dir='ltr'>καὶ</span> 
     </span>
    </p>
   </div>
   <div class='ocr_carea' id='block_1_24' title="bbox 1104 437 1891 475">
    <p class='ocr_par' dir='ltr' id='par_1_24' title="bbox 1104 437 1891 475">
     <span class='ocr_line' id='line_1_24' title="bbox 1104 437 1891 475; baseline 0.003 -11"><span class='ocrx_word' id='word_1_170' title='bbox 1104 438 1218 474; x_wconf 80' lang='grc' dir='ltr'><strong>δόγματι</strong></span> <span class='ocrx_word' id='word_1_171' title='bbox 1241 437 1433 473; x_wconf 85' lang='grc' dir='ltr'>ἀποσταλῆναι.</span> <span class='ocrx_word' id='word_1_172' title='bbox 1458 439 1552 473; x_wconf 83' lang='grc' dir='ltr'>Ὁρᾶτε</span> <span class='ocrx_word' id='word_1_173' title='bbox 1569 439 1658 466; x_wconf 86' lang='grc' dir='ltr'>τοίνυν</span> <span class='ocrx_word' id='word_1_174' title='bbox 1681 438 1718 475; x_wconf 83' lang='grc' dir='ltr'>μὴ</span> <span class='ocrx_word' id='word_1_175' title='bbox 1737 438 1891 474; x_wconf 75' lang='grc' dir='ltr'><strong>ἐγκλήματι</strong></span> 
     </span>
    </p>
   </div>
   <div class='ocr_carea' id='block_1_25' title="bbox 1105 483 1889 521">
    <p class='ocr_par' dir='ltr' id='par_1_25' title="bbox 1105 483 1889 521">
     <span class='ocr_line' id='line_1_25' title="bbox 1105 483 1889 521; baseline 0 -11"><span class='ocrx_word' id='word_1_176' title='bbox 1105 483 1230 521; x_wconf 81' lang='grc' dir='ltr'>ὑποπέσῃ</span> <span class='ocrx_word' id='word_1_177' title='bbox 1247 483 1282 510; x_wconf 86' lang='grc' dir='ltr'>τὰ</span> <span class='ocrx_word' id='word_1_178' title='bbox 1297 484 1437 519; x_wconf 85' lang='grc' dir='ltr'>γινόμενα,</span> <span class='ocrx_word' id='word_1_179' title='bbox 1452 484 1518 520; x_wconf 81' lang='grc' dir='ltr'>μηδὲ</span> <span class='ocrx_word' id='word_1_180' title='bbox 1535 483 1642 515; x_wconf 76' lang='grc' dir='ltr'><strong>δικαίας</strong></span> <span class='ocrx_word' id='word_1_181' title='bbox 1657 483 1785 519; x_wconf 82' lang='grc' dir='ltr'>μέμψεως</span> <span class='ocrx_word' id='word_1_182' title='bbox 1803 484 1889 519; x_wconf 77' lang='grc' dir='ltr'>ἀφορ-</span> 
     </span>
    </p>
   </div>
   <div class='ocr_carea' id='block_1_26' title="bbox 1106 523 1896 565">
    <p class='ocr_par' dir='ltr' id='par_1_26' title="bbox 1106 523 1896 565">
     <span class='ocr_line' id='line_1_26' title="bbox 1106 523 1896 565; baseline 0 -10"><span class='ocrx_word' id='word_1_183' title='bbox 1106 528 1159 565; x_wconf 80' lang='grc' dir='ltr'><strong>μὴν</strong></span> <span class='ocrx_word' id='word_1_184' title='bbox 1177 530 1233 560; x_wconf 84' lang='grc' dir='ltr'>τοῖς</span> <span class='ocrx_word' id='word_1_185' title='bbox 1245 528 1415 564; x_wconf 80' lang='grc' dir='ltr'><strong>βουλομένοις</strong></span> <span class='ocrx_word' id='word_1_186' title='bbox 1427 530 1500 565; x_wconf 83' lang='grc' dir='ltr'><strong>ἡμᾶς</strong></span> <span class='ocrx_word' id='word_1_187' title='bbox 1516 529 1688 556; x_wconf 78' lang='grc' dir='ltr'>αἰτιάσασθαι</span> <span class='ocrx_word' id='word_1_188' title='bbox 1706 529 1804 564; x_wconf 83' lang='grc' dir='ltr'>δῶμεν.</span> <span class='ocrx_word' id='word_1_189' title='bbox 1823 523 1896 564; x_wconf 59' lang='grc' dir='ltr'><strong>’Ὠσσξ</strong></span> 
     </span>
    </p>
   </div>
   <div class='ocr_carea' id='block_1_27' title="bbox 1104 575 1891 611">
    <p class='ocr_par' dir='ltr' id='par_1_27' title="bbox 1104 575 1891 611">
     <span class='ocr_line' id='line_1_27' title="bbox 1104 575 1891 611; baseline 0 -10"><span class='ocrx_word' id='word_1_190' title='bbox 1104 584 1156 610; x_wconf 82' lang='grc' dir='ltr'><strong>περ</strong></span> <span class='ocrx_word' id='word_1_191' title='bbox 1170 575 1224 611; x_wconf 76' lang='grc' dir='ltr'>γὰρ</span> <span class='ocrx_word' id='word_1_192' title='bbox 1238 575 1377 610; x_wconf 77' lang='grc' dir='ltr'><strong>βαρεῖσθαι</strong></span> <span class='ocrx_word' id='word_1_193' title='bbox 1391 575 1420 601; x_wconf 80' lang='grc' dir='ltr'><strong>τὸ</strong></span> <span class='ocrx_word' id='word_1_194' title='bbox 1437 575 1519 611; x_wconf 83' lang='grc' dir='ltr'>μέρος</span> <span class='ocrx_word' id='word_1_195' title='bbox 1530 575 1584 601; x_wconf 87' lang='grc' dir='ltr'>τῶν</span> <span class='ocrx_word' id='word_1_196' title='bbox 1593 575 1752 610; x_wconf 78' lang='grc' dir='ltr'>κατηγόρων</span> <span class='ocrx_word' id='word_1_197' title='bbox 1761 575 1791 601; x_wconf 82' lang='grc' dir='ltr'>οὑ</span> <span class='ocrx_word' id='word_1_198' title='bbox 1806 583 1891 610; x_wconf 84' lang='grc' dir='ltr'>προσ-</span> 
     </span>
    </p>
   </div>
   <div class='ocr_carea' id='block_1_28' title="bbox 1105 620 1890 656">
    <p class='ocr_par' dir='ltr' id='par_1_28' title="bbox 1105 620 1890 656">
     <span class='ocr_line' id='line_1_28' title="bbox 1105 620 1890 656; baseline 0 -9"><span class='ocrx_word' id='word_1_199' title='bbox 1105 621 1176 656; x_wconf 85' lang='grc' dir='ltr'>ήκει,</span> <span class='ocrx_word' id='word_1_200' title='bbox 1196 620 1282 653; x_wconf 78' lang='grc' dir='ltr'>οὕτως</span> <span class='ocrx_word' id='word_1_201' title='bbox 1306 621 1365 648; x_wconf 82' lang='grc' dir='ltr'>οὐδὲ</span> <span class='ocrx_word' id='word_1_202' title='bbox 1390 621 1420 647; x_wconf 85' lang='grc' dir='ltr'><strong>τὸ</strong></span> <span class='ocrx_word' id='word_1_203' title='bbox 1433 621 1488 647; x_wconf 86' lang='grc' dir='ltr'><strong>τῶν</strong></span> <span class='ocrx_word' id='word_1_204' title='bbox 1504 621 1669 655; x_wconf 83' lang='grc' dir='ltr'>φευγόντων.</span> <span class='ocrx_word' id='word_1_205' title='bbox 1689 621 1800 656; x_wconf 77' lang='grc' dir='ltr'><strong>Νομίζω</strong></span> <span class='ocrx_word' id='word_1_206' title='bbox 1814 621 1842 647; x_wconf 85' lang='grc' dir='ltr'>δὲ</span> <span class='ocrx_word' id='word_1_207' title='bbox 1858 621 1890 647; x_wconf 75' lang='grc' dir='ltr'>οὐ</span> 
     </span>
    </p>
   </div>
   <div class='ocr_carea' id='block_1_29' title="bbox 1106 666 1891 703">
    <p class='ocr_par' dir='ltr' id='par_1_29' title="bbox 1106 666 1891 703">
     <span class='ocr_line' id='line_1_29' title="bbox 1106 666 1891 703; baseline 0.003 -10"><span class='ocrx_word' id='word_1_208' title='bbox 1106 666 1206 702; x_wconf 78' lang='grc' dir='ltr'>μικρὰν</span> <span class='ocrx_word' id='word_1_209' title='bbox 1232 666 1300 693; x_wconf 76' lang='grc' dir='ltr'>εἶναι</span> <span class='ocrx_word' id='word_1_210' title='bbox 1322 667 1447 703; x_wconf 82' lang='grc' dir='ltr'>ἀφορμὴν</span> <span class='ocrx_word' id='word_1_211' title='bbox 1473 667 1532 694; x_wconf 80' lang='grc' dir='ltr'>καθ’</span> <span class='ocrx_word' id='word_1_212' title='bbox 1549 667 1626 702; x_wconf 84' lang='grc' dir='ltr'>ἡμῶν</span> <span class='ocrx_word' id='word_1_213' title='bbox 1656 667 1793 702; x_wconf 79' lang='grc' dir='ltr'>μέμψεως,</span> <span class='ocrx_word' id='word_1_214' title='bbox 1825 668 1891 695; x_wconf 79' lang='grc' dir='ltr'>ὅταν</span> 
     </span>
    </p>
   </div>
   <div class='ocr_carea' id='block_1_30' title="bbox 1104 712 1891 749">
    <p class='ocr_par' dir='ltr' id='par_1_30' title="bbox 1104 712 1891 749">
     <span class='ocr_line' id='line_1_30' title="bbox 1104 712 1891 749; baseline 0.001 -10"><span class='ocrx_word' id='word_1_215' title='bbox 1104 713 1232 748; x_wconf 84' lang='grc' dir='ltr'>φαίνηται</span> <span class='ocrx_word' id='word_1_216' title='bbox 1248 713 1262 739; x_wconf 99' lang='lat'><strong>6</strong></span> <span class='ocrx_word' id='word_1_217' title='bbox 1277 712 1370 749; x_wconf 85' lang='grc' dir='ltr'>κύριός</span> <span class='ocrx_word' id='word_1_218' title='bbox 1382 721 1432 748; x_wconf 91' lang='grc' dir='ltr'><strong>μου</strong></span> <span class='ocrx_word' id='word_1_219' title='bbox 1455 713 1626 749; x_wconf 80' lang='grc' dir='ltr'>Ἀλέξανδρος</span> <span class='ocrx_word' id='word_1_220' title='bbox 1640 713 1677 748; x_wconf 85' lang='grc' dir='ltr'><strong>μὴ</strong></span> <span class='ocrx_word' id='word_1_221' title='bbox 1691 714 1822 740; x_wconf 85' lang='grc' dir='ltr'>συναινῶν</span> <span class='ocrx_word' id='word_1_222' title='bbox 1833 715 1891 746; x_wconf 75' lang='grc' dir='ltr'>τοῖς</span> 
     </span>
    </p>
   </div>
   <div class='ocr_carea' id='block_1_31' title="bbox 1104 759 1312 794">
    <p class='ocr_par' dir='ltr' id='par_1_31' title="bbox 1104 759 1312 794">
     <span class='ocr_line' id='line_1_31' title="bbox 1104 759 1312 794; baseline 0 -9"><span class='ocrx_word' id='word_1_223' title='bbox 1104 759 1312 794; x_wconf 82' lang='grc' dir='ltr'>πραττομένοις.</span> 
     </span>
    </p>
   </div>
   <div class='ocr_carea' id='block_1_32' title="bbox 1139 804 1889 841">
    <p class='ocr_par' dir='ltr' id='par_1_32' title="bbox 1139 804 1889 841">
     <span class='ocr_line' id='line_1_32' title="bbox 1139 804 1889 841; baseline 0 -10"><span class='ocrx_word' id='word_1_224' title='bbox 1139 804 1183 831; x_wconf 76' lang='grc'><strong>82.</strong></span> <span class='ocrx_word' id='word_1_225' title='bbox 1199 805 1253 840; x_wconf 83' lang='grc'><strong>(75)</strong></span> <span class='ocrx_word' id='word_1_226' title='bbox 1262 805 1370 832; x_wconf 86' lang='grc' dir='ltr'><strong>Τούτων</strong></span> <span class='ocrx_word' id='word_1_227' title='bbox 1384 805 1454 832; x_wconf 77' lang='grc' dir='ltr'>οὕτω</span> <span class='ocrx_word' id='word_1_228' title='bbox 1464 804 1665 841; x_wconf 80' lang='grc' dir='ltr'><strong>πραττομένων,</strong></span> <span class='ocrx_word' id='word_1_229' title='bbox 1676 805 1889 840; x_wconf 75' lang='grc' dir='ltr'><strong>ἀνεχωρήσαμεν</strong></span> 
     </span>
    </p>
   </div>
   <div class='ocr_carea' id='block_1_33' title="bbox 1104 850 1890 882">
    <p class='ocr_par' dir='ltr' id='par_1_33' title="bbox 1104 850 1890 882">
     <span class='ocr_line' id='line_1_33' title="bbox 1104 850 1890 882; baseline 0.001 -6"><span class='ocrx_word' id='word_1_230' title='bbox 1104 850 1151 876; x_wconf 81' lang='grc' dir='ltr'>ἀπ’</span> <span class='ocrx_word' id='word_1_231' title='bbox 1178 850 1267 877; x_wconf 82' lang='grc' dir='ltr'>αὐτῶν</span> <span class='ocrx_word' id='word_1_232' title='bbox 1289 851 1326 882; x_wconf 82' lang='grc' dir='ltr'>ὡς</span> <span class='ocrx_word' id='word_1_233' title='bbox 1342 851 1400 878; x_wconf 81' lang='grc' dir='ltr'><strong>ἀπὸ</strong></span> <span class='ocrx_word' id='word_1_234' title='bbox 1416 851 1548 878; x_wconf 80' lang='grc' dir='ltr'><strong>συνόδου</strong></span> <span class='ocrx_word' id='word_1_235' title='bbox 1567 850 1626 878; x_wconf 83' lang='grc' dir='ltr'>τῶν</span> <span class='ocrx_word' id='word_1_236' title='bbox 1648 851 1849 878; x_wconf 77' lang='grc' dir='ltr'>ἀθετοῦντων·</span> <span class='ocrx_word' id='word_1_237' title='bbox 1870 850 1890 877; x_wconf 75' lang='grc' dir='ltr'><strong>ἃ.</strong></span> 
     </span>
    </p>
   </div>
   <div class='ocr_carea' id='block_1_34' title="bbox 269 891 1054 934">
    <p class='ocr_par' dir='ltr' id='par_1_34' title="bbox 269 895 1050 934">
     <span class='ocr_line' id='line_1_34' title="bbox 269 895 1050 934; baseline 0.003 -12"><span class='ocrx_word' id='word_1_238' title='bbox 269 895 324 922; x_wconf 81' lang='lat' dir='ltr'><strong>ium</strong></span> <span class='ocrx_word' id='word_1_239' title='bbox 345 896 470 929; x_wconf 73' lang='lat' dir='ltr'><strong>agebant,</strong></span> <span class='ocrx_word' id='word_1_240' title='bbox 493 903 554 931; x_wconf 68' lang='lat' dir='ltr'><strong>quas</strong></span> <span class='ocrx_word' id='word_1_241' title='bbox 585 896 634 923; x_wconf 85' lang='lat' dir='ltr'><strong>sibi</strong></span> <span class='ocrx_word' id='word_1_242' title='bbox 659 896 807 931; x_wconf 77' lang='lat' dir='ltr'><strong>placerent.</strong></span> <span class='ocrx_word' id='word_1_243' title='bbox 830 896 940 934; x_wconf 78' lang='lat' dir='ltr'><strong>Negotia</strong></span> <span class='ocrx_word' id='word_1_244' title='bbox 963 902 1050 924; x_wconf 86' lang='lat' dir='ltr'><strong>autem</strong></span> 
     </span>
    </p>
   </div>
   <div class='ocr_carea' id='block_1_35' title="bbox 1105 891 1889 934">
    <p class='ocr_par' dir='ltr' id='par_1_35' title="bbox 1105 893 1889 932">
     <span class='ocr_line' id='line_1_35' title="bbox 1105 893 1889 932; baseline 0.001 -11"><span class='ocrx_word' id='word_1_245' title='bbox 1105 895 1158 931; x_wconf 85' lang='grc' dir='ltr'>γὰρ</span> <span class='ocrx_word' id='word_1_246' title='bbox 1168 895 1317 928; x_wconf 76' lang='grc' dir='ltr'>ἐϐούλοντο,</span> <span class='ocrx_word' id='word_1_247' title='bbox 1330 896 1415 923; x_wconf 84' lang='grc' dir='ltr'>ταῦτα</span> <span class='ocrx_word' id='word_1_248' title='bbox 1428 897 1475 923; x_wconf 76' lang='grc' dir='ltr'>καὶ</span> <span class='ocrx_word' id='word_1_249' title='bbox 1490 896 1632 932; x_wconf 84' lang='grc' dir='ltr'>ἔπραττον.</span> <span class='ocrx_word' id='word_1_250' title='bbox 1653 896 1713 922; x_wconf 77' lang='grc' dir='ltr'>Ὀτι</span> <span class='ocrx_word' id='word_1_251' title='bbox 1731 896 1780 930; x_wconf 88' lang='grc' dir='ltr'>μὲν</span> <span class='ocrx_word' id='word_1_252' title='bbox 1795 893 1842 922; x_wconf 77' lang='grc' dir='ltr'>οὗν</span> <span class='ocrx_word' id='word_1_253' title='bbox 1853 896 1889 922; x_wconf 85' lang='grc' dir='ltr'>τὰ</span> 
     </span>
    </p>
   </div>
   <div class='ocr_carea' id='block_1_36' title="bbox 270 940 1052 978">
    <p class='ocr_par' dir='ltr' id='par_1_36' title="bbox 270 940 1052 978">
     <span class='ocr_line' id='line_1_36' title="bbox 270 940 1052 978; baseline 0.004 -13"><span class='ocrx_word' id='word_1_254' title='bbox 270 946 329 978; x_wconf 72' lang='lat' dir='ltr'><strong>qua:</strong></span> <span class='ocrx_word' id='word_1_255' title='bbox 341 940 425 967; x_wconf 84' lang='lat' dir='ltr'><strong>altera</strong></span> <span class='ocrx_word' id='word_1_256' title='bbox 437 941 549 967; x_wconf 85' lang='lat' dir='ltr'><strong>absente</strong></span> <span class='ocrx_word' id='word_1_257' title='bbox 562 941 638 974; x_wconf 70' lang='lat' dir='ltr'><strong>pane</strong></span> <span class='ocrx_word' id='word_1_258' title='bbox 649 946 790 976; x_wconf 87' lang='lat' dir='ltr'><strong>geruntur,</strong></span> <span class='ocrx_word' id='word_1_259' title='bbox 803 949 836 969; x_wconf 88' lang='lat' dir='ltr'><strong>ne</strong></span> <span class='ocrx_word' id='word_1_260' title='bbox 845 942 984 968; x_wconf 84' lang='lat' dir='ltr'><strong>minimam</strong></span> <span class='ocrx_word' id='word_1_261' title='bbox 996 941 1052 976; x_wconf 92' lang='lat' dir='ltr'><strong>qui-</strong></span> 
     </span>
    </p>
   </div>
   <div class='ocr_carea' id='block_1_37' title="bbox 269 987 1051 1022">
    <p class='ocr_par' dir='ltr' id='par_1_37' title="bbox 269 987 1051 1022">
     <span class='ocr_line' id='line_1_37' title="bbox 269 987 1051 1022; baseline 0.003 -9"><span class='ocrx_word' id='word_1_262' title='bbox 269 987 329 1013; x_wconf 89' lang='lat' dir='ltr'><strong>dem</strong></span> <span class='ocrx_word' id='word_1_263' title='bbox 339 987 392 1013; x_wconf 87' lang='lat' dir='ltr'><strong>vim</strong></span> <span class='ocrx_word' id='word_1_264' title='bbox 402 987 511 1017; x_wconf 82' lang='lat' dir='ltr'><strong>habere.</strong></span> <span class='ocrx_word' id='word_1_265' title='bbox 527 987 614 1014; x_wconf 85' lang='lat' dir='ltr'><strong>nullus</strong></span> <span class='ocrx_word' id='word_1_266' title='bbox 628 988 765 1014; x_wconf 86' lang='lat' dir='ltr'><strong>hominum</strong></span> <span class='ocrx_word' id='word_1_267' title='bbox 783 990 896 1022; x_wconf 83' lang='lat' dir='ltr'><strong>ignorat.</strong></span> <span class='ocrx_word' id='word_1_268' title='bbox 908 988 963 1015; x_wconf 88' lang='lat' dir='ltr'><strong>Hoc</strong></span> <span class='ocrx_word' id='word_1_269' title='bbox 980 989 1051 1015; x_wconf 89' lang='lat' dir='ltr'><strong>enim</strong></span> 
     </span>
    </p>
   </div>
   <div class='ocr_carea' id='block_1_38' title="bbox 269 1033 1051 1069">
    <p class='ocr_par' dir='ltr' id='par_1_38' title="bbox 269 1033 1051 1069">
     <span class='ocr_line' id='line_1_38' title="bbox 269 1033 1051 1069; baseline 0.001 -9"><span class='ocrx_word' id='word_1_270' title='bbox 269 1038 297 1060; x_wconf 89' lang='lat' dir='ltr'><strong>et</strong></span> <span class='ocrx_word' id='word_1_271' title='bbox 316 1033 404 1061; x_wconf 87' lang='lat' dir='ltr'><strong>divina</strong></span> <span class='ocrx_word' id='word_1_272' title='bbox 421 1033 478 1068; x_wconf 84' lang='lat' dir='ltr'><strong>lege</strong></span> <span class='ocrx_word' id='word_1_273' title='bbox 494 1034 646 1068; x_wconf 77' lang='lat' dir='ltr'><strong>praecipitur</strong></span> <span class='ocrx_word' id='word_1_274' title='bbox 664 1042 671 1060; x_wconf 89' lang='lat'>:</span> <span class='ocrx_word' id='word_1_275' title='bbox 687 1035 737 1061; x_wconf 92' lang='lat' dir='ltr'><strong>hoc</strong></span> <span class='ocrx_word' id='word_1_276' title='bbox 751 1039 779 1061; x_wconf 86' lang='lat' dir='ltr'><strong>et</strong></span> <span class='ocrx_word' id='word_1_277' title='bbox 795 1035 887 1062; x_wconf 86' lang='lat' dir='ltr'><strong>beatus</strong></span> <span class='ocrx_word' id='word_1_278' title='bbox 897 1035 1051 1069; x_wconf 82' lang='lat' dir='ltr'><strong>Apostolus,</strong></span> 
     </span>
    </p>
   </div>
   <div class='ocr_carea' id='block_1_39' title="bbox 269 1078 1051 1114">
    <p class='ocr_par' dir='ltr' id='par_1_39' title="bbox 269 1078 1051 1114">
     <span class='ocr_line' id='line_1_39' title="bbox 269 1078 1051 1114; baseline 0.003 -9"><span class='ocrx_word' id='word_1_279' title='bbox 269 1078 334 1105; x_wconf 82' lang='lat' dir='ltr'><strong>dum</strong></span> <span class='ocrx_word' id='word_1_280' title='bbox 348 1078 481 1106; x_wconf 85' lang='lat' dir='ltr'><strong>similibus</strong></span> <span class='ocrx_word' id='word_1_281' title='bbox 495 1084 667 1114; x_wconf 85' lang='lat' dir='ltr'><strong>appeteretur</strong></span> <span class='ocrx_word' id='word_1_282' title='bbox 682 1080 797 1112; x_wconf 83' lang='lat' dir='ltr'><strong>insidiis,</strong></span> <span class='ocrx_word' id='word_1_283' title='bbox 815 1085 950 1114; x_wconf 84' lang='lat' dir='ltr'><strong>staretque</strong></span> <span class='ocrx_word' id='word_1_284' title='bbox 959 1088 1051 1108; x_wconf 89' lang='lat' dir='ltr'><strong>coram</strong></span> 
     </span>
    </p>
   </div>
   <div class='ocr_carea' id='block_1_40' title="bbox 267 1125 1051 1160">
    <p class='ocr_par' dir='ltr' id='par_1_40' title="bbox 267 1125 1051 1160">
     <span class='ocr_line' id='line_1_40' title="bbox 267 1125 1051 1160; baseline 0.004 -10"><span class='ocrx_word' id='word_1_285' title='bbox 267 1125 368 1158; x_wconf 86' lang='lat' dir='ltr'><strong>judice,</strong></span> <span class='ocrx_word' id='word_1_286' title='bbox 396 1125 550 1159; x_wconf 83' lang='lat' dir='ltr'><strong>postulabat</strong></span> <span class='ocrx_word' id='word_1_287' title='bbox 572 1125 615 1153; x_wconf 88' lang='lat' dir='ltr'><strong>his</strong></span> <span class='ocrx_word' id='word_1_288' title='bbox 636 1127 725 1153; x_wconf 88' lang='lat' dir='ltr'><strong>verbis</strong></span> <span class='ocrx_word' id='word_1_289' title='bbox 746 1136 753 1156; x_wconf 86' lang='lat'><strong>;</strong></span> <span class='ocrx_word' id='word_1_290' title='bbox 777 1125 917 1160; x_wconf 78' lang='lat' dir='ltr'><strong>Oportebat</strong></span> <span class='ocrx_word' id='word_1_291' title='bbox 940 1126 1051 1154; x_wconf 66' lang='lat' dir='ltr'><strong>Iudaeas</strong></span> 
     </span>
    </p>
   </div>
   <div class='ocr_carea' id='block_1_41' title="bbox 269 1170 1051 1207">
    <p class='ocr_par' dir='ltr' id='par_1_41' title="bbox 269 1170 1051 1207">
     <span class='ocr_line' id='line_1_41' title="bbox 269 1170 1051 1207; baseline 0.003 -10"><span class='ocrx_word' id='word_1_292' title='bbox 269 1176 302 1197; x_wconf 67' lang='lat' dir='ltr'><strong>ex</strong></span> <span class='ocrx_word' id='word_1_293' title='bbox 318 1170 381 1197; x_wconf 79' lang='lat' dir='ltr'><strong>Asia</strong></span> <span class='ocrx_word' id='word_1_294' title='bbox 391 1171 460 1204; x_wconf 86' lang='lat' dir='ltr'><strong>apud</strong></span> <span class='ocrx_word' id='word_1_295' title='bbox 472 1175 496 1197; x_wconf 81' lang='lat' dir='ltr'><strong>te</strong></span> <span class='ocrx_word' id='word_1_296' title='bbox 509 1175 603 1204; x_wconf 71' lang='lat' dir='ltr'><strong>prmio</strong></span> <span class='ocrx_word' id='word_1_297' title='bbox 613 1179 668 1198; x_wconf 76' lang='lat' dir='ltr'><strong>esse</strong></span> <span class='ocrx_word' id='word_1_298' title='bbox 680 1177 703 1198; x_wconf 80' lang='lat' dir='ltr'><strong>et</strong></span> <span class='ocrx_word' id='word_1_299' title='bbox 715 1180 838 1198; x_wconf 74' lang='lat' dir='ltr'><strong>accusare</strong></span> <span class='ocrx_word' id='word_1_300' title='bbox 855 1172 879 1198; x_wconf 77' lang='lat' dir='ltr'><strong>si</strong></span> <span class='ocrx_word' id='word_1_301' title='bbox 898 1172 959 1207; x_wconf 77' lang='lat' dir='ltr'><strong>quid</strong></span> <span class='ocrx_word' id='word_1_302' title='bbox 971 1173 1051 1199; x_wconf 78' lang='lat' dir='ltr'><strong>[taba-</strong></span> 
     </span>
    </p>
   </div>
   <div class='ocr_carea' id='block_1_42' title="bbox 270 1215 1052 1250">
    <p class='ocr_par' dir='ltr' id='par_1_42' title="bbox 270 1215 1052 1250">
     <span class='ocr_line' id='line_1_42' title="bbox 270 1215 1052 1250; baseline 0.004 -8"><span class='ocrx_word' id='word_1_303' title='bbox 270 1222 325 1242; x_wconf 80' lang='lat' dir='ltr'><strong>rent</strong></span> <span class='ocrx_word' id='word_1_304' title='bbox 337 1215 371 1242; x_wconf 79' lang='lat'><strong>“.</strong></span> <span class='ocrx_word' id='word_1_305' title='bbox 385 1215 444 1249; x_wconf 86' lang='lat' dir='ltr'><strong>Quo</strong></span> <span class='ocrx_word' id='word_1_306' title='bbox 461 1221 580 1250; x_wconf 87' lang='lat' dir='ltr'><strong>tempore</strong></span> <span class='ocrx_word' id='word_1_307' title='bbox 591 1221 617 1244; x_wconf 88' lang='lat' dir='ltr'><strong>et</strong></span> <span class='ocrx_word' id='word_1_308' title='bbox 632 1217 737 1247; x_wconf 83' lang='lat' dir='ltr'><strong>Festus.</strong></span> <span class='ocrx_word' id='word_1_309' title='bbox 749 1216 847 1244; x_wconf 68' lang='lat' dir='ltr'><strong>Judazis</strong></span> <span class='ocrx_word' id='word_1_310' title='bbox 862 1218 929 1244; x_wconf 81' lang='lat' dir='ltr'><strong>tales</strong></span> <span class='ocrx_word' id='word_1_311' title='bbox 939 1217 1052 1245; x_wconf 84' lang='lat' dir='ltr'><strong>insidias</strong></span> 
     </span>
    </p>
   </div>
   <div class='ocr_carea' id='block_1_43' title="bbox 269 1261 1051 1296">
    <p class='ocr_par' dir='ltr' id='par_1_43' title="bbox 269 1261 1051 1296">
     <span class='ocr_line' id='line_1_43' title="bbox 269 1261 1051 1296; baseline 0 -8"><span class='ocrx_word' id='word_1_312' title='bbox 269 1261 503 1293; x_wconf 85' lang='lat' dir='ltr'><strong>machinanlihus,</strong></span> <span class='ocrx_word' id='word_1_313' title='bbox 517 1262 612 1296; x_wconf 83' lang='lat' dir='ltr'><strong>quales</strong></span> <span class='ocrx_word' id='word_1_314' title='bbox 625 1261 679 1295; x_wconf 84' lang='lat' dir='ltr'><strong>jam</strong></span> <span class='ocrx_word' id='word_1_315' title='bbox 701 1262 727 1288; x_wconf 91' lang='lat' dir='ltr'><strong>in</strong></span> <span class='ocrx_word' id='word_1_316' title='bbox 747 1269 796 1288; x_wconf 92' lang='lat' dir='ltr'><strong>nos</strong></span> <span class='ocrx_word' id='word_1_317' title='bbox 818 1261 861 1288; x_wconf 90' lang='lat' dir='ltr'><strong>isti</strong></span> <span class='ocrx_word' id='word_1_318' title='bbox 884 1265 1051 1292; x_wconf 81' lang='lat' dir='ltr'><strong>struxerunt,</strong></span> 
     </span>
    </p>
   </div>
   <div class='ocr_carea' id='block_1_44' title="bbox 268 1305 1051 1343">
    <p class='ocr_par' dir='ltr' id='par_1_44' title="bbox 268 1305 1051 1343">
     <span class='ocr_line' id='line_1_44' title="bbox 268 1305 1051 1343; baseline 0.004 -11"><span class='ocrx_word' id='word_1_319' title='bbox 268 1306 359 1333; x_wconf 83' lang='lat' dir='ltr'><strong>aiebat</strong></span> <span class='ocrx_word' id='word_1_320' title='bbox 375 1315 382 1333; x_wconf 93' lang='lat'><strong>:</strong></span> <span class='ocrx_word' id='word_1_321' title='bbox 398 1305 460 1333; x_wconf 83' lang='lat' dir='ltr'><strong>Non</strong></span> <span class='ocrx_word' id='word_1_322' title='bbox 479 1312 517 1334; x_wconf 78' lang='lat' dir='ltr'><strong>est</strong></span> <span class='ocrx_word' id='word_1_323' title='bbox 540 1306 667 1334; x_wconf 78' lang='lat' dir='ltr'><strong>Romanis</strong></span> <span class='ocrx_word' id='word_1_324' title='bbox 687 1308 847 1335; x_wconf 75' lang='lat' dir='ltr'><strong>consuetudo</strong></span> <span class='ocrx_word' id='word_1_325' title='bbox 867 1309 981 1343; x_wconf 82' lang='lat' dir='ltr'><strong>aliquem</strong></span> <span class='ocrx_word' id='word_1_326' title='bbox 1003 1308 1051 1336; x_wconf 77' lang='lat' dir='ltr'><strong>Ito-</strong></span> 
     </span>
    </p>
   </div>
   <div class='ocr_carea' id='block_1_45' title="bbox 269 1352 1052 1390">
    <p class='ocr_par' dir='ltr' id='par_1_45' title="bbox 269 1352 1052 1390">
     <span class='ocr_line' id='line_1_45' title="bbox 269 1352 1052 1390; baseline 0.004 -12"><span class='ocrx_word' id='word_1_327' title='bbox 269 1352 363 1381; x_wconf 81' lang='lat' dir='ltr'><strong>minem</strong></span> <span class='ocrx_word' id='word_1_328' title='bbox 375 1360 420 1385; x_wconf 86' lang='lat' dir='ltr'><strong>per</strong></span> <span class='ocrx_word' id='word_1_329' title='bbox 435 1355 547 1388; x_wconf 83' lang='lat' dir='ltr'><strong>gratiam</strong></span> <span class='ocrx_word' id='word_1_330' title='bbox 563 1354 666 1380; x_wconf 78' lang='lat' dir='ltr'><strong>tradere</strong></span> <span class='ocrx_word' id='word_1_331' title='bbox 676 1375 683 1386; x_wconf 83' lang='lat'><strong>,</strong></span> <span class='ocrx_word' id='word_1_332' title='bbox 702 1355 852 1388; x_wconf 71' lang='lat' dir='ltr'><strong>priusquam</strong></span> <span class='ocrx_word' id='word_1_333' title='bbox 867 1355 890 1381; x_wconf 70' lang='lat' dir='ltr'><strong>is</strong></span> <span class='ocrx_word' id='word_1_334' title='bbox 910 1355 954 1390; x_wconf 84' lang='lat' dir='ltr'><strong>qui</strong></span> <span class='ocrx_word' id='word_1_335' title='bbox 974 1363 1052 1381; x_wconf 80' lang='lat' dir='ltr'><strong>accu-</strong></span> 
     </span>
    </p>
   </div>
   <div class='ocr_carea' id='block_1_46' title="bbox 269 1399 1052 1435">
    <p class='ocr_par' dir='ltr' id='par_1_46' title="bbox 269 1399 1052 1435">
     <span class='ocr_line' id='line_1_46' title="bbox 269 1399 1052 1435; baseline 0.004 -11"><span class='ocrx_word' id='word_1_336' title='bbox 269 1403 344 1425; x_wconf 72' lang='lat' dir='ltr'><strong>satur</strong></span> <span class='ocrx_word' id='word_1_337' title='bbox 365 1403 502 1432; x_wconf 63' lang='lat' dir='ltr'><strong>prasente:</strong></span> <span class='ocrx_word' id='word_1_338' title='bbox 515 1399 608 1425; x_wconf 79' lang='lat' dir='ltr'><strong>ltabeut</strong></span> <span class='ocrx_word' id='word_1_339' title='bbox 624 1405 787 1427; x_wconf 73' lang='lat' dir='ltr'><strong>accusatores</strong></span> <span class='ocrx_word' id='word_1_340' title='bbox 797 1422 804 1430; x_wconf 76' lang='grc'><strong>,</strong></span> <span class='ocrx_word' id='word_1_341' title='bbox 820 1400 956 1435; x_wconf 78' lang='lat' dir='ltr'><strong>locumque</strong></span> <span class='ocrx_word' id='word_1_342' title='bbox 963 1401 1052 1435; x_wconf 73' lang='lat' dir='ltr'><strong>defen-</strong></span> 
     </span>
    </p>
   </div>
   <div class='ocr_carea' id='block_1_47' title="bbox 269 1441 1052 1475">
    <p class='ocr_par' dir='ltr' id='par_1_47' title="bbox 269 1441 1052 1475">
     <span class='ocr_line' id='line_1_47' title="bbox 269 1441 1052 1475; baseline 0.005 -8"><span class='ocrx_word' id='word_1_343' title='bbox 269 1441 346 1468; x_wconf 74' lang='lat' dir='ltr'><strong>dendi</strong></span> <span class='ocrx_word' id='word_1_344' title='bbox 368 1442 478 1475; x_wconf 70' lang='lat' dir='ltr'><strong>accipiat</strong></span> <span class='ocrx_word' id='word_1_345' title='bbox 502 1443 536 1470; x_wconf 84' lang='lat' dir='ltr'><strong>ad</strong></span> <span class='ocrx_word' id='word_1_346' title='bbox 565 1443 693 1470; x_wconf 78' lang='lat' dir='ltr'><strong>abluenda</strong></span> <span class='ocrx_word' id='word_1_347' title='bbox 715 1444 825 1470; x_wconf 79' lang='lat' dir='ltr'><strong>crimina</strong></span> <span class='ocrx_word' id='word_1_348' title='bbox 836 1444 870 1470; x_wconf 83' lang='grc'><strong>⁸⁷.</strong></span> <span class='ocrx_word' id='word_1_349' title='bbox 897 1444 950 1472; x_wconf 88' lang='lat' dir='ltr'><strong>Sed</strong></span> <span class='ocrx_word' id='word_1_350' title='bbox 970 1445 1052 1471; x_wconf 57' lang='lat' dir='ltr'><strong>EuscL</strong></span> 
     </span>
    </p>
   </div>
   <div class='ocr_carea' id='block_1_48' title="bbox 270 1486 1052 1524">
    <p class='ocr_par' dir='ltr' id='par_1_48' title="bbox 270 1486 1052 1524">
     <span class='ocr_line' id='line_1_48' title="bbox 270 1486 1052 1524; baseline 0.006 -11"><span class='ocrx_word' id='word_1_351' title='bbox 270 1486 341 1514; x_wconf 87' lang='lat' dir='ltr'><strong>biani</strong></span> <span class='ocrx_word' id='word_1_352' title='bbox 356 1492 381 1514; x_wconf 91' lang='lat' dir='ltr'><strong>et</strong></span> <span class='ocrx_word' id='word_1_353' title='bbox 399 1487 482 1523; x_wconf 82' lang='lat' dir='ltr'><strong>legem</strong></span> <span class='ocrx_word' id='word_1_354' title='bbox 497 1488 648 1516; x_wconf 85' lang='lat' dir='ltr'><strong>adulterare</strong></span> <span class='ocrx_word' id='word_1_355' title='bbox 661 1489 730 1521; x_wconf 89' lang='lat' dir='ltr'><strong>ausi,</strong></span> <span class='ocrx_word' id='word_1_356' title='bbox 747 1494 774 1516; x_wconf 91' lang='lat' dir='ltr'><strong>et</strong></span> <span class='ocrx_word' id='word_1_357' title='bbox 801 1489 901 1524; x_wconf 85' lang='lat' dir='ltr'><strong>iniquis</strong></span> <span class='ocrx_word' id='word_1_358' title='bbox 923 1490 976 1517; x_wconf 86' lang='lat' dir='ltr'><strong>illis</strong></span> <span class='ocrx_word' id='word_1_359' title='bbox 998 1490 1052 1518; x_wconf 93' lang='lat' dir='ltr'><strong>ini-</strong></span> 
     </span>
    </p>
   </div>
   <div class='ocr_carea' id='block_1_49' title="bbox 269 1533 1052 1570">
    <p class='ocr_par' dir='ltr' id='par_1_49' title="bbox 269 1533 1052 1570">
     <span class='ocr_line' id='line_1_49' title="bbox 269 1533 1052 1570; baseline 0.005 -11"><span class='ocrx_word' id='word_1_360' title='bbox 269 1533 379 1566; x_wconf 83' lang='lat' dir='ltr'><strong>quiores</strong></span> <span class='ocrx_word' id='word_1_361' title='bbox 396 1538 458 1560; x_wconf 90' lang='lat' dir='ltr'><strong>sunt</strong></span> <span class='ocrx_word' id='word_1_362' title='bbox 475 1533 562 1562; x_wconf 70' lang='lat' dir='ltr'><strong>effecti</strong></span> <span class='ocrx_word' id='word_1_363' title='bbox 579 1542 585 1562; x_wconf 70' lang='grc' dir='ltr'><strong>ι</strong></span> <span class='ocrx_word' id='word_1_364' title='bbox 602 1542 654 1562; x_wconf 91' lang='lat' dir='ltr'><strong>non</strong></span> <span class='ocrx_word' id='word_1_365' title='bbox 679 1535 750 1562; x_wconf 89' lang='lat' dir='ltr'><strong>enim</strong></span> <span class='ocrx_word' id='word_1_366' title='bbox 773 1536 806 1562; x_wconf 90' lang='lat' dir='ltr'><strong>ab</strong></span> <span class='ocrx_word' id='word_1_367' title='bbox 829 1535 886 1570; x_wconf 87' lang='lat' dir='ltr'><strong>ipso</strong></span> <span class='ocrx_word' id='word_1_368' title='bbox 911 1536 950 1563; x_wconf 89' lang='lat' dir='ltr'><strong>rei</strong></span> <span class='ocrx_word' id='word_1_369' title='bbox 974 1536 1052 1564; x_wconf 92' lang='lat' dir='ltr'><strong>initio</strong></span> 
     </span>
    </p>
   </div>
   <div class='ocr_carea' id='block_1_50' title="bbox 270 1579 1054 1614">
    <p class='ocr_par' dir='ltr' id='par_1_50' title="bbox 270 1579 1054 1614">
     <span class='ocr_line' id='line_1_50' title="bbox 270 1579 1054 1614; baseline 0.004 -9"><span class='ocrx_word' id='word_1_370' title='bbox 270 1585 390 1605; x_wconf 82' lang='lat' dir='ltr'><strong>seorsum</strong></span> <span class='ocrx_word' id='word_1_371' title='bbox 408 1585 487 1612; x_wconf 76' lang='lat' dir='ltr'><strong>agere</strong></span> <span class='ocrx_word' id='word_1_372' title='bbox 509 1579 628 1613; x_wconf 74' lang='lat' dir='ltr'><strong>aggressi</strong></span> <span class='ocrx_word' id='word_1_373' title='bbox 641 1585 722 1612; x_wconf 89' lang='lat' dir='ltr'><strong>sunt;</strong></span> <span class='ocrx_word' id='word_1_374' title='bbox 737 1579 784 1606; x_wconf 93' lang='lat' dir='ltr'><strong>sed</strong></span> <span class='ocrx_word' id='word_1_375' title='bbox 801 1587 861 1606; x_wconf 88' lang='lat' dir='ltr'><strong>cum</strong></span> <span class='ocrx_word' id='word_1_376' title='bbox 878 1581 1054 1614; x_wconf 63' lang='lat' dir='ltr'><strong>praesentibus</strong></span> 
     </span>
    </p>
   </div>
   <div class='ocr_carea' id='block_1_51' title="bbox 270 1624 1053 1658">
    <p class='ocr_par' dir='ltr' id='par_1_51' title="bbox 270 1624 1053 1658">
     <span class='ocr_line' id='line_1_51' title="bbox 270 1624 1053 1658; baseline 0.003 -7"><span class='ocrx_word' id='word_1_377' title='bbox 270 1624 347 1651; x_wconf 83' lang='lat' dir='ltr'><strong>nobis</strong></span> <span class='ocrx_word' id='word_1_378' title='bbox 367 1631 397 1651; x_wconf 85' lang='lat' dir='ltr'><strong>se</strong></span> <span class='ocrx_word' id='word_1_379' title='bbox 410 1624 488 1658; x_wconf 79' lang='lat' dir='ltr'><strong>longe</strong></span> <span class='ocrx_word' id='word_1_380' title='bbox 510 1624 654 1653; x_wconf 76' lang='lat' dir='ltr'><strong>inferiores</strong></span> <span class='ocrx_word' id='word_1_381' title='bbox 674 1633 735 1653; x_wconf 88' lang='lat' dir='ltr'><strong>esse</strong></span> <span class='ocrx_word' id='word_1_382' title='bbox 748 1632 906 1658; x_wconf 88' lang='lat' dir='ltr'><strong>senserunt,</strong></span> <span class='ocrx_word' id='word_1_383' title='bbox 928 1630 984 1653; x_wconf 92' lang='lat' dir='ltr'><strong>tum</strong></span> <span class='ocrx_word' id='word_1_384' title='bbox 1003 1627 1053 1653; x_wconf 87' lang='lat' dir='ltr'><strong>de-</strong></span> 
     </span>
    </p>
   </div>
   <div class='ocr_carea' id='block_1_52' title="bbox 270 1669 1053 1705">
    <p class='ocr_par' dir='ltr' id='par_1_52' title="bbox 270 1669 1053 1705">
     <span class='ocr_line' id='line_1_52' title="bbox 270 1669 1053 1705; baseline 0.003 -9"><span class='ocrx_word' id='word_1_385' title='bbox 270 1677 343 1699; x_wconf 84' lang='lat' dir='ltr'><strong>mum</strong></span> <span class='ocrx_word' id='word_1_386' title='bbox 361 1670 479 1704; x_wconf 77' lang='lat' dir='ltr'><strong>egressi,</strong></span> <span class='ocrx_word' id='word_1_387' title='bbox 493 1671 718 1705; x_wconf 88' lang='lat' dir='ltr'><strong>quemadmodum</strong></span> <span class='ocrx_word' id='word_1_388' title='bbox 730 1669 814 1699; x_wconf 64' lang='lat' dir='ltr'><strong>Judaei</strong></span> <span class='ocrx_word' id='word_1_389' title='bbox 825 1690 832 1702; x_wconf 85' lang='lat'><strong>,</strong></span> <span class='ocrx_word' id='word_1_390' title='bbox 847 1671 987 1698; x_wconf 88' lang='lat' dir='ltr'><strong>consilium</strong></span> <span class='ocrx_word' id='word_1_391' title='bbox 1004 1671 1053 1699; x_wconf 79' lang='lat' dir='ltr'><strong>soli</strong></span> 
     </span>
    </p>
   </div>
   <div class='ocr_carea' id='block_1_53' title="bbox 271 1716 1055 1750">
    <p class='ocr_par' dir='ltr' id='par_1_53' title="bbox 271 1716 1055 1750">
     <span class='ocr_line' id='line_1_53' title="bbox 271 1716 1055 1750; baseline 0.004 -8"><span class='ocrx_word' id='word_1_392' title='bbox 271 1716 366 1748; x_wconf 86' lang='lat' dir='ltr'><strong>iniere,</strong></span> <span class='ocrx_word' id='word_1_393' title='bbox 379 1717 524 1750; x_wconf 84' lang='lat' dir='ltr'><strong>quomodo,</strong></span> <span class='ocrx_word' id='word_1_394' title='bbox 541 1717 620 1744; x_wconf 85' lang='lat' dir='ltr'><strong>nobis</strong></span> <span class='ocrx_word' id='word_1_395' title='bbox 634 1717 666 1744; x_wconf 88' lang='lat' dir='ltr'><strong>de</strong></span> <span class='ocrx_word' id='word_1_396' title='bbox 681 1717 769 1744; x_wconf 91' lang='lat' dir='ltr'><strong>medio</strong></span> <span class='ocrx_word' id='word_1_397' title='bbox 782 1716 907 1749; x_wconf 88' lang='lat' dir='ltr'><strong>sublatis,</strong></span> <span class='ocrx_word' id='word_1_398' title='bbox 918 1716 953 1744; x_wconf 90' lang='lat' dir='ltr'><strong>ita</strong></span> <span class='ocrx_word' id='word_1_399' title='bbox 971 1718 1055 1746; x_wconf 78' lang='lat' dir='ltr'><strong>hazre-</strong></span> 
     </span>
    </p>
   </div>
   <div class='ocr_carea' id='block_1_54' title="bbox 269 1761 1054 1797">
    <p class='ocr_par' dir='ltr' id='par_1_54' title="bbox 269 1761 1054 1797">
     <span class='ocr_line' id='line_1_54' title="bbox 269 1761 1054 1797; baseline 0.003 -9"><span class='ocrx_word' id='word_1_400' title='bbox 269 1761 320 1789; x_wconf 82' lang='lat' dir='ltr'><strong>sim</strong></span> <span class='ocrx_word' id='word_1_401' title='bbox 343 1761 556 1794; x_wconf 83' lang='lat' dir='ltr'><strong>introducerent,</strong></span> <span class='ocrx_word' id='word_1_402' title='bbox 572 1768 601 1789; x_wconf 91' lang='lat' dir='ltr'><strong>ut</strong></span> <span class='ocrx_word' id='word_1_403' title='bbox 624 1763 686 1790; x_wconf 92' lang='lat' dir='ltr'><strong>olim</strong></span> <span class='ocrx_word' id='word_1_404' title='bbox 711 1763 748 1790; x_wconf 93' lang='lat' dir='ltr'><strong>illi</strong></span> <span class='ocrx_word' id='word_1_405' title='bbox 765 1762 914 1790; x_wconf 89' lang='lat' dir='ltr'><strong>Barabbam</strong></span> <span class='ocrx_word' id='word_1_406' title='bbox 935 1763 1054 1797; x_wconf 88' lang='lat' dir='ltr'><strong>postula-</strong></span> 
     </span>
    </p>
   </div>
   <div class='ocr_carea' id='block_1_55' title="bbox 271 1807 1055 1837">
    <p class='ocr_par' dir='ltr' id='par_1_55' title="bbox 271 1807 1055 1837">
     <span class='ocr_line' id='line_1_55' title="bbox 271 1807 1055 1837; baseline 0.004 -3"><span class='ocrx_word' id='word_1_407' title='bbox 271 1812 358 1834; x_wconf 85' lang='lat' dir='ltr'><strong>rant:</strong></span> <span class='ocrx_word' id='word_1_408' title='bbox 381 1807 431 1835; x_wconf 85' lang='lat' dir='ltr'><strong>hac</strong></span> <span class='ocrx_word' id='word_1_409' title='bbox 443 1809 514 1834; x_wconf 90' lang='lat' dir='ltr'><strong>enim</strong></span> <span class='ocrx_word' id='word_1_410' title='bbox 538 1809 571 1836; x_wconf 89' lang='lat' dir='ltr'><strong>de</strong></span> <span class='ocrx_word' id='word_1_411' title='bbox 596 1816 678 1837; x_wconf 86' lang='lat' dir='ltr'><strong>causa</strong></span> <span class='ocrx_word' id='word_1_412' title='bbox 704 1816 732 1836; x_wconf 89' lang='lat' dir='ltr'><strong>se</strong></span> <span class='ocrx_word' id='word_1_413' title='bbox 759 1809 816 1836; x_wconf 63' lang='lat' dir='ltr'><strong>haec</strong></span> <span class='ocrx_word' id='word_1_414' title='bbox 842 1809 931 1837; x_wconf 86' lang='lat' dir='ltr'><strong>omnia</strong></span> <span class='ocrx_word' id='word_1_415' title='bbox 959 1810 1055 1837; x_wconf 73' lang='lat' dir='ltr'><strong>fecisse</strong></span> 
     </span>
    </p>
   </div>
   <div class='ocr_carea' id='block_1_56' title="bbox 270 1852 631 1887">
    <p class='ocr_par' dir='ltr' id='par_1_56' title="bbox 270 1852 631 1887">
     <span class='ocr_line' id='line_1_56' title="bbox 270 1852 631 1887; baseline 0.006 -8"><span class='ocrx_word' id='word_1_416' title='bbox 270 1852 341 1882; x_wconf 86' lang='lat' dir='ltr'><strong>ultro</strong></span> <span class='ocrx_word' id='word_1_417' title='bbox 355 1853 403 1887; x_wconf 85' lang='lat' dir='ltr'><strong>ipsi</strong></span> <span class='ocrx_word' id='word_1_418' title='bbox 422 1853 537 1881; x_wconf 80' lang='lat' dir='ltr'><strong>confessi</strong></span> <span class='ocrx_word' id='word_1_419' title='bbox 559 1859 631 1881; x_wconf 86' lang='lat' dir='ltr'><strong>sunt.</strong></span> 
     </span>
    </p>
   </div>
   <div class='ocr_carea' id='block_1_57' title="bbox 305 1898 1053 1938">
    <p class='ocr_par' dir='ltr' id='par_1_57' title="bbox 305 1898 1053 1938">
     <span class='ocr_line' id='line_1_57' title="bbox 305 1898 1053 1938; baseline 0.005 -13"><span class='ocrx_word' id='word_1_420' title='bbox 305 1899 350 1925; x_wconf 78' lang='lat'><strong>85.</strong></span> <span class='ocrx_word' id='word_1_421' title='bbox 369 1898 430 1926; x_wconf 66' lang='lat' dir='ltr'><strong>&quot;(ec</strong></span> <span class='ocrx_word' id='word_1_422' title='bbox 442 1907 593 1934; x_wconf 86' lang='lat' dir='ltr'><strong>quanquam</strong></span> <span class='ocrx_word' id='word_1_423' title='bbox 609 1902 675 1928; x_wconf 79' lang='lat' dir='ltr'><strong>satis</strong></span> <span class='ocrx_word' id='word_1_424' title='bbox 691 1906 754 1929; x_wconf 92' lang='lat' dir='ltr'><strong>sunt</strong></span> <span class='ocrx_word' id='word_1_425' title='bbox 767 1903 799 1929; x_wconf 83' lang='lat' dir='ltr'><strong>ad</strong></span> <span class='ocrx_word' id='word_1_426' title='bbox 813 1903 943 1938; x_wconf 78' lang='lat' dir='ltr'><strong>integram</strong></span> <span class='ocrx_word' id='word_1_427' title='bbox 960 1902 1053 1930; x_wconf 84' lang='lat' dir='ltr'><strong>defen-</strong></span> 
     </span>
    </p>
   </div>
   <div class='ocr_carea' id='block_1_58' title="bbox 271 1943 1054 1983">
    <p class='ocr_par' dir='ltr' id='par_1_58' title="bbox 271 1943 1054 1983">
     <span class='ocr_line' id='line_1_58' title="bbox 271 1943 1054 1983; baseline 0.009 -15"><span class='ocrx_word' id='word_1_428' title='bbox 271 1943 390 1975; x_wconf 88' lang='lat' dir='ltr'><strong>sionem,</strong></span> <span class='ocrx_word' id='word_1_429' title='bbox 407 1948 525 1971; x_wconf 88' lang='lat' dir='ltr'><strong>attamen</strong></span> <span class='ocrx_word' id='word_1_430' title='bbox 541 1949 570 1971; x_wconf 92' lang='lat' dir='ltr'><strong>ut</strong></span> <span class='ocrx_word' id='word_1_431' title='bbox 586 1950 613 1972; x_wconf 90' lang='lat' dir='ltr'><strong>et</strong></span> <span class='ocrx_word' id='word_1_432' title='bbox 637 1953 731 1974; x_wconf 89' lang='lat' dir='ltr'><strong>eorum</strong></span> <span class='ocrx_word' id='word_1_433' title='bbox 746 1947 898 1983; x_wconf 74' lang='lat' dir='ltr'><strong>malignitas</strong></span> <span class='ocrx_word' id='word_1_434' title='bbox 912 1953 940 1975; x_wconf 86' lang='lat' dir='ltr'><strong>et</strong></span> <span class='ocrx_word' id='word_1_435' title='bbox 954 1948 1054 1974; x_wconf 83' lang='lat' dir='ltr'><strong>verita-</strong></span> 
     </span>
    </p>
   </div>
   <div class='ocr_carea' id='block_1_59' title="bbox 272 1987 1053 2026">
    <p class='ocr_par' dir='ltr' id='par_1_59' title="bbox 272 1987 1053 2026">
     <span class='ocr_line' id='line_1_59' title="bbox 272 1987 1053 2026; baseline 0.008 -11"><span class='ocrx_word' id='word_1_436' title='bbox 272 1989 306 2015; x_wconf 90' lang='lat' dir='ltr'><strong>tis</strong></span> <span class='ocrx_word' id='word_1_437' title='bbox 321 1987 430 2016; x_wconf 87' lang='lat' dir='ltr'><strong>lihertas</strong></span> <span class='ocrx_word' id='word_1_438' title='bbox 450 1990 536 2025; x_wconf 79' lang='lat' dir='ltr'><strong>magis</strong></span> <span class='ocrx_word' id='word_1_439' title='bbox 549 1991 686 2026; x_wconf 72' lang='lat' dir='ltr'><strong>magisque</strong></span> <span class='ocrx_word' id='word_1_440' title='bbox 698 1993 865 2025; x_wconf 87' lang='lat' dir='ltr'><strong>innotescat,</strong></span> <span class='ocrx_word' id='word_1_441' title='bbox 881 1993 946 2021; x_wconf 88' lang='lat' dir='ltr'><strong>nihil</strong></span> <span class='ocrx_word' id='word_1_442' title='bbox 969 1994 1053 2021; x_wconf 89' lang='lat' dir='ltr'><strong>mole-</strong></span> 
     </span>
    </p>
   </div>
   <div class='ocr_carea' id='block_1_60' title="bbox 271 2034 1053 2074">
    <p class='ocr_par' dir='ltr' id='par_1_60' title="bbox 271 2034 1053 2074">
     <span class='ocr_line' id='line_1_60' title="bbox 271 2034 1053 2074; baseline 0.008 -13"><span class='ocrx_word' id='word_1_443' title='bbox 271 2038 342 2061; x_wconf 85' lang='lat' dir='ltr'><strong>stum</strong></span> <span class='ocrx_word' id='word_1_444' title='bbox 357 2034 409 2061; x_wconf 91' lang='lat' dir='ltr'><strong>erit</strong></span> <span class='ocrx_word' id='word_1_445' title='bbox 419 2042 450 2062; x_wconf 86' lang='lat' dir='ltr'><strong>ea</strong></span> <span class='ocrx_word' id='word_1_446' title='bbox 464 2035 551 2063; x_wconf 85' lang='lat' dir='ltr'><strong>denuo</strong></span> <span class='ocrx_word' id='word_1_447' title='bbox 566 2044 726 2069; x_wconf 84' lang='lat' dir='ltr'><strong>memorare,</strong></span> <span class='ocrx_word' id='word_1_448' title='bbox 742 2039 885 2073; x_wconf 88' lang='lat' dir='ltr'><strong>palamque</strong></span> <span class='ocrx_word' id='word_1_449' title='bbox 897 2039 986 2067; x_wconf 79' lang='lat' dir='ltr'><strong>facere</strong></span> <span class='ocrx_word' id='word_1_450' title='bbox 1001 2048 1053 2074; x_wconf 87' lang='lat' dir='ltr'><strong>qua</strong></span> 
     </span>
    </p>
   </div>
   <div class='ocr_carea' id='block_1_61' title="bbox 272 2080 1053 2121">
    <p class='ocr_par' dir='ltr' id='par_1_61' title="bbox 272 2080 1053 2121">
     <span class='ocr_line' id='line_1_61' title="bbox 272 2080 1053 2121; baseline 0.01 -15"><span class='ocrx_word' id='word_1_451' title='bbox 272 2080 377 2107; x_wconf 86' lang='lat' dir='ltr'><strong>ratione</strong></span> <span class='ocrx_word' id='word_1_452' title='bbox 389 2081 445 2108; x_wconf 88' lang='lat' dir='ltr'><strong>suis</strong></span> <span class='ocrx_word' id='word_1_453' title='bbox 457 2082 508 2116; x_wconf 91' lang='lat' dir='ltr'><strong>ipsi</strong></span> <span class='ocrx_word' id='word_1_454' title='bbox 523 2083 604 2110; x_wconf 86' lang='lat' dir='ltr'><strong>rebus</strong></span> <span class='ocrx_word' id='word_1_455' title='bbox 620 2084 791 2112; x_wconf 88' lang='lat' dir='ltr'><strong>adversantia</strong></span> <span class='ocrx_word' id='word_1_456' title='bbox 807 2086 921 2121; x_wconf 87' lang='lat' dir='ltr'><strong>egerint,</strong></span> <span class='ocrx_word' id='word_1_457' title='bbox 935 2091 963 2113; x_wconf 94' lang='lat' dir='ltr'><strong>et</strong></span> <span class='ocrx_word' id='word_1_458' title='bbox 977 2088 1053 2121; x_wconf 90' lang='lat' dir='ltr'><strong>quasi</strong></span> 
     </span>
    </p>
   </div>
   <div class='ocr_carea' id='block_1_62' title="bbox 272 2125 1053 2168">
    <p class='ocr_par' dir='ltr' id='par_1_62' title="bbox 272 2125 1053 2168">
     <span class='ocr_line' id='line_1_62' title="bbox 272 2125 1053 2168; baseline 0.012 -17"><span class='ocrx_word' id='word_1_459' title='bbox 272 2125 300 2156; x_wconf 88' lang='lat' dir='ltr'><strong>in</strong></span> <span class='ocrx_word' id='word_1_460' title='bbox 330 2126 448 2154; x_wconf 88' lang='lat' dir='ltr'><strong>tenebris</strong></span> <span class='ocrx_word' id='word_1_461' title='bbox 474 2128 587 2156; x_wconf 76' lang='lat' dir='ltr'><strong>Consilia</strong></span> <span class='ocrx_word' id='word_1_462' title='bbox 610 2129 766 2165; x_wconf 85' lang='lat' dir='ltr'><strong>agitassent,</strong></span> <span class='ocrx_word' id='word_1_463' title='bbox 797 2132 824 2159; x_wconf 93' lang='lat' dir='ltr'><strong>in</strong></span> <span class='ocrx_word' id='word_1_464' title='bbox 849 2133 955 2166; x_wconf 84' lang='lat' dir='ltr'><strong>propria</strong></span> <span class='ocrx_word' id='word_1_465' title='bbox 979 2138 1053 2168; x_wconf 78' lang='lat' dir='ltr'><strong>gesta</strong></span> 
     </span>
    </p>
   </div>
   <div class='ocr_carea' id='block_1_63' title="bbox 271 2171 1053 2213">
    <p class='ocr_par' dir='ltr' id='par_1_63' title="bbox 271 2171 1053 2213">
     <span class='ocr_line' id='line_1_63' title="bbox 271 2171 1053 2213; baseline 0.012 -16"><span class='ocrx_word' id='word_1_466' title='bbox 271 2171 451 2207; x_wconf 70' lang='lat' dir='ltr'><strong>iunpegerint,</strong></span> <span class='ocrx_word' id='word_1_467' title='bbox 467 2181 499 2200; x_wconf 90' lang='lat' dir='ltr'><strong>ac</strong></span> <span class='ocrx_word' id='word_1_468' title='bbox 526 2175 587 2201; x_wconf 81' lang='lat' dir='ltr'><strong>dum</strong></span> <span class='ocrx_word' id='word_1_469' title='bbox 617 2183 665 2203; x_wconf 86' lang='lat' dir='ltr'><strong>nos</strong></span> <span class='ocrx_word' id='word_1_470' title='bbox 691 2177 845 2204; x_wconf 78' lang='lat' dir='ltr'><strong>inter-licere</strong></span> <span class='ocrx_word' id='word_1_471' title='bbox 869 2183 1053 2213; x_wconf 78' lang='lat' dir='ltr'><strong>peroptarent,</strong></span> 
     </span>
    </p>
   </div>
   <div class='ocr_carea' id='block_1_64' title="bbox 272 2217 1054 2260">
    <p class='ocr_par' dir='ltr' id='par_1_64' title="bbox 272 2217 1054 2260">
     <span class='ocr_line' id='line_1_64' title="bbox 272 2217 1054 2260; baseline 0.01 -17"><span class='ocrx_word' id='word_1_472' title='bbox 272 2217 376 2252; x_wconf 80' lang='lat' dir='ltr'><strong>seipsos</strong></span> <span class='ocrx_word' id='word_1_473' title='bbox 398 2218 476 2253; x_wconf 88' lang='lat' dir='ltr'><strong>quasi</strong></span> <span class='ocrx_word' id='word_1_474' title='bbox 502 2218 622 2248; x_wconf 80' lang='lat' dir='ltr'><strong>furentes</strong></span> <span class='ocrx_word' id='word_1_475' title='bbox 648 2222 829 2250; x_wconf 83' lang='lat' dir='ltr'><strong>confoderint.</strong></span> <span class='ocrx_word' id='word_1_476' title='bbox 854 2223 891 2250; x_wconf 91' lang='lat' dir='ltr'><strong>De</strong></span> <span class='ocrx_word' id='word_1_477' title='bbox 918 2225 1054 2260; x_wconf 82' lang='lat' dir='ltr'><strong>mysteriis</strong></span> 
     </span>
    </p>
   </div>
   <div class='ocr_carea' id='block_1_65' title="bbox 272 2265 1053 2303">
    <p class='ocr_par' dir='ltr' id='par_1_65' title="bbox 272 2265 1053 2303">
     <span class='ocr_line' id='line_1_65' title="bbox 272 2265 1053 2303; baseline 0.013 -15"><span class='ocrx_word' id='word_1_478' title='bbox 272 2270 389 2297; x_wconf 89' lang='lat' dir='ltr'><strong>namque</strong></span> <span class='ocrx_word' id='word_1_479' title='bbox 403 2265 604 2299; x_wconf 86' lang='lat' dir='ltr'><strong>perquirentes,</strong></span> <span class='ocrx_word' id='word_1_480' title='bbox 633 2274 694 2295; x_wconf 92' lang='lat' dir='ltr'><strong>cum</strong></span> <span class='ocrx_word' id='word_1_481' title='bbox 716 2267 821 2296; x_wconf 65' lang='lat' dir='ltr'><strong>Judxos</strong></span> <span class='ocrx_word' id='word_1_482' title='bbox 844 2269 1053 2303; x_wconf 75' lang='lat' dir='ltr'><strong>interrogarent.</strong></span> 
     </span>
    </p>
   </div>
   <div class='ocr_carea' id='block_1_66' title="bbox 272 2308 1054 2349">
    <p class='ocr_par' dir='ltr' id='par_1_66' title="bbox 272 2308 1054 2349">
     <span class='ocr_line' id='line_1_66' title="bbox 272 2308 1054 2349; baseline 0.012 -16"><span class='ocrx_word' id='word_1_483' title='bbox 272 2308 536 2345; x_wconf 86' lang='lat' dir='ltr'><strong>catechumenosque</strong></span> <span class='ocrx_word' id='word_1_484' title='bbox 550 2313 737 2341; x_wconf 81' lang='lat' dir='ltr'><strong>examinareut</strong></span> <span class='ocrx_word' id='word_1_485' title='bbox 756 2322 763 2340; x_wconf 91' lang='lat'><strong>:</strong></span> <span class='ocrx_word' id='word_1_486' title='bbox 783 2324 791 2339; x_wconf 80' lang='grc' dir='ltr'><strong>ι</strong></span> <span class='ocrx_word' id='word_1_487' title='bbox 807 2314 1054 2349; x_wconf 77' lang='lat' dir='ltr'><strong>Ubinatn,aienles.</strong></span> 
     </span>
    </p>
   </div>
   <div class='ocr_carea' id='block_1_67' title="bbox 272 2353 1053 2388">
    <p class='ocr_par' dir='ltr' id='par_1_67' title="bbox 272 2353 1053 2388">
     <span class='ocr_line' id='line_1_67' title="bbox 272 2353 1053 2388; baseline 0.01 -9"><span class='ocrx_word' id='word_1_488' title='bbox 272 2353 354 2380; x_wconf 86' lang='lat' dir='ltr'><strong>cratis</strong></span> <span class='ocrx_word' id='word_1_489' title='bbox 362 2356 468 2388; x_wconf 86' lang='lat' dir='ltr'><strong>quando</strong></span> <span class='ocrx_word' id='word_1_490' title='bbox 478 2355 606 2384; x_wconf 82' lang='lat' dir='ltr'><strong>Macarius</strong></span> <span class='ocrx_word' id='word_1_491' title='bbox 614 2358 746 2386; x_wconf 86' lang='lat' dir='ltr'><strong>accedens</strong></span> <span class='ocrx_word' id='word_1_492' title='bbox 755 2367 872 2386; x_wconf 86' lang='lat' dir='ltr'><strong>mensam</strong></span> <span class='ocrx_word' id='word_1_493' title='bbox 884 2360 1034 2387; x_wconf 88' lang='lat' dir='ltr'><strong>subvertit?</strong></span> <span class='ocrx_word' id='word_1_494' title='bbox 1044 2370 1053 2386; x_wconf 86' lang='lat' dir='ltr'><strong>I</strong></span> 
     </span>
    </p>
   </div>
   <div class='ocr_carea' id='block_1_68' title="bbox 274 2397 1055 2440">
    <p class='ocr_par' dir='ltr' id='par_1_68' title="bbox 274 2397 1055 2440">
     <span class='ocr_line' id='line_1_68' title="bbox 274 2397 1055 2440; baseline 0.013 -17"><span class='ocrx_word' id='word_1_495' title='bbox 274 2397 446 2432; x_wconf 78' lang='lat' dir='ltr'><strong>ltesponderc</strong></span> <span class='ocrx_word' id='word_1_496' title='bbox 464 2400 499 2429; x_wconf 88' lang='lat' dir='ltr'><strong>illi</strong></span> <span class='ocrx_word' id='word_1_497' title='bbox 517 2410 524 2428; x_wconf 88' lang='lat'><em>:</em></span> <span class='ocrx_word' id='word_1_498' title='bbox 543 2410 552 2427; x_wconf 78' lang='grc' dir='ltr'><strong>ι</strong></span> <span class='ocrx_word' id='word_1_499' title='bbox 574 2401 647 2429; x_wconf 87' lang='lat' dir='ltr'><strong>Intus</strong></span> <span class='ocrx_word' id='word_1_500' title='bbox 666 2410 783 2430; x_wconf 85' lang='lat' dir='ltr'><strong>eramus.</strong></span> <span class='ocrx_word' id='word_1_501' title='bbox 803 2414 813 2430; x_wconf 85' lang='grc'><strong>›</strong></span> <span class='ocrx_word' id='word_1_502' title='bbox 831 2404 886 2431; x_wconf 87' lang='grc' dir='ltr'>Νοιι</span> <span class='ocrx_word' id='word_1_503' title='bbox 906 2413 970 2440; x_wconf 91' lang='lat' dir='ltr'><strong>ergo</strong></span> <span class='ocrx_word' id='word_1_504' title='bbox 998 2405 1055 2433; x_wconf 81' lang='lat' dir='ltr'><strong>ﬁeri</strong></span> 
     </span>
    </p>
   </div>
   <div class='ocr_carea' id='block_1_69' title="bbox 273 2447 1058 2483">
    <p class='ocr_par' dir='ltr' id='par_1_69' title="bbox 273 2447 1058 2483">
     <span class='ocr_line' id='line_1_69' title="bbox 273 2447 1058 2483; baseline 0.009 -12"><span class='ocrx_word' id='word_1_505' title='bbox 273 2447 328 2471; x_wconf 85' lang='lat' dir='ltr'><strong>tum</strong></span> <span class='ocrx_word' id='word_1_506' title='bbox 344 2449 449 2479; x_wconf 87' lang='lat' dir='ltr'><strong>poterat</strong></span> <span class='ocrx_word' id='word_1_507' title='bbox 476 2447 586 2482; x_wconf 85' lang='lat' dir='ltr'><strong>oblatio,</strong></span> <span class='ocrx_word' id='word_1_508' title='bbox 605 2448 627 2475; x_wconf 90' lang='lat' dir='ltr'><strong>si</strong></span> <span class='ocrx_word' id='word_1_509' title='bbox 644 2449 751 2483; x_wconf 85' lang='lat' dir='ltr'><strong>quidem</strong></span> <span class='ocrx_word' id='word_1_510' title='bbox 775 2451 960 2478; x_wconf 81' lang='lat' dir='ltr'><strong>catechumeui</strong></span> <span class='ocrx_word' id='word_1_511' title='bbox 985 2451 1058 2479; x_wconf 88' lang='lat' dir='ltr'><strong>intus</strong></span> 
     </span>
    </p>
   </div>
   <div class='ocr_carea' id='block_1_70' title="bbox 1070 2234 1132 2271">
    <p class='ocr_par' dir='ltr' id='par_1_70' title="bbox 1070 2234 1132 2271">
     <span class='ocr_line' id='line_1_70' title="bbox 1070 2234 1132 2271; baseline 0 0"><span class='ocrx_word' id='word_1_512' title='bbox 1070 2234 1132 2271; x_wconf 56' lang='lat' dir='ltr'><strong>of&quot;</strong></span> 
     </span>
    </p>
   </div>
   <div class='ocr_carea' id='block_1_71' title="bbox 1105 941 1889 978">
    <p class='ocr_par' dir='ltr' id='par_1_71' title="bbox 1105 941 1889 978">
     <span class='ocr_line' id='line_1_71' title="bbox 1105 941 1889 978; baseline -0.001 -10"><span class='ocrx_word' id='word_1_513' title='bbox 1105 942 1278 978; x_wconf 86' lang='grc' dir='ltr'>πραττόμενα</span> <span class='ocrx_word' id='word_1_514' title='bbox 1307 942 1376 969; x_wconf 72' lang='grc' dir='ltr'>κατὰ</span> <span class='ocrx_word' id='word_1_515' title='bbox 1406 942 1582 977; x_wconf 82' lang='grc' dir='ltr'>μονομέρειαν</span> <span class='ocrx_word' id='word_1_516' title='bbox 1597 941 1652 976; x_wconf 88' lang='lat'><strong>(76)</strong></span> <span class='ocrx_word' id='word_1_517' title='bbox 1681 941 1809 976; x_wconf 79' lang='grc' dir='ltr'>οὐδεμίαν</span> <span class='ocrx_word' id='word_1_518' title='bbox 1831 941 1889 976; x_wconf 84' lang='grc' dir='ltr'>ἔχει</span> 
     </span>
    </p>
   </div>
   <div class='ocr_carea' id='block_1_72' title="bbox 1104 986 1888 1022">
    <p class='ocr_par' dir='ltr' id='par_1_72' title="bbox 1104 986 1888 1022">
     <span class='ocr_line' id='line_1_72' title="bbox 1104 986 1888 1022; baseline -0.001 -9"><span class='ocrx_word' id='word_1_519' title='bbox 1104 987 1227 1022; x_wconf 79' lang='grc' dir='ltr'>δύναμιν,</span> <span class='ocrx_word' id='word_1_520' title='bbox 1255 986 1340 1018; x_wconf 80' lang='grc' dir='ltr'>οὐδείς</span> <span class='ocrx_word' id='word_1_521' title='bbox 1357 988 1429 1014; x_wconf 75' lang='grc' dir='ltr'>ἔστιν</span> <span class='ocrx_word' id='word_1_522' title='bbox 1446 987 1474 1019; x_wconf 83' lang='grc' dir='ltr'><strong>ὃς</strong></span> <span class='ocrx_word' id='word_1_523' title='bbox 1487 987 1579 1021; x_wconf 82' lang='grc' dir='ltr'>ἀγνοεῖ</span> <span class='ocrx_word' id='word_1_524' title='bbox 1590 986 1644 1013; x_wconf 82' lang='grc' dir='ltr'><strong>τῶν</strong></span> <span class='ocrx_word' id='word_1_525' title='bbox 1658 987 1764 1013; x_wconf 86' lang='grc' dir='ltr'>πάντων</span> <span class='ocrx_word' id='word_1_526' title='bbox 1783 986 1888 1021; x_wconf 79' lang='grc' dir='ltr'>ἀνθρώ-</span> 
     </span>
    </p>
   </div>
   <div class='ocr_carea' id='block_1_73' title="bbox 1105 1031 1889 1068">
    <p class='ocr_par' dir='ltr' id='par_1_73' title="bbox 1105 1031 1889 1068">
     <span class='ocr_line' id='line_1_73' title="bbox 1105 1031 1889 1068; baseline -0.003 -9"><span class='ocrx_word' id='word_1_527' title='bbox 1105 1041 1173 1059; x_wconf 81' lang='grc' dir='ltr'>πων.</span> <span class='ocrx_word' id='word_1_528' title='bbox 1190 1031 1274 1058; x_wconf 79' lang='grc' dir='ltr'>Τοῦτο</span> <span class='ocrx_word' id='word_1_529' title='bbox 1287 1032 1340 1068; x_wconf 77' lang='grc' dir='ltr'>γὰρ</span> <span class='ocrx_word' id='word_1_530' title='bbox 1357 1032 1403 1059; x_wconf 80' lang='grc' dir='ltr'><strong>καὶ</strong></span> <span class='ocrx_word' id='word_1_531' title='bbox 1415 1033 1429 1058; x_wconf 87' lang='grc' dir='ltr'>ὁ</span> <span class='ocrx_word' id='word_1_532' title='bbox 1443 1032 1512 1063; x_wconf 79' lang='grc' dir='ltr'>θεῖος</span> <span class='ocrx_word' id='word_1_533' title='bbox 1525 1032 1605 1067; x_wconf 86' lang='grc' dir='ltr'>νόμος</span> <span class='ocrx_word' id='word_1_534' title='bbox 1619 1031 1737 1058; x_wconf 83' lang='grc' dir='ltr'>κελεύει·</span> <span class='ocrx_word' id='word_1_535' title='bbox 1749 1031 1825 1057; x_wconf 85' lang='grc' dir='ltr'>τοῦτο</span> <span class='ocrx_word' id='word_1_536' title='bbox 1841 1032 1889 1058; x_wconf 76' lang='grc' dir='ltr'>καὶ</span> 
     </span>
    </p>
   </div>
   <div class='ocr_carea' id='block_1_74' title="bbox 1104 1076 1889 1113">
    <p class='ocr_par' dir='ltr' id='par_1_74' title="bbox 1104 1076 1889 1113">
     <span class='ocr_line' id='line_1_74' title="bbox 1104 1076 1889 1113; baseline -0.003 -9"><span class='ocrx_word' id='word_1_537' title='bbox 1104 1079 1118 1104; x_wconf 90' lang='lat'><strong>6</strong></span> <span class='ocrx_word' id='word_1_538' title='bbox 1142 1077 1274 1113; x_wconf 80' lang='grc' dir='ltr'>μακάριος</span> <span class='ocrx_word' id='word_1_539' title='bbox 1284 1077 1444 1108; x_wconf 76' lang='grc' dir='ltr'>Ἀπόστολος</span> <span class='ocrx_word' id='word_1_540' title='bbox 1466 1077 1577 1112; x_wconf 80' lang='grc' dir='ltr'><strong>πάσχων</strong></span> <span class='ocrx_word' id='word_1_541' title='bbox 1595 1078 1722 1111; x_wconf 81' lang='grc' dir='ltr'>τοιαύτην</span> <span class='ocrx_word' id='word_1_542' title='bbox 1744 1076 1889 1110; x_wconf 73' lang='grc' dir='ltr'>ἐπιδουλὴν</span> 
     </span>
    </p>
   </div>
   <div class='ocr_carea' id='block_1_75' title="bbox 1105 1119 1890 1158">
    <p class='ocr_par' dir='ltr' id='par_1_75' title="bbox 1105 1119 1890 1158">
     <span class='ocr_line' id='line_1_75' title="bbox 1105 1119 1890 1158; baseline -0.004 -9"><span class='ocrx_word' id='word_1_543' title='bbox 1105 1123 1151 1150; x_wconf 72' lang='grc' dir='ltr'><strong>καὶ</strong></span> <span class='ocrx_word' id='word_1_544' title='bbox 1168 1122 1326 1158; x_wconf 88' lang='grc' dir='ltr'>κρινόμενος</span> <span class='ocrx_word' id='word_1_545' title='bbox 1347 1122 1434 1156; x_wconf 82' lang='grc' dir='ltr'>ἠξίου,</span> <span class='ocrx_word' id='word_1_546' title='bbox 1451 1121 1553 1155; x_wconf 89' lang='grc' dir='ltr'>λέγων·</span> <span class='ocrx_word' id='word_1_547' title='bbox 1574 1121 1650 1147; x_wconf 83' lang='grc' dir='ltr'><strong>Ἔδει</strong></span> <span class='ocrx_word' id='word_1_548' title='bbox 1673 1121 1743 1154; x_wconf 83' lang='grc' dir='ltr'><strong>τοὺς</strong></span> <span class='ocrx_word' id='word_1_549' title='bbox 1760 1120 1818 1147; x_wconf 79' lang='grc' dir='ltr'>ἀπὸ</span> <span class='ocrx_word' id='word_1_550' title='bbox 1833 1119 1890 1153; x_wconf 83' lang='grc' dir='ltr'>τῆς</span> 
     </span>
    </p>
   </div>
   <div class='ocr_carea' id='block_1_76' title="bbox 1110 1164 1908 1201">
    <p class='ocr_par' dir='ltr' id='par_1_76' title="bbox 1110 1164 1908 1201">
     <span class='ocr_line' id='line_1_76' title="bbox 1110 1164 1908 1201; baseline -0.005 -6"><span class='ocrx_word' id='word_1_551' title='bbox 1110 1168 1208 1201; x_wconf 79' lang='grc' dir='ltr'>Ἀσίας</span> <span class='ocrx_word' id='word_1_552' title='bbox 1223 1167 1381 1201; x_wconf 79' lang='grc' dir='ltr'><strong>Ἰουδαίους</strong></span> <span class='ocrx_word' id='word_1_553' title='bbox 1390 1167 1439 1194; x_wconf 77' lang='grc' dir='ltr'><strong>ἐπὶ</strong></span> <span class='ocrx_word' id='word_1_554' title='bbox 1454 1167 1512 1194; x_wconf 86' lang='grc' dir='ltr'><strong>σοῦ</strong></span> <span class='ocrx_word' id='word_1_555' title='bbox 1531 1166 1674 1200; x_wconf 77' lang='grc' dir='ltr'>παρεῖναι,</span> <span class='ocrx_word' id='word_1_556' title='bbox 1695 1167 1743 1194; x_wconf 81' lang='grc' dir='ltr'>καὶ</span> <span class='ocrx_word' id='word_1_557' title='bbox 1763 1174 1873 1201; x_wconf 74' lang='grc' dir='ltr'>κατηγο</span> <span class='ocrx_word' id='word_1_558' title='bbox 1905 1164 1908 1168; x_wconf 84' lang='grc'><em>’</em></span> 
     </span>
    </p>
   </div>
   <div class='ocr_carea' id='block_1_77' title="bbox 1100 1210 1888 1248">
    <p class='ocr_par' dir='ltr' id='par_1_77' title="bbox 1100 1210 1888 1248">
     <span class='ocr_line' id='line_1_77' title="bbox 1100 1210 1888 1248; baseline -0.005 -8"><span class='ocrx_word' id='word_1_559' title='bbox 1100 1213 1168 1248; x_wconf 83' lang='grc' dir='ltr'>ρεῖν</span> <span class='ocrx_word' id='word_1_560' title='bbox 1187 1213 1215 1240; x_wconf 80' lang='grc' dir='ltr'>ει</span> <span class='ocrx_word' id='word_1_561' title='bbox 1230 1222 1256 1240; x_wconf 85' lang='grc' dir='ltr'><strong>τι</strong></span> <span class='ocrx_word' id='word_1_562' title='bbox 1269 1213 1368 1247; x_wconf 73' lang='grc' dir='ltr'>ἔχοιεν</span> <span class='ocrx_word' id='word_1_563' title='bbox 1379 1221 1385 1227; x_wconf 90' lang='grc'>·</span> <span class='ocrx_word' id='word_1_564' title='bbox 1405 1213 1448 1240; x_wconf 83' lang='grc' dir='ltr'>ὅτε</span> <span class='ocrx_word' id='word_1_565' title='bbox 1466 1213 1512 1240; x_wconf 80' lang='grc' dir='ltr'><strong>καὶ</strong></span> <span class='ocrx_word' id='word_1_566' title='bbox 1528 1213 1542 1238; x_wconf 87' lang='lat'><strong>6</strong></span> <span class='ocrx_word' id='word_1_567' title='bbox 1554 1213 1666 1247; x_wconf 80' lang='grc' dir='ltr'><strong>Φῆστος,</strong></span> <span class='ocrx_word' id='word_1_568' title='bbox 1690 1211 1818 1238; x_wconf 83' lang='grc' dir='ltr'>θελόντων</span> <span class='ocrx_word' id='word_1_569' title='bbox 1833 1210 1888 1237; x_wconf 83' lang='grc' dir='ltr'><strong>τῶν</strong></span> 
     </span>
    </p>
   </div>
   <div class='ocr_carea' id='block_1_78' title="bbox 1110 1255 1889 1294">
    <p class='ocr_par' dir='ltr' id='par_1_78' title="bbox 1110 1255 1889 1294">
     <span class='ocr_line' id='line_1_78' title="bbox 1110 1255 1889 1294; baseline -0.005 -8"><span class='ocrx_word' id='word_1_570' title='bbox 1110 1259 1244 1286; x_wconf 78' lang='grc' dir='ltr'>Ἰουδαίων</span> <span class='ocrx_word' id='word_1_571' title='bbox 1263 1258 1390 1294; x_wconf 85' lang='grc' dir='ltr'>τοιαύτην</span> <span class='ocrx_word' id='word_1_572' title='bbox 1406 1258 1549 1293; x_wconf 68' lang='grc' dir='ltr'>ἐπιϐουὶὴν</span> <span class='ocrx_word' id='word_1_573' title='bbox 1569 1257 1746 1293; x_wconf 74' lang='grc' dir='ltr'>ἐργάσασθαι,</span> <span class='ocrx_word' id='word_1_574' title='bbox 1766 1256 1824 1283; x_wconf 79' lang='grc' dir='ltr'>οἷαν</span> <span class='ocrx_word' id='word_1_575' title='bbox 1841 1255 1889 1282; x_wconf 66' lang='grc' dir='ltr'><strong>νῦν</strong></span> 
     </span>
    </p>
   </div>
   <div class='ocr_carea' id='block_1_79' title="bbox 1105 1302 1890 1340">
    <p class='ocr_par' dir='ltr' id='par_1_79' title="bbox 1105 1302 1890 1340">
     <span class='ocr_line' id='line_1_79' title="bbox 1105 1302 1890 1340; baseline -0.004 -9"><span class='ocrx_word' id='word_1_576' title='bbox 1105 1304 1165 1331; x_wconf 80' lang='grc' dir='ltr'>καθ’</span> <span class='ocrx_word' id='word_1_577' title='bbox 1191 1303 1270 1340; x_wconf 77' lang='grc' dir='ltr'>ἡμῶν</span> <span class='ocrx_word' id='word_1_578' title='bbox 1287 1305 1477 1339; x_wconf 82' lang='grc' dir='ltr'>πεποιήκασιν,</span> <span class='ocrx_word' id='word_1_579' title='bbox 1505 1304 1612 1338; x_wconf 64' lang='grc' dir='ltr'>ἔλεγεψ</span> <span class='ocrx_word' id='word_1_580' title='bbox 1642 1304 1701 1330; x_wconf 83' lang='grc' dir='ltr'>οὐκ</span> <span class='ocrx_word' id='word_1_581' title='bbox 1719 1303 1804 1330; x_wconf 74' lang='grc' dir='ltr'>ἐστιν</span> <span class='ocrx_word' id='word_1_582' title='bbox 1821 1302 1890 1334; x_wconf 79' lang='grc' dir='ltr'>ἔθος</span> 
     </span>
    </p>
   </div>
   <div class='ocr_carea' id='block_1_80' title="bbox 1110 1347 1888 1384">
    <p class='ocr_par' dir='ltr' id='par_1_80' title="bbox 1110 1347 1888 1384">
     <span class='ocr_line' id='line_1_80' title="bbox 1110 1347 1888 1384; baseline -0.004 -8"><span class='ocrx_word' id='word_1_583' title='bbox 1110 1350 1259 1384; x_wconf 82' lang='grc' dir='ltr'>Ῥωμαίοις</span> <span class='ocrx_word' id='word_1_584' title='bbox 1280 1348 1449 1383; x_wconf 79' lang='grc' dir='ltr'>χαρίζεσθαι</span> <span class='ocrx_word' id='word_1_585' title='bbox 1467 1358 1534 1375; x_wconf 78' lang='grc' dir='ltr'>τινα</span> <span class='ocrx_word' id='word_1_586' title='bbox 1551 1349 1716 1382; x_wconf 76' lang='grc' dir='ltr'>ἄνθρωπον,</span> <span class='ocrx_word' id='word_1_587' title='bbox 1736 1348 1806 1382; x_wconf 79' lang='grc' dir='ltr'>πρὶν</span> <span class='ocrx_word' id='word_1_588' title='bbox 1831 1347 1851 1381; x_wconf 83' lang='grc' dir='ltr'><strong>ἢ</strong></span> <span class='ocrx_word' id='word_1_589' title='bbox 1871 1349 1888 1374; x_wconf 82' lang='grc' dir='ltr'><em>ό</em></span> 
     </span>
    </p>
   </div>
   <div class='ocr_carea' id='block_1_81' title="bbox 1104 1395 1890 1431">
    <p class='ocr_par' dir='ltr' id='par_1_81' title="bbox 1104 1395 1890 1431">
     <span class='ocr_line' id='line_1_81' title="bbox 1104 1395 1890 1431; baseline -0.003 -8"><span class='ocrx_word' id='word_1_590' title='bbox 1104 1397 1359 1431; x_wconf 76' lang='grc' dir='ltr'>κατηγορούμενος</span> <span class='ocrx_word' id='word_1_591' title='bbox 1375 1397 1450 1424; x_wconf 81' lang='grc' dir='ltr'>κατὰ</span> <span class='ocrx_word' id='word_1_592' title='bbox 1463 1397 1624 1431; x_wconf 78' lang='grc' dir='ltr'>πρόσωπον</span> <span class='ocrx_word' id='word_1_593' title='bbox 1645 1395 1709 1430; x_wconf 82' lang='grc' dir='ltr'>ἔχοι</span> <span class='ocrx_word' id='word_1_594' title='bbox 1727 1395 1797 1428; x_wconf 73' lang='grc' dir='ltr'><strong>τοὺς</strong></span> <span class='ocrx_word' id='word_1_595' title='bbox 1819 1402 1890 1421; x_wconf 79' lang='grc' dir='ltr'>κατ-</span> 
     </span>
    </p>
   </div>
   <div class='ocr_carea' id='block_1_82' title="bbox 1104 1441 1888 1477">
    <p class='ocr_par' dir='ltr' id='par_1_82' title="bbox 1104 1441 1888 1477">
     <span class='ocr_line' id='line_1_82' title="bbox 1104 1441 1888 1477; baseline -0.001 -9"><span class='ocrx_word' id='word_1_596' title='bbox 1104 1443 1243 1477; x_wconf 75' lang='grc' dir='ltr'>ηγόρους,</span> <span class='ocrx_word' id='word_1_597' title='bbox 1259 1443 1352 1469; x_wconf 80' lang='grc' dir='ltr'><strong>τόπον</strong></span> <span class='ocrx_word' id='word_1_598' title='bbox 1367 1450 1399 1468; x_wconf 75' lang='grc' dir='ltr'><strong>τε</strong></span> <span class='ocrx_word' id='word_1_599' title='bbox 1413 1442 1577 1476; x_wconf 67' lang='grc' dir='ltr'>ἀπολογίας</span> <span class='ocrx_word' id='word_1_600' title='bbox 1589 1442 1675 1468; x_wconf 70' lang='grc' dir='ltr'><strong>λάϐοι</strong></span> <span class='ocrx_word' id='word_1_601' title='bbox 1688 1441 1755 1475; x_wconf 76' lang='grc' dir='ltr'>περὶ</span> <span class='ocrx_word' id='word_1_602' title='bbox 1769 1441 1821 1467; x_wconf 83' lang='grc' dir='ltr'><strong>τοῦ</strong></span> <span class='ocrx_word' id='word_1_603' title='bbox 1839 1441 1888 1474; x_wconf 73' lang='grc' dir='ltr'><strong>ἐτι-</strong></span> 
     </span>
    </p>
   </div>
   <div class='ocr_carea' id='block_1_83' title="bbox 1105 1486 1888 1524">
    <p class='ocr_par' dir='ltr' id='par_1_83' title="bbox 1105 1486 1888 1524">
     <span class='ocr_line' id='line_1_83' title="bbox 1105 1486 1888 1524; baseline -0.003 -10"><span class='ocrx_word' id='word_1_604' title='bbox 1105 1488 1268 1522; x_wconf 79' lang='grc' dir='ltr'>κλήματος.</span> <span class='ocrx_word' id='word_1_605' title='bbox 1303 1487 1372 1515; x_wconf 79' lang='grc' dir='ltr'>Ἀλλ’</span> <span class='ocrx_word' id='word_1_606' title='bbox 1399 1488 1423 1514; x_wconf 81' lang='grc' dir='ltr'>οἱ</span> <span class='ocrx_word' id='word_1_607' title='bbox 1445 1488 1508 1524; x_wconf 81' lang='grc' dir='ltr'>περὶ</span> <span class='ocrx_word' id='word_1_608' title='bbox 1533 1487 1662 1514; x_wconf 76' lang='grc' dir='ltr'>Εὑσέὸιον</span> <span class='ocrx_word' id='word_1_609' title='bbox 1680 1487 1726 1513; x_wconf 79' lang='grc' dir='ltr'><strong>καὶ</strong></span> <span class='ocrx_word' id='word_1_610' title='bbox 1746 1487 1790 1513; x_wconf 85' lang='grc' dir='ltr'><strong>τὸν</strong></span> <span class='ocrx_word' id='word_1_611' title='bbox 1807 1486 1888 1521; x_wconf 79' lang='grc' dir='ltr'>νόμον</span> 
     </span>
    </p>
   </div>
   <div class='ocr_carea' id='block_1_84' title="bbox 1105 1533 1888 1569">
    <p class='ocr_par' dir='ltr' id='par_1_84' title="bbox 1105 1533 1888 1569">
     <span class='ocr_line' id='line_1_84' title="bbox 1105 1533 1888 1569; baseline -0.003 -9"><span class='ocrx_word' id='word_1_612' title='bbox 1105 1535 1265 1569; x_wconf 81' lang='grc' dir='ltr'>παραποιεϊν</span> <span class='ocrx_word' id='word_1_613' title='bbox 1279 1533 1440 1569; x_wconf 81' lang='grc' dir='ltr'>ἐτόλμησαν,</span> <span class='ocrx_word' id='word_1_614' title='bbox 1470 1534 1515 1562; x_wconf 79' lang='grc' dir='ltr'>καὶ</span> <span class='ocrx_word' id='word_1_615' title='bbox 1537 1533 1615 1560; x_wconf 81' lang='grc' dir='ltr'>πλέον</span> <span class='ocrx_word' id='word_1_616' title='bbox 1644 1533 1698 1560; x_wconf 83' lang='grc' dir='ltr'>τῶν</span> <span class='ocrx_word' id='word_1_617' title='bbox 1726 1533 1888 1559; x_wconf 81' lang='grc' dir='ltr'>ἀδικούντων</span> 
     </span>
    </p>
   </div>
   <div class='ocr_carea' id='block_1_85' title="bbox 1067 1570 1888 1616">
    <p class='ocr_par' dir='ltr' id='par_1_85' title="bbox 1067 1570 1888 1616">
     <span class='ocr_line' id='line_1_85' title="bbox 1067 1570 1888 1616; baseline -0.004 -9"><span class='ocrx_word' id='word_1_618' title='bbox 1067 1570 1087 1598; x_wconf 78' lang='lat' dir='ltr'>c</span> <span class='ocrx_word' id='word_1_619' title='bbox 1103 1580 1260 1616; x_wconf 82' lang='grc' dir='ltr'>ἀδικώτεροι</span> <span class='ocrx_word' id='word_1_620' title='bbox 1283 1574 1436 1614; x_wconf 64' lang='grc' dir='ltr'>γεγόνασινξ</span> <span class='ocrx_word' id='word_1_621' title='bbox 1455 1581 1492 1606; x_wconf 79' lang='grc' dir='ltr'><strong>Οὐ</strong></span> <span class='ocrx_word' id='word_1_622' title='bbox 1508 1579 1562 1615; x_wconf 83' lang='grc' dir='ltr'>γὰρ</span> <span class='ocrx_word' id='word_1_623' title='bbox 1580 1579 1609 1613; x_wconf 77' lang='grc' dir='ltr'><strong>ἐξ</strong></span> <span class='ocrx_word' id='word_1_624' title='bbox 1623 1579 1710 1615; x_wconf 84' lang='grc' dir='ltr'>ἀρχῆς</span> <span class='ocrx_word' id='word_1_625' title='bbox 1734 1578 1888 1613; x_wconf 82' lang='grc' dir='ltr'>καταμόνας</span> 
     </span>
    </p>
   </div>
   <div class='ocr_carea' id='block_1_86' title="bbox 1104 1623 1887 1661">
    <p class='ocr_par' dir='ltr' id='par_1_86' title="bbox 1104 1623 1887 1661">
     <span class='ocr_line' id='line_1_86' title="bbox 1104 1623 1887 1661; baseline -0.004 -9"><span class='ocrx_word' id='word_1_626' title='bbox 1104 1625 1234 1661; x_wconf 79' lang='grc' dir='ltr'>ἔπραξαν,</span> <span class='ocrx_word' id='word_1_627' title='bbox 1252 1625 1308 1651; x_wconf 72' lang='grc' dir='ltr'>ἀλλ’</span> <span class='ocrx_word' id='word_1_628' title='bbox 1324 1625 1369 1651; x_wconf 79' lang='grc' dir='ltr'>ὅτε</span> <span class='ocrx_word' id='word_1_629' title='bbox 1389 1625 1527 1660; x_wconf 82' lang='grc' dir='ltr'>παρόντων</span> <span class='ocrx_word' id='word_1_630' title='bbox 1544 1624 1621 1660; x_wconf 85' lang='grc' dir='ltr'>ἡμῶν</span> <span class='ocrx_word' id='word_1_631' title='bbox 1643 1623 1810 1658; x_wconf 72' lang='grc' dir='ltr'>ἠσθένησαν,</span> <span class='ocrx_word' id='word_1_632' title='bbox 1826 1623 1887 1650; x_wconf 84' lang='grc' dir='ltr'>τότε</span> 
     </span>
    </p>
   </div>
   <div class='ocr_carea' id='block_1_87' title="bbox 1103 1669 1888 1705">
    <p class='ocr_par' dir='ltr' id='par_1_87' title="bbox 1103 1669 1888 1705">
     <span class='ocr_line' id='line_1_87' title="bbox 1103 1669 1888 1705; baseline -0.005 -7"><span class='ocrx_word' id='word_1_633' title='bbox 1103 1671 1194 1698; x_wconf 78' lang='grc' dir='ltr'>λοιπὸν</span> <span class='ocrx_word' id='word_1_634' title='bbox 1211 1671 1372 1703; x_wconf 78' lang='grc' dir='ltr'>ἐξελθόντες,</span> <span class='ocrx_word' id='word_1_635' title='bbox 1391 1671 1429 1702; x_wconf 83' lang='grc' dir='ltr'><strong>ὡς</strong></span> <span class='ocrx_word' id='word_1_636' title='bbox 1455 1670 1584 1702; x_wconf 82' lang='grc' dir='ltr'>Ἰουδαῖοι,</span> <span class='ocrx_word' id='word_1_637' title='bbox 1610 1669 1769 1705; x_wconf 80' lang='grc' dir='ltr'>συμϐούλιον</span> <span class='ocrx_word' id='word_1_638' title='bbox 1792 1669 1888 1695; x_wconf 76' lang='grc' dir='ltr'>ἔλαϐον</span> 
     </span>
    </p>
   </div>
   <div class='ocr_carea' id='block_1_88' title="bbox 1104 1716 1887 1754">
    <p class='ocr_par' dir='ltr' id='par_1_88' title="bbox 1104 1716 1887 1754">
     <span class='ocr_line' id='line_1_88' title="bbox 1104 1716 1887 1754; baseline -0.006 -8"><span class='ocrx_word' id='word_1_639' title='bbox 1104 1719 1270 1754; x_wconf 83' lang='grc' dir='ltr'>καταμόνας,</span> <span class='ocrx_word' id='word_1_640' title='bbox 1288 1719 1445 1754; x_wconf 82' lang='grc' dir='ltr'><strong>ὅπωςήμᾶς</strong></span> <span class='ocrx_word' id='word_1_641' title='bbox 1462 1718 1510 1753; x_wconf 84' lang='grc' dir='ltr'>μὲν</span> <span class='ocrx_word' id='word_1_642' title='bbox 1524 1717 1685 1748; x_wconf 81' lang='grc' dir='ltr'>ἀπολέσωσι,</span> <span class='ocrx_word' id='word_1_643' title='bbox 1702 1716 1750 1751; x_wconf 78' lang='grc' dir='ltr'><strong>τὴν</strong></span> <span class='ocrx_word' id='word_1_644' title='bbox 1768 1716 1795 1742; x_wconf 84' lang='grc' dir='ltr'>δὲ</span> <span class='ocrx_word' id='word_1_645' title='bbox 1812 1716 1887 1750; x_wconf 77' lang='grc' dir='ltr'>αἴρε-</span> 
     </span>
    </p>
   </div>
   <div class='ocr_carea' id='block_1_89' title="bbox 1105 1762 1886 1799">
    <p class='ocr_par' dir='ltr' id='par_1_89' title="bbox 1105 1762 1886 1799">
     <span class='ocr_line' id='line_1_89' title="bbox 1105 1762 1886 1799; baseline -0.006 -7"><span class='ocrx_word' id='word_1_646' title='bbox 1105 1774 1147 1792; x_wconf 89' lang='grc' dir='ltr'><strong>σιν</strong></span> <span class='ocrx_word' id='word_1_647' title='bbox 1159 1765 1351 1799; x_wconf 74' lang='grc' dir='ltr'>εἰσαγάγωσιν.</span> <span class='ocrx_word' id='word_1_648' title='bbox 1368 1764 1406 1796; x_wconf 86' lang='grc' dir='ltr'><em>ὼς</em></span> <span class='ocrx_word' id='word_1_649' title='bbox 1419 1765 1515 1791; x_wconf 72' lang='grc' dir='ltr'>ἐκεῖνοι</span> <span class='ocrx_word' id='word_1_650' title='bbox 1526 1763 1571 1789; x_wconf 81' lang='grc' dir='ltr'><strong>τὸν</strong></span> <span class='ocrx_word' id='word_1_651' title='bbox 1587 1762 1730 1798; x_wconf 74' lang='grc' dir='ltr'>Βαραϐϐᾶν</span> <span class='ocrx_word' id='word_1_652' title='bbox 1744 1762 1886 1797; x_wconf 78' lang='grc' dir='ltr'>ᾐτήσαντο·</span> 
     </span>
    </p>
   </div>
   <div class='ocr_carea' id='block_1_90' title="bbox 1105 1807 1888 1846">
    <p class='ocr_par' dir='ltr' id='par_1_90' title="bbox 1105 1807 1888 1846">
     <span class='ocr_line' id='line_1_90' title="bbox 1105 1807 1888 1846; baseline -0.008 -8"><span class='ocrx_word' id='word_1_653' title='bbox 1105 1811 1198 1838; x_wconf 81' lang='grc' dir='ltr'>τούτου</span> <span class='ocrx_word' id='word_1_654' title='bbox 1212 1811 1291 1846; x_wconf 82' lang='grc' dir='ltr'>χάριν</span> <span class='ocrx_word' id='word_1_655' title='bbox 1302 1811 1379 1838; x_wconf 73' lang='grc' dir='ltr'>αὐτοὶ</span> <span class='ocrx_word' id='word_1_656' title='bbox 1390 1810 1476 1836; x_wconf 81' lang='grc' dir='ltr'>ταῦτα</span> <span class='ocrx_word' id='word_1_657' title='bbox 1487 1809 1575 1836; x_wconf 71' lang='grc' dir='ltr'>πάντα</span> <span class='ocrx_word' id='word_1_658' title='bbox 1587 1808 1764 1844; x_wconf 81' lang='grc' dir='ltr'>πεποιηκέναι</span> <span class='ocrx_word' id='word_1_659' title='bbox 1778 1807 1810 1833; x_wconf 83' lang='grc' dir='ltr'>δι’</span> <span class='ocrx_word' id='word_1_660' title='bbox 1825 1807 1888 1833; x_wconf 77' lang='grc' dir='ltr'>ἔαυ-</span> 
     </span>
    </p>
   </div>
   <div class='ocr_carea' id='block_1_91' title="bbox 1105 1857 1894 1892">
    <p class='ocr_par' dir='ltr' id='par_1_91' title="bbox 1105 1857 1894 1892">
     <span class='ocr_line' id='line_1_91' title="bbox 1105 1857 1894 1892; baseline -0.008 -8"><span class='ocrx_word' id='word_1_661' title='bbox 1105 1858 1159 1884; x_wconf 84' lang='grc' dir='ltr'>τῶν</span> <span class='ocrx_word' id='word_1_662' title='bbox 1171 1857 1358 1892; x_wconf 80' lang='grc' dir='ltr'>ὡμολόγησαν.</span> <span class='ocrx_word' id='word_1_663' title='bbox 1891 1862 1894 1889; x_wconf 69' lang='grc' dir='ltr'><strong>ι</strong></span> 
     </span>
    </p>
   </div>
   <div class='ocr_carea' id='block_1_92' title="bbox 1139 1898 1887 1937">
    <p class='ocr_par' dir='ltr' id='par_1_92' title="bbox 1139 1898 1887 1937">
     <span class='ocr_line' id='line_1_92' title="bbox 1139 1898 1887 1937; baseline -0.007 -8"><span class='ocrx_word' id='word_1_664' title='bbox 1139 1903 1182 1930; x_wconf 77' lang='lat'><strong>83.</strong></span> <span class='ocrx_word' id='word_1_665' title='bbox 1200 1902 1255 1929; x_wconf 77' lang='grc' dir='ltr'>Καὶ</span> <span class='ocrx_word' id='word_1_666' title='bbox 1270 1903 1294 1928; x_wconf 83' lang='grc' dir='ltr'>εἰ</span> <span class='ocrx_word' id='word_1_667' title='bbox 1310 1902 1390 1937; x_wconf 83' lang='grc' dir='ltr'>ἀρκεῖ</span> <span class='ocrx_word' id='word_1_668' title='bbox 1411 1900 1496 1928; x_wconf 78' lang='grc' dir='ltr'>ταῦτα</span> <span class='ocrx_word' id='word_1_669' title='bbox 1518 1899 1586 1936; x_wconf 85' lang='grc' dir='ltr'>πρὸς</span> <span class='ocrx_word' id='word_1_670' title='bbox 1611 1900 1700 1926; x_wconf 81' lang='grc' dir='ltr'>πᾶσαν</span> <span class='ocrx_word' id='word_1_671' title='bbox 1729 1898 1887 1932; x_wconf 83' lang='grc' dir='ltr'>ἀπολογίαν,</span> 
     </span>
    </p>
   </div>
   <div class='ocr_carea' id='block_1_93' title="bbox 1105 1944 1890 1983">
    <p class='ocr_par' dir='ltr' id='par_1_93' title="bbox 1105 1944 1890 1983">
     <span class='ocr_line' id='line_1_93' title="bbox 1105 1944 1890 1983; baseline -0.008 -8"><span class='ocrx_word' id='word_1_672' title='bbox 1105 1949 1178 1983; x_wconf 84' lang='grc' dir='ltr'>ὅμως</span> <span class='ocrx_word' id='word_1_673' title='bbox 1192 1947 1262 1982; x_wconf 76' lang='grc' dir='ltr'>ὑπὲρ</span> <span class='ocrx_word' id='word_1_674' title='bbox 1284 1946 1330 1973; x_wconf 84' lang='grc' dir='ltr'>τοῦ</span> <span class='ocrx_word' id='word_1_675' title='bbox 1347 1947 1394 1973; x_wconf 78' lang='grc' dir='ltr'>καὶ</span> <span class='ocrx_word' id='word_1_676' title='bbox 1412 1946 1491 1972; x_wconf 87' lang='grc' dir='ltr'>πλέον</span> <span class='ocrx_word' id='word_1_677' title='bbox 1505 1945 1605 1971; x_wconf 85' lang='grc' dir='ltr'>τούτων</span> <span class='ocrx_word' id='word_1_678' title='bbox 1621 1945 1670 1979; x_wconf 81' lang='grc' dir='ltr'>μὲν</span> <span class='ocrx_word' id='word_1_679' title='bbox 1687 1944 1736 1979; x_wconf 83' lang='grc' dir='ltr'><strong>τὴν</strong></span> <span class='ocrx_word' id='word_1_680' title='bbox 1757 1944 1890 1979; x_wconf 80' lang='grc' dir='ltr'>πονηρίαν</span> 
     </span>
    </p>
   </div>
   <div class='ocr_carea' id='block_1_94' title="bbox 1105 1989 1891 2029">
    <p class='ocr_par' dir='ltr' id='par_1_94' title="bbox 1105 1989 1891 2029">
     <span class='ocr_line' id='line_1_94' title="bbox 1105 1989 1891 2029; baseline -0.006 -9"><span class='ocrx_word' id='word_1_681' title='bbox 1105 1994 1252 2029; x_wconf 78' lang='grc' dir='ltr'>δειχθῆναι,</span> <span class='ocrx_word' id='word_1_682' title='bbox 1266 1993 1315 2027; x_wconf 83' lang='grc' dir='ltr'><strong>τῆς</strong></span> <span class='ocrx_word' id='word_1_683' title='bbox 1328 1992 1355 2019; x_wconf 84' lang='grc' dir='ltr'>δὲ</span> <span class='ocrx_word' id='word_1_684' title='bbox 1368 1991 1496 2027; x_wconf 80' lang='grc' dir='ltr'>ἀληθείας</span> <span class='ocrx_word' id='word_1_685' title='bbox 1506 1991 1555 2024; x_wconf 86' lang='grc' dir='ltr'><strong>τὴν</strong></span> <span class='ocrx_word' id='word_1_686' title='bbox 1565 1990 1730 2026; x_wconf 77' lang='grc' dir='ltr'>ἐλευθερίαν,</span> <span class='ocrx_word' id='word_1_687' title='bbox 1745 1989 1820 2016; x_wconf 70' lang='grc' dir='ltr'>οὐδὲν</span> <span class='ocrx_word' id='word_1_688' title='bbox 1833 1989 1891 2015; x_wconf 76' lang='grc' dir='ltr'>ἐλύ-</span> 
     </span>
    </p>
   </div>
   <div class='ocr_carea' id='block_1_95' title="bbox 1105 2036 1888 2074">
    <p class='ocr_par' dir='ltr' id='par_1_95' title="bbox 1105 2036 1888 2074">
     <span class='ocr_line' id='line_1_95' title="bbox 1105 2036 1888 2074; baseline -0.006 -8"><span class='ocrx_word' id='word_1_689' title='bbox 1105 2048 1152 2066; x_wconf 83' lang='grc' dir='ltr'><strong>πει</strong></span> <span class='ocrx_word' id='word_1_690' title='bbox 1169 2040 1215 2066; x_wconf 72' lang='grc' dir='ltr'><strong>καὶ</strong></span> <span class='ocrx_word' id='word_1_691' title='bbox 1238 2038 1318 2065; x_wconf 79' lang='grc' dir='ltr'>πάλιν</span> <span class='ocrx_word' id='word_1_692' title='bbox 1332 2038 1495 2074; x_wconf 83' lang='grc' dir='ltr'>ὑπομνῆσαι,</span> <span class='ocrx_word' id='word_1_693' title='bbox 1516 2038 1562 2064; x_wconf 75' lang='grc' dir='ltr'><strong>καὶ</strong></span> <span class='ocrx_word' id='word_1_694' title='bbox 1577 2037 1669 2068; x_wconf 77' lang='grc' dir='ltr'>δεῖξαι,</span> <span class='ocrx_word' id='word_1_695' title='bbox 1680 2036 1717 2068; x_wconf 81' lang='grc' dir='ltr'><strong>ὡς</strong></span> <span class='ocrx_word' id='word_1_696' title='bbox 1732 2036 1809 2062; x_wconf 69' lang='grc' dir='ltr'>αὐτοὶ</span> <span class='ocrx_word' id='word_1_697' title='bbox 1823 2036 1888 2068; x_wconf 72' lang='grc' dir='ltr'>ἑαύ-</span> 
     </span>
    </p>
   </div>
   <div class='ocr_carea' id='block_1_96' title="bbox 1105 2081 1891 2120">
    <p class='ocr_par' dir='ltr' id='par_1_96' title="bbox 1105 2081 1891 2120">
     <span class='ocr_line' id='line_1_96' title="bbox 1105 2081 1891 2120; baseline -0.008 -8"><span class='ocrx_word' id='word_1_698' title='bbox 1105 2087 1162 2118; x_wconf 78' lang='grc' dir='ltr'>τοῖς</span> <span class='ocrx_word' id='word_1_699' title='bbox 1175 2085 1283 2112; x_wconf 78' lang='grc' dir='ltr'>ἐναντία</span> <span class='ocrx_word' id='word_1_700' title='bbox 1307 2084 1438 2120; x_wconf 80' lang='grc' dir='ltr'>ἔπραξαν,</span> <span class='ocrx_word' id='word_1_701' title='bbox 1457 2084 1503 2109; x_wconf 73' lang='grc' dir='ltr'>καὶ</span> <span class='ocrx_word' id='word_1_702' title='bbox 1513 2083 1560 2115; x_wconf 80' lang='grc' dir='ltr'><strong>ὡς,</strong></span> <span class='ocrx_word' id='word_1_703' title='bbox 1580 2083 1608 2108; x_wconf 82' lang='grc' dir='ltr'><strong>έν</strong></span> <span class='ocrx_word' id='word_1_704' title='bbox 1626 2082 1713 2116; x_wconf 80' lang='grc' dir='ltr'>σκότῳ</span> <span class='ocrx_word' id='word_1_705' title='bbox 1731 2081 1891 2116; x_wconf 77' lang='grc' dir='ltr'>βουλευόμε-</span> 
     </span>
    </p>
   </div>
   <div class='ocr_carea' id='block_1_97' title="bbox 1106 2128 1890 2166">
    <p class='ocr_par' dir='ltr' id='par_1_97' title="bbox 1106 2128 1890 2166">
     <span class='ocr_line' id='line_1_97' title="bbox 1106 2128 1890 2166; baseline -0.006 -8"><span class='ocrx_word' id='word_1_706' title='bbox 1106 2141 1155 2163; x_wconf 85' lang='grc' dir='ltr'>νοι,</span> <span class='ocrx_word' id='word_1_707' title='bbox 1167 2133 1222 2163; x_wconf 85' lang='grc' dir='ltr'>τοῖς</span> <span class='ocrx_word' id='word_1_708' title='bbox 1238 2130 1340 2157; x_wconf 80' lang='grc' dir='ltr'>ἑαυτῶν</span> <span class='ocrx_word' id='word_1_709' title='bbox 1351 2130 1545 2166; x_wconf 83' lang='grc' dir='ltr'>προσέκοπτον,</span> <span class='ocrx_word' id='word_1_710' title='bbox 1559 2129 1605 2156; x_wconf 84' lang='grc' dir='ltr'>καὶ</span> <span class='ocrx_word' id='word_1_711' title='bbox 1620 2128 1741 2159; x_wconf 82' lang='grc' dir='ltr'>θέλοντες</span> <span class='ocrx_word' id='word_1_712' title='bbox 1755 2128 1829 2163; x_wconf 77' lang='grc' dir='ltr'>ἡμᾶς</span> <span class='ocrx_word' id='word_1_713' title='bbox 1844 2128 1890 2154; x_wconf 85' lang='grc' dir='ltr'>ἀν-</span> 
     </span>
    </p>
   </div>
   <div class='ocr_carea' id='block_1_98' title="bbox 1106 2174 1890 2212">
    <p class='ocr_par' dir='ltr' id='par_1_98' title="bbox 1106 2174 1890 2212">
     <span class='ocr_line' id='line_1_98' title="bbox 1106 2174 1890 2212; baseline -0.008 -8"><span class='ocrx_word' id='word_1_714' title='bbox 1106 2178 1186 2209; x_wconf 85' lang='grc' dir='ltr'>ελεῖν,</span> <span class='ocrx_word' id='word_1_715' title='bbox 1201 2176 1313 2208; x_wconf 79' lang='grc' dir='ltr'>ἑαυτοὺς</span> <span class='ocrx_word' id='word_1_716' title='bbox 1331 2176 1452 2212; x_wconf 76' lang='grc' dir='ltr'>ἔτρωσαν</span> <span class='ocrx_word' id='word_1_717' title='bbox 1465 2176 1502 2207; x_wconf 84' lang='grc' dir='ltr'>ὡς</span> <span class='ocrx_word' id='word_1_718' title='bbox 1519 2175 1685 2211; x_wconf 79' lang='grc' dir='ltr'>μαινόμενοι.</span> <span class='ocrx_word' id='word_1_719' title='bbox 1704 2174 1771 2209; x_wconf 80' lang='grc' dir='ltr'>Περὶ</span> <span class='ocrx_word' id='word_1_720' title='bbox 1784 2181 1890 2208; x_wconf 85' lang='grc' dir='ltr'>μυστη-</span> 
     </span>
    </p>
   </div>
   <div class='ocr_carea' id='block_1_99' title="bbox 1126 2221 1889 2259">
    <p class='ocr_par' dir='ltr' id='par_1_99' title="bbox 1126 2221 1889 2259">
     <span class='ocr_line' id='line_1_99' title="bbox 1126 2221 1889 2259; baseline -0.005 -9"><span class='ocrx_word' id='word_1_721' title='bbox 1126 2223 1170 2250; x_wconf 82' lang='grc' dir='ltr'><strong>ίων</strong></span> <span class='ocrx_word' id='word_1_722' title='bbox 1186 2223 1240 2259; x_wconf 87' lang='grc' dir='ltr'>γὰρ</span> <span class='ocrx_word' id='word_1_723' title='bbox 1254 2222 1425 2258; x_wconf 58' lang='grc' dir='ltr'>ἐρευνῶντες,</span> <span class='ocrx_word' id='word_1_724' title='bbox 1440 2222 1579 2253; x_wconf 75' lang='grc' dir='ltr'>Ἰουδαίους</span> <span class='ocrx_word' id='word_1_725' title='bbox 1595 2222 1747 2256; x_wconf 76' lang='grc' dir='ltr'>ἀνέκρινον,</span> <span class='ocrx_word' id='word_1_726' title='bbox 1758 2221 1805 2247; x_wconf 71' lang='grc' dir='ltr'>καὶ</span> <span class='ocrx_word' id='word_1_727' title='bbox 1819 2228 1889 2247; x_wconf 86' lang='grc' dir='ltr'>κατ-</span> 
     </span>
    </p>
   </div>
   <div class='ocr_carea' id='block_1_100' title="bbox 1106 2264 1890 2305">
    <p class='ocr_par' dir='ltr' id='par_1_100' title="bbox 1106 2264 1890 2305">
     <span class='ocr_line' id='line_1_100' title="bbox 1106 2264 1890 2305; baseline -0.004 -10"><span class='ocrx_word' id='word_1_728' title='bbox 1106 2269 1270 2305; x_wconf 81' lang='grc' dir='ltr'>ηχουμένους</span> <span class='ocrx_word' id='word_1_729' title='bbox 1287 2267 1415 2304; x_wconf 73' lang='grc' dir='ltr'>ἐξήταζον</span> <span class='ocrx_word' id='word_1_730' title='bbox 1424 2277 1430 2284; x_wconf 70' lang='grc' dir='ltr'><strong>ο</strong></span> <span class='ocrx_word' id='word_1_731' title='bbox 1443 2278 1452 2294; x_wconf 86' lang='grc'><strong>‹</strong></span> <span class='ocrx_word' id='word_1_732' title='bbox 1466 2268 1519 2294; x_wconf 79' lang='grc' dir='ltr'><strong>Ποῦ</strong></span> <span class='ocrx_word' id='word_1_733' title='bbox 1528 2266 1587 2303; x_wconf 85' lang='grc' dir='ltr'>ἦτε,</span> <span class='ocrx_word' id='word_1_734' title='bbox 1603 2268 1646 2294; x_wconf 81' lang='grc' dir='ltr'>ὅτε</span> <span class='ocrx_word' id='word_1_735' title='bbox 1658 2268 1798 2301; x_wconf 81' lang='grc' dir='ltr'>Μακάριος</span> <span class='ocrx_word' id='word_1_736' title='bbox 1813 2264 1890 2301; x_wconf 74' lang='grc' dir='ltr'>ἦλθε,</span> 
     </span>
    </p>
   </div>
   <div class='ocr_carea' id='block_1_101' title="bbox 1105 2313 1891 2350">
    <p class='ocr_par' dir='ltr' id='par_1_101' title="bbox 1105 2313 1891 2350">
     <span class='ocr_line' id='line_1_101' title="bbox 1105 2313 1891 2350; baseline -0.004 -8"><span class='ocrx_word' id='word_1_737' title='bbox 1105 2315 1151 2342; x_wconf 77' lang='grc' dir='ltr'><strong>καὶ</strong></span> <span class='ocrx_word' id='word_1_738' title='bbox 1166 2314 1295 2350; x_wconf 77' lang='grc' dir='ltr'>ἀνέτρεψε</span> <span class='ocrx_word' id='word_1_739' title='bbox 1306 2314 1354 2349; x_wconf 85' lang='grc' dir='ltr'>τὴν</span> <span class='ocrx_word' id='word_1_740' title='bbox 1367 2314 1521 2349; x_wconf 77' lang='grc' dir='ltr'>τράπεζαν;</span> <span class='ocrx_word' id='word_1_741' title='bbox 1541 2324 1549 2339; x_wconf 75' lang='grc' dir='ltr'><strong>ι</strong></span> <span class='ocrx_word' id='word_1_742' title='bbox 1561 2314 1687 2340; x_wconf 75' lang='grc' dir='ltr'>Κάκεῖνοι</span> <span class='ocrx_word' id='word_1_743' title='bbox 1698 2313 1891 2348; x_wconf 83' lang='grc' dir='ltr'>ἀπεκρίναντο,</span> 
     </span>
    </p>
   </div>
   <div class='ocr_carea' id='block_1_102' title="bbox 1104 2357 1892 2395">
    <p class='ocr_par' dir='ltr' id='par_1_102' title="bbox 1104 2357 1892 2395">
     <span class='ocr_line' id='line_1_102' title="bbox 1104 2357 1892 2395; baseline -0.004 -7"><span class='ocrx_word' id='word_1_744' title='bbox 1104 2362 1145 2388; x_wconf 79' lang='grc' dir='ltr'>ὄτι</span> <span class='ocrx_word' id='word_1_745' title='bbox 1162 2370 1170 2385; x_wconf 84' lang='lat' dir='ltr'><strong>t</strong></span> <span class='ocrx_word' id='word_1_746' title='bbox 1184 2361 1277 2387; x_wconf 85' lang='grc' dir='ltr'>Ἐνδον</span> <span class='ocrx_word' id='word_1_747' title='bbox 1290 2360 1365 2391; x_wconf 73' lang='grc' dir='ltr'>ὄντες</span> <span class='ocrx_word' id='word_1_748' title='bbox 1373 2360 1562 2395; x_wconf 77' lang='grc' dir='ltr'>ἐτυγχάνομεν.</span> <span class='ocrx_word' id='word_1_749' title='bbox 1578 2369 1587 2385; x_wconf 68' lang='grc' dir='ltr'><strong>ι</strong></span> <span class='ocrx_word' id='word_1_750' title='bbox 1598 2359 1702 2386; x_wconf 80' lang='grc' dir='ltr'>Οὐκοῦν</span> <span class='ocrx_word' id='word_1_751' title='bbox 1710 2360 1758 2385; x_wconf 81' lang='grc' dir='ltr'><strong>οὐκ</strong></span> <span class='ocrx_word' id='word_1_752' title='bbox 1766 2357 1799 2394; x_wconf 79' lang='grc' dir='ltr'>ἦν</span> <span class='ocrx_word' id='word_1_753' title='bbox 1808 2367 1892 2394; x_wconf 75' lang='grc' dir='ltr'>προσ-</span> 
     </span>
    </p>
   </div>
   <div class='ocr_carea' id='block_1_103' title="bbox 1107 2404 1892 2442">
    <p class='ocr_par' dir='ltr' id='par_1_103' title="bbox 1107 2404 1892 2442">
     <span class='ocr_line' id='line_1_103' title="bbox 1107 2404 1892 2442; baseline -0.004 -9"><span class='ocrx_word' id='word_1_754' title='bbox 1107 2407 1178 2442; x_wconf 79' lang='grc' dir='ltr'>φορὰ</span> <span class='ocrx_word' id='word_1_755' title='bbox 1194 2407 1218 2433; x_wconf 79' lang='grc' dir='ltr'>εἰ</span> <span class='ocrx_word' id='word_1_756' title='bbox 1232 2406 1428 2442; x_wconf 85' lang='grc' dir='ltr'>κατηχούμενοι</span> <span class='ocrx_word' id='word_1_757' title='bbox 1450 2406 1522 2432; x_wconf 77' lang='grc' dir='ltr'>ἔνδον</span> <span class='ocrx_word' id='word_1_758' title='bbox 1535 2404 1613 2440; x_wconf 85' lang='grc' dir='ltr'>ἦσαν.</span> <span class='ocrx_word' id='word_1_759' title='bbox 1638 2405 1754 2431; x_wconf 83' lang='grc' dir='ltr'>Ἔπειτα</span> <span class='ocrx_word' id='word_1_760' title='bbox 1769 2405 1892 2440; x_wconf 71' lang='grc' dir='ltr'>γράψαν-</span> 
     </span>
    </p>
   </div>
   <div class='ocr_carea' id='block_1_104' title="bbox 1107 2450 1892 2487">
    <p class='ocr_par' dir='ltr' id='par_1_104' title="bbox 1107 2450 1892 2487">
     <span class='ocr_line' id='line_1_104' title="bbox 1107 2450 1892 2487; baseline -0.004 -8"><span class='ocrx_word' id='word_1_761' title='bbox 1107 2462 1152 2485; x_wconf 81' lang='grc' dir='ltr'>τες</span> <span class='ocrx_word' id='word_1_762' title='bbox 1163 2451 1310 2487; x_wconf 78' lang='grc' dir='ltr'>πανταχοῦ,</span> <span class='ocrx_word' id='word_1_763' title='bbox 1320 2452 1367 2484; x_wconf 83' lang='grc' dir='ltr'><strong>ὡς,</strong></span> <span class='ocrx_word' id='word_1_764' title='bbox 1381 2451 1496 2485; x_wconf 76' lang='grc' dir='ltr'>ἑστῶτος</span> <span class='ocrx_word' id='word_1_765' title='bbox 1507 2450 1553 2478; x_wconf 87' lang='grc' dir='ltr'>τοῦ</span> <span class='ocrx_word' id='word_1_766' title='bbox 1568 2450 1753 2487; x_wconf 77' lang='grc' dir='ltr'>πρεσϐυτέρου</span> <span class='ocrx_word' id='word_1_767' title='bbox 1773 2451 1820 2477; x_wconf 78' lang='grc' dir='ltr'>καὶ</span> <span class='ocrx_word' id='word_1_768' title='bbox 1831 2452 1892 2477; x_wconf 85' lang='grc' dir='ltr'>ὲπι-</span> 
     </span>
    </p>
   </div>
   <div class='ocr_carea' id='block_1_105' title="bbox 309 2501 1116 2540">
    <p class='ocr_par' dir='ltr' id='par_1_105' title="bbox 309 2501 1116 2540">
     <span class='ocr_line' id='line_1_105' title="bbox 309 2501 1116 2540; baseline 0.007 -11"><span class='ocrx_word' id='word_1_769' title='bbox 309 2501 332 2517; x_wconf 83' lang='lat'><strong>&quot;</strong></span> <span class='ocrx_word' id='word_1_770' title='bbox 349 2501 449 2531; x_wconf 84' lang='lat' dir='ltr'><strong>Jcrem.</strong></span> <span class='ocrx_word' id='word_1_771' title='bbox 462 2512 500 2538; x_wconf 79' lang='lat' dir='ltr'><strong>nr,</strong></span> <span class='ocrx_word' id='word_1_772' title='bbox 519 2504 545 2532; x_wconf 74' lang='lat'><strong>2.</strong></span> <span class='ocrx_word' id='word_1_773' title='bbox 583 2505 606 2521; x_wconf 78' lang='grc' dir='ltr'><strong>θ⁶</strong></span> <span class='ocrx_word' id='word_1_774' title='bbox 621 2505 681 2534; x_wconf 77' lang='lat' dir='ltr'><strong>Act.</strong></span> <span class='ocrx_word' id='word_1_775' title='bbox 700 2514 774 2538; x_wconf 80' lang='lat' dir='ltr'><strong>xxtv,</strong></span> <span class='ocrx_word' id='word_1_776' title='bbox 796 2506 839 2534; x_wconf 79' lang='grc'><strong>19.</strong></span> <span class='ocrx_word' id='word_1_777' title='bbox 876 2506 898 2522; x_wconf 80' lang='grc'><strong>⁸⁷</strong></span> <span class='ocrx_word' id='word_1_778' title='bbox 917 2507 977 2534; x_wconf 84' lang='lat' dir='ltr'><strong>Act.</strong></span> <span class='ocrx_word' id='word_1_779' title='bbox 996 2515 1059 2540; x_wconf 78' lang='lat' dir='ltr'><strong>xxv,</strong></span> <span class='ocrx_word' id='word_1_780' title='bbox 1074 2508 1116 2536; x_wconf 78' lang='grc'><strong>16.</strong></span> 
     </span>
    </p>
   </div>
   <div class='ocr_carea' id='block_1_106' title="bbox 309 2548 1056 2587">
    <p class='ocr_par' dir='ltr' id='par_1_106' title="bbox 309 2548 1056 2587">
     <span class='ocr_line' id='line_1_106' title="bbox 309 2548 1056 2587; baseline 0.008 -14"><span class='ocrx_word' id='word_1_781' title='bbox 309 2548 367 2587; x_wconf 67' lang='grc'><strong>(75)</strong></span> <span class='ocrx_word' id='word_1_782' title='bbox 461 2551 637 2587; x_wconf 74' lang='lat' dir='ltr'><strong>sequentibus</strong></span> <span class='ocrx_word' id='word_1_783' title='bbox 653 2551 708 2577; x_wconf 69' lang='lat' dir='ltr'><strong>lucc</strong></span> <span class='ocrx_word' id='word_1_784' title='bbox 724 2553 890 2582; x_wconf 67' lang='lat' dir='ltr'><strong>praemittunt</strong></span> <span class='ocrx_word' id='word_1_785' title='bbox 905 2561 912 2578; x_wconf 87' lang='lat'><strong>:</strong></span> <span class='ocrx_word' id='word_1_786' title='bbox 927 2554 1056 2587; x_wconf 86' lang='grc' dir='ltr'>Διήγησις</span> 
     </span>
    </p>
   </div>
   <div class='ocr_carea' id='block_1_107' title="bbox 273 2584 1055 2621">
    <p class='ocr_par' dir='ltr' id='par_1_107' title="bbox 273 2584 1055 2621">
     <span class='ocr_line' id='line_1_107' title="bbox 273 2584 1055 2621; baseline 0.006 -11"><span class='ocrx_word' id='word_1_787' title='bbox 273 2584 332 2621; x_wconf 76' lang='grc' dir='ltr'><strong>πῷς</strong></span> <span class='ocrx_word' id='word_1_788' title='bbox 350 2584 403 2621; x_wconf 73' lang='grc' dir='ltr'><strong>ἀπὸ</strong></span> <span class='ocrx_word' id='word_1_789' title='bbox 411 2584 499 2621; x_wconf 72' lang='grc' dir='ltr'>Τύρου</span> <span class='ocrx_word' id='word_1_790' title='bbox 511 2585 631 2620; x_wconf 84' lang='grc' dir='ltr'>ἀπῆλθεν</span> <span class='ocrx_word' id='word_1_791' title='bbox 641 2587 681 2618; x_wconf 76' lang='grc' dir='ltr'><strong>εἰς</strong></span> <span class='ocrx_word' id='word_1_792' title='bbox 698 2587 833 2621; x_wconf 75' lang='grc' dir='ltr'>Αἴγυπτον</span> <span class='ocrx_word' id='word_1_793' title='bbox 845 2589 858 2614; x_wconf 84' lang='grc' dir='ltr'>ὁ</span> <span class='ocrx_word' id='word_1_794' title='bbox 869 2584 1055 2619; x_wconf 62' lang='grc' dir='ltr'>πάπαςἎθαᾸ</span> 
     </span>
    </p>
   </div>
   <div class='ocr_carea' id='block_1_108' title="bbox 273 2619 1056 2656">
    <p class='ocr_par' dir='ltr' id='par_1_108' title="bbox 273 2619 1056 2656">
     <span class='ocr_line' id='line_1_108' title="bbox 273 2619 1056 2656; baseline 0.008 -12"><span class='ocrx_word' id='word_1_795' title='bbox 273 2619 363 2656; x_wconf 39' lang='lat' dir='ltr'><strong>idem;</strong></span> <span class='ocrx_word' id='word_1_796' title='bbox 379 2619 580 2656; x_wconf 68' lang='grc' dir='ltr'>Ἀλεξανδρείας</span> <span class='ocrx_word' id='word_1_797' title='bbox 597 2619 743 2653; x_wconf 69' lang='grc' dir='ltr'>ὲπίσκοποξ</span> <span class='ocrx_word' id='word_1_798' title='bbox 761 2631 767 2638; x_wconf 70' lang='grc' dir='ltr'><strong><em>ο</em></strong></span> <span class='ocrx_word' id='word_1_799' title='bbox 789 2621 915 2649; x_wconf 77' lang='lat' dir='ltr'><strong>Narratio</strong></span> <span class='ocrx_word' id='word_1_800' title='bbox 928 2625 1056 2656; x_wconf 80' lang='lat' dir='ltr'><strong>quomodo</strong></span> 
     </span>
    </p>
   </div>
   <div class='ocr_carea' id='block_1_109' title="bbox 276 2653 1057 2690">
    <p class='ocr_par' dir='ltr' id='par_1_109' title="bbox 276 2653 1057 2690">
     <span class='ocr_line' id='line_1_109' title="bbox 276 2653 1057 2690; baseline 0.005 -10"><span class='ocrx_word' id='word_1_801' title='bbox 276 2653 343 2688; x_wconf 85' lang='lat' dir='ltr'><strong>Tyro</strong></span> <span class='ocrx_word' id='word_1_802' title='bbox 355 2655 381 2680; x_wconf 76' lang='lat' dir='ltr'><strong>in</strong></span> <span class='ocrx_word' id='word_1_803' title='bbox 404 2653 548 2690; x_wconf 52' lang='lat' dir='ltr'><strong>Ait/yplitm</strong></span> <span class='ocrx_word' id='word_1_804' title='bbox 565 2659 715 2683; x_wconf 69' lang='lat' dir='ltr'><strong>concesserit</strong></span> <span class='ocrx_word' id='word_1_805' title='bbox 733 2665 799 2690; x_wconf 80' lang='lat' dir='ltr'><strong>pupa</strong></span> <span class='ocrx_word' id='word_1_806' title='bbox 821 2653 981 2684; x_wconf 65' lang='lat' dir='ltr'><strong>Athanasius</strong></span> <span class='ocrx_word' id='word_1_807' title='bbox 995 2659 1057 2685; x_wconf 83' lang='lat' dir='ltr'><strong>Ale-</strong></span> 
     </span>
    </p>
   </div>
   <div class='ocr_carea' id='block_1_110' title="bbox 273 2690 1054 2726">
    <p class='ocr_par' dir='ltr' id='par_1_110' title="bbox 273 2690 1054 2726">
     <span class='ocr_line' id='line_1_110' title="bbox 273 2690 1054 2726; baseline 0.004 -10"><span class='ocrx_word' id='word_1_808' title='bbox 273 2690 394 2726; x_wconf 60' lang='lat' dir='ltr'><strong>mgndrite</strong></span> <span class='ocrx_word' id='word_1_809' title='bbox 420 2691 563 2723; x_wconf 65' lang='lat' dir='ltr'><strong>episcopus.</strong></span> <span class='ocrx_word' id='word_1_810' title='bbox 594 2691 646 2717; x_wconf 83' lang='lat' dir='ltr'><strong>Sed</strong></span> <span class='ocrx_word' id='word_1_811' title='bbox 676 2700 835 2726; x_wconf 82' lang='lat' dir='ltr'><strong>perperam;</strong></span> <span class='ocrx_word' id='word_1_812' title='bbox 863 2701 914 2719; x_wconf 90' lang='lat' dir='ltr'><strong>non</strong></span> <span class='ocrx_word' id='word_1_813' title='bbox 930 2694 1000 2719; x_wconf 90' lang='lat' dir='ltr'><strong>enim</strong></span> <span class='ocrx_word' id='word_1_814' title='bbox 1027 2694 1054 2720; x_wconf 92' lang='lat' dir='ltr'><strong>in</strong></span> 
     </span>
    </p>
   </div>
   <div class='ocr_carea' id='block_1_111' title="bbox 274 2723 1056 2762">
    <p class='ocr_par' dir='ltr' id='par_1_111' title="bbox 274 2723 1056 2762">
     <span class='ocr_line' id='line_1_111' title="bbox 274 2723 1056 2762; baseline 0.008 -13"><span class='ocrx_word' id='word_1_815' title='bbox 274 2723 418 2762; x_wconf 57' lang='lat' dir='ltr'><strong>@gyptutn</strong></span> <span class='ocrx_word' id='word_1_816' title='bbox 435 2732 464 2751; x_wconf 91' lang='lat' dir='ltr'><strong>se</strong></span> <span class='ocrx_word' id='word_1_817' title='bbox 472 2725 585 2762; x_wconf 24' lang='lat' dir='ltr'><strong>CQVllllllil</strong></span> <span class='ocrx_word' id='word_1_818' title='bbox 598 2723 763 2762; x_wconf 70' lang='lat' dir='ltr'><strong>Athanasius</strong></span> <span class='ocrx_word' id='word_1_819' title='bbox 776 2723 847 2762; x_wconf 72' lang='lat' dir='ltr'><strong>&#39;l‘yro</strong></span> <span class='ocrx_word' id='word_1_820' title='bbox 859 2729 999 2761; x_wconf 82' lang='lat' dir='ltr'><strong>secedens,</strong></span> <span class='ocrx_word' id='word_1_821' title='bbox 1011 2729 1056 2755; x_wconf 87' lang='lat' dir='ltr'><strong>sed</strong></span> 
     </span>
    </p>
   </div>
   <div class='ocr_carea' id='block_1_112' title="bbox 275 2759 1055 2795">
    <p class='ocr_par' dir='ltr' id='par_1_112' title="bbox 275 2759 1055 2795">
     <span class='ocr_line' id='line_1_112' title="bbox 275 2759 1055 2795; baseline 0.006 -11"><span class='ocrx_word' id='word_1_822' title='bbox 275 2759 537 2795; x_wconf 55' lang='lat' dir='ltr'><strong>tititt_stantittopolittt</strong></span> <span class='ocrx_word' id='word_1_823' title='bbox 555 2761 642 2795; x_wconf 74' lang='lat' dir='ltr'><strong>petiit.</strong></span> <span class='ocrx_word' id='word_1_824' title='bbox 664 2766 692 2788; x_wconf 92' lang='lat' dir='ltr'><strong>ut</strong></span> <span class='ocrx_word' id='word_1_825' title='bbox 706 2759 883 2790; x_wconf 74' lang='lat' dir='ltr'><strong>Constantino</strong></span> <span class='ocrx_word' id='word_1_826' title='bbox 897 2771 926 2789; x_wconf 89' lang='lat' dir='ltr'><strong>se</strong></span> <span class='ocrx_word' id='word_1_827' title='bbox 938 2759 1055 2790; x_wconf 77' lang='lat' dir='ltr'><strong>sisteret.</strong></span> 
     </span>
    </p>
   </div>
   <div class='ocr_carea' id='block_1_113' title="bbox 276 2793 1056 2830">
    <p class='ocr_par' dir='ltr' id='par_1_113' title="bbox 276 2793 1056 2830">
     <span class='ocr_line' id='line_1_113' title="bbox 276 2793 1056 2830; baseline 0.008 -11"><span class='ocrx_word' id='word_1_828' title='bbox 276 2793 432 2830; x_wconf 58' lang='lat' dir='ltr'><strong>llzgsiliensis</strong></span> <span class='ocrx_word' id='word_1_829' title='bbox 442 2797 525 2822; x_wconf 77' lang='lat' dir='ltr'><strong>codex</strong></span> <span class='ocrx_word' id='word_1_830' title='bbox 536 2793 594 2822; x_wconf 80' lang='lat' dir='ltr'><strong>loco</strong></span> <span class='ocrx_word' id='word_1_831' title='bbox 601 2797 807 2830; x_wconf 68' lang='lat' dir='ltr'><strong>praecedentium</strong></span> <span class='ocrx_word' id='word_1_832' title='bbox 819 2798 874 2824; x_wconf 64' lang='lat' dir='ltr'><strong>haec</strong></span> <span class='ocrx_word' id='word_1_833' title='bbox 886 2798 980 2826; x_wconf 87' lang='lat' dir='ltr'><strong>habet:</strong></span> <span class='ocrx_word' id='word_1_834' title='bbox 989 2798 1056 2825; x_wconf 82' lang='grc' dir='ltr'>Ἀπὸ</span> 
     </span>
    </p>
   </div>
   <div class='ocr_carea' id='block_1_114' title="bbox 275 2827 1056 2864">
    <p class='ocr_par' dir='ltr' id='par_1_114' title="bbox 275 2827 1056 2864">
     <span class='ocr_line' id='line_1_114' title="bbox 275 2827 1056 2864; baseline 0.006 -8"><span class='ocrx_word' id='word_1_835' title='bbox 275 2827 364 2862; x_wconf 80' lang='grc' dir='ltr'>Τύρου</span> <span class='ocrx_word' id='word_1_836' title='bbox 388 2830 428 2860; x_wconf 84' lang='grc' dir='ltr'><strong>είς</strong></span> <span class='ocrx_word' id='word_1_837' title='bbox 440 2829 484 2856; x_wconf 84' lang='grc' dir='ltr'><strong>τὸν</strong></span> <span class='ocrx_word' id='word_1_838' title='bbox 498 2827 610 2864; x_wconf 81' lang='grc' dir='ltr'>βασιλέα</span> <span class='ocrx_word' id='word_1_839' title='bbox 623 2833 637 2857; x_wconf 90' lang='lat'><strong>6</strong></span> <span class='ocrx_word' id='word_1_840' title='bbox 658 2832 752 2863; x_wconf 86' lang='grc' dir='ltr'>πάπας</span> <span class='ocrx_word' id='word_1_841' title='bbox 775 2832 939 2864; x_wconf 83' lang='grc' dir='ltr'>Ἀθανάσιος,</span> <span class='ocrx_word' id='word_1_842' title='bbox 956 2835 1056 2861; x_wconf 76' lang='lat' dir='ltr'><strong>rectius</strong></span> 
     </span>
    </p>
   </div>
   <div class='ocr_carea' id='block_1_115' title="bbox 277 2864 1055 2903">
    <p class='ocr_par' dir='ltr' id='par_1_115' title="bbox 277 2864 1055 2903">
     <span class='ocr_line' id='line_1_115' title="bbox 277 2864 1055 2903; baseline 0.009 -14"><span class='ocrx_word' id='word_1_843' title='bbox 277 2871 357 2901; x_wconf 76' lang='lat' dir='ltr'><strong>quam</strong></span> <span class='ocrx_word' id='word_1_844' title='bbox 377 2864 452 2894; x_wconf 81' lang='lat' dir='ltr'><strong>editi.</strong></span> <span class='ocrx_word' id='word_1_845' title='bbox 471 2865 499 2892; x_wconf 87' lang='lat' dir='ltr'><strong>In</strong></span> <span class='ocrx_word' id='word_1_846' title='bbox 517 2865 600 2901; x_wconf 74' lang='lat' dir='ltr'><strong>Regio</strong></span> <span class='ocrx_word' id='word_1_847' title='bbox 620 2873 699 2901; x_wconf 90' lang='lat' dir='ltr'><strong>quem</strong></span> <span class='ocrx_word' id='word_1_848' title='bbox 717 2868 855 2903; x_wconf 76' lang='lat' dir='ltr'><strong>sequimur</strong></span> <span class='ocrx_word' id='word_1_849' title='bbox 876 2875 968 2898; x_wconf 86' lang='lat' dir='ltr'><strong>eorum</strong></span> <span class='ocrx_word' id='word_1_850' title='bbox 989 2869 1055 2897; x_wconf 85' lang='lat' dir='ltr'><strong>nihil</strong></span> 
     </span>
    </p>
   </div>
   <div class='ocr_carea' id='block_1_116' title="bbox 1111 2553 1894 2588">
    <p class='ocr_par' dir='ltr' id='par_1_116' title="bbox 1111 2553 1894 2588">
     <span class='ocr_line' id='line_1_116' title="bbox 1111 2553 1894 2588; baseline -0.001 -7"><span class='ocrx_word' id='word_1_851' title='bbox 1111 2554 1238 2581; x_wconf 82' lang='lat' dir='ltr'><strong>habetur.</strong></span> <span class='ocrx_word' id='word_1_852' title='bbox 1251 2553 1336 2581; x_wconf 85' lang='lat' dir='ltr'><strong>Porro</strong></span> <span class='ocrx_word' id='word_1_853' title='bbox 1353 2553 1387 2580; x_wconf 87' lang='lat' dir='ltr'><strong>de</strong></span> <span class='ocrx_word' id='word_1_854' title='bbox 1403 2553 1543 2581; x_wconf 78' lang='lat' dir='ltr'><strong>Athanasii</strong></span> <span class='ocrx_word' id='word_1_855' title='bbox 1557 2553 1629 2588; x_wconf 87' lang='lat' dir='ltr'><strong>Tyro</strong></span> <span class='ocrx_word' id='word_1_856' title='bbox 1641 2553 1773 2588; x_wconf 73' lang='lat' dir='ltr'><strong>discessu.</strong></span> <span class='ocrx_word' id='word_1_857' title='bbox 1785 2553 1818 2579; x_wconf 86' lang='lat' dir='ltr'><strong>de</strong></span> <span class='ocrx_word' id='word_1_858' title='bbox 1839 2561 1894 2587; x_wconf 89' lang='lat' dir='ltr'><strong>quo</strong></span> 
     </span>
    </p>
   </div>
   <div class='ocr_carea' id='block_1_117' title="bbox 1110 2587 1893 2630">
    <p class='ocr_par' dir='ltr' id='par_1_117' title="bbox 1110 2587 1893 2630">
     <span class='ocr_line' id='line_1_117' title="bbox 1110 2587 1893 2630; baseline -0.001 -15"><span class='ocrx_word' id='word_1_859' title='bbox 1110 2590 1231 2630; x_wconf 78' lang='lat' dir='ltr'><strong>ingentes</strong></span> <span class='ocrx_word' id='word_1_860' title='bbox 1257 2590 1459 2621; x_wconf 62' lang='lat' dir='ltr'><strong>controversiae,</strong></span> <span class='ocrx_word' id='word_1_861' title='bbox 1484 2591 1511 2615; x_wconf 91' lang='lat' dir='ltr'><strong>in</strong></span> <span class='ocrx_word' id='word_1_862' title='bbox 1534 2587 1675 2616; x_wconf 81' lang='lat' dir='ltr'><strong>Athanasii</strong></span> <span class='ocrx_word' id='word_1_863' title='bbox 1689 2587 1750 2615; x_wconf 79' lang='lat' dir='ltr'><strong>Vita</strong></span> <span class='ocrx_word' id='word_1_864' title='bbox 1770 2588 1893 2623; x_wconf 81' lang='lat' dir='ltr'><strong>disputa-</strong></span> 
     </span>
    </p>
   </div>
   <div class='ocr_carea' id='block_1_118' title="bbox 1109 2631 1894 2694">
    <p class='ocr_par' dir='ltr' id='par_1_118' title="bbox 1109 2631 1894 2694">
     <span class='ocr_line' id='line_1_118' title="bbox 1109 2631 1894 2694; baseline 0.001 -10"><span class='ocrx_word' id='word_1_865' title='bbox 1109 2631 1245 2686; x_wconf 54' lang='lat' dir='ltr'><strong>&quot;&#39;iiiiiiem</strong></span> <span class='ocrx_word' id='word_1_866' title='bbox 1269 2659 1349 2693; x_wconf 76' lang='lat' dir='ltr'><strong>ch..</strong></span> <span class='ocrx_word' id='word_1_867' title='bbox 1367 2658 1553 2694; x_wconf 85' lang='grc' dir='ltr'>πραχθέντων.</span> <span class='ocrx_word' id='word_1_868' title='bbox 1585 2657 1654 2694; x_wconf 74' lang='lat' dir='ltr'><strong>Editi</strong></span> <span class='ocrx_word' id='word_1_869' title='bbox 1679 2666 1754 2691; x_wconf 85' lang='lat' dir='ltr'><strong>vero,</strong></span> <span class='ocrx_word' id='word_1_870' title='bbox 1776 2667 1894 2694; x_wconf 80' lang='grc' dir='ltr'>πραττο-</span> 
     </span>
    </p>
   </div>
   <div class='ocr_carea' id='block_1_119' title="bbox 1110 2693 1892 2729">
    <p class='ocr_par' dir='ltr' id='par_1_119' title="bbox 1110 2693 1892 2729">
     <span class='ocr_line' id='line_1_119' title="bbox 1110 2693 1892 2729; baseline -0.001 -9"><span class='ocrx_word' id='word_1_871' title='bbox 1110 2694 1208 2729; x_wconf 83' lang='grc' dir='ltr'>μένων,</span> <span class='ocrx_word' id='word_1_872' title='bbox 1232 2702 1285 2728; x_wconf 89' lang='lat' dir='ltr'><strong>qtto</strong></span> <span class='ocrx_word' id='word_1_873' title='bbox 1316 2693 1484 2721; x_wconf 30' lang='lat' dir='ltr'><strong>itetn’niodo</strong></span> <span class='ocrx_word' id='word_1_874' title='bbox 1505 2694 1568 2728; x_wconf 75' lang='lat' dir='ltr'><strong>legit</strong></span> <span class='ocrx_word' id='word_1_875' title='bbox 1594 2693 1713 2720; x_wconf 85' lang='lat' dir='ltr'><strong>Nannius</strong></span> <span class='ocrx_word' id='word_1_876' title='bbox 1731 2694 1775 2728; x_wconf 91' lang='lat' dir='ltr'><strong>qui</strong></span> <span class='ocrx_word' id='word_1_877' title='bbox 1799 2693 1892 2723; x_wconf 78' lang='lat' dir='ltr'><strong>vertit.</strong></span> 
     </span>
    </p>
   </div>
   <div class='ocr_carea' id='block_1_120' title="bbox 1109 2729 1893 2764">
    <p class='ocr_par' dir='ltr' id='par_1_120' title="bbox 1109 2729 1893 2764">
     <span class='ocr_line' id='line_1_120' title="bbox 1109 2729 1893 2764; baseline 0 -9"><span class='ocrx_word' id='word_1_878' title='bbox 1109 2729 1174 2756; x_wconf 83' lang='lat' dir='ltr'><strong>Cum</strong></span> <span class='ocrx_word' id='word_1_879' title='bbox 1195 2737 1234 2756; x_wconf 72' lang='lat' dir='ltr'><strong>res</strong></span> <span class='ocrx_word' id='word_1_880' title='bbox 1247 2730 1284 2756; x_wconf 83' lang='lat' dir='ltr'><strong>ita</strong></span> <span class='ocrx_word' id='word_1_881' title='bbox 1299 2735 1428 2763; x_wconf 78' lang='lat' dir='ltr'><strong>ageretur.</strong></span> <span class='ocrx_word' id='word_1_882' title='bbox 1444 2737 1502 2763; x_wconf 86' lang='lat' dir='ltr'><strong>qu:e</strong></span> <span class='ocrx_word' id='word_1_883' title='bbox 1523 2733 1658 2762; x_wconf 84' lang='lat' dir='ltr'><strong>postrema</strong></span> <span class='ocrx_word' id='word_1_884' title='bbox 1673 2729 1752 2756; x_wconf 88' lang='lat' dir='ltr'><strong>lectio</strong></span> <span class='ocrx_word' id='word_1_885' title='bbox 1764 2733 1893 2764; x_wconf 73' lang='lat' dir='ltr'><strong>pnestare</strong></span> 
     </span>
    </p>
   </div>
   <div class='ocr_carea' id='block_1_121' title="bbox 1109 2764 1893 2804">
    <p class='ocr_par' dir='ltr' id='par_1_121' title="bbox 1109 2764 1893 2804">
     <span class='ocr_line' id='line_1_121' title="bbox 1109 2764 1893 2804; baseline 0 -14"><span class='ocrx_word' id='word_1_886' title='bbox 1109 2766 1225 2804; x_wconf 80' lang='lat' dir='ltr'><strong>videtur.</strong></span> <span class='ocrx_word' id='word_1_887' title='bbox 1242 2764 1407 2792; x_wconf 78' lang='lat' dir='ltr'><strong>Athanasius</strong></span> <span class='ocrx_word' id='word_1_888' title='bbox 1421 2766 1520 2799; x_wconf 84' lang='lat' dir='ltr'><strong>quippe</strong></span> <span class='ocrx_word' id='word_1_889' title='bbox 1534 2764 1613 2791; x_wconf 85' lang='lat' dir='ltr'><strong>rebus</strong></span> <span class='ocrx_word' id='word_1_890' title='bbox 1627 2764 1745 2791; x_wconf 90' lang='lat' dir='ltr'><strong>nondum</strong></span> <span class='ocrx_word' id='word_1_891' title='bbox 1761 2764 1893 2791; x_wconf 78' lang='lat' dir='ltr'><strong>confectis</strong></span> 
     </span>
    </p>
   </div>
   <div class='ocr_carea' id='block_1_122' title="bbox 1110 2799 1891 2871">
    <p class='ocr_par' dir='ltr' id='par_1_122' title="bbox 1110 2799 1891 2871">
     <span class='ocr_line' id='line_1_122' title="bbox 1110 2799 1891 2871; baseline 0 -11"><span class='ocrx_word' id='word_1_892' title='bbox 1110 2799 1289 2871; x_wconf 22' lang='grc' dir='ltr'><strong>ῗιῆέξθζῖίὶοεη</strong></span> <span class='ocrx_word' id='word_1_893' title='bbox 1310 2834 1482 2871; x_wconf 79' lang='grc' dir='ltr'>μονομερίαν.</span> <span class='ocrx_word' id='word_1_894' title='bbox 1503 2833 1563 2862; x_wconf 78' lang='lat' dir='ltr'><strong>Mox</strong></span> <span class='ocrx_word' id='word_1_895' title='bbox 1589 2833 1670 2867; x_wconf 80' lang='lat' dir='ltr'><strong>idem,</strong></span> <span class='ocrx_word' id='word_1_896' title='bbox 1695 2834 1767 2868; x_wconf 82' lang='grc' dir='ltr'>ὅστις</span> <span class='ocrx_word' id='word_1_897' title='bbox 1789 2835 1891 2869; x_wconf 77' lang='grc' dir='ltr'>ἀγνοεῖ.</span> 
     </span>
    </p>
   </div>
   <div class='ocr_carea' id='block_1_123' title="bbox 1107 2869 1333 2904">
    <p class='ocr_par' dir='ltr' id='par_1_123' title="bbox 1107 2869 1333 2904">
     <span class='ocr_line' id='line_1_123' title="bbox 1107 2869 1333 2904; baseline -0.009 -6"><span class='ocrx_word' id='word_1_898' title='bbox 1107 2869 1177 2898; x_wconf 81' lang='lat' dir='ltr'><strong>Editi</strong></span> <span class='ocrx_word' id='word_1_899' title='bbox 1182 2869 1226 2904; x_wconf 71' lang='lat'><strong>,16;</strong></span> <span class='ocrx_word' id='word_1_900' title='bbox 1233 2870 1333 2903; x_wconf 85' lang='grc' dir='ltr'>ἀγνοεῖ.</span> 
     </span>
    </p>
   </div>
  </div>
