2031 3048
169 166 222 195 587

733 165 902 194 APOLOGIA
921 165 1060 195 CONTRA
1077 165 1238 194 ARIANOS.

1728 158 1780 190 598

165 224 312 258 τελοῦντος,
330 225 456 252 εἰσελθὼν
464 225 608 261 Μακάριος
626 225 758 261 ἀνέτρεψε
780 225 879 257 πάντα,
902 226 942 252 άν-

1002 231 1090 254 erant.
1109 226 1175 254 llinc
1190 233 1250 253 cum
1262 223 1360 252 litteris
1378 222 1433 250 suis
1451 221 1568 256 undique
1587 219 1779 256 pervulgarit",

166 272 270 307 έκρινον
279 270 324 302 οὒς
332 270 484 305 ἠϐούλοντο,
497 270 549 297 ποῦ
559 269 593 306 ἦν
611 270 733 306 ’ἰσχύρας
747 270 791 296 ὅτε
806 271 946 306 Μακάριος

165 317 278 352 ἐπέστη.
293 317 420 344 Κάκεῖνοι
438 317 518 344 πάλιν
530 316 719 352 ἀπεκρίναντο,
739 316 779 342 ὅτι
799 316 828 342 ὲν
850 315 946 351 κελλίῳ

165 362 249 389 νοσῶν
264 361 460 397 κατακείμενος
473 359 518 396 ἦν.
529 361 631 388 Οὐκοῦν
646 361 696 387 οὐκ
708 361 828 395 εἱστήκει
837 361 852 386 6
864 368 946 386 κατα-

165 409 299 444 κείμενος,
310 409 370 435 οὑδὲ
383 409 551 444 προσέφερεν
564 409 579 434 ὀ
592 409 621 435 ἐν
631 408 728 443 κελλίῳ
739 407 824 434 νοσῶν
841 407 887 434 καὶ
899 416 946 434 κα-

163 454 332 489 τακείμενος.
351 454 423 489 Πρὸς
442 453 556 485 τούτοις,
579 453 702 487 λέγοντος
717 452 764 479 τοῦ
785 451 893 487 ἰσχύρα
906 460 947 478 κε-

163 499 279 526 καῦσθαι
306 498 394 534 βιόλία
420 498 494 534 παρά
518 498 673 533 Μακαρίου,
704 498 728 524 οἱ
751 497 946 532 ὐποὸληθέντες

164 543 301 579 μάρτυρες
317 542 408 577 ἔλεγον
425 542 507 578 μηδέν
520 551 546 568 τι
560 542 679 568 τοιοῦτον
692 541 866 576 γεγενῆσθαι,
879 540 946 567 ἀλλὰ

162 588 305 624 ψεύδεσθαι
318 588 364 615 τδν
382 587 515 624 Ὶσχύραν.
529 587 584 615 Καὶ
600 587 631 614 τὸ
647 587 812 623 θαυμαστὸν,
823 586 944 623 γράψαν-

162 643 209 666 τες
226 634 307 661 πάλιν
323 633 457 668 πανταχοῦ
470 633 615 668 ἠφανίσθαι
626 634 690 669 παρ’
703 633 780 669 ἡμῶν
792 634 856 665 τοὺς
866 634 945 660 δυνα-

163 679 262 715 μένους
275 681 433 715 μαρτυρεῖν,
456 679 566 711 τούτους
591 680 768 714 φαινομένους
794 679 943 714 ἀνέκρινον,

163 725 209 752 καὶ
224 725 274 751 οὐκ
299 725 444 760 ᾐσχύνοντο
468 724 611 760 βλέποντες
639 725 751 757 ἑαυτοὺς
777 725 944 759 συκοφάντας

162 770 330 806 πανταχόθεν
355 771 564 806 δεικνυμένους,
593 770 640 797 καὶ
672 770 758 798 ταῦτα
789 771 944 806 καταμόνας

162 817 329 852 πράττοντας
351 816 388 848 ὡς
410 816 563 852 ἠϐούλοντο.
594 817 704 843 Ἔνευον
733 816 782 851 μὲν
804 816 858 852 γὰρ
889 817 944 848 τοῖς

163 863 293 898 μάρτυσι,
323 862 371 889 καὶ
385 863 399 889 6
415 862 532 898 ἔπαρχος
546 862 663 897 ἠπείλει,
679 862 725 889 καὶ
745 863 769 889 οι
782 861 944 898 στρατιῶται

999 277 1089 301 stante
1104 272 1260 308 presbytero
1281 275 1309 298 et
1331 277 1408 297 sacra
1428 269 1505 304 157
1531 267 1654 297 faciente.
1680 267 1781 300 ingres-

999 326 1058 346 sum
1072 318 1218 346 blacarium
1240 317 1332 344 omnia
1356 317 1502 346 evertisse.
1522 320 1554 340 ea
1568 319 1674 348 quoque
1697 311 1729 338 de
1752 318 1781 338 re

999 372 1066 399 quos
1079 363 1156 392 libuit.
1169 363 1377 396 interrogarunt.
1391 361 1498 388 ubinam
1511 363 1583 386 esset
1591 357 1714 393 lschyras
1727 364 1780 391 quo

1000 415 1122 444 tempore
1151 409 1285 436 Macarius
1310 408 1416 443 irrupit.
1449 405 1655 440 Responderunt
1684 404 1779 430 iterum

999 456 1037 483 illi
1051 456 1077 482 in
1089 454 1183 483 cellula
1200 462 1300 488 aegrum
1323 453 1492 481 decubuisse.
1516 451 1573 478 Non
1591 450 1680 478 stabat
1700 450 1780 485 igitur

999 501 1044 534 qui
1069 501 1253 533 decumberet,
1281 507 1369 534 neque
1401 497 1531 526 oll'erebat
1559 497 1605 531 qui
1634 495 1661 523 in
1684 495 1779 522 cellula

999 552 1116 582 a-grotus
1132 546 1244 580 jaceret.
1265 546 1304 572 Ad
1327 545 1384 572 haec
1400 548 1517 572 testante
1537 543 1646 577 lschyra
1666 541 1750 568 libros
1765 549 1778 567 a

1000 593 1116 620 Macario
1127 593 1209 619 fuisse
1225 591 1379 619 combustos
1390 610 1397 622 ,
1414 590 1463 624 ipsi
1479 589 1561 616 etiam
1586 587 1726 614 subornati
1742 591 1780 614 te-

999 644 1054 666 stes
1070 638 1133 666 fassi
1160 642 1235 670 sunt,
1257 637 1324 664 nihil
1342 634 1472 670 ejusmodi
1497 639 1601 670 gestum
1623 633 1715 664 fuisse,
1733 634 1778 660 sed

998 684 1105 712 mentiri
1131 683 1280 719 lscbyram.
1303 682 1433 716 Quodque
1462 680 1607 716 permirum
1638 679 1778 710 habeatur,

998 739 1059 759 cum
1075 730 1175 765 ubique
1200 728 1297 757 litteris
1316 727 1492 762 signiﬁcarim
1504 746 1512 759 ,
1530 733 1577 753 eos
1592 725 1638 760 qui
1657 725 1778 752 testimo-

997 777 1071 805 nium
1093 776 1163 804 ferre
1185 779 1293 811 possent
1310 774 1416 802 abditos
1430 781 1445 800 a
1461 773 1538 800 nobis
1549 771 1650 803 fuisse.
1669 771 1777 798 eosdem

999 830 1089 850 coram
1102 822 1312 854 interrogarunt.
1329 819 1384 847 Nec
1407 818 1508 853 pudore
1526 817 1614 845 affecti
1640 822 1703 844 sunt
1726 816 1777 842 etsi

998 866 1170 893 adverterent
1183 872 1212 892 se
1225 864 1341 898 undique
1357 863 1538 898 sycophantas
1548 860 1659 894 .ostendi
1672 881 1679 893 ,
1693 866 1719 888 et
1732 868 1778 894 pa-

162 907 284 934 ἔνυττον⁵
306 909 320 934 6
333 907 361 934 δὲ
375 907 476 943 Κύριος
494 907 542 943 τὴν
558 907 686 943 ἀλήθειαν
705 907 880 940 ὲξεκάλυπτε,
900 907 942 934 καὶ

996 910 1049 938 lam
1066 917 1125 938 esse
1137 917 1184 938 eos
1196 910 1328 937 arbitratu
1346 917 1394 936 suo
1409 908 1477 935 clam
1495 908 1552 934 bzec
1567 907 1656 933 omnia
1677 906 1776 940 egisse.

162 952 331 987 συκοφάντας
344 952 442 984 αὐτοὺς
461 951 590 979 ἐδείκνυε.
610 951 659 978 Διὰ
673 951 752 978 τοῦτο
769 952 816 977 καὶ
831 951 865 978 τὰ
878 951 942 977 ὑπο-

163 999 291 1035 μνήματα
305 998 435 1035 ἔκρυψαν,
449 999 496 1026 καὶ
506 999 582 1026 αύτοὶ
594 999 643 1034 μὲν
656 998 734 1033 ἔσχον
743 998 822 1031 αὐτὰ,
834 999 943 1034 παρήγ-

161 1045 253 1080 γειλαν
271 1045 299 1072 δὲ
310 1047 365 1077 τοῖς
377 1045 512 1081 γράψασιν
527 1044 655 1080 ἀφανίσαι
669 1045 716 1072 καλ⁴
732 1045 825 1080 μηδενὶ
839 1045 868 1071 τὸ
882 1044 944 1071 σύν-

160 1090 220 1117 ολον
230 1090 363 1118 ἐκδοῦναι.
386 1091 455 1117 Ἀλλ’
471 1090 626 1126 ἐσφάλησαν
641 1090 688 1117 καὶ
701 1090 730 1116 ὲν
743 1089 844 1125 τούτῳ·
862 1090 876 1116 6
893 1089 943 1124 μὲν

160 1135 215 1172 γὰρ
228 1136 334 1172 γράψας
345 1136 414 1163 αὐτὰ
429 1136 541 1170 Ῥοῦφός
560 1136 643 1167 ἐστιν,
657 1135 671 1161 6
683 1134 730 1162 νῦν
747 1136 775 1161 ὲν
789 1136 822 1171 τῇ
839 1135 942 1169 Αὐγού-

162 1182 290 1217 σταλιανῇ
309 1182 364 1217 (77)
387 1182 589 1217 σπεκουλάτωρ,
608 1181 654 1208 καὶ
670 1181 780 1208 δύναται
805 1181 943 1216 μαρτυρῆ-

161 1234 222 1252 σαι·
247 1227 270 1253 οί
293 1227 322 1253 δὲ
343 1226 407 1262 περὶ
423 1226 550 1253 Εὑσέϐιον
563 1227 603 1258 είς
619 1225 727 1261 Ῥώμην
742 1225 810 1252 αὐτὰ
828 1226 872 1252 διὰ
890 1226 944 1253 τῶν

161 1271 234 1298 ίδίων
245 1271 417 1304 ἀπέστειλαν,
438 1273 484 1299 καὶ
506 1272 636 1303 Ἰούλιοςὸ
652 1271 800 1303 ἐπίσκοπος
814 1271 884 1299 αὐτά
899 1280 944 1306 μοι

159 1317 335 1353 διεπέμψατο.
362 1318 416 1345 Καὶ
437 1318 575 1354 μαίνονται
594 1317 650 1349 νῦν,
667 1318 707 1344 ὅτι
728 1317 746 1345 ἃ
762 1319 859 1345 ἐκεῖνοι
878 1319 945 1345 ἀπο-

160 1363 292 1398 κρύπτειν
319 1363 468 1397 ὲὸούλοντο,
495 1365 575 1399 ἡμεῖς
605 1363 728 1399 ἔσχομεν,
756 1364 803 1391 καὶ
827 1364 944 1398 ἀνέγνω-

161 1418 212 1445 μεν
224 1409 289 1445 (78).

194 1541 238 1569 84.
254 1541 309 1578 (73)
321 1541 414 1569 Ταῦτα
438 1543 485 1569 καὶ
507 1542 540 1569 τὰ
564 1543 675 1570 τοιαῦτα
694 1543 844 1576 συνθέντες,
864 1543 944 1575 εὐθὺς

160 1587 207 1613 καὶ
230 1587 279 1622 τὴν
304 1588 393 1614 αἰτίαν
409 1588 440 1614 δι’
459 1589 491 1624 ἢν
509 1589 594 1616 ταῦτα
616 1589 736 1625 ἔπραξαν
757 1590 941 1625 ὲφανέρωσαν.

166 1633 358 1668 ’Λπερχόμενοι
392 1634 456 1670 γὰρ,
488 1635 631 1670 ἀπήγαγον
663 1634 721 1670 μεθ’
750 1635 853 1661 ἑαυτῶν
881 1636 944 1667 τοὺς

166 1677 322 1713 Ἀρειανοὺς
343 1680 383 1710 εὶς
405 1679 454 1714 τὴν
473 1678 659 1714 Ἰερουσαλὴμ,
683 1679 763 1706 κάκεῖ
781 1679 890 1712 τούτους
905 1681 944 1712 εἰς

158 1724 302 1751 κοινωνίαν
328 1723 462 1757 ἐδέξαντο,
482 1725 635 1760 γράψαντες
653 1725 796 1762 επιστολὴν
821 1726 884 1762 περὶ
899 1726 944 1753 αὺ-

158 1769 224 1802 τῶν,
237 1767 271 1806 ἧς
286 1769 383 1806 ἡάρχὴ
401 1771 446 1797 καὶ
456 1770 487 1796 τὸ
504 1771 586 1806 μέρος
599 1771 659 1797 ἐστὶ
671 1770 760 1797 τοῦτο·

359 1816 413 1852 (80)
433 1818 461 1844 H
475 1817 563 1844 ΑΓιΑ
589 1817 757 1844 ΣΥΝοΔυΣ

165 1863 201 1893 Ἡ
214 1866 249 1892 ὲν
265 1865 478 1899 Ἰεροσολύμοις
503 1863 576 1890 Θεοῦ
591 1863 687 1898 χάριτι
705 1863 889 1899 συναχθεῖσα
907 1863 943 1898 τῇ

201 1900 362 1934 Ἐκκλησία,
385 1900 438 1927 τοῦ
457 1899 530 1926 Θεοῦ
544 1898 581 1932 τῇ
596 1899 650 1934 (8i)
666 1900 699 1926 ἐν
731 1898 941 1932 Ἀλεξανδρείᾳ,

195 1936 244 1962 καὶ
267 1935 329 1968 τοῖς
345 1933 419 1961 κατὰ
437 1934 539 1962 πᾶσαν
558 1933 615 1967 τὴν
633 1935 793 1968 Αῖγυπτον.
817 1934 865 1960 καὶ
888 1935 944 1968 Θη-

195 1970 291 2003 ϐαΐδα,
312 1970 360 1996 καὶ
376 1970 497 2003 Λιϐύην,
522 1969 571 1996 καὶ
589 1969 784 2001 Πεντάπολιν,
812 1969 862 1995 καὶ
882 1969 943 2001 τοῖς

195 2006 271 2032 κατὰ
300 2005 358 2039 τὴν
389 2004 568 2039 οἰκουμένην
596 2005 771 2037 ἐπισκόποις
800 2003 849 2030 καὶ
879 2011 943 2038 πρε-

195 2039 350 2074 σευτέροις
364 2040 412 2066 καὶ
426 2039 576 2073 διακόνοις
586 2039 620 2066 ἐν
636 2040 734 2074 Κυρίῳ
749 2039 871 2074 χαίρειν.

194 2085 265 2112 Ηᾶσι
281 2084 331 2120 μὲν
346 2085 412 2120 ἡμῖν
431 2085 485 2116 τοῖς
508 2084 554 2111 ἐπὶ
574 2084 603 2110 τὸ
633 2084 698 2110 αὐτὸ
723 2083 892 2110 συνελθοῦσιν
913 2082 943 2115 ἐξ

158 2130 296 2165 ἐπαρχιῶν
312 2130 447 2166 διαφόρων
463 2130 532 2166 πρὸς
548 2131 580 2165 τῇ
602 2129 704 2165 μεγάλῃ
734 2128 895 2164 πανηγύρει,
909 2129 943 2163 ἢν

157 2176 205 2203 ἐπὶ
221 2175 369 2211 ἁφιερώσει
382 2175 428 2202 τοῦ
445 2175 582 2211 Σωτηρίου
603 2176 760 2211 Μαρτυρίου
779 2175 878 2210 σπουδῇ
895 2174 942 2201 τοῦ

157 2221 364 2256 θεοφιλεστάτου
387 2221 519 2256 βασιλέως
541 2221 744 2248 Κωνσταντίνου
775 2220 813 2256 τῷ
834 2221 942 2247 πάντων

158 2267 262 2303 βασιλεῖ
275 2266 334 2303 Θεῷ
346 2267 393 2294 καὶ
404 2267 444 2302 τῷ
457 2266 566 2304 Χριστῷ
580 2266 661 2293 αὑτοῦ
674 2266 940 2298 κατασκευασθέντος

157 2314 366 2348 ἑπετελέσαμεν,
383 2313 493 2340 πλείονα
519 2313 651 2348 θυμηδίαν
674 2314 690 2348 ή
707 2312 754 2340 τοῦ
776 2312 843 2339 Θεοῦ
861 2312 940 2348 χάρις

157 2360 327 2395 ἐνεποίησεν·
352 2360 433 2391 αὑτός
450 2368 479 2386 τε
494 2361 509 2386 6
525 2359 726 2393 θεοφιλέστατος
745 2359 871 2394 βασιλεὺς
897 2359 939 2386 διὰ

155 2406 327 2442 γραμμάτων
343 2406 458 2438 οἰκείων,
472 2405 543 2432 τοῦθ’
559 2406 626 2442 ὅπερ
638 2405 719 2441 ἐχρῆν
741 2406 921 2441 παρορμήσας
931 2425 938 2436 ,

156 2453 245 2480 πάντα
263 2452 312 2488 μὲν
326 2452 450 2488 ὲξορίσας
464 2452 519 2487 (82)
545 2452 594 2487 τῆς
627 2451 789 2488 Ἔκκλησίας
812 2451 859 2478 τοῦ
873 2451 940 2478 Θεοῦ

157 2497 263 2532 φθόνον,
279 2499 325 2524 καὶ
342 2499 432 2525 πᾶσαν
448 2498 556 2534 μακρὰν
573 2498 712 2530 ἀπελάσας
729 2497 889 2534 βασκανίαν,
906 2497 940 2524 δι’

193 2574 500 2612 (ΠλΑὺγουσταλιανῇ.
519 2575 546 2602 In
561 2576 650 2603 edicto
663 2583 722 2612 Axlll
736 2575 898 2612 Justiniani,
921 2576 938 2611 ἡ

157 2610 229 2646 ἁρχὴ
255 2611 327 2646 ἥπερ
350 2610 498 2645 ἐφέστηκεν
520 2612 576 2642 τοῖς
590 2610 740 2646 ,Αίγύπου
774 2610 942 2646 πράγμασιν,

157 2645 248 2682 φαμὲν
263 2645 375 2682 δὲτὴν
401 2646 630 2682 Αὐγουσταλίωνν,
664 2645 822 2680 prwfectura
855 2654 942 2682 rerum

158 2679 378 2716 ᾼζῃμριίαεανυὶη
405 2688 464 2714 qme
489 2679 706 2716 Augitualiornm
731 2685 849 2707 vocatur.
873 2680 943 2707 Hinc

159 2715 260 2742 factum
273 2715 493 2751 Αύγουσταλιανή
509 2715 568 2750 quae
583 2724 631 2750 pro
654 2723 686 2742 ea
707 2715 764 2748 ipsa
780 2715 940 2749 praefectura

159 2751 228 2777 sumi
248 2751 361 2815 vgtletur.
379 2751 417 2778 De
439 2752 616 2786 speculatoris
637 2751 725 2778 ollicio
744 2755 835 2778 actum
858 2758 939 2785 supra

160 2793 234 2812 num.
281 2805 287 2812 .

160 2793 234 2812 llum.
261 2793 287 2812 δ.

195 2820 251 2856 (18)
267 2819 346 2856 ﬁeg.,
359 2819 473 2856 ἔσχομεν
487 2821 532 2847 καὶ
540 2819 672 2855 ἔγνωμεν.

179 2854 250 2895 ’(Ἰθ)
266 2854 327 2895 llaec
341 2854 433 2895 con—let:
443 2864 502 2883 cum
514 2854 621 2895 iisquae
637 2856 662 2882 in
672 2854 792 2895 Eriuolp
804 2855 837 2895 ιιᾴ
849 2855 940 2895 solilo-

161 2889 215 2918 τίοι
230 2891 372 2928 Ιιιιιιεειιιιιι·⁸
383 2891 451 2920 infra
463 2899 538 2920 nutu.
548 2891 574 2918 l.
591 2891 674 2918 Porro
692 2897 751 2926 quae
767 2889 799 2919 de
813 2891 877 2918 Ario
896 2891 940 2918 bic

994 956 1098 984 Etenim
1112 960 1195 983 testes
1207 956 1316 983 nutibus
1328 954 1482 982 monebant.
1498 952 1644 980 Prmlectus
1657 951 1778 979 minaba-

994 1005 1048 1032 tur,
1067 999 1165 1027 milites
1180 999 1318 1027 caadebant
1336 1008 1342 1025 :
1360 999 1408 1026 sed
1427 998 1556 1025 Dominus
1569 997 1707 1024 veritatem
1728 1005 1775 1031 pa-

993 1045 1095 1077 tel'ecit,
1108 1053 1208 1080 eosque
1224 1045 1403 1081 sycophantas
1415 1043 1618 1071 demonstravit.
1639 1042 1776 1076 Quamob-

994 1099 1049 1118 rem
1062 1096 1233 1118 mouumenta
1246 1091 1350 1118 occulta
1364 1091 1432 1125 apud
1447 1098 1476 1117 se
1489 1096 1568 1117 serva
1577 1093 1648 1121 runt,
1662 1089 1776 1124 scripto-

994 1137 1070 1164 ribus
1085 1137 1229 1171 juhentes.
1245 1141 1273 1163 ut
1291 1136 1334 1163 illa
1353 1136 1520 1164 occultarent
1532 1143 1563 1163 ac
1582 1135 1681 1162 nemini
1700 1142 1777 1169 pror-

993 1191 1039 1211 sus
1050 1184 1196 1211 traderent.
1209 1182 1261 1210 Sed
1283 1182 1364 1210 cessit
1386 1189 1428 1209 res
1444 1185 1540 1208 contra
1553 1189 1585 1208 ac
1607 1181 1658 1207 rati
1674 1186 1752 1207 erant
1767 1188 1774 1206 :

993 1238 1056 1258 nam
1069 1230 1114 1264 qui
1127 1229 1170 1256 illa
1186 1229 1346 1263 conscripsit
1358 1227 1455 1261 Rufus,
1464 1234 1534 1255 nunc
1549 1227 1574 1254 in
1584 1226 1776 1261 Augustaliana

994 1275 1162 1310 speculator,
1178 1274 1290 1308 hujusce
1308 1273 1345 1301 rei
1368 1273 1548 1300 testimonium
1571 1272 1643 1300 l'erre
1663 1277 1750 1307 potest
1768 1281 1775 1299 :

994 1319 1138 1348 Eusebiani
1150 1326 1256 1354 quoque
1271 1326 1302 1346 ea
1321 1326 1368 1353 per
1392 1317 1494 1352 legatos
1510 1324 1572 1344 suos
1591 1317 1702 1344 Romam
1727 1318 1776 1344 mi-

994 1369 1098 1398 serunt,
1127 1365 1246 1399 mihique
1273 1368 1336 1392 sunt
1362 1365 1404 1397 ea:
1423 1363 1487 1398 ipsa
1509 1371 1525 1390 a
1555 1362 1626 1390 Julio
1649 1363 1776 1397 episcopo

995 1411 1163 1438 transmissa.
1177 1411 1210 1437 Et
1224 1418 1295 1437 nunc
1314 1409 1461 1441 insaniunt,
1475 1409 1547 1444 quod
1567 1409 1691 1437 videlicet
1715 1417 1775 1444 quae

994 1456 1032 1484 illi
1046 1456 1182 1484 occultare
1202 1456 1378 1491 peroptabant
1397 1462 1428 1484 ea
1448 1463 1496 1483 nos
1516 1455 1676 1489 habuimus,
1690 1462 1722 1483 ea
1738 1455 1775 1483 le-

994 1503 1092 1537 gimus.

1029 1548 1073 1576 84.
1094 1547 1250 1583 Huiusmodi
1265 1555 1309 1575 res
1330 1546 1475 1575 machinati
1488 1566 1498 1580 ,
1513 1546 1576 1574 talia
1600 1546 1696 1581 agendi
1710 1554 1775 1574 cau<

994 1601 1051 1622 sam
1080 1601 1141 1622 mox
1164 1594 1252 1628 palam
1279 1593 1366 1621 fecere
1391 1603 1397 1621 :
1422 1594 1483 1621 inde
1509 1600 1624 1627 namque
1650 1592 1774 1627 profecti,

994 1640 1108 1668 Arianos
1123 1648 1213 1667 secqu
1229 1639 1439 1676 Hierosolymam
1457 1639 1603 1672 adduxere,
1620 1639 1705 1674 iisque
1717 1638 1772 1666 illic

993 1686 1027 1713 ad
1045 1686 1260 1713 communionem
1284 1685 1430 1718 admissis,
1457 1685 1598 1720 epistolam
1623 1685 1775 1720 scripsere.

995 1732 1071 1768 cujus
1083 1732 1140 1759 hare
1151 1736 1192 1759 est
1205 1738 1268 1766 pars
1280 1732 1313 1758 ab
1328 1730 1404 1758 initio
1417 1739 1424 1757 :

1215 1819 1357 1848 SANC'I‘A
1379 1818 1550 1847 SYNODUS

997 1866 1044 1894 Dei
1072 1868 1158 1902 gratia
1174 1866 1371 1902 Hierosolymis
1393 1870 1565 1900 congregata,
1581 1865 1702 1902 Ecclesiw
1724 1865 1772 1892 Dei

1049 1900 1088 1928 me
1102 1907 1140 1929 est
1157 1900 1324 1928 Alexandriti:
1335 1921 1343 1933 ν
1369 1902 1535 1934 omnibusque
1550 1908 1594 1935 per
1615 1900 1773 1934 (Egyptian.

1049 1911 1088 1928 un:
1102 1911 1140 1929 eu
1157 1911 1324 1928 Alexandria:
1335 1921 1343 1933 ,
1369 1911 1535 1934 omnwusque
1550 1911 1594 1935 per
1615 1911 1773 1934 mgypmm,

1031 1911 1200 1968 ἦίιεῡαίιίεηι,
1222 1936 1329 1971 Libyam
1342 1941 1364 1963 et
1380 1936 1555 1969 Pentapolim.
1571 1940 1593 1962 et
1608 1936 1700 1971 ubian
1720 1941 1773 1961 ter-

1030 1980 1122 2033 ralrum
1133 1970 1436 2006 ερὶιεομίεζρνειίινιενὶι
1448 1976 1471 1997 ει
1484 1971 1615 2003 diuconis,
1625 1972 1652 1997 in
1662 1970 1774 1997 Domino

1030 2015 1056 2033 ια
1071 2013 1148 2033 utem.

1027 2013 1148 2034 salutem.

1029 2082 1111 2110 Nobis
1122 2083 1248 2110 omnibus
1261 2082 1384 2110 eumdem
1396 2083 1422 2110 in
1434 2082 1520 2110 locum
1532 2089 1565 2110 ex
1584 2082 1698 2110 diversis
1711 2090 1772 2116 pro-

993 2128 1088 2155 vinciis
1105 2129 1137 2155 ad
1153 2136 1276 2163 magnam
1286 2128 1481 2156 solemnitatem
1494 2129 1663 2164 congregatis
1673 2150 1680 2162 ,
1692 2136 1773 2164 quam

993 2174 1190 2202 celebravimus
1211 2175 1237 2201 in
1251 2174 1420 2202 dedicatione
1435 2174 1555 2209 Martyrii
1581 2173 1742 2205 Salvator-is,
1758 2183 1773 2202 ιι

996 2221 1199 2255 religiosissima
1214 2221 1377 2255 imperatore
1395 2220 1573 2248 Constantino
1588 2220 1615 2247 in
1642 2220 1772 2247 honorem

992 2268 1112 2294 omnium
1139 2266 1312 2302 Imperatoris
1340 2267 1385 2294 Dei
1411 2271 1437 2293 et
1458 2266 1557 2294 Christi
1572 2265 1630 2301 ejus
1643 2266 1772 2297 excitati,

994 2313 1129 2348 ingentem
1146 2313 1267 2340 laetitiam
1294 2313 1339 2340 Dei
1357 2313 1443 2347 gratia
1468 2312 1569 2339 attulit.
1593 2311 1652 2346 Ipse
1666 2319 1774 2346 quoque

993 2359 1212 2395 religiosissimus
1236 2360 1382 2394 imperator
1406 2359 1463 2386 suis
1490 2366 1538 2385 nos
1554 2358 1652 2385 litteris
1666 2357 1699 2385 ad
1714 2357 1772 2384 olli-

993 2407 1064 2434 cium
1095 2406 1216 2433 hortatus
1242 2411 1282 2432 est
1305 2405 1401 2440 (eiecto
1428 2405 1462 2433 ab
1485 2404 1604 2432 Ecclesia
1624 2404 1686 2431 odio
1702 2410 1773 2438 quo—

993 2459 1100 2485 cunque
1115 2473 1122 2484 ,
1137 2451 1264 2485 omnique
1281 2451 1379 2478 invidia
1396 2458 1443 2485 per
1467 2457 1548 2483 quam
1572 2450 1618 2478 Dei
1643 2449 1764 2476 membra

993 2498 1110 2525 antehac
1127 2496 1292 2524 dissidebant
1315 2495 1408 2530 procul
1424 2495 1540 2528 abacta),
1561 2499 1591 2523 ut
1604 2495 1718 2531 simplici
1741 2503 1774 2523 ac

993 2578 1166 2606 enarrantur,
1188 2581 1240 2601 non
1264 2573 1296 2600 ad
1321 2573 1544 2605 haeresiarcham,
1566 2573 1614 2600 sed
1637 2572 1670 2599 ad
1687 2572 1773 2599 lucre-

995 2610 1109 2637 siarcbaa
1123 2608 1310 2643 cognominem
1331 2609 1442 2643 ejusque
1457 2608 1575 2635 sodalem
1587 2607 1772 2643 nequidquam

995 2645 1099 2672 referre
1115 2642 1228 2671 conatur
1248 2642 1405 2677 postremus
1420 2642 1540 2670 Socratis
1561 2642 1656 2670 editor.
1681 2642 1774 2669 Enim-

994 2687 1059 2706 vero
1072 2680 1105 2706 de
1125 2679 1182 2713 ipso
1199 2678 1378 2705 haeresiarcha
1393 2678 1438 2713 hic
1460 2677 1500 2712 agi
1519 2677 1697 2704 certissimum
1720 2681 1771 2709 est,

994 2715 1058 2741 utin
1075 2712 1159 2747 Epist.
1174 2714 1207 2739 ad
1221 2713 1292 2740 solii.
1308 2712 1473 2747 probabitur.

1028 2749 1085 2783 (80)
1098 2745 1168 2775 llaec
1181 2748 1293 2782 epistola
1308 2745 1431 2775 'habetur
1450 2745 1520 2774 infra
1535 2747 1567 2773 de
1584 2746 1693 2781 synodis
1710 2746 1772 2773 Ari-

993 2784 1057 2811 mini
1072 2788 1099 2811 et
1113 2783 1240 2810 Seleuciae

1027 2819 1084 2854 (8|)
1107 2818 1145 2845 Ita
1177 2817 1242 2852 lteg.
1267 2817 1337 2844 Editi
1361 2824 1436 2850 vero,
1454 2815 1601 2851 Ἐκκλησία
1641 2815 1707 2843 Θεοῦ
1742 2816 1772 2843 ἐν

991 2856 1036 2885 τῇ,
1051 2859 1103 2882 etc.

1008 2863 1182 2926 ῃξὲἓῖἶὶοε..
1197 2888 1329 2925 ἐξορίσας.
1343 2887 1411 2916 Editi
1422 2887 1501 2919 male,
1514 2885 1630 2923 ἐξοριας.
