  <div class='ocr_page' id='page_1' title='image "/cluster/home/n/w/nwhite01/storage/ocr_20150623/25/njp.32101010944591/485.png"; bbox 0 0 2031 3048; ppageno 0'>
   <div class='ocr_carea' id='block_1_1' title="bbox 265 161 318 189">
    <p class='ocr_par' dir='ltr' id='par_1_1' title="bbox 265 161 318 189">
     <span class='ocr_line' id='line_1_1' title="bbox 265 161 318 189; baseline 0.019 -1"><span class='ocrx_word' id='word_1_1' title='bbox 265 161 318 189; x_wconf 74' lang='lat'><strong>599</strong></span> 
     </span>
    </p>
   </div>
   <div class='ocr_carea' id='block_1_2' title="bbox 549 160 1042 191">
    <p class='ocr_par' dir='ltr' id='par_1_2' title="bbox 549 161 1033 191">
     <span class='ocr_line' id='line_1_2' title="bbox 549 161 1033 191; baseline 0.004 -2"><span class='ocrx_word' id='word_1_2' title='bbox 549 162 578 190; x_wconf 89' lang='lat' dir='ltr'><strong>S.</strong></span> <span class='ocrx_word' id='word_1_3' title='bbox 599 162 786 190; x_wconf 79' lang='lat' dir='ltr'><strong>ATHANASII</strong></span> <span class='ocrx_word' id='word_1_4' title='bbox 804 161 880 191; x_wconf 75' lang='lat' dir='ltr'><strong>OPP.</strong></span> <span class='ocrx_word' id='word_1_5' title='bbox 902 162 993 191; x_wconf 77' lang='lat' dir='ltr'><strong>PARS</strong></span> <span class='ocrx_word' id='word_1_6' title='bbox 1012 163 1033 191; x_wconf 88' lang='grc' dir='ltr'><strong>Ι.</strong></span> 
     </span>
    </p>
   </div>
   <div class='ocr_carea' id='block_1_3' title="bbox 1095 160 1583 191">
    <p class='ocr_par' dir='ltr' id='par_1_3' title="bbox 1108 160 1583 190">
     <span class='ocr_line' id='line_1_3' title="bbox 1108 160 1583 190; baseline -0.004 -1"><span class='ocrx_word' id='word_1_7' title='bbox 1108 161 1288 190; x_wconf 80' lang='lat' dir='ltr'><strong>HISTORICA</strong></span> <span class='ocrx_word' id='word_1_8' title='bbox 1309 161 1353 189; x_wconf 82' lang='lat' dir='ltr'><strong>ET</strong></span> <span class='ocrx_word' id='word_1_9' title='bbox 1375 160 1583 190; x_wconf 79' lang='lat' dir='ltr'><strong>DOGMATICA.</strong></span> 
     </span>
    </p>
   </div>
   <div class='ocr_carea' id='block_1_4' title="bbox 1824 157 1876 186">
    <p class='ocr_par' dir='ltr' id='par_1_4' title="bbox 1824 157 1876 186">
     <span class='ocr_line' id='line_1_4' title="bbox 1824 157 1876 186; baseline 0 0"><span class='ocrx_word' id='word_1_10' title='bbox 1824 157 1876 186; x_wconf 62' lang='lat'><strong>500</strong></span> 
     </span>
    </p>
   </div>
   <div class='ocr_carea' id='block_1_5' title="bbox 265 216 1042 256">
    <p class='ocr_par' dir='ltr' id='par_1_5' title="bbox 265 220 1042 253">
     <span class='ocr_line' id='line_1_5' title="bbox 265 220 1042 253; baseline 0.003 -7"><span class='ocrx_word' id='word_1_11' title='bbox 265 225 361 253; x_wconf 84' lang='lat' dir='ltr'><strong>pacato</strong></span> <span class='ocrx_word' id='word_1_12' title='bbox 377 227 468 248; x_wconf 53' lang='lat' dir='ltr'><strong>animo</strong></span> <span class='ocrx_word' id='word_1_13' title='bbox 480 240 487 252; x_wconf 81' lang='lat'><strong>,</strong></span> <span class='ocrx_word' id='word_1_14' title='bbox 501 220 615 248; x_wconf 84' lang='lat' dir='ltr'><strong>Arianos</strong></span> <span class='ocrx_word' id='word_1_15' title='bbox 631 221 664 248; x_wconf 86' lang='lat' dir='ltr'><strong>ad</strong></span> <span class='ocrx_word' id='word_1_16' title='bbox 681 222 897 249; x_wconf 81' lang='lat' dir='ltr'><strong>communionem</strong></span> <span class='ocrx_word' id='word_1_17' title='bbox 920 222 1042 249; x_wconf 87' lang='lat' dir='ltr'><strong>admitte-</strong></span> 
     </span>
    </p>
   </div>
   <div class='ocr_carea' id='block_1_6' title="bbox 1095 216 1875 256">
    <p class='ocr_par' dir='ltr' id='par_1_6' title="bbox 1095 216 1875 256">
     <span class='ocr_line' id='line_1_6' title="bbox 1095 216 1875 256; baseline -0.009 -8"><span class='ocrx_word' id='word_1_18' title='bbox 1095 218 1128 256; x_wconf 79' lang='grc' dir='ltr'><strong>ἧς</strong></span> <span class='ocrx_word' id='word_1_19' title='bbox 1139 220 1174 247; x_wconf 76' lang='grc' dir='ltr'>τὰ</span> <span class='ocrx_word' id='word_1_20' title='bbox 1189 221 1236 247; x_wconf 82' lang='grc' dir='ltr'><strong>τοῦ</strong></span> <span class='ocrx_word' id='word_1_21' title='bbox 1250 219 1317 247; x_wconf 78' lang='grc' dir='ltr'>Θεοῦ</span> <span class='ocrx_word' id='word_1_22' title='bbox 1333 220 1400 255; x_wconf 82' lang='grc' dir='ltr'><strong>μέλη</strong></span> <span class='ocrx_word' id='word_1_23' title='bbox 1415 220 1545 254; x_wconf 81' lang='grc' dir='ltr'>πρότερον</span> <span class='ocrx_word' id='word_1_24' title='bbox 1560 218 1715 253; x_wconf 80' lang='grc' dir='ltr'><strong>διειστήκει,</strong></span> <span class='ocrx_word' id='word_1_25' title='bbox 1727 216 1875 252; x_wconf 77' lang='grc' dir='ltr'>ἡπλωμένῃ</span> 
     </span>
    </p>
   </div>
   <div class='ocr_carea' id='block_1_7' title="bbox 264 267 1044 302">
    <p class='ocr_par' dir='ltr' id='par_1_7' title="bbox 264 267 1044 302">
     <span class='ocr_line' id='line_1_7' title="bbox 264 267 1044 302; baseline 0.003 -10"><span class='ocrx_word' id='word_1_26' title='bbox 264 273 374 299; x_wconf 85' lang='lat' dir='ltr'><strong>remus,</strong></span> <span class='ocrx_word' id='word_1_27' title='bbox 392 274 460 301; x_wconf 89' lang='lat' dir='ltr'><strong>quos</strong></span> <span class='ocrx_word' id='word_1_28' title='bbox 481 267 513 293; x_wconf 89' lang='lat' dir='ltr'><strong>ad</strong></span> <span class='ocrx_word' id='word_1_29' title='bbox 530 267 663 301; x_wconf 81' lang='lat' dir='ltr'><strong>quo‘ddam</strong></span> <span class='ocrx_word' id='word_1_30' title='bbox 690 268 818 302; x_wconf 85' lang='lat' dir='ltr'><strong>temporis</strong></span> <span class='ocrx_word' id='word_1_31' title='bbox 839 268 954 302; x_wconf 90' lang='lat' dir='ltr'><strong>spatium</strong></span> <span class='ocrx_word' id='word_1_32' title='bbox 972 268 1044 295; x_wconf 92' lang='lat' dir='ltr'><strong>omni</strong></span> 
     </span>
    </p>
   </div>
   <div class='ocr_carea' id='block_1_8' title="bbox 264 311 1046 341">
    <p class='ocr_par' dir='ltr' id='par_1_8' title="bbox 264 311 1046 341">
     <span class='ocr_line' id='line_1_8' title="bbox 264 311 1046 341; baseline 0.003 -3"><span class='ocrx_word' id='word_1_33' title='bbox 264 311 359 339; x_wconf 86' lang='lat' dir='ltr'><strong>infesta</strong></span> <span class='ocrx_word' id='word_1_34' title='bbox 375 312 446 340; x_wconf 91' lang='lat' dir='ltr'><strong>bono</strong></span> <span class='ocrx_word' id='word_1_35' title='bbox 472 313 571 340; x_wconf 84' lang='lat' dir='ltr'><strong>invidia</strong></span> <span class='ocrx_word' id='word_1_36' title='bbox 595 313 660 341; x_wconf 85' lang='lat' dir='ltr'><strong>foris</strong></span> <span class='ocrx_word' id='word_1_37' title='bbox 685 313 832 340; x_wconf 77' lang='lat' dir='ltr'><strong>Ecclesiam</strong></span> <span class='ocrx_word' id='word_1_38' title='bbox 847 313 973 340; x_wconf 91' lang='lat' dir='ltr'><strong>detinuit.</strong></span> <span class='ocrx_word' id='word_1_39' title='bbox 989 313 1046 340; x_wconf 79' lang='lat' dir='ltr'><strong>lino</strong></span> 
     </span>
    </p>
   </div>
   <div class='ocr_carea' id='block_1_9' title="bbox 265 357 1044 394">
    <p class='ocr_par' dir='ltr' id='par_1_9' title="bbox 265 357 1044 394">
     <span class='ocr_line' id='line_1_9' title="bbox 265 357 1044 394; baseline 0 -10"><span class='ocrx_word' id='word_1_40' title='bbox 265 358 322 392; x_wconf 81' lang='lat' dir='ltr'><strong>ipse</strong></span> <span class='ocrx_word' id='word_1_41' title='bbox 338 357 557 394; x_wconf 73' lang='lat' dir='ltr'><strong>religiosissimus</strong></span> <span class='ocrx_word' id='word_1_42' title='bbox 580 358 726 393; x_wconf 91' lang='lat' dir='ltr'><strong>imperator</strong></span> <span class='ocrx_word' id='word_1_43' title='bbox 739 366 787 394; x_wconf 86' lang='lat' dir='ltr'><strong>per</strong></span> <span class='ocrx_word' id='word_1_44' title='bbox 802 358 946 393; x_wconf 91' lang='lat' dir='ltr'><strong>epistolatn</strong></span> <span class='ocrx_word' id='word_1_45' title='bbox 966 365 1044 385; x_wconf 89' lang='lat' dir='ltr'><strong>sttam</strong></span> 
     </span>
    </p>
   </div>
   <div class='ocr_carea' id='block_1_10' title="bbox 266 403 1043 436">
    <p class='ocr_par' dir='ltr' id='par_1_10' title="bbox 266 403 1043 436">
     <span class='ocr_line' id='line_1_10' title="bbox 266 403 1043 436; baseline 0 -7"><span class='ocrx_word' id='word_1_46' title='bbox 266 403 415 436; x_wconf 78' lang='lat' dir='ltr'><strong>huiusmodi</strong></span> <span class='ocrx_word' id='word_1_47' title='bbox 429 404 548 430; x_wconf 82' lang='lat' dir='ltr'><strong>virorum</strong></span> <span class='ocrx_word' id='word_1_48' title='bbox 568 409 671 431; x_wconf 87' lang='lat' dir='ltr'><strong>rectam.</strong></span> <span class='ocrx_word' id='word_1_49' title='bbox 682 411 743 431; x_wconf 77' lang='lat' dir='ltr'><strong>esse</strong></span> <span class='ocrx_word' id='word_1_50' title='bbox 759 404 838 431; x_wconf 84' lang='lat' dir='ltr'><strong>fidem</strong></span> <span class='ocrx_word' id='word_1_51' title='bbox 851 408 964 431; x_wconf 78' lang='lat' dir='ltr'><strong>testatus</strong></span> <span class='ocrx_word' id='word_1_52' title='bbox 980 407 1022 430; x_wconf 88' lang='lat' dir='ltr'><strong>est</strong></span> <span class='ocrx_word' id='word_1_53' title='bbox 1035 411 1043 429; x_wconf 89' lang='lat'><strong>:</strong></span> 
     </span>
    </p>
   </div>
   <div class='ocr_carea' id='block_1_11' title="bbox 264 447 1046 484">
    <p class='ocr_par' dir='ltr' id='par_1_11' title="bbox 264 447 1046 484">
     <span class='ocr_line' id='line_1_11' title="bbox 264 447 1046 484; baseline 0.001 -11"><span class='ocrx_word' id='word_1_54' title='bbox 264 455 344 481; x_wconf 84' lang='lat' dir='ltr'><strong>quam</strong></span> <span class='ocrx_word' id='word_1_55' title='bbox 360 449 428 484; x_wconf 85' lang='lat' dir='ltr'><strong>ipse.</strong></span> <span class='ocrx_word' id='word_1_56' title='bbox 454 449 508 476; x_wconf 89' lang='lat' dir='ltr'><strong>illis</strong></span> <span class='ocrx_word' id='word_1_57' title='bbox 529 449 702 483; x_wconf 82' lang='lat' dir='ltr'><strong>interrogatis</strong></span> <span class='ocrx_word' id='word_1_58' title='bbox 715 469 722 481; x_wconf 90' lang='lat'><strong>,</strong></span> <span class='ocrx_word' id='word_1_59' title='bbox 739 449 796 476; x_wconf 85' lang='lat' dir='ltr'><strong>viva</strong></span> <span class='ocrx_word' id='word_1_60' title='bbox 820 455 886 475; x_wconf 84' lang='lat' dir='ltr'><strong>voce</strong></span> <span class='ocrx_word' id='word_1_61' title='bbox 904 447 1046 483; x_wconf 78' lang='lat' dir='ltr'><strong>loquentes</strong></span> 
     </span>
    </p>
   </div>
   <div class='ocr_carea' id='block_1_12' title="bbox 264 493 1044 528">
    <p class='ocr_par' dir='ltr' id='par_1_12' title="bbox 264 493 1044 528">
     <span class='ocr_line' id='line_1_12' title="bbox 264 493 1044 528; baseline -0.001 -7"><span class='ocrx_word' id='word_1_62' title='bbox 264 501 325 522; x_wconf 87' lang='lat' dir='ltr'><strong>cum</strong></span> <span class='ocrx_word' id='word_1_63' title='bbox 348 494 498 526; x_wconf 85' lang='lat' dir='ltr'><strong>audiisset,</strong></span> <span class='ocrx_word' id='word_1_64' title='bbox 523 501 537 520; x_wconf 88' lang='lat' dir='ltr'><strong>a</strong></span> <span class='ocrx_word' id='word_1_65' title='bbox 555 501 584 521; x_wconf 86' lang='lat' dir='ltr'><strong>se</strong></span> <span class='ocrx_word' id='word_1_66' title='bbox 600 494 773 528; x_wconf 86' lang='lat' dir='ltr'><strong>approbatam</strong></span> <span class='ocrx_word' id='word_1_67' title='bbox 801 494 879 520; x_wconf 85' lang='lat' dir='ltr'><strong>nobis</strong></span> <span class='ocrx_word' id='word_1_68' title='bbox 907 493 1044 527; x_wconf 86' lang='lat' dir='ltr'><strong>indicavit,</strong></span> 
     </span>
    </p>
   </div>
   <div class='ocr_carea' id='block_1_13' title="bbox 266 539 1046 576">
    <p class='ocr_par' dir='ltr' id='par_1_13' title="bbox 266 539 1046 576">
     <span class='ocr_line' id='line_1_13' title="bbox 266 539 1046 576; baseline -0.003 -8"><span class='ocrx_word' id='word_1_69' title='bbox 266 540 417 576; x_wconf 84' lang='lat' dir='ltr'><strong>litterisque</strong></span> <span class='ocrx_word' id='word_1_70' title='bbox 432 540 489 568; x_wconf 90' lang='lat' dir='ltr'><strong>suis</strong></span> <span class='ocrx_word' id='word_1_71' title='bbox 512 547 605 567; x_wconf 82' lang='lat' dir='ltr'><strong>sanam</strong></span> <span class='ocrx_word' id='word_1_72' title='bbox 629 546 722 567; x_wconf 88' lang='lat' dir='ltr'><strong>eorum</strong></span> <span class='ocrx_word' id='word_1_73' title='bbox 744 539 804 567; x_wconf 84' lang='lat' dir='ltr'><strong>fidei</strong></span> <span class='ocrx_word' id='word_1_74' title='bbox 822 539 964 567; x_wconf 78' lang='lat' dir='ltr'><strong>formulam</strong></span> <span class='ocrx_word' id='word_1_75' title='bbox 981 539 1046 566; x_wconf 84' lang='lat' dir='ltr'><strong>sub-</strong></span> 
     </span>
    </p>
   </div>
   <div class='ocr_carea' id='block_1_14' title="bbox 261 585 360 620">
    <p class='ocr_par' dir='ltr' id='par_1_14' title="bbox 261 585 360 620">
     <span class='ocr_line' id='line_1_14' title="bbox 261 585 360 620; baseline 0 -7"><span class='ocrx_word' id='word_1_76' title='bbox 261 585 360 620; x_wconf 73' lang='lat' dir='ltr'><strong>iuuit.</strong></span> 
     </span>
    </p>
   </div>
   <div class='ocr_carea' id='block_1_15' title="bbox 299 673 1044 710">
    <p class='ocr_par' dir='ltr' id='par_1_15' title="bbox 299 673 1044 710">
     <span class='ocr_line' id='line_1_15' title="bbox 299 673 1044 710; baseline 0.003 -10"><span class='ocrx_word' id='word_1_77' title='bbox 299 673 342 701; x_wconf 77' lang='lat'><strong>85.</strong></span> <span class='ocrx_word' id='word_1_78' title='bbox 359 673 424 708; x_wconf 87' lang='lat' dir='ltr'><strong>Quis</strong></span> <span class='ocrx_word' id='word_1_79' title='bbox 433 674 587 709; x_wconf 73' lang='lat' dir='ltr'><strong>huiusmodi</strong></span> <span class='ocrx_word' id='word_1_80' title='bbox 607 675 706 703; x_wconf 75' lang='lat' dir='ltr'><strong>auditis</strong></span> <span class='ocrx_word' id='word_1_81' title='bbox 716 676 806 704; x_wconf 88' lang='lat' dir='ltr'><strong>verbis</strong></span> <span class='ocrx_word' id='word_1_82' title='bbox 818 675 1044 710; x_wconf 83' lang='lat' dir='ltr'><strong>conspirationem</strong></span> 
     </span>
    </p>
   </div>
   <div class='ocr_carea' id='block_1_16' title="bbox 265 721 1046 756">
    <p class='ocr_par' dir='ltr' id='par_1_16' title="bbox 265 721 1046 756">
     <span class='ocr_line' id='line_1_16' title="bbox 265 721 1046 756; baseline 0.001 -9"><span class='ocrx_word' id='word_1_83' title='bbox 265 728 319 747; x_wconf 89' lang='lat' dir='ltr'><strong>non</strong></span> <span class='ocrx_word' id='word_1_84' title='bbox 346 721 589 748; x_wconf 74' lang='lat' dir='ltr'><strong>animadverterit?</strong></span> <span class='ocrx_word' id='word_1_85' title='bbox 603 726 676 756; x_wconf 69' lang='lat' dir='ltr'><strong>gesta</strong></span> <span class='ocrx_word' id='word_1_86' title='bbox 697 728 815 756; x_wconf 78' lang='lat' dir='ltr'><strong>namque</strong></span> <span class='ocrx_word' id='word_1_87' title='bbox 832 729 879 749; x_wconf 87' lang='lat' dir='ltr'><strong>sua</strong></span> <span class='ocrx_word' id='word_1_88' title='bbox 894 729 946 749; x_wconf 92' lang='lat' dir='ltr'><strong>non</strong></span> <span class='ocrx_word' id='word_1_89' title='bbox 966 721 1046 749; x_wconf 83' lang='lat' dir='ltr'><strong>dissi-</strong></span> 
     </span>
    </p>
   </div>
   <div class='ocr_carea' id='block_1_17' title="bbox 264 766 1045 794">
    <p class='ocr_par' dir='ltr' id='par_1_17' title="bbox 264 766 1045 794">
     <span class='ocr_line' id='line_1_17' title="bbox 264 766 1045 794; baseline 0.003 -2"><span class='ocrx_word' id='word_1_90' title='bbox 264 766 423 793; x_wconf 81' lang='lat' dir='ltr'><strong>nudarunt:</strong></span> <span class='ocrx_word' id='word_1_91' title='bbox 439 771 487 792; x_wconf 88' lang='lat' dir='ltr'><strong>aut</strong></span> <span class='ocrx_word' id='word_1_92' title='bbox 507 766 625 793; x_wconf 76' lang='lat' dir='ltr'><strong>fortasse</strong></span> <span class='ocrx_word' id='word_1_93' title='bbox 650 766 692 793; x_wconf 87' lang='lat' dir='ltr'><strong>vel</strong></span> <span class='ocrx_word' id='word_1_94' title='bbox 720 767 798 794; x_wconf 85' lang='lat' dir='ltr'><strong>inviti</strong></span> <span class='ocrx_word' id='word_1_95' title='bbox 821 767 962 794; x_wconf 72' lang='lat' dir='ltr'><strong>veritatem</strong></span> <span class='ocrx_word' id='word_1_96' title='bbox 981 770 1045 794; x_wconf 88' lang='lat' dir='ltr'><strong>sunt</strong></span> 
     </span>
    </p>
   </div>
   <div class='ocr_carea' id='block_1_18' title="bbox 263 811 1045 847">
    <p class='ocr_par' dir='ltr' id='par_1_18' title="bbox 263 811 1045 847">
     <span class='ocr_line' id='line_1_18' title="bbox 263 811 1045 847; baseline 0.001 -8"><span class='ocrx_word' id='word_1_97' title='bbox 263 812 390 840; x_wconf 79' lang='lat' dir='ltr'><strong>confessi.</strong></span> <span class='ocrx_word' id='word_1_98' title='bbox 406 811 472 839; x_wconf 83' lang='lat' dir='ltr'><strong>Nam</strong></span> <span class='ocrx_word' id='word_1_99' title='bbox 485 812 508 840; x_wconf 87' lang='lat' dir='ltr'><strong>si</strong></span> <span class='ocrx_word' id='word_1_100' title='bbox 524 819 572 846; x_wconf 74' lang='lat' dir='ltr'><strong>ego</strong></span> <span class='ocrx_word' id='word_1_101' title='bbox 587 812 609 839; x_wconf 88' lang='lat' dir='ltr'><strong>is</strong></span> <span class='ocrx_word' id='word_1_102' title='bbox 626 819 701 839; x_wconf 89' lang='lat' dir='ltr'><strong>eram</strong></span> <span class='ocrx_word' id='word_1_103' title='bbox 722 812 767 847; x_wconf 91' lang='lat' dir='ltr'><strong>qui</strong></span> <span class='ocrx_word' id='word_1_104' title='bbox 781 812 898 840; x_wconf 87' lang='lat' dir='ltr'><strong>Arianos</strong></span> <span class='ocrx_word' id='word_1_105' title='bbox 918 812 1045 840; x_wconf 70' lang='lat' dir='ltr'><strong>Ecclesiae</strong></span> 
     </span>
    </p>
   </div>
   <div class='ocr_carea' id='block_1_19' title="bbox 264 858 1043 894">
    <p class='ocr_par' dir='ltr' id='par_1_19' title="bbox 264 858 1043 894">
     <span class='ocr_line' id='line_1_19' title="bbox 264 858 1043 894; baseline 0 -8"><span class='ocrx_word' id='word_1_106' title='bbox 264 858 387 894; x_wconf 77' lang='lat' dir='ltr'><strong>ingressu</strong></span> <span class='ocrx_word' id='word_1_107' title='bbox 403 866 524 886; x_wconf 84' lang='lat' dir='ltr'><strong>arcerem</strong></span> <span class='ocrx_word' id='word_1_108' title='bbox 543 867 549 884; x_wconf 91' lang='lat'><strong>:</strong></span> <span class='ocrx_word' id='word_1_109' title='bbox 564 858 644 894; x_wconf 74' lang='lat'><strong>158</strong></span> <span class='ocrx_word' id='word_1_110' title='bbox 666 863 694 886; x_wconf 89' lang='lat' dir='ltr'><strong>et</strong></span> <span class='ocrx_word' id='word_1_111' title='bbox 711 858 748 886; x_wconf 93' lang='lat' dir='ltr'><strong>illi</strong></span> <span class='ocrx_word' id='word_1_112' title='bbox 770 863 830 894; x_wconf 86' lang='lat' dir='ltr'><strong>post</strong></span> <span class='ocrx_word' id='word_1_113' title='bbox 848 858 991 886; x_wconf 84' lang='lat' dir='ltr'><strong>conﬂatam</strong></span> <span class='ocrx_word' id='word_1_114' title='bbox 1016 859 1043 886; x_wconf 86' lang='lat' dir='ltr'><strong>in</strong></span> 
     </span>
    </p>
   </div>
   <div class='ocr_carea' id='block_1_20' title="bbox 264 904 1040 940">
    <p class='ocr_par' dir='ltr' id='par_1_20' title="bbox 264 904 1040 940">
     <span class='ocr_line' id='line_1_20' title="bbox 264 904 1040 940; baseline 0 -8"><span class='ocrx_word' id='word_1_115' title='bbox 264 912 308 932; x_wconf 88' lang='lat' dir='ltr'><strong>me</strong></span> <span class='ocrx_word' id='word_1_116' title='bbox 321 905 546 940; x_wconf 63' lang='lat' dir='ltr'><strong>conspirationem</strong></span> <span class='ocrx_word' id='word_1_117' title='bbox 563 905 597 932; x_wconf 91' lang='lat' dir='ltr'><strong>ad</strong></span> <span class='ocrx_word' id='word_1_118' title='bbox 611 905 827 932; x_wconf 79' lang='lat' dir='ltr'><strong>communionem</strong></span> <span class='ocrx_word' id='word_1_119' title='bbox 839 909 901 932; x_wconf 88' lang='lat' dir='ltr'><strong>sunt</strong></span> <span class='ocrx_word' id='word_1_120' title='bbox 915 904 1040 938; x_wconf 85' lang='lat' dir='ltr'><strong>admissi;</strong></span> 
     </span>
    </p>
   </div>
   <div class='ocr_carea' id='block_1_21' title="bbox 263 948 1044 985">
    <p class='ocr_par' dir='ltr' id='par_1_21' title="bbox 263 948 1044 985">
     <span class='ocr_line' id='line_1_21' title="bbox 263 948 1044 985; baseline -0.001 -8"><span class='ocrx_word' id='word_1_121' title='bbox 263 949 328 985; x_wconf 77' lang='lat' dir='ltr'><strong>quid</strong></span> <span class='ocrx_word' id='word_1_122' title='bbox 345 948 417 976; x_wconf 90' lang='lat' dir='ltr'><strong>aliud</strong></span> <span class='ocrx_word' id='word_1_123' title='bbox 433 949 587 980; x_wconf 86' lang='lat' dir='ltr'><strong>dicendum,</strong></span> <span class='ocrx_word' id='word_1_124' title='bbox 599 955 681 983; x_wconf 83' lang='lat' dir='ltr'><strong>quam</strong></span> <span class='ocrx_word' id='word_1_125' title='bbox 701 953 728 976; x_wconf 91' lang='lat' dir='ltr'><strong>et</strong></span> <span class='ocrx_word' id='word_1_126' title='bbox 742 949 799 976; x_wconf 71' lang='lat' dir='ltr'><strong>hzec</strong></span> <span class='ocrx_word' id='word_1_127' title='bbox 814 953 842 976; x_wconf 89' lang='lat' dir='ltr'><strong>et</strong></span> <span class='ocrx_word' id='word_1_128' title='bbox 853 950 980 976; x_wconf 87' lang='lat' dir='ltr'><strong>universa</strong></span> <span class='ocrx_word' id='word_1_129' title='bbox 996 955 1044 977; x_wconf 87' lang='lat' dir='ltr'><strong>eo-</strong></span> 
     </span>
    </p>
   </div>
   <div class='ocr_carea' id='block_1_22' title="bbox 264 993 1042 1028">
    <p class='ocr_par' dir='ltr' id='par_1_22' title="bbox 264 993 1042 1028">
     <span class='ocr_line' id='line_1_22' title="bbox 264 993 1042 1028; baseline -0.001 -6"><span class='ocrx_word' id='word_1_130' title='bbox 264 1002 325 1022; x_wconf 87' lang='lat' dir='ltr'><strong>rum</strong></span> <span class='ocrx_word' id='word_1_131' title='bbox 338 995 364 1021; x_wconf 94' lang='lat' dir='ltr'><strong>in</strong></span> <span class='ocrx_word' id='word_1_132' title='bbox 381 1001 432 1022; x_wconf 85' lang='lat' dir='ltr'><strong>nos</strong></span> <span class='ocrx_word' id='word_1_133' title='bbox 446 993 567 1021; x_wconf 75' lang='lat' dir='ltr'><strong>facinora</strong></span> <span class='ocrx_word' id='word_1_134' title='bbox 580 1013 588 1026; x_wconf 86' lang='lat'><strong>,</strong></span> <span class='ocrx_word' id='word_1_135' title='bbox 601 994 763 1020; x_wconf 81' lang='lat' dir='ltr'><strong>Arianorum</strong></span> <span class='ocrx_word' id='word_1_136' title='bbox 779 994 865 1028; x_wconf 72' lang='lat' dir='ltr'><strong>gratia</strong></span> <span class='ocrx_word' id='word_1_137' title='bbox 891 999 1042 1028; x_wconf 89' lang='lat' dir='ltr'><strong>perpetrata</strong></span> 
     </span>
    </p>
   </div>
   <div class='ocr_carea' id='block_1_23' title="bbox 262 1039 1044 1073">
    <p class='ocr_par' dir='ltr' id='par_1_23' title="bbox 262 1039 1044 1073">
     <span class='ocr_line' id='line_1_23' title="bbox 262 1039 1044 1073; baseline -0.001 -6"><span class='ocrx_word' id='word_1_138' title='bbox 262 1047 324 1067; x_wconf 82' lang='lat' dir='ltr'><strong>esse</strong></span> <span class='ocrx_word' id='word_1_139' title='bbox 342 1049 349 1066; x_wconf 87' lang='lat'><strong>:</strong></span> <span class='ocrx_word' id='word_1_140' title='bbox 368 1045 396 1067; x_wconf 86' lang='lat' dir='ltr'><strong>et</strong></span> <span class='ocrx_word' id='word_1_141' title='bbox 418 1047 451 1067; x_wconf 87' lang='lat' dir='ltr'><strong>eo</strong></span> <span class='ocrx_word' id='word_1_142' title='bbox 476 1040 562 1067; x_wconf 84' lang='lat' dir='ltr'><strong>solum</strong></span> <span class='ocrx_word' id='word_1_143' title='bbox 585 1039 680 1067; x_wconf 88' lang='lat' dir='ltr'><strong>calicis</strong></span> <span class='ocrx_word' id='word_1_144' title='bbox 703 1039 862 1067; x_wconf 84' lang='lat' dir='ltr'><strong>fractionem</strong></span> <span class='ocrx_word' id='word_1_145' title='bbox 883 1040 1044 1073; x_wconf 83' lang='lat' dir='ltr'><strong>Arsenilque</strong></span> 
     </span>
    </p>
   </div>
   <div class='ocr_carea' id='block_1_24' title="bbox 263 1085 1042 1119">
    <p class='ocr_par' dir='ltr' id='par_1_24' title="bbox 263 1085 1042 1119">
     <span class='ocr_line' id='line_1_24' title="bbox 263 1085 1042 1119; baseline 0 -7"><span class='ocrx_word' id='word_1_146' title='bbox 263 1085 364 1112; x_wconf 79' lang='lat' dir='ltr'><strong>caedem</strong></span> <span class='ocrx_word' id='word_1_147' title='bbox 380 1092 441 1113; x_wconf 85' lang='lat' dir='ltr'><strong>esse</strong></span> <span class='ocrx_word' id='word_1_148' title='bbox 460 1086 615 1118; x_wconf 85' lang='lat' dir='ltr'><strong>confictam,</strong></span> <span class='ocrx_word' id='word_1_149' title='bbox 628 1089 659 1112; x_wconf 85' lang='lat' dir='ltr'><strong>ut</strong></span> <span class='ocrx_word' id='word_1_150' title='bbox 670 1085 835 1118; x_wconf 85' lang='lat' dir='ltr'><strong>impietatem</strong></span> <span class='ocrx_word' id='word_1_151' title='bbox 851 1086 878 1112; x_wconf 91' lang='lat' dir='ltr'><strong>in</strong></span> <span class='ocrx_word' id='word_1_152' title='bbox 894 1085 1042 1119; x_wconf 80' lang='lat' dir='ltr'><strong>Et-clcsiam</strong></span> 
     </span>
    </p>
   </div>
   <div class='ocr_carea' id='block_1_25' title="bbox 263 1130 1043 1165">
    <p class='ocr_par' dir='ltr' id='par_1_25' title="bbox 263 1130 1043 1165">
     <span class='ocr_line' id='line_1_25' title="bbox 263 1130 1043 1165; baseline -0.001 -6"><span class='ocrx_word' id='word_1_153' title='bbox 263 1131 489 1162; x_wconf 80' lang='lat' dir='ltr'><strong>introducerent,</strong></span> <span class='ocrx_word' id='word_1_154' title='bbox 515 1135 543 1158; x_wconf 92' lang='lat' dir='ltr'><strong>et</strong></span> <span class='ocrx_word' id='word_1_155' title='bbox 571 1130 621 1165; x_wconf 81' lang='lat' dir='ltr'><strong>ipsi</strong></span> <span class='ocrx_word' id='word_1_156' title='bbox 643 1131 755 1157; x_wconf 87' lang='lat' dir='ltr'><strong>minime</strong></span> <span class='ocrx_word' id='word_1_157' title='bbox 778 1131 1043 1165; x_wconf 84' lang='lat' dir='ltr'><strong>deprehenderentur</strong></span> 
     </span>
    </p>
   </div>
   <div class='ocr_carea' id='block_1_26' title="bbox 262 1175 1042 1210">
    <p class='ocr_par' dir='ltr' id='par_1_26' title="bbox 262 1175 1042 1210">
     <span class='ocr_line' id='line_1_26' title="bbox 262 1175 1042 1210; baseline 0.001 -7"><span class='ocrx_word' id='word_1_158' title='bbox 262 1175 402 1204; x_wconf 63' lang='lat' dir='ltr'><strong>heretici?</strong></span> <span class='ocrx_word' id='word_1_159' title='bbox 426 1175 487 1202; x_wconf 87' lang='lat' dir='ltr'><strong>ideo</strong></span> <span class='ocrx_word' id='word_1_160' title='bbox 501 1176 573 1202; x_wconf 87' lang='lat' dir='ltr'><strong>enim</strong></span> <span class='ocrx_word' id='word_1_161' title='bbox 591 1175 656 1202; x_wconf 89' lang='lat' dir='ltr'><strong>mihi</strong></span> <span class='ocrx_word' id='word_1_162' title='bbox 674 1180 754 1202; x_wconf 81' lang='lat' dir='ltr'><strong>antea</strong></span> <span class='ocrx_word' id='word_1_163' title='bbox 780 1175 932 1210; x_wconf 84' lang='lat' dir='ltr'><strong>imperator</strong></span> <span class='ocrx_word' id='word_1_164' title='bbox 946 1175 1042 1204; x_wconf 81' lang='lat' dir='ltr'><strong>litteris</strong></span> 
     </span>
    </p>
   </div>
   <div class='ocr_carea' id='block_1_27' title="bbox 263 1220 1041 1255">
    <p class='ocr_par' dir='ltr' id='par_1_27' title="bbox 263 1220 1041 1255">
     <span class='ocr_line' id='line_1_27' title="bbox 263 1220 1041 1255; baseline 0 -5"><span class='ocrx_word' id='word_1_165' title='bbox 263 1223 321 1250; x_wconf 84' lang='lat' dir='ltr'><strong>suis</strong></span> <span class='ocrx_word' id='word_1_166' title='bbox 335 1221 527 1249; x_wconf 83' lang='lat' dir='ltr'><strong>interminatus</strong></span> <span class='ocrx_word' id='word_1_167' title='bbox 546 1225 598 1249; x_wconf 90' lang='lat' dir='ltr'><strong>est.</strong></span> <span class='ocrx_word' id='word_1_168' title='bbox 613 1220 670 1248; x_wconf 81' lang='lat' dir='ltr'><strong>Nec</strong></span> <span class='ocrx_word' id='word_1_169' title='bbox 688 1221 782 1255; x_wconf 87' lang='lat' dir='ltr'><strong>puduit</strong></span> <span class='ocrx_word' id='word_1_170' title='bbox 796 1228 843 1248; x_wconf 85' lang='lat' dir='ltr'><strong>eos</strong></span> <span class='ocrx_word' id='word_1_171' title='bbox 858 1221 921 1248; x_wconf 81' lang='lat' dir='ltr'><strong>talia</strong></span> <span class='ocrx_word' id='word_1_172' title='bbox 941 1222 1041 1255; x_wconf 84' lang='lat' dir='ltr'><strong>dicere,</strong></span> 
     </span>
    </p>
   </div>
   <div class='ocr_carea' id='block_1_28' title="bbox 266 1266 1042 1302">
    <p class='ocr_par' dir='ltr' id='par_1_28' title="bbox 266 1266 1042 1302">
     <span class='ocr_line' id='line_1_28' title="bbox 266 1266 1042 1302; baseline 0 -7"><span class='ocrx_word' id='word_1_173' title='bbox 266 1267 455 1302; x_wconf 86' lang='lat' dir='ltr'><strong>alllrmareque</strong></span> <span class='ocrx_word' id='word_1_174' title='bbox 479 1272 553 1294; x_wconf 84' lang='lat' dir='ltr'><strong>recte</strong></span> <span class='ocrx_word' id='word_1_175' title='bbox 570 1267 674 1294; x_wconf 88' lang='lat' dir='ltr'><strong>sentire</strong></span> <span class='ocrx_word' id='word_1_176' title='bbox 686 1266 759 1294; x_wconf 87' lang='lat' dir='ltr'><strong>vims</strong></span> <span class='ocrx_word' id='word_1_177' title='bbox 777 1274 793 1293; x_wconf 90' lang='lat' dir='ltr'><strong>a</strong></span> <span class='ocrx_word' id='word_1_178' title='bbox 807 1271 862 1294; x_wconf 84' lang='lat' dir='ltr'><strong>tota</strong></span> <span class='ocrx_word' id='word_1_179' title='bbox 877 1268 1042 1295; x_wconf 73' lang='lat' dir='ltr'><strong>meumenica</strong></span> 
     </span>
    </p>
   </div>
   <div class='ocr_carea' id='block_1_29' title="bbox 261 1312 1042 1349">
    <p class='ocr_par' dir='ltr' id='par_1_29' title="bbox 261 1312 1042 1349">
     <span class='ocr_line' id='line_1_29' title="bbox 261 1312 1042 1349; baseline -0.001 -9"><span class='ocrx_word' id='word_1_180' title='bbox 261 1314 364 1349; x_wconf 80' lang='lat' dir='ltr'><strong>synodo</strong></span> <span class='ocrx_word' id='word_1_181' title='bbox 398 1313 571 1340; x_wconf 86' lang='lat' dir='ltr'><strong>anathemate</strong></span> <span class='ocrx_word' id='word_1_182' title='bbox 585 1313 749 1340; x_wconf 87' lang='lat' dir='ltr'><strong>damnatos:</strong></span> <span class='ocrx_word' id='word_1_183' title='bbox 768 1319 854 1347; x_wconf 87' lang='lat' dir='ltr'><strong>neque</strong></span> <span class='ocrx_word' id='word_1_184' title='bbox 878 1317 941 1340; x_wconf 89' lang='lat' dir='ltr'><strong>sunt</strong></span> <span class='ocrx_word' id='word_1_185' title='bbox 964 1312 1042 1340; x_wconf 73' lang='lat' dir='ltr'><strong>veriti</strong></span> 
     </span>
    </p>
   </div>
   <div class='ocr_carea' id='block_1_30' title="bbox 262 1358 1040 1395">
    <p class='ocr_par' dir='ltr' id='par_1_30' title="bbox 262 1358 1040 1395">
     <span class='ocr_line' id='line_1_30' title="bbox 262 1358 1040 1395; baseline -0.003 -9"><span class='ocrx_word' id='word_1_186' title='bbox 262 1365 366 1387; x_wconf 85' lang='lat' dir='ltr'><strong>tantam</strong></span> <span class='ocrx_word' id='word_1_187' title='bbox 385 1359 518 1395; x_wconf 80' lang='lat' dir='ltr'><strong>synodum</strong></span> <span class='ocrx_word' id='word_1_188' title='bbox 541 1363 674 1394; x_wconf 84' lang='lat' dir='ltr'><strong>quantum</strong></span> <span class='ocrx_word' id='word_1_189' title='bbox 702 1358 778 1386; x_wconf 86' lang='lat' dir='ltr'><strong>licuit</strong></span> <span class='ocrx_word' id='word_1_190' title='bbox 800 1359 870 1386; x_wconf 86' lang='lat' dir='ltr'><strong>clam</strong></span> <span class='ocrx_word' id='word_1_191' title='bbox 894 1363 1040 1387; x_wconf 83' lang='lat' dir='ltr'><strong>evertere:</strong></span> 
     </span>
    </p>
   </div>
   <div class='ocr_carea' id='block_1_31' title="bbox 262 1404 1043 1440">
    <p class='ocr_par' dir='ltr' id='par_1_31' title="bbox 262 1404 1043 1440">
     <span class='ocr_line' id='line_1_31' title="bbox 262 1404 1043 1440; baseline 0 -7"><span class='ocrx_word' id='word_1_192' title='bbox 262 1405 385 1434; x_wconf 71' lang='lat' dir='ltr'><strong>homines</strong></span> <span class='ocrx_word' id='word_1_193' title='bbox 400 1412 467 1432; x_wconf 86' lang='lat' dir='ltr'><strong>sane</strong></span> <span class='ocrx_word' id='word_1_194' title='bbox 482 1405 560 1432; x_wconf 81' lang='lat' dir='ltr'><strong>dictis</strong></span> <span class='ocrx_word' id='word_1_195' title='bbox 576 1405 711 1440; x_wconf 69' lang='lat' dir='ltr'><strong>gestisquc</strong></span> <span class='ocrx_word' id='word_1_196' title='bbox 730 1405 785 1432; x_wconf 83' lang='lat' dir='ltr'><strong>suis</strong></span> <span class='ocrx_word' id='word_1_197' title='bbox 794 1405 941 1432; x_wconf 80' lang='lat' dir='ltr'><strong>temerarii.</strong></span> <span class='ocrx_word' id='word_1_198' title='bbox 959 1404 1043 1433; x_wconf 90' lang='lat' dir='ltr'><strong>Porro</strong></span> 
     </span>
    </p>
   </div>
   <div class='ocr_carea' id='block_1_32' title="bbox 263 1451 1042 1487">
    <p class='ocr_par' dir='ltr' id='par_1_32' title="bbox 263 1451 1042 1487">
     <span class='ocr_line' id='line_1_32' title="bbox 263 1451 1042 1487; baseline -0.001 -8"><span class='ocrx_word' id='word_1_199' title='bbox 263 1458 367 1479; x_wconf 85' lang='lat' dir='ltr'><strong>merces</strong></span> <span class='ocrx_word' id='word_1_200' title='bbox 390 1451 575 1487; x_wconf 66' lang='lat' dir='ltr'><strong>sycophantiae</strong></span> <span class='ocrx_word' id='word_1_201' title='bbox 600 1458 728 1478; x_wconf 86' lang='lat' dir='ltr'><strong>concessa</strong></span> <span class='ocrx_word' id='word_1_202' title='bbox 748 1451 832 1478; x_wconf 90' lang='lat' dir='ltr'><strong>multo</strong></span> <span class='ocrx_word' id='word_1_203' title='bbox 849 1452 936 1486; x_wconf 72' lang='lat' dir='ltr'><strong>magis</strong></span> <span class='ocrx_word' id='word_1_204' title='bbox 948 1458 1042 1479; x_wconf 87' lang='lat' dir='ltr'><strong>eorum</strong></span> 
     </span>
    </p>
   </div>
   <div class='ocr_carea' id='block_1_33' title="bbox 262 1496 1043 1532">
    <p class='ocr_par' dir='ltr' id='par_1_33' title="bbox 262 1496 1043 1532">
     <span class='ocr_line' id='line_1_33' title="bbox 262 1496 1043 1532; baseline 0 -8"><span class='ocrx_word' id='word_1_205' title='bbox 262 1496 456 1532; x_wconf 77' lang='lat' dir='ltr'><strong>malignitatem</strong></span> <span class='ocrx_word' id='word_1_206' title='bbox 478 1497 643 1532; x_wconf 87' lang='lat' dir='ltr'><strong>impiumque</strong></span> <span class='ocrx_word' id='word_1_207' title='bbox 659 1497 826 1531; x_wconf 87' lang='lat' dir='ltr'><strong>propositum</strong></span> <span class='ocrx_word' id='word_1_208' title='bbox 841 1497 973 1531; x_wconf 70' lang='lat' dir='ltr'><strong>coarguit.</strong></span> <span class='ocrx_word' id='word_1_209' title='bbox 987 1497 1043 1524; x_wconf 80' lang='lat' dir='ltr'><strong>Ma-</strong></span> 
     </span>
    </p>
   </div>
   <div class='ocr_carea' id='block_1_34' title="bbox 263 1542 1040 1577">
    <p class='ocr_par' dir='ltr' id='par_1_34' title="bbox 263 1542 1040 1577">
     <span class='ocr_line' id='line_1_34' title="bbox 263 1542 1040 1577; baseline -0.001 -7"><span class='ocrx_word' id='word_1_210' title='bbox 263 1549 362 1574; x_wconf 88' lang='lat' dir='ltr'><strong>reotcs,</strong></span> <span class='ocrx_word' id='word_1_211' title='bbox 377 1543 414 1570; x_wconf 82' lang='lat' dir='ltr'><strong>uti</strong></span> <span class='ocrx_word' id='word_1_212' title='bbox 425 1550 505 1577; x_wconf 81' lang='lat' dir='ltr'><strong>supra</strong></span> <span class='ocrx_word' id='word_1_213' title='bbox 520 1543 621 1570; x_wconf 89' lang='lat' dir='ltr'><strong>dictum</strong></span> <span class='ocrx_word' id='word_1_214' title='bbox 643 1547 695 1573; x_wconf 89' lang='lat' dir='ltr'><strong>est.</strong></span> <span class='ocrx_word' id='word_1_215' title='bbox 709 1542 783 1577; x_wconf 71' lang='lat' dir='ltr'><strong>regio</strong></span> <span class='ocrx_word' id='word_1_216' title='bbox 794 1547 835 1570; x_wconf 88' lang='lat' dir='ltr'><strong>est</strong></span> <span class='ocrx_word' id='word_1_217' title='bbox 847 1542 1040 1577; x_wconf 79' lang='lat' dir='ltr'><strong>Alexandrina,</strong></span> 
     </span>
    </p>
   </div>
   <div class='ocr_carea' id='block_1_35' title="bbox 263 1587 1039 1624">
    <p class='ocr_par' dir='ltr' id='par_1_35' title="bbox 263 1587 1039 1624">
     <span class='ocr_line' id='line_1_35' title="bbox 263 1587 1039 1624; baseline 0.001 -9"><span class='ocrx_word' id='word_1_218' title='bbox 263 1589 290 1615; x_wconf 89' lang='lat' dir='ltr'><strong>in</strong></span> <span class='ocrx_word' id='word_1_219' title='bbox 303 1596 356 1623; x_wconf 86' lang='lat' dir='ltr'><strong>qua</strong></span> <span class='ocrx_word' id='word_1_220' title='bbox 367 1595 503 1624; x_wconf 88' lang='lat' dir='ltr'><strong>nunquam</strong></span> <span class='ocrx_word' id='word_1_221' title='bbox 515 1588 658 1623; x_wconf 86' lang='lat' dir='ltr'><strong>episcopus</strong></span> <span class='ocrx_word' id='word_1_222' title='bbox 677 1587 739 1620; x_wconf 85' lang='lat' dir='ltr'><strong>fuit,</strong></span> <span class='ocrx_word' id='word_1_223' title='bbox 751 1593 797 1614; x_wconf 89' lang='lat' dir='ltr'><strong>aut</strong></span> <span class='ocrx_word' id='word_1_224' title='bbox 806 1588 1015 1623; x_wconf 84' lang='lat' dir='ltr'><strong>chorepiscopus</strong></span> <span class='ocrx_word' id='word_1_225' title='bbox 1032 1598 1039 1616; x_wconf 88' lang='lat'><strong>:</strong></span> 
     </span>
    </p>
   </div>
   <div class='ocr_carea' id='block_1_36' title="bbox 262 1632 1041 1667">
    <p class='ocr_par' dir='ltr' id='par_1_36' title="bbox 262 1632 1041 1667">
     <span class='ocr_line' id='line_1_36' title="bbox 262 1632 1041 1667; baseline 0 -7"><span class='ocrx_word' id='word_1_226' title='bbox 262 1633 308 1660; x_wconf 84' lang='lat' dir='ltr'><strong>sed</strong></span> <span class='ocrx_word' id='word_1_227' title='bbox 329 1633 460 1660; x_wconf 75' lang='lat' dir='ltr'><strong>universae</strong></span> <span class='ocrx_word' id='word_1_228' title='bbox 483 1632 555 1659; x_wconf 84' lang='lat' dir='ltr'><strong>illius</strong></span> <span class='ocrx_word' id='word_1_229' title='bbox 568 1633 686 1667; x_wconf 70' lang='lat' dir='ltr'><strong>regionis</strong></span> <span class='ocrx_word' id='word_1_230' title='bbox 711 1632 838 1660; x_wconf 68' lang='lat' dir='ltr'><strong>Ecclesia:</strong></span> <span class='ocrx_word' id='word_1_231' title='bbox 858 1633 1041 1661; x_wconf 74' lang='lat' dir='ltr'><strong>Alexandrino</strong></span> 
     </span>
    </p>
   </div>
   <div class='ocr_carea' id='block_1_37' title="bbox 261 1677 1041 1714">
    <p class='ocr_par' dir='ltr' id='par_1_37' title="bbox 261 1677 1041 1714">
     <span class='ocr_line' id='line_1_37' title="bbox 261 1677 1041 1714; baseline 0.001 -9"><span class='ocrx_word' id='word_1_232' title='bbox 261 1678 504 1713; x_wconf 84' lang='lat' dir='ltr'><strong>parentepiscopo.</strong></span> <span class='ocrx_word' id='word_1_233' title='bbox 525 1677 677 1713; x_wconf 78' lang='lat' dir='ltr'><strong>Presbyteri</strong></span> <span class='ocrx_word' id='word_1_234' title='bbox 697 1683 786 1705; x_wconf 84' lang='lat' dir='ltr'><strong>autem</strong></span> <span class='ocrx_word' id='word_1_235' title='bbox 803 1679 903 1714; x_wconf 74' lang='lat' dir='ltr'><strong>singuli</strong></span> <span class='ocrx_word' id='word_1_236' title='bbox 917 1686 981 1707; x_wconf 85' lang='lat' dir='ltr'><strong>suos</strong></span> <span class='ocrx_word' id='word_1_237' title='bbox 998 1679 1041 1706; x_wconf 83' lang='lat' dir='ltr'><strong>vi-</strong></span> 
     </span>
    </p>
   </div>
   <div class='ocr_carea' id='block_1_38' title="bbox 263 1723 1043 1758">
    <p class='ocr_par' dir='ltr' id='par_1_38' title="bbox 263 1723 1043 1758">
     <span class='ocr_line' id='line_1_38' title="bbox 263 1723 1043 1758; baseline 0.003 -8"><span class='ocrx_word' id='word_1_238' title='bbox 263 1731 308 1750; x_wconf 79' lang='lat' dir='ltr'><strong>cos</strong></span> <span class='ocrx_word' id='word_1_239' title='bbox 331 1723 431 1750; x_wconf 88' lang='lat' dir='ltr'><strong>habent</strong></span> <span class='ocrx_word' id='word_1_240' title='bbox 444 1724 592 1755; x_wconf 77' lang='lat' dir='ltr'><strong>maximos,</strong></span> <span class='ocrx_word' id='word_1_241' title='bbox 607 1723 652 1757; x_wconf 82' lang='lat' dir='ltr'><strong>qui</strong></span> <span class='ocrx_word' id='word_1_242' title='bbox 673 1723 765 1750; x_wconf 87' lang='lat' dir='ltr'><strong>decetn</strong></span> <span class='ocrx_word' id='word_1_243' title='bbox 779 1724 887 1752; x_wconf 89' lang='lat' dir='ltr'><strong>circiter</strong></span> <span class='ocrx_word' id='word_1_244' title='bbox 901 1729 973 1758; x_wconf 87' lang='lat' dir='ltr'><strong>sunt,</strong></span> <span class='ocrx_word' id='word_1_245' title='bbox 988 1725 1043 1752; x_wconf 90' lang='lat' dir='ltr'><strong>imo</strong></span> 
     </span>
    </p>
   </div>
   <div class='ocr_carea' id='block_1_39' title="bbox 264 1768 1043 1805">
    <p class='ocr_par' dir='ltr' id='par_1_39' title="bbox 264 1768 1043 1805">
     <span class='ocr_line' id='line_1_39' title="bbox 264 1768 1043 1805; baseline 0.005 -11"><span class='ocrx_word' id='word_1_246' title='bbox 264 1768 355 1803; x_wconf 90' lang='lat' dir='ltr'><strong>plures</strong></span> <span class='ocrx_word' id='word_1_247' title='bbox 373 1776 496 1796; x_wconf 88' lang='lat' dir='ltr'><strong>numero.</strong></span> <span class='ocrx_word' id='word_1_248' title='bbox 513 1768 597 1796; x_wconf 84' lang='lat' dir='ltr'><strong>Vicus</strong></span> <span class='ocrx_word' id='word_1_249' title='bbox 612 1773 703 1796; x_wconf 87' lang='lat' dir='ltr'><strong>autem</strong></span> <span class='ocrx_word' id='word_1_250' title='bbox 720 1769 764 1796; x_wconf 91' lang='lat' dir='ltr'><strong>ubi</strong></span> <span class='ocrx_word' id='word_1_251' title='bbox 788 1769 892 1797; x_wconf 89' lang='lat' dir='ltr'><strong>habitat</strong></span> <span class='ocrx_word' id='word_1_252' title='bbox 917 1770 1043 1805; x_wconf 87' lang='lat' dir='ltr'><strong>lschyras</strong></span> 
     </span>
    </p>
   </div>
   <div class='ocr_carea' id='block_1_40' title="bbox 262 1814 1043 1848">
    <p class='ocr_par' dir='ltr' id='par_1_40' title="bbox 262 1814 1043 1848">
     <span class='ocr_line' id='line_1_40' title="bbox 262 1814 1043 1848; baseline 0.004 -8"><span class='ocrx_word' id='word_1_253' title='bbox 262 1814 382 1841; x_wconf 92' lang='lat' dir='ltr'><strong>omnium</strong></span> <span class='ocrx_word' id='word_1_254' title='bbox 396 1819 437 1841; x_wconf 92' lang='lat' dir='ltr'><strong>est</strong></span> <span class='ocrx_word' id='word_1_255' title='bbox 452 1814 591 1845; x_wconf 83' lang='lat' dir='ltr'><strong>minimus.</strong></span> <span class='ocrx_word' id='word_1_256' title='bbox 606 1818 634 1841; x_wconf 88' lang='lat' dir='ltr'><strong>et</strong></span> <span class='ocrx_word' id='word_1_257' title='bbox 646 1821 792 1848; x_wconf 87' lang='lat' dir='ltr'><strong>paucorum</strong></span> <span class='ocrx_word' id='word_1_258' title='bbox 811 1815 958 1848; x_wconf 84' lang='lat' dir='ltr'><strong>hominum.</strong></span> <span class='ocrx_word' id='word_1_259' title='bbox 975 1818 1043 1844; x_wconf 88' lang='lat' dir='ltr'><strong>adeo</strong></span> 
     </span>
    </p>
   </div>
   <div class='ocr_carea' id='block_1_41' title="bbox 262 1859 1041 1895">
    <p class='ocr_par' dir='ltr' id='par_1_41' title="bbox 262 1859 1041 1895">
     <span class='ocr_line' id='line_1_41' title="bbox 262 1859 1041 1895; baseline 0.006 -10"><span class='ocrx_word' id='word_1_260' title='bbox 262 1864 292 1886; x_wconf 89' lang='lat' dir='ltr'><strong>ut</strong></span> <span class='ocrx_word' id='word_1_261' title='bbox 305 1868 355 1886; x_wconf 89' lang='lat' dir='ltr'><strong>non</strong></span> <span class='ocrx_word' id='word_1_262' title='bbox 368 1860 465 1892; x_wconf 85' lang='lat' dir='ltr'><strong>isthic,</strong></span> <span class='ocrx_word' id='word_1_263' title='bbox 481 1859 526 1886; x_wconf 88' lang='lat' dir='ltr'><strong>sed</strong></span> <span class='ocrx_word' id='word_1_264' title='bbox 541 1860 567 1886; x_wconf 92' lang='lat' dir='ltr'><strong>in</strong></span> <span class='ocrx_word' id='word_1_265' title='bbox 589 1860 711 1894; x_wconf 79' lang='lat' dir='ltr'><strong>proximo</strong></span> <span class='ocrx_word' id='word_1_266' title='bbox 723 1867 792 1895; x_wconf 80' lang='lat' dir='ltr'><strong>pago</strong></span> <span class='ocrx_word' id='word_1_267' title='bbox 803 1865 890 1888; x_wconf 74' lang='lat' dir='ltr'><strong>exstet</strong></span> <span class='ocrx_word' id='word_1_268' title='bbox 913 1861 1041 1890; x_wconf 85' lang='lat' dir='ltr'><strong>ecclesia.</strong></span> 
     </span>
    </p>
   </div>
   <div class='ocr_carea' id='block_1_42' title="bbox 261 1904 1044 1941">
    <p class='ocr_par' dir='ltr' id='par_1_42' title="bbox 261 1904 1044 1941">
     <span class='ocr_line' id='line_1_42' title="bbox 261 1904 1044 1941; baseline 0.004 -9"><span class='ocrx_word' id='word_1_269' title='bbox 261 1906 386 1933; x_wconf 90' lang='lat' dir='ltr'><strong>Attamen</strong></span> <span class='ocrx_word' id='word_1_270' title='bbox 404 1906 489 1932; x_wconf 88' lang='lat' dir='ltr'><strong>virum</strong></span> <span class='ocrx_word' id='word_1_271' title='bbox 509 1904 554 1939; x_wconf 88' lang='lat' dir='ltr'><strong>qui</strong></span> <span class='ocrx_word' id='word_1_272' title='bbox 571 1906 712 1940; x_wconf 83' lang='lat' dir='ltr'><strong>presbyter</strong></span> <span class='ocrx_word' id='word_1_273' title='bbox 735 1914 787 1933; x_wconf 94' lang='lat' dir='ltr'><strong>non</strong></span> <span class='ocrx_word' id='word_1_274' title='bbox 807 1911 892 1939; x_wconf 89' lang='lat' dir='ltr'><strong>esset,</strong></span> <span class='ocrx_word' id='word_1_275' title='bbox 909 1906 935 1934; x_wconf 85' lang='lat' dir='ltr'><strong>in</strong></span> <span class='ocrx_word' id='word_1_276' title='bbox 950 1907 1044 1941; x_wconf 81' lang='lat' dir='ltr'><strong>hujus-</strong></span> 
     </span>
    </p>
   </div>
   <div class='ocr_carea' id='block_1_43' title="bbox 262 1951 1042 1986">
    <p class='ocr_par' dir='ltr' id='par_1_43' title="bbox 262 1951 1042 1986">
     <span class='ocr_line' id='line_1_43' title="bbox 262 1951 1042 1986; baseline 0.004 -9"><span class='ocrx_word' id='word_1_277' title='bbox 262 1951 333 1977; x_wconf 89' lang='lat' dir='ltr'><strong>modi</strong></span> <span class='ocrx_word' id='word_1_278' title='bbox 347 1951 406 1977; x_wconf 90' lang='lat' dir='ltr'><strong>vico</strong></span> <span class='ocrx_word' id='word_1_279' title='bbox 425 1951 580 1986; x_wconf 87' lang='lat' dir='ltr'><strong>episcopum</strong></span> <span class='ocrx_word' id='word_1_280' title='bbox 605 1956 699 1977; x_wconf 85' lang='lat' dir='ltr'><strong>contra</strong></span> <span class='ocrx_word' id='word_1_281' title='bbox 714 1951 851 1985; x_wconf 84' lang='lat' dir='ltr'><strong>antiquam</strong></span> <span class='ocrx_word' id='word_1_282' title='bbox 870 1952 1042 1980; x_wconf 81' lang='lat' dir='ltr'><strong>traditionem</strong></span> 
     </span>
    </p>
   </div>
   <div class='ocr_carea' id='block_1_44' title="bbox 262 1995 1041 2033">
    <p class='ocr_par' dir='ltr' id='par_1_44' title="bbox 262 1995 1041 2033">
     <span class='ocr_line' id='line_1_44' title="bbox 262 1995 1041 2033; baseline 0.005 -11"><span class='ocrx_word' id='word_1_283' title='bbox 262 1999 382 2022; x_wconf 86' lang='lat' dir='ltr'><strong>statuere</strong></span> <span class='ocrx_word' id='word_1_284' title='bbox 403 1995 580 2023; x_wconf 87' lang='lat' dir='ltr'><strong>decreverunt</strong></span> <span class='ocrx_word' id='word_1_285' title='bbox 595 2005 602 2023; x_wconf 89' lang='lat'><strong>:</strong></span> <span class='ocrx_word' id='word_1_286' title='bbox 615 1996 691 2030; x_wconf 69' lang='lat' dir='ltr'><strong>gnari</strong></span> <span class='ocrx_word' id='word_1_287' title='bbox 717 2004 784 2024; x_wconf 83' lang='lat' dir='ltr'><strong>sane</strong></span> <span class='ocrx_word' id='word_1_288' title='bbox 805 2005 886 2031; x_wconf 92' lang='lat' dir='ltr'><strong>quam</strong></span> <span class='ocrx_word' id='word_1_289' title='bbox 902 1998 1041 2033; x_wconf 77' lang='lat' dir='ltr'><strong>Indignum</strong></span> 
     </span>
    </p>
   </div>
   <div class='ocr_carea' id='block_1_45' title="bbox 262 2041 1041 2077">
    <p class='ocr_par' dir='ltr' id='par_1_45' title="bbox 262 2041 1041 2077">
     <span class='ocr_line' id='line_1_45' title="bbox 262 2041 1041 2077; baseline 0.006 -9"><span class='ocrx_word' id='word_1_290' title='bbox 262 2041 327 2068; x_wconf 91' lang='lat' dir='ltr'><strong>illud</strong></span> <span class='ocrx_word' id='word_1_291' title='bbox 341 2045 422 2074; x_wconf 80' lang='lat' dir='ltr'><strong>esset,</strong></span> <span class='ocrx_word' id='word_1_292' title='bbox 439 2042 485 2069; x_wconf 89' lang='lat' dir='ltr'><strong>sed</strong></span> <span class='ocrx_word' id='word_1_293' title='bbox 501 2043 585 2069; x_wconf 89' lang='lat' dir='ltr'><strong>coacti</strong></span> <span class='ocrx_word' id='word_1_294' title='bbox 601 2042 636 2069; x_wconf 91' lang='lat' dir='ltr'><strong>ob</strong></span> <span class='ocrx_word' id='word_1_295' title='bbox 657 2047 761 2077; x_wconf 87' lang='lat' dir='ltr'><strong>pactam</strong></span> <span class='ocrx_word' id='word_1_296' title='bbox 783 2043 924 2071; x_wconf 60' lang='lat' dir='ltr'><strong>calumniae</strong></span> <span class='ocrx_word' id='word_1_297' title='bbox 937 2052 1041 2073; x_wconf 88' lang='lat' dir='ltr'><strong>merce-</strong></span> 
     </span>
    </p>
   </div>
   <div class='ocr_carea' id='block_1_46' title="bbox 261 2088 1040 2124">
    <p class='ocr_par' dir='ltr' id='par_1_46' title="bbox 261 2088 1040 2124">
     <span class='ocr_line' id='line_1_46' title="bbox 261 2088 1040 2124; baseline 0.003 -8"><span class='ocrx_word' id='word_1_298' title='bbox 261 2089 322 2116; x_wconf 88' lang='lat' dir='ltr'><strong>dem</strong></span> <span class='ocrx_word' id='word_1_299' title='bbox 332 2096 364 2115; x_wconf 92' lang='lat' dir='ltr'><strong>eo</strong></span> <span class='ocrx_word' id='word_1_300' title='bbox 381 2088 486 2116; x_wconf 88' lang='lat' dir='ltr'><strong>adducti</strong></span> <span class='ocrx_word' id='word_1_301' title='bbox 503 2094 582 2120; x_wconf 89' lang='lat' dir='ltr'><strong>sunt,</strong></span> <span class='ocrx_word' id='word_1_302' title='bbox 598 2097 631 2116; x_wconf 92' lang='lat' dir='ltr'><strong>ne</strong></span> <span class='ocrx_word' id='word_1_303' title='bbox 646 2090 668 2117; x_wconf 87' lang='lat' dir='ltr'><strong>si</strong></span> <span class='ocrx_word' id='word_1_304' title='bbox 687 2091 792 2124; x_wconf 75' lang='lat' dir='ltr'><strong>ingrate</strong></span> <span class='ocrx_word' id='word_1_305' title='bbox 805 2097 867 2117; x_wconf 92' lang='lat' dir='ltr'><strong>cum</strong></span> <span class='ocrx_word' id='word_1_306' title='bbox 883 2091 1040 2118; x_wconf 64' lang='lat' dir='ltr'><strong>sceleratis-</strong></span> 
     </span>
    </p>
   </div>
   <div class='ocr_carea' id='block_1_47' title="bbox 260 2134 1042 2170">
    <p class='ocr_par' dir='ltr' id='par_1_47' title="bbox 260 2134 1042 2170">
     <span class='ocr_line' id='line_1_47' title="bbox 260 2134 1042 2170; baseline 0.005 -9"><span class='ocrx_word' id='word_1_307' title='bbox 260 2135 329 2162; x_wconf 88' lang='lat' dir='ltr'><strong>simo</strong></span> <span class='ocrx_word' id='word_1_308' title='bbox 343 2134 388 2162; x_wconf 88' lang='lat' dir='ltr'><strong>ilio</strong></span> <span class='ocrx_word' id='word_1_309' title='bbox 402 2139 540 2167; x_wconf 67' lang='lat' dir='ltr'><strong>ageretur,</strong></span> <span class='ocrx_word' id='word_1_310' title='bbox 554 2136 696 2163; x_wconf 86' lang='lat' dir='ltr'><strong>veritatem</strong></span> <span class='ocrx_word' id='word_1_311' title='bbox 709 2136 767 2170; x_wconf 85' lang='lat' dir='ltr'><strong>ipse</strong></span> <span class='ocrx_word' id='word_1_312' title='bbox 779 2136 945 2169; x_wconf 88' lang='lat' dir='ltr'><strong>enuntiaret,</strong></span> <span class='ocrx_word' id='word_1_313' title='bbox 959 2137 1042 2165; x_wconf 82' lang='lat' dir='ltr'><strong>Euse~</strong></span> 
     </span>
    </p>
   </div>
   <div class='ocr_carea' id='block_1_48' title="bbox 260 2180 1041 2215">
    <p class='ocr_par' dir='ltr' id='par_1_48' title="bbox 260 2180 1041 2215">
     <span class='ocr_line' id='line_1_48' title="bbox 260 2180 1041 2215; baseline 0.004 -8"><span class='ocrx_word' id='word_1_314' title='bbox 260 2180 456 2215; x_wconf 84' lang='lat' dir='ltr'><strong>bianoruntque</strong></span> <span class='ocrx_word' id='word_1_315' title='bbox 470 2181 557 2215; x_wconf 85' lang='lat' dir='ltr'><strong>palam</strong></span> <span class='ocrx_word' id='word_1_316' title='bbox 574 2181 674 2208; x_wconf 84' lang='lat' dir='ltr'><strong>faceret</strong></span> <span class='ocrx_word' id='word_1_317' title='bbox 695 2181 898 2214; x_wconf 68' lang='lat' dir='ltr'><strong>malignitatem.</strong></span> <span class='ocrx_word' id='word_1_318' title='bbox 913 2181 1041 2210; x_wconf 88' lang='lat' dir='ltr'><strong>Certissi-</strong></span> 
     </span>
    </p>
   </div>
   <div class='ocr_carea' id='block_1_49' title="bbox 260 2227 1039 2262">
    <p class='ocr_par' dir='ltr' id='par_1_49' title="bbox 260 2227 1039 2262">
     <span class='ocr_line' id='line_1_49' title="bbox 260 2227 1039 2262; baseline 0.003 -9"><span class='ocrx_word' id='word_1_319' title='bbox 260 2234 333 2254; x_wconf 82' lang='lat' dir='ltr'><strong>utum</strong></span> <span class='ocrx_word' id='word_1_320' title='bbox 356 2231 444 2254; x_wconf 80' lang='lat' dir='ltr'><strong>tamen</strong></span> <span class='ocrx_word' id='word_1_321' title='bbox 470 2232 512 2254; x_wconf 86' lang='lat' dir='ltr'><strong>est</strong></span> <span class='ocrx_word' id='word_1_322' title='bbox 535 2234 597 2254; x_wconf 90' lang='lat' dir='ltr'><strong>eunt</strong></span> <span class='ocrx_word' id='word_1_323' title='bbox 625 2235 677 2254; x_wconf 91' lang='lat' dir='ltr'><strong>non</strong></span> <span class='ocrx_word' id='word_1_324' title='bbox 692 2227 867 2262; x_wconf 53' lang='lat' dir='ltr'><strong>ﬁecclesiam,‘</strong></span> <span class='ocrx_word' id='word_1_325' title='bbox 883 2235 935 2254; x_wconf 92' lang='lat' dir='ltr'><strong>non</strong></span> <span class='ocrx_word' id='word_1_326' title='bbox 960 2228 1039 2256; x_wconf 89' lang='lat' dir='ltr'><strong>obse-</strong></span> 
     </span>
    </p>
   </div>
   <div class='ocr_carea' id='block_1_50' title="bbox 1096 261 1876 302">
    <p class='ocr_par' dir='ltr' id='par_1_50' title="bbox 1096 261 1876 302">
     <span class='ocr_line' id='line_1_50' title="bbox 1096 261 1876 302; baseline -0.006 -9"><span class='ocrx_word' id='word_1_327' title='bbox 1096 266 1124 293; x_wconf 77' lang='grc' dir='ltr'><strong>δέ</strong></span> <span class='ocrx_word' id='word_1_328' title='bbox 1138 267 1184 293; x_wconf 83' lang='grc' dir='ltr'>καὶ</span> <span class='ocrx_word' id='word_1_329' title='bbox 1194 265 1318 302; x_wconf 86' lang='grc' dir='ltr'>είρηναίᾳ</span> <span class='ocrx_word' id='word_1_330' title='bbox 1330 266 1402 301; x_wconf 77' lang='grc' dir='ltr'>ψυχῇ</span> <span class='ocrx_word' id='word_1_331' title='bbox 1415 265 1540 298; x_wconf 78' lang='grc' dir='ltr'>δέξασθαι</span> <span class='ocrx_word' id='word_1_332' title='bbox 1553 264 1616 296; x_wconf 81' lang='grc' dir='ltr'>τοὺς</span> <span class='ocrx_word' id='word_1_333' title='bbox 1627 263 1691 298; x_wconf 74' lang='grc' dir='ltr'>περὶ</span> <span class='ocrx_word' id='word_1_334' title='bbox 1700 263 1818 298; x_wconf 82' lang='grc' dir='ltr'>Ἀρειον,</span> <span class='ocrx_word' id='word_1_335' title='bbox 1828 261 1876 294; x_wconf 77' lang='grc' dir='ltr'>οὓς</span> 
     </span>
    </p>
   </div>
   <div class='ocr_carea' id='block_1_51' title="bbox 1096 307 1876 349">
    <p class='ocr_par' dir='ltr' id='par_1_51' title="bbox 1096 307 1876 349">
     <span class='ocr_line' id='line_1_51' title="bbox 1096 307 1876 349; baseline -0.008 -10"><span class='ocrx_word' id='word_1_336' title='bbox 1096 313 1164 349; x_wconf 82' lang='grc' dir='ltr'>πρός</span> <span class='ocrx_word' id='word_1_337' title='bbox 1170 321 1229 339; x_wconf 85' lang='grc' dir='ltr'>τινα</span> <span class='ocrx_word' id='word_1_338' title='bbox 1243 311 1336 347; x_wconf 78' lang='grc' dir='ltr'>καιρὸν</span> <span class='ocrx_word' id='word_1_339' title='bbox 1343 313 1357 338; x_wconf 85' lang='grc' dir='ltr'><strong>ὁ</strong></span> <span class='ocrx_word' id='word_1_340' title='bbox 1366 311 1508 346; x_wconf 77' lang='grc' dir='ltr'>μισόκαλος</span> <span class='ocrx_word' id='word_1_341' title='bbox 1517 310 1612 344; x_wconf 87' lang='grc' dir='ltr'>φθόνος</span> <span class='ocrx_word' id='word_1_342' title='bbox 1622 309 1674 342; x_wconf 70' lang='grc' dir='ltr'><strong>ἔξω</strong></span> <span class='ocrx_word' id='word_1_343' title='bbox 1689 307 1814 342; x_wconf 73' lang='grc' dir='ltr'>γενέσθαι</span> <span class='ocrx_word' id='word_1_344' title='bbox 1825 308 1876 343; x_wconf 81' lang='grc' dir='ltr'><strong>τῆς</strong></span> 
     </span>
    </p>
   </div>
   <div class='ocr_carea' id='block_1_52' title="bbox 1102 353 1877 394">
    <p class='ocr_par' dir='ltr' id='par_1_52' title="bbox 1102 353 1877 394">
     <span class='ocr_line' id='line_1_52' title="bbox 1102 353 1877 394; baseline -0.008 -9"><span class='ocrx_word' id='word_1_345' title='bbox 1102 359 1262 393; x_wconf 84' lang='grc' dir='ltr'>Ἑκκλησίας</span> <span class='ocrx_word' id='word_1_346' title='bbox 1278 358 1423 394; x_wconf 72' lang='grc' dir='ltr'><strong>εἰργάσατο</strong></span> <span class='ocrx_word' id='word_1_347' title='bbox 1431 365 1438 372; x_wconf 88' lang='grc'><strong>·</strong></span> <span class='ocrx_word' id='word_1_348' title='bbox 1449 357 1503 392; x_wconf 77' lang='grc'><strong>(85)</strong></span> <span class='ocrx_word' id='word_1_349' title='bbox 1519 355 1665 391; x_wconf 76' lang='grc' dir='ltr'><strong>ἐμαρτύρει</strong></span> <span class='ocrx_word' id='word_1_350' title='bbox 1675 355 1703 381; x_wconf 76' lang='grc' dir='ltr'>δὲ</span> <span class='ocrx_word' id='word_1_351' title='bbox 1713 355 1769 386; x_wconf 66' lang='grc' dir='ltr'>τοῖς</span> <span class='ocrx_word' id='word_1_352' title='bbox 1779 353 1877 389; x_wconf 74' lang='grc' dir='ltr'>ἀνδρά-</span> 
     </span>
    </p>
   </div>
   <div class='ocr_carea' id='block_1_53' title="bbox 1096 399 1876 438">
    <p class='ocr_par' dir='ltr' id='par_1_53' title="bbox 1096 399 1876 438">
     <span class='ocr_line' id='line_1_53' title="bbox 1096 399 1876 438; baseline -0.006 -7"><span class='ocrx_word' id='word_1_353' title='bbox 1096 413 1137 431; x_wconf 85' lang='grc' dir='ltr'><strong>σιν</strong></span> <span class='ocrx_word' id='word_1_354' title='bbox 1156 405 1171 431; x_wconf 85' lang='grc' dir='ltr'><strong><em>ὸ</em></strong></span> <span class='ocrx_word' id='word_1_355' title='bbox 1185 403 1387 438; x_wconf 80' lang='grc' dir='ltr'>θεοφιλέστατος</span> <span class='ocrx_word' id='word_1_356' title='bbox 1402 402 1526 438; x_wconf 80' lang='grc' dir='ltr'>βασιλεὺς</span> <span class='ocrx_word' id='word_1_357' title='bbox 1541 402 1585 429; x_wconf 76' lang='grc' dir='ltr'><strong>διὰ</strong></span> <span class='ocrx_word' id='word_1_358' title='bbox 1603 401 1653 436; x_wconf 80' lang='grc' dir='ltr'>τῆς</span> <span class='ocrx_word' id='word_1_359' title='bbox 1668 400 1811 435; x_wconf 77' lang='grc' dir='ltr'>ἐπιστολῆς</span> <span class='ocrx_word' id='word_1_360' title='bbox 1831 399 1876 426; x_wconf 87' lang='grc' dir='ltr'>πί-</span> 
     </span>
    </p>
   </div>
   <div class='ocr_carea' id='block_1_54' title="bbox 1096 446 1874 485">
    <p class='ocr_par' dir='ltr' id='par_1_54' title="bbox 1096 446 1874 485">
     <span class='ocr_line' id='line_1_54' title="bbox 1096 446 1874 485; baseline -0.006 -8"><span class='ocrx_word' id='word_1_361' title='bbox 1096 458 1181 482; x_wconf 81' lang='grc' dir='ltr'>στεως</span> <span class='ocrx_word' id='word_1_362' title='bbox 1190 449 1360 485; x_wconf 80' lang='grc' dir='ltr'>ὀρθοτομίαν,</span> <span class='ocrx_word' id='word_1_363' title='bbox 1372 449 1406 484; x_wconf 77' lang='grc' dir='ltr'>ἢν</span> <span class='ocrx_word' id='word_1_364' title='bbox 1421 449 1485 485; x_wconf 77' lang='grc' dir='ltr'>παρ’</span> <span class='ocrx_word' id='word_1_365' title='bbox 1497 448 1585 475; x_wconf 79' lang='grc' dir='ltr'>αὐτῶν</span> <span class='ocrx_word' id='word_1_366' title='bbox 1595 447 1746 479; x_wconf 83' lang='grc' dir='ltr'>πυθόμενος</span> <span class='ocrx_word' id='word_1_367' title='bbox 1752 446 1833 477; x_wconf 78' lang='grc' dir='ltr'>αὑτός</span> <span class='ocrx_word' id='word_1_368' title='bbox 1844 453 1874 472; x_wconf 75' lang='grc' dir='ltr'><strong>τε</strong></span> 
     </span>
    </p>
   </div>
   <div class='ocr_carea' id='block_1_55' title="bbox 1094 490 1875 530">
    <p class='ocr_par' dir='ltr' id='par_1_55' title="bbox 1094 490 1875 530">
     <span class='ocr_line' id='line_1_55' title="bbox 1094 490 1875 530; baseline -0.006 -8"><span class='ocrx_word' id='word_1_369' title='bbox 1094 495 1127 522; x_wconf 82' lang='grc' dir='ltr'>δι’</span> <span class='ocrx_word' id='word_1_370' title='bbox 1139 495 1236 522; x_wconf 76' lang='grc' dir='ltr'>ἑαυτοῦ</span> <span class='ocrx_word' id='word_1_371' title='bbox 1257 494 1332 530; x_wconf 81' lang='grc' dir='ltr'>παρὰ</span> <span class='ocrx_word' id='word_1_372' title='bbox 1349 493 1439 529; x_wconf 80' lang='grc' dir='ltr'>ζώσης</span> <span class='ocrx_word' id='word_1_373' title='bbox 1462 493 1553 529; x_wconf 85' lang='grc' dir='ltr'>φωνῆς</span> <span class='ocrx_word' id='word_1_374' title='bbox 1569 492 1657 519; x_wconf 80' lang='grc' dir='ltr'>αὐτῶν</span> <span class='ocrx_word' id='word_1_375' title='bbox 1677 490 1733 526; x_wconf 79' lang='grc'><strong>(84)</strong></span> <span class='ocrx_word' id='word_1_376' title='bbox 1757 491 1875 522; x_wconf 82' lang='grc' dir='ltr'>ἀκούσας</span> 
     </span>
    </p>
   </div>
   <div class='ocr_carea' id='block_1_56' title="bbox 1095 535 1876 576">
    <p class='ocr_par' dir='ltr' id='par_1_56' title="bbox 1095 535 1876 576">
     <span class='ocr_line' id='line_1_56' title="bbox 1095 535 1876 576; baseline -0.008 -8"><span class='ocrx_word' id='word_1_377' title='bbox 1095 540 1253 573; x_wconf 78' lang='grc' dir='ltr'>ἀπεδέξατο,</span> <span class='ocrx_word' id='word_1_378' title='bbox 1270 541 1336 576; x_wconf 77' lang='grc' dir='ltr'>ἡμῖν</span> <span class='ocrx_word' id='word_1_379' title='bbox 1351 548 1380 566; x_wconf 91' lang='grc' dir='ltr'><strong>τε</strong></span> <span class='ocrx_word' id='word_1_380' title='bbox 1397 539 1516 575; x_wconf 81' lang='grc' dir='ltr'>φανερὰν</span> <span class='ocrx_word' id='word_1_381' title='bbox 1528 538 1722 573; x_wconf 78' lang='grc' dir='ltr'><strong>κατεστήσατο,</strong></span> <span class='ocrx_word' id='word_1_382' title='bbox 1740 535 1876 568; x_wconf 77' lang='grc' dir='ltr'>ὑποτάξας</span> 
     </span>
    </p>
   </div>
   <div class='ocr_carea' id='block_1_57' title="bbox 1093 582 1876 622">
    <p class='ocr_par' dir='ltr' id='par_1_57' title="bbox 1093 582 1876 622">
     <span class='ocr_line' id='line_1_57' title="bbox 1093 582 1876 622; baseline -0.006 -9"><span class='ocrx_word' id='word_1_383' title='bbox 1093 587 1150 619; x_wconf 75' lang='grc' dir='ltr'>τοῖς</span> <span class='ocrx_word' id='word_1_384' title='bbox 1176 585 1272 613; x_wconf 80' lang='grc' dir='ltr'>ἐαυτοῦ</span> <span class='ocrx_word' id='word_1_385' title='bbox 1299 585 1460 622; x_wconf 88' lang='grc' dir='ltr'>γράμμασιν</span> <span class='ocrx_word' id='word_1_386' title='bbox 1487 585 1623 621; x_wconf 76' lang='grc' dir='ltr'><strong>ἔγγραφον</strong></span> <span class='ocrx_word' id='word_1_387' title='bbox 1641 583 1690 619; x_wconf 81' lang='grc' dir='ltr'><strong>τὴν</strong></span> <span class='ocrx_word' id='word_1_388' title='bbox 1706 583 1760 610; x_wconf 85' lang='grc' dir='ltr'><strong>τῶν</strong></span> <span class='ocrx_word' id='word_1_389' title='bbox 1771 582 1876 618; x_wconf 74' lang='grc' dir='ltr'>ἀνδριῖιυ</span> 
     </span>
    </p>
   </div>
   <div class='ocr_carea' id='block_1_58' title="bbox 1094 630 1257 667">
    <p class='ocr_par' dir='ltr' id='par_1_58' title="bbox 1094 630 1257 667">
     <span class='ocr_line' id='line_1_58' title="bbox 1094 630 1257 667; baseline -0.006 -9"><span class='ocrx_word' id='word_1_390' title='bbox 1094 630 1257 667; x_wconf 80' lang='grc' dir='ltr'>όρθοδοξίαν.</span> 
     </span>
    </p>
   </div>
   <div class='ocr_carea' id='block_1_59' title="bbox 1128 673 1875 711">
    <p class='ocr_par' dir='ltr' id='par_1_59' title="bbox 1128 673 1875 711">
     <span class='ocr_line' id='line_1_59' title="bbox 1128 673 1875 711; baseline -0.007 -7"><span class='ocrx_word' id='word_1_391' title='bbox 1128 677 1173 704; x_wconf 84' lang='grc'><strong>85.</strong></span> <span class='ocrx_word' id='word_1_392' title='bbox 1188 677 1237 708; x_wconf 85' lang='grc' dir='ltr'><strong>Τις</strong></span> <span class='ocrx_word' id='word_1_393' title='bbox 1246 676 1349 703; x_wconf 87' lang='grc' dir='ltr'>τούτων</span> <span class='ocrx_word' id='word_1_394' title='bbox 1366 676 1472 704; x_wconf 85' lang='grc' dir='ltr'>ἀκούων</span> <span class='ocrx_word' id='word_1_395' title='bbox 1491 675 1522 703; x_wconf 77' lang='grc' dir='ltr'>οὐ</span> <span class='ocrx_word' id='word_1_396' title='bbox 1538 675 1638 711; x_wconf 82' lang='grc' dir='ltr'>συνορᾷ</span> <span class='ocrx_word' id='word_1_397' title='bbox 1649 674 1698 710; x_wconf 78' lang='grc' dir='ltr'>τὴν</span> <span class='ocrx_word' id='word_1_398' title='bbox 1720 673 1875 708; x_wconf 71' lang='grc' dir='ltr'>συσκευήνς</span> 
     </span>
    </p>
   </div>
   <div class='ocr_carea' id='block_1_60' title="bbox 1094 719 1878 758">
    <p class='ocr_par' dir='ltr' id='par_1_60' title="bbox 1094 719 1878 758">
     <span class='ocr_line' id='line_1_60' title="bbox 1094 719 1878 758; baseline -0.006 -8"><span class='ocrx_word' id='word_1_399' title='bbox 1094 723 1131 750; x_wconf 84' lang='grc' dir='ltr'><strong>οὐ</strong></span> <span class='ocrx_word' id='word_1_400' title='bbox 1147 723 1199 758; x_wconf 85' lang='grc' dir='ltr'><strong>γὰρ</strong></span> <span class='ocrx_word' id='word_1_401' title='bbox 1215 723 1334 758; x_wconf 76' lang='grc' dir='ltr'><strong>ἔκρυψαν</strong></span> <span class='ocrx_word' id='word_1_402' title='bbox 1346 722 1364 750; x_wconf 77' lang='grc' dir='ltr'>ἃ</span> <span class='ocrx_word' id='word_1_403' title='bbox 1378 722 1497 758; x_wconf 74' lang='grc' dir='ltr'>ἔπραξαν</span> <span class='ocrx_word' id='word_1_404' title='bbox 1513 722 1530 757; x_wconf 82' lang='grc' dir='ltr'>ἢ</span> <span class='ocrx_word' id='word_1_405' title='bbox 1547 721 1617 756; x_wconf 82' lang='grc' dir='ltr'><strong>τάχα</strong></span> <span class='ocrx_word' id='word_1_406' title='bbox 1630 720 1677 747; x_wconf 80' lang='grc' dir='ltr'>καὶ</span> <span class='ocrx_word' id='word_1_407' title='bbox 1695 720 1732 755; x_wconf 79' lang='grc' dir='ltr'><strong>μὴ</strong></span> <span class='ocrx_word' id='word_1_408' title='bbox 1747 719 1878 754; x_wconf 76' lang='grc' dir='ltr'>βουλόμε-</span> 
     </span>
    </p>
   </div>
   <div class='ocr_carea' id='block_1_61' title="bbox 1093 765 1876 804">
    <p class='ocr_par' dir='ltr' id='par_1_61' title="bbox 1093 765 1876 804">
     <span class='ocr_line' id='line_1_61' title="bbox 1093 765 1876 804; baseline -0.004 -9"><span class='ocrx_word' id='word_1_409' title='bbox 1093 776 1134 795; x_wconf 89' lang='grc' dir='ltr'><strong>νοι</strong></span> <span class='ocrx_word' id='word_1_410' title='bbox 1158 768 1208 804; x_wconf 80' lang='grc' dir='ltr'>τὴν</span> <span class='ocrx_word' id='word_1_411' title='bbox 1229 768 1357 804; x_wconf 76' lang='grc' dir='ltr'>ἀλήθειαν</span> <span class='ocrx_word' id='word_1_412' title='bbox 1379 767 1565 803; x_wconf 82' lang='grc' dir='ltr'>ὡμολόγησαν,</span> <span class='ocrx_word' id='word_1_413' title='bbox 1588 767 1618 793; x_wconf 77' lang='lat' dir='ltr'><strong>Et</strong></span> <span class='ocrx_word' id='word_1_414' title='bbox 1633 766 1687 802; x_wconf 80' lang='grc' dir='ltr'>γὰρ</span> <span class='ocrx_word' id='word_1_415' title='bbox 1702 765 1756 799; x_wconf 86' lang='grc' dir='ltr'><strong>ἐγὼ</strong></span> <span class='ocrx_word' id='word_1_416' title='bbox 1774 766 1876 801; x_wconf 78' lang='grc' dir='ltr'>ἥμηνό</span> 
     </span>
    </p>
   </div>
   <div class='ocr_carea' id='block_1_62' title="bbox 1094 811 1876 850">
    <p class='ocr_par' dir='ltr' id='par_1_62' title="bbox 1094 811 1876 850">
     <span class='ocr_line' id='line_1_62' title="bbox 1094 811 1876 850; baseline -0.004 -10"><span class='ocrx_word' id='word_1_417' title='bbox 1094 813 1205 840; x_wconf 81' lang='grc' dir='ltr'><strong>κωλύων</strong></span> <span class='ocrx_word' id='word_1_418' title='bbox 1216 814 1279 846; x_wconf 78' lang='grc' dir='ltr'>τοὺς</span> <span class='ocrx_word' id='word_1_419' title='bbox 1294 814 1358 849; x_wconf 76' lang='grc' dir='ltr'>περὶ</span> <span class='ocrx_word' id='word_1_420' title='bbox 1368 815 1475 850; x_wconf 77' lang='grc' dir='ltr'>’Δρειον</span> <span class='ocrx_word' id='word_1_421' title='bbox 1489 812 1629 844; x_wconf 72' lang='grc' dir='ltr'><strong>εἰσελθεῖν,</strong></span> <span class='ocrx_word' id='word_1_422' title='bbox 1641 811 1729 847; x_wconf 80' lang='grc' dir='ltr'>κάμοῦ</span> <span class='ocrx_word' id='word_1_423' title='bbox 1742 811 1876 847; x_wconf 79' lang='grc' dir='ltr'>συσκευὴν</span> 
     </span>
    </p>
   </div>
   <div class='ocr_carea' id='block_1_63' title="bbox 1094 856 1878 895">
    <p class='ocr_par' dir='ltr' id='par_1_63' title="bbox 1094 856 1878 895">
     <span class='ocr_line' id='line_1_63' title="bbox 1094 856 1878 895; baseline -0.004 -9"><span class='ocrx_word' id='word_1_424' title='bbox 1094 859 1235 891; x_wconf 80' lang='grc' dir='ltr'>παθόντος,</span> <span class='ocrx_word' id='word_1_425' title='bbox 1255 859 1417 895; x_wconf 74' lang='grc' dir='ltr'>ἐδέχθησαν·</span> <span class='ocrx_word' id='word_1_426' title='bbox 1445 858 1472 885; x_wconf 88' lang='grc' dir='ltr'><strong>τί</strong></span> <span class='ocrx_word' id='word_1_427' title='bbox 1490 858 1583 894; x_wconf 71' lang='grc' dir='ltr'>ἔτερόν</span> <span class='ocrx_word' id='word_1_428' title='bbox 1599 859 1682 890; x_wconf 79' lang='grc' dir='ltr'>ἐστιν,</span> <span class='ocrx_word' id='word_1_429' title='bbox 1703 857 1776 893; x_wconf 77' lang='grc' dir='ltr'>ῆδτι</span> <span class='ocrx_word' id='word_1_430' title='bbox 1791 856 1878 884; x_wconf 72' lang='grc' dir='ltr'>ταῦ-ει</span> 
     </span>
    </p>
   </div>
   <div class='ocr_carea' id='block_1_64' title="bbox 1093 902 1874 939">
    <p class='ocr_par' dir='ltr' id='par_1_64' title="bbox 1093 902 1874 939">
     <span class='ocr_line' id='line_1_64' title="bbox 1093 902 1874 939; baseline -0.005 -7"><span class='ocrx_word' id='word_1_431' title='bbox 1093 905 1126 932; x_wconf 79' lang='grc' dir='ltr'>δι’</span> <span class='ocrx_word' id='word_1_432' title='bbox 1141 905 1261 936; x_wconf 79' lang='grc' dir='ltr'>ἐκείνους</span> <span class='ocrx_word' id='word_1_433' title='bbox 1282 905 1386 939; x_wconf 78' lang='grc' dir='ltr'>γέγονε,</span> <span class='ocrx_word' id='word_1_434' title='bbox 1406 905 1453 932; x_wconf 80' lang='grc' dir='ltr'>καὶ</span> <span class='ocrx_word' id='word_1_435' title='bbox 1467 904 1556 931; x_wconf 83' lang='grc' dir='ltr'>πάντα</span> <span class='ocrx_word' id='word_1_436' title='bbox 1571 903 1632 930; x_wconf 80' lang='grc' dir='ltr'>καθ’</span> <span class='ocrx_word' id='word_1_437' title='bbox 1648 903 1727 939; x_wconf 80' lang='grc' dir='ltr'>ἡμῶν</span> <span class='ocrx_word' id='word_1_438' title='bbox 1743 902 1874 938; x_wconf 74' lang='grc' dir='ltr'>ἔπραξαν,</span> 
     </span>
    </p>
   </div>
   <div class='ocr_carea' id='block_1_65' title="bbox 1095 947 1875 986">
    <p class='ocr_par' dir='ltr' id='par_1_65' title="bbox 1095 947 1875 986">
     <span class='ocr_line' id='line_1_65' title="bbox 1095 947 1875 986; baseline -0.005 -8"><span class='ocrx_word' id='word_1_439' title='bbox 1095 951 1141 978; x_wconf 73' lang='grc' dir='ltr'><strong>καὶ</strong></span> <span class='ocrx_word' id='word_1_440' title='bbox 1159 951 1312 978; x_wconf 82' lang='grc' dir='ltr'>πέπλασται</span> <span class='ocrx_word' id='word_1_441' title='bbox 1329 950 1458 986; x_wconf 78' lang='grc' dir='ltr'>ποτηρίου</span> <span class='ocrx_word' id='word_1_442' title='bbox 1481 949 1586 982; x_wconf 82' lang='grc' dir='ltr'>κλάσις,</span> <span class='ocrx_word' id='word_1_443' title='bbox 1605 949 1652 976; x_wconf 80' lang='grc' dir='ltr'>καὶ</span> <span class='ocrx_word' id='word_1_444' title='bbox 1672 948 1810 984; x_wconf 79' lang='grc' dir='ltr'>’Δρσενίου</span> <span class='ocrx_word' id='word_1_445' title='bbox 1827 947 1875 981; x_wconf 79' lang='grc' dir='ltr'>φό-</span> 
     </span>
    </p>
   </div>
   <div class='ocr_carea' id='block_1_66' title="bbox 1093 994 1876 1032">
    <p class='ocr_par' dir='ltr' id='par_1_66' title="bbox 1093 994 1876 1032">
     <span class='ocr_line' id='line_1_66' title="bbox 1093 994 1876 1032; baseline -0.004 -9"><span class='ocrx_word' id='word_1_446' title='bbox 1093 1006 1148 1030; x_wconf 82' lang='grc' dir='ltr'>νος,</span> <span class='ocrx_word' id='word_1_447' title='bbox 1166 997 1208 1023; x_wconf 86' lang='grc' dir='ltr'><strong>ίνα</strong></span> <span class='ocrx_word' id='word_1_448' title='bbox 1227 997 1306 1032; x_wconf 86' lang='grc' dir='ltr'>μόνον</span> <span class='ocrx_word' id='word_1_449' title='bbox 1317 996 1366 1032; x_wconf 78' lang='grc' dir='ltr'>τὴν</span> <span class='ocrx_word' id='word_1_450' title='bbox 1379 995 1504 1023; x_wconf 78' lang='grc' dir='ltr'>άσέδειαν</span> <span class='ocrx_word' id='word_1_451' title='bbox 1522 996 1562 1026; x_wconf 83' lang='grc' dir='ltr'><strong>είς</strong></span> <span class='ocrx_word' id='word_1_452' title='bbox 1577 995 1626 1031; x_wconf 81' lang='grc' dir='ltr'>τὴν</span> <span class='ocrx_word' id='word_1_453' title='bbox 1644 994 1806 1030; x_wconf 79' lang='grc' dir='ltr'>Ἐκκλησίαν</span> <span class='ocrx_word' id='word_1_454' title='bbox 1819 995 1876 1021; x_wconf 80' lang='grc' dir='ltr'>εἰσ-</span> 
     </span>
    </p>
   </div>
   <div class='ocr_carea' id='block_1_67' title="bbox 1093 1040 1876 1078">
    <p class='ocr_par' dir='ltr' id='par_1_67' title="bbox 1093 1040 1876 1078">
     <span class='ocr_line' id='line_1_67' title="bbox 1093 1040 1876 1078; baseline -0.005 -8"><span class='ocrx_word' id='word_1_455' title='bbox 1093 1043 1228 1077; x_wconf 85' lang='grc' dir='ltr'>αγάγωσι.</span> <span class='ocrx_word' id='word_1_456' title='bbox 1239 1042 1286 1069; x_wconf 70' lang='grc' dir='ltr'>καὶ</span> <span class='ocrx_word' id='word_1_457' title='bbox 1301 1043 1338 1078; x_wconf 81' lang='grc' dir='ltr'>μὴ</span> <span class='ocrx_word' id='word_1_458' title='bbox 1353 1041 1391 1074; x_wconf 83' lang='grc' dir='ltr'>ὡς</span> <span class='ocrx_word' id='word_1_459' title='bbox 1406 1042 1537 1076; x_wconf 77' lang='grc' dir='ltr'>αῑρετικοὶ</span> <span class='ocrx_word' id='word_1_460' title='bbox 1551 1040 1763 1075; x_wconf 82' lang='grc' dir='ltr'>καταγνωσθῶσι</span> <span class='ocrx_word' id='word_1_461' title='bbox 1773 1049 1780 1055; x_wconf 82' lang='lat'><strong>&#39;</strong></span> <span class='ocrx_word' id='word_1_462' title='bbox 1797 1040 1876 1067; x_wconf 80' lang='grc' dir='ltr'>τοῦτο</span> 
     </span>
    </p>
   </div>
   <div class='ocr_carea' id='block_1_68' title="bbox 1093 1084 1877 1122">
    <p class='ocr_par' dir='ltr' id='par_1_68' title="bbox 1093 1084 1877 1122">
     <span class='ocr_line' id='line_1_68' title="bbox 1093 1084 1877 1122; baseline -0.006 -7"><span class='ocrx_word' id='word_1_463' title='bbox 1093 1087 1148 1122; x_wconf 75' lang='grc' dir='ltr'>γὰρ</span> <span class='ocrx_word' id='word_1_464' title='bbox 1162 1085 1196 1122; x_wconf 76' lang='grc' dir='ltr'>ἦν</span> <span class='ocrx_word' id='word_1_465' title='bbox 1208 1087 1222 1114; x_wconf 79' lang='grc' dir='ltr'><strong>ὃ</strong></span> <span class='ocrx_word' id='word_1_466' title='bbox 1237 1087 1284 1114; x_wconf 80' lang='grc' dir='ltr'>καὶ</span> <span class='ocrx_word' id='word_1_467' title='bbox 1297 1087 1350 1122; x_wconf 76' lang='grc' dir='ltr'>πρὸ</span> <span class='ocrx_word' id='word_1_468' title='bbox 1362 1086 1455 1113; x_wconf 86' lang='grc' dir='ltr'>τούτου</span> <span class='ocrx_word' id='word_1_469' title='bbox 1469 1087 1580 1121; x_wconf 83' lang='grc' dir='ltr'>γράφων</span> <span class='ocrx_word' id='word_1_470' title='bbox 1590 1086 1652 1121; x_wconf 74' lang='grc' dir='ltr'>ἐμοὶ</span> <span class='ocrx_word' id='word_1_471' title='bbox 1663 1085 1787 1120; x_wconf 80' lang='grc' dir='ltr'>βασιλεὺς</span> <span class='ocrx_word' id='word_1_472' title='bbox 1799 1084 1877 1120; x_wconf 72' lang='grc' dir='ltr'>ἠπεί-</span> 
     </span>
    </p>
   </div>
   <div class='ocr_carea' id='block_1_69' title="bbox 1093 1131 1870 1169">
    <p class='ocr_par' dir='ltr' id='par_1_69' title="bbox 1093 1131 1870 1169">
     <span class='ocr_line' id='line_1_69' title="bbox 1093 1131 1870 1169; baseline -0.003 -9"><span class='ocrx_word' id='word_1_473' title='bbox 1093 1133 1168 1169; x_wconf 83' lang='grc' dir='ltr'>λησε.</span> <span class='ocrx_word' id='word_1_474' title='bbox 1181 1133 1235 1160; x_wconf 78' lang='lat' dir='ltr'><strong>Kai.</strong></span> <span class='ocrx_word' id='word_1_475' title='bbox 1248 1133 1298 1159; x_wconf 82' lang='grc' dir='ltr'>οὐκ</span> <span class='ocrx_word' id='word_1_476' title='bbox 1312 1132 1462 1168; x_wconf 74' lang='grc' dir='ltr'>ᾐδέσθησαν</span> <span class='ocrx_word' id='word_1_477' title='bbox 1475 1131 1586 1158; x_wconf 85' lang='grc' dir='ltr'>τοιαῦτα</span> <span class='ocrx_word' id='word_1_478' title='bbox 1599 1131 1749 1167; x_wconf 77' lang='grc' dir='ltr'>γράφοντες</span> <span class='ocrx_word' id='word_1_479' title='bbox 1770 1131 1816 1157; x_wconf 75' lang='grc' dir='ltr'>καὶ</span> <span class='ocrx_word' id='word_1_480' title='bbox 1829 1131 1870 1158; x_wconf 85' lang='grc' dir='ltr'>λέ-</span> 
     </span>
    </p>
   </div>
   <div class='ocr_carea' id='block_1_70' title="bbox 1092 1176 1877 1214">
    <p class='ocr_par' dir='ltr' id='par_1_70' title="bbox 1092 1176 1877 1214">
     <span class='ocr_line' id='line_1_70' title="bbox 1092 1176 1877 1214; baseline -0.006 -8"><span class='ocrx_word' id='word_1_481' title='bbox 1092 1187 1186 1214; x_wconf 88' lang='grc' dir='ltr'>γοντες</span> <span class='ocrx_word' id='word_1_482' title='bbox 1201 1178 1312 1210; x_wconf 82' lang='grc' dir='ltr'>τούτους</span> <span class='ocrx_word' id='word_1_483' title='bbox 1329 1177 1416 1214; x_wconf 85' lang='grc' dir='ltr'><strong>ὀρθῶς</strong></span> <span class='ocrx_word' id='word_1_484' title='bbox 1433 1178 1550 1213; x_wconf 81' lang='grc' dir='ltr'>φρονεῖν,</span> <span class='ocrx_word' id='word_1_485' title='bbox 1567 1176 1613 1208; x_wconf 80' lang='grc' dir='ltr'>οὓς</span> <span class='ocrx_word' id='word_1_486' title='bbox 1629 1177 1703 1203; x_wconf 81' lang='grc' dir='ltr'>πᾶσα</span> <span class='ocrx_word' id='word_1_487' title='bbox 1717 1176 1734 1210; x_wconf 84' lang='grc' dir='ltr'>ἡ</span> <span class='ocrx_word' id='word_1_488' title='bbox 1750 1176 1877 1212; x_wconf 84' lang='grc' dir='ltr'>οίκουμε-</span> 
     </span>
    </p>
   </div>
   <div class='ocr_carea' id='block_1_71' title="bbox 1093 1221 1878 1261">
    <p class='ocr_par' dir='ltr' id='par_1_71' title="bbox 1093 1221 1878 1261">
     <span class='ocr_line' id='line_1_71' title="bbox 1093 1221 1878 1261; baseline -0.006 -9"><span class='ocrx_word' id='word_1_489' title='bbox 1093 1225 1155 1261; x_wconf 78' lang='grc' dir='ltr'>νικὴ</span> <span class='ocrx_word' id='word_1_490' title='bbox 1171 1225 1278 1256; x_wconf 79' lang='grc' dir='ltr'>σύνοδος</span> <span class='ocrx_word' id='word_1_491' title='bbox 1294 1224 1472 1259; x_wconf 83' lang='grc' dir='ltr'>άνεθεμάτισε</span> <span class='ocrx_word' id='word_1_492' title='bbox 1484 1232 1491 1238; x_wconf 84' lang='grc'>·</span> <span class='ocrx_word' id='word_1_493' title='bbox 1514 1223 1560 1249; x_wconf 79' lang='grc' dir='ltr'>καὶ</span> <span class='ocrx_word' id='word_1_494' title='bbox 1576 1223 1625 1249; x_wconf 84' lang='grc' dir='ltr'>οὐκ</span> <span class='ocrx_word' id='word_1_495' title='bbox 1642 1221 1814 1257; x_wconf 78' lang='grc' dir='ltr'>ἐφοϐήθησαν</span> <span class='ocrx_word' id='word_1_496' title='bbox 1827 1222 1878 1256; x_wconf 78' lang='grc' dir='ltr'>τὴν</span> 
     </span>
    </p>
   </div>
   <div class='ocr_carea' id='block_1_72' title="bbox 1092 1268 1876 1306">
    <p class='ocr_par' dir='ltr' id='par_1_72' title="bbox 1092 1268 1876 1306">
     <span class='ocr_line' id='line_1_72' title="bbox 1092 1268 1876 1306; baseline -0.005 -9"><span class='ocrx_word' id='word_1_497' title='bbox 1092 1271 1258 1306; x_wconf 85' lang='grc' dir='ltr'>τηλικαύτην</span> <span class='ocrx_word' id='word_1_498' title='bbox 1269 1270 1376 1297; x_wconf 80' lang='grc' dir='ltr'>σύνοδον</span> <span class='ocrx_word' id='word_1_499' title='bbox 1391 1271 1420 1296; x_wconf 85' lang='grc' dir='ltr'>ὲν</span> <span class='ocrx_word' id='word_1_500' title='bbox 1432 1269 1518 1304; x_wconf 77' lang='grc' dir='ltr'>γωνίᾳ</span> <span class='ocrx_word' id='word_1_501' title='bbox 1533 1269 1640 1300; x_wconf 86' lang='grc' dir='ltr'>λύοντες</span> <span class='ocrx_word' id='word_1_502' title='bbox 1651 1268 1682 1294; x_wconf 80' lang='grc' dir='ltr'>τὸ</span> <span class='ocrx_word' id='word_1_503' title='bbox 1696 1268 1756 1294; x_wconf 84' lang='grc' dir='ltr'>ὅσον</span> <span class='ocrx_word' id='word_1_504' title='bbox 1769 1268 1813 1294; x_wconf 65' lang='grc' dir='ltr'>ἐπ’</span> <span class='ocrx_word' id='word_1_505' title='bbox 1826 1268 1876 1294; x_wconf 69' lang='grc' dir='ltr'><strong>αὺο</strong></span> 
     </span>
    </p>
   </div>
   <div class='ocr_carea' id='block_1_73' title="bbox 1092 1313 1875 1350">
    <p class='ocr_par' dir='ltr' id='par_1_73' title="bbox 1092 1313 1875 1350">
     <span class='ocr_line' id='line_1_73' title="bbox 1092 1313 1875 1350; baseline -0.005 -7"><span class='ocrx_word' id='word_1_506' title='bbox 1092 1319 1158 1348; x_wconf 79' lang='grc' dir='ltr'>τοῖς,</span> <span class='ocrx_word' id='word_1_507' title='bbox 1189 1317 1214 1343; x_wconf 88' lang='grc' dir='ltr'>οἱ</span> <span class='ocrx_word' id='word_1_508' title='bbox 1244 1317 1331 1344; x_wconf 83' lang='grc' dir='ltr'>πάντα</span> <span class='ocrx_word' id='word_1_509' title='bbox 1354 1315 1478 1350; x_wconf 80' lang='grc' dir='ltr'>λέγοντες</span> <span class='ocrx_word' id='word_1_510' title='bbox 1498 1315 1545 1342; x_wconf 84' lang='grc' dir='ltr'>καὶ</span> <span class='ocrx_word' id='word_1_511' title='bbox 1560 1314 1724 1350; x_wconf 85' lang='grc' dir='ltr'>πράττοντες</span> <span class='ocrx_word' id='word_1_512' title='bbox 1744 1313 1875 1349; x_wconf 75' lang='grc' dir='ltr'>εὐχερῶς.</span> 
     </span>
    </p>
   </div>
   <div class='ocr_carea' id='block_1_74' title="bbox 1093 1358 1879 1398">
    <p class='ocr_par' dir='ltr' id='par_1_74' title="bbox 1093 1358 1879 1398">
     <span class='ocr_line' id='line_1_74' title="bbox 1093 1358 1879 1398; baseline -0.008 -8"><span class='ocrx_word' id='word_1_513' title='bbox 1093 1362 1148 1390; x_wconf 77' lang='grc' dir='ltr'><strong>Καὶ</strong></span> <span class='ocrx_word' id='word_1_514' title='bbox 1168 1363 1182 1389; x_wconf 81' lang='grc' dir='ltr'>ὁ</span> <span class='ocrx_word' id='word_1_515' title='bbox 1205 1362 1299 1398; x_wconf 80' lang='grc' dir='ltr'>μισθὸς</span> <span class='ocrx_word' id='word_1_516' title='bbox 1321 1361 1350 1388; x_wconf 83' lang='grc' dir='ltr'>δὲ</span> <span class='ocrx_word' id='word_1_517' title='bbox 1368 1362 1417 1397; x_wconf 81' lang='grc' dir='ltr'>τῆς</span> <span class='ocrx_word' id='word_1_518' title='bbox 1433 1360 1613 1395; x_wconf 79' lang='grc' dir='ltr'>συκοφαντίας</span> <span class='ocrx_word' id='word_1_519' title='bbox 1629 1359 1669 1386; x_wconf 69' lang='grc' dir='ltr'>ἔτι</span> <span class='ocrx_word' id='word_1_520' title='bbox 1691 1358 1772 1385; x_wconf 84' lang='grc' dir='ltr'>πλέον</span> <span class='ocrx_word' id='word_1_521' title='bbox 1787 1358 1879 1384; x_wconf 81' lang='grc' dir='ltr'>αὐτῶν</span> 
     </span>
    </p>
   </div>
   <div class='ocr_carea' id='block_1_75' title="bbox 1091 1405 1877 1444">
    <p class='ocr_par' dir='ltr' id='par_1_75' title="bbox 1091 1405 1877 1444">
     <span class='ocr_line' id='line_1_75' title="bbox 1091 1405 1877 1444; baseline -0.006 -9"><span class='ocrx_word' id='word_1_522' title='bbox 1091 1409 1141 1444; x_wconf 77' lang='grc' dir='ltr'><strong>τὴν</strong></span> <span class='ocrx_word' id='word_1_523' title='bbox 1163 1408 1294 1444; x_wconf 79' lang='grc' dir='ltr'>πονηρίαν</span> <span class='ocrx_word' id='word_1_524' title='bbox 1315 1408 1361 1434; x_wconf 76' lang='grc' dir='ltr'>καὶ</span> <span class='ocrx_word' id='word_1_525' title='bbox 1376 1408 1426 1442; x_wconf 84' lang='grc' dir='ltr'>τὴν</span> <span class='ocrx_word' id='word_1_526' title='bbox 1443 1406 1529 1441; x_wconf 75' lang='grc' dir='ltr'>ἀσεϐῆ</span> <span class='ocrx_word' id='word_1_527' title='bbox 1546 1406 1672 1441; x_wconf 79' lang='grc' dir='ltr'>πρόθεσιν</span> <span class='ocrx_word' id='word_1_528' title='bbox 1687 1405 1820 1431; x_wconf 84' lang='grc' dir='ltr'>δείκνυσιν</span> <span class='ocrx_word' id='word_1_529' title='bbox 1847 1405 1877 1430; x_wconf 84' lang='lat'><strong>&#39;0</strong></span> 
     </span>
    </p>
   </div>
   <div class='ocr_carea' id='block_1_76' title="bbox 1092 1449 1878 1490">
    <p class='ocr_par' dir='ltr' id='par_1_76' title="bbox 1092 1449 1878 1490">
     <span class='ocr_line' id='line_1_76' title="bbox 1092 1449 1878 1490; baseline -0.008 -9"><span class='ocrx_word' id='word_1_530' title='bbox 1092 1453 1253 1490; x_wconf 80' lang='grc' dir='ltr'>Μαρεώτης,</span> <span class='ocrx_word' id='word_1_531' title='bbox 1274 1452 1345 1479; x_wconf 83' lang='grc' dir='ltr'>καθὰ</span> <span class='ocrx_word' id='word_1_532' title='bbox 1359 1453 1499 1488; x_wconf 80' lang='grc' dir='ltr'>προεῖπον,</span> <span class='ocrx_word' id='word_1_533' title='bbox 1516 1451 1591 1487; x_wconf 86' lang='grc' dir='ltr'>χώρα</span> <span class='ocrx_word' id='word_1_534' title='bbox 1607 1451 1656 1486; x_wconf 83' lang='grc' dir='ltr'>τῆς</span> <span class='ocrx_word' id='word_1_535' title='bbox 1675 1449 1878 1485; x_wconf 80' lang='grc' dir='ltr'>’Δλεξανδρείας</span> 
     </span>
    </p>
   </div>
   <div class='ocr_carea' id='block_1_77' title="bbox 1092 1496 1876 1533">
    <p class='ocr_par' dir='ltr' id='par_1_77' title="bbox 1092 1496 1876 1533">
     <span class='ocr_line' id='line_1_77' title="bbox 1092 1496 1876 1533; baseline -0.005 -7"><span class='ocrx_word' id='word_1_536' title='bbox 1092 1500 1160 1531; x_wconf 74' lang='grc' dir='ltr'>ἐστὶ,</span> <span class='ocrx_word' id='word_1_537' title='bbox 1176 1499 1223 1526; x_wconf 71' lang='grc' dir='ltr'>καὶ</span> <span class='ocrx_word' id='word_1_538' title='bbox 1233 1498 1359 1525; x_wconf 85' lang='grc' dir='ltr'>οὐδέποτε</span> <span class='ocrx_word' id='word_1_539' title='bbox 1374 1498 1402 1524; x_wconf 89' lang='grc' dir='ltr'><strong>ἐν</strong></span> <span class='ocrx_word' id='word_1_540' title='bbox 1414 1499 1448 1532; x_wconf 76' lang='grc' dir='ltr'>τῇ</span> <span class='ocrx_word' id='word_1_541' title='bbox 1457 1496 1533 1533; x_wconf 76' lang='grc' dir='ltr'>χώρᾳ.</span> <span class='ocrx_word' id='word_1_542' title='bbox 1542 1496 1652 1530; x_wconf 83' lang='grc' dir='ltr'>γέγονεν</span> <span class='ocrx_word' id='word_1_543' title='bbox 1662 1496 1809 1527; x_wconf 75' lang='grc' dir='ltr'>ἐπίσκοπος</span> <span class='ocrx_word' id='word_1_544' title='bbox 1816 1496 1876 1522; x_wconf 79' lang='grc' dir='ltr'>οὐδὲ</span> 
     </span>
    </p>
   </div>
   <div class='ocr_carea' id='block_1_78' title="bbox 1093 1541 1877 1580">
    <p class='ocr_par' dir='ltr' id='par_1_78' title="bbox 1093 1541 1877 1580">
     <span class='ocr_line' id='line_1_78' title="bbox 1093 1541 1877 1580; baseline -0.004 -10"><span class='ocrx_word' id='word_1_545' title='bbox 1093 1545 1312 1580; x_wconf 84' lang='grc' dir='ltr'>χωρεπίσκοπος·</span> <span class='ocrx_word' id='word_1_546' title='bbox 1327 1542 1394 1570; x_wconf 81' lang='grc' dir='ltr'>ἀλλὰ</span> <span class='ocrx_word' id='word_1_547' title='bbox 1409 1542 1448 1578; x_wconf 84' lang='grc' dir='ltr'>τῷ</span> <span class='ocrx_word' id='word_1_548' title='bbox 1464 1543 1513 1578; x_wconf 82' lang='grc' dir='ltr'>τῆς</span> <span class='ocrx_word' id='word_1_549' title='bbox 1526 1541 1726 1578; x_wconf 80' lang='grc' dir='ltr'>Ἀλεξανδρείας</span> <span class='ocrx_word' id='word_1_550' title='bbox 1736 1541 1877 1576; x_wconf 83' lang='grc' dir='ltr'>ἐπισκόπῳ</span> 
     </span>
    </p>
   </div>
   <div class='ocr_carea' id='block_1_79' title="bbox 1094 1588 1877 1625">
    <p class='ocr_par' dir='ltr' id='par_1_79' title="bbox 1094 1588 1877 1625">
     <span class='ocr_line' id='line_1_79' title="bbox 1094 1588 1877 1625; baseline -0.005 -7"><span class='ocrx_word' id='word_1_551' title='bbox 1094 1592 1122 1618; x_wconf 81' lang='grc' dir='ltr'>αἱ</span> <span class='ocrx_word' id='word_1_552' title='bbox 1140 1591 1294 1625; x_wconf 85' lang='grc' dir='ltr'>Ἐκκλησίαι</span> <span class='ocrx_word' id='word_1_553' title='bbox 1310 1590 1399 1625; x_wconf 86' lang='grc' dir='ltr'>πάσης</span> <span class='ocrx_word' id='word_1_554' title='bbox 1406 1590 1455 1624; x_wconf 85' lang='grc' dir='ltr'>τῆς</span> <span class='ocrx_word' id='word_1_555' title='bbox 1466 1588 1557 1624; x_wconf 86' lang='grc' dir='ltr'>χώρας</span> <span class='ocrx_word' id='word_1_556' title='bbox 1567 1588 1732 1615; x_wconf 78' lang='grc' dir='ltr'>ὑπόκεινται.</span> <span class='ocrx_word' id='word_1_557' title='bbox 1743 1588 1877 1619; x_wconf 81' lang='grc' dir='ltr'>Ἕκαστος</span> 
     </span>
    </p>
   </div>
   <div class='ocr_carea' id='block_1_80' title="bbox 1093 1633 1873 1672">
    <p class='ocr_par' dir='ltr' id='par_1_80' title="bbox 1093 1633 1873 1672">
     <span class='ocr_line' id='line_1_80' title="bbox 1093 1633 1873 1672; baseline -0.006 -8"><span class='ocrx_word' id='word_1_558' title='bbox 1093 1637 1123 1664; x_wconf 75' lang='grc' dir='ltr'>δὲ</span> <span class='ocrx_word' id='word_1_559' title='bbox 1136 1637 1190 1664; x_wconf 86' lang='grc' dir='ltr'>τῶν</span> <span class='ocrx_word' id='word_1_560' title='bbox 1206 1636 1396 1672; x_wconf 76' lang='grc' dir='ltr'>πρεσϐυτέρων</span> <span class='ocrx_word' id='word_1_561' title='bbox 1413 1635 1469 1670; x_wconf 74' lang='grc' dir='ltr'>ἔχει</span> <span class='ocrx_word' id='word_1_562' title='bbox 1479 1634 1528 1666; x_wconf 84' lang='grc' dir='ltr'><strong>τὰς</strong></span> <span class='ocrx_word' id='word_1_563' title='bbox 1545 1634 1612 1666; x_wconf 77' lang='grc' dir='ltr'>ιδίας</span> <span class='ocrx_word' id='word_1_564' title='bbox 1623 1633 1718 1669; x_wconf 85' lang='grc' dir='ltr'>κώμας</span> <span class='ocrx_word' id='word_1_565' title='bbox 1733 1633 1873 1668; x_wconf 69' lang='grc' dir='ltr'>μεγίστας,</span> 
     </span>
    </p>
   </div>
   <div class='ocr_carea' id='block_1_81' title="bbox 1093 1679 1875 1718">
    <p class='ocr_par' dir='ltr' id='par_1_81' title="bbox 1093 1679 1875 1718">
     <span class='ocr_line' id='line_1_81' title="bbox 1093 1679 1875 1718; baseline -0.009 -7"><span class='ocrx_word' id='word_1_566' title='bbox 1093 1684 1141 1711; x_wconf 75' lang='grc' dir='ltr'>καὶ</span> <span class='ocrx_word' id='word_1_567' title='bbox 1157 1682 1265 1718; x_wconf 83' lang='grc' dir='ltr'>ἀριθμῷ</span> <span class='ocrx_word' id='word_1_568' title='bbox 1275 1682 1340 1709; x_wconf 84' lang='grc' dir='ltr'>δέκα</span> <span class='ocrx_word' id='word_1_569' title='bbox 1357 1690 1408 1708; x_wconf 87' lang='grc' dir='ltr'><strong>που</strong></span> <span class='ocrx_word' id='word_1_570' title='bbox 1421 1681 1469 1708; x_wconf 76' lang='grc' dir='ltr'>καὶ</span> <span class='ocrx_word' id='word_1_571' title='bbox 1481 1680 1594 1712; x_wconf 86' lang='grc' dir='ltr'>πλέονας</span> <span class='ocrx_word' id='word_1_572' title='bbox 1609 1679 1673 1715; x_wconf 78' lang='grc'>(85).</span> <span class='ocrx_word' id='word_1_573' title='bbox 1699 1680 1730 1705; x_wconf 86' lang='grc' dir='ltr'><strong><em>Ἦ</em></strong></span> <span class='ocrx_word' id='word_1_574' title='bbox 1742 1679 1769 1705; x_wconf 84' lang='grc' dir='ltr'>δὲ</span> <span class='ocrx_word' id='word_1_575' title='bbox 1784 1679 1875 1714; x_wconf 79' lang='grc' dir='ltr'>κώμη,</span> 
     </span>
    </p>
   </div>
   <div class='ocr_carea' id='block_1_82' title="bbox 1093 1723 1877 1763">
    <p class='ocr_par' dir='ltr' id='par_1_82' title="bbox 1093 1723 1877 1763">
     <span class='ocr_line' id='line_1_82' title="bbox 1093 1723 1877 1763; baseline -0.008 -7"><span class='ocrx_word' id='word_1_576' title='bbox 1093 1729 1158 1756; x_wconf 78' lang='grc' dir='ltr'>ἔνθα</span> <span class='ocrx_word' id='word_1_577' title='bbox 1172 1730 1240 1755; x_wconf 86' lang='grc' dir='ltr'>οίκεῖ</span> <span class='ocrx_word' id='word_1_578' title='bbox 1254 1729 1268 1755; x_wconf 88' lang='grc' dir='ltr'><strong>ό</strong></span> <span class='ocrx_word' id='word_1_579' title='bbox 1291 1728 1423 1763; x_wconf 80' lang='grc' dir='ltr'>Ἰσχύρας,</span> <span class='ocrx_word' id='word_1_580' title='bbox 1436 1726 1590 1762; x_wconf 81' lang='grc' dir='ltr'>βραχυτάτη</span> <span class='ocrx_word' id='word_1_581' title='bbox 1603 1725 1650 1751; x_wconf 77' lang='grc' dir='ltr'>καὶ</span> <span class='ocrx_word' id='word_1_582' title='bbox 1665 1725 1760 1759; x_wconf 78' lang='grc' dir='ltr'>ὀλίγων</span> <span class='ocrx_word' id='word_1_583' title='bbox 1774 1723 1877 1759; x_wconf 58' lang='grc' dir='ltr'>ἀνθρώ</span> 
     </span>
    </p>
   </div>
   <div class='ocr_carea' id='block_1_83' title="bbox 1094 1771 1875 1808">
    <p class='ocr_par' dir='ltr' id='par_1_83' title="bbox 1094 1771 1875 1808">
     <span class='ocr_line' id='line_1_83' title="bbox 1094 1771 1875 1808; baseline -0.008 -6"><span class='ocrx_word' id='word_1_584' title='bbox 1094 1784 1152 1802; x_wconf 82' lang='grc' dir='ltr'><strong>πων</strong></span> <span class='ocrx_word' id='word_1_585' title='bbox 1160 1775 1243 1806; x_wconf 77' lang='grc' dir='ltr'>ἐστὶν,</span> <span class='ocrx_word' id='word_1_586' title='bbox 1253 1774 1338 1806; x_wconf 81' lang='grc' dir='ltr'>οὕτως</span> <span class='ocrx_word' id='word_1_587' title='bbox 1353 1774 1390 1805; x_wconf 85' lang='grc' dir='ltr'>ὡς</span> <span class='ocrx_word' id='word_1_588' title='bbox 1405 1773 1471 1808; x_wconf 79' lang='grc' dir='ltr'>μηδὲ</span> <span class='ocrx_word' id='word_1_589' title='bbox 1493 1773 1542 1799; x_wconf 69' lang='grc' dir='ltr'>τὴν</span> <span class='ocrx_word' id='word_1_590' title='bbox 1562 1771 1708 1807; x_wconf 75' lang='grc' dir='ltr'>ἐκκλησίαν</span> <span class='ocrx_word' id='word_1_591' title='bbox 1723 1771 1781 1797; x_wconf 77' lang='grc' dir='ltr'>ἐκεῖ</span> <span class='ocrx_word' id='word_1_592' title='bbox 1796 1778 1875 1804; x_wconf 84' lang='grc' dir='ltr'>γεγε-</span> 
     </span>
    </p>
   </div>
   <div class='ocr_carea' id='block_1_84' title="bbox 1093 1814 1877 1859">
    <p class='ocr_par' dir='ltr' id='par_1_84' title="bbox 1093 1814 1877 1859">
     <span class='ocr_line' id='line_1_84' title="bbox 1093 1814 1877 1859; baseline -0.009 -9"><span class='ocrx_word' id='word_1_593' title='bbox 1093 1823 1200 1859; x_wconf 81' lang='grc' dir='ltr'>νῆσθαι,</span> <span class='ocrx_word' id='word_1_594' title='bbox 1213 1822 1269 1849; x_wconf 80' lang='grc' dir='ltr'>ἀλλ’</span> <span class='ocrx_word' id='word_1_595' title='bbox 1282 1822 1310 1847; x_wconf 87' lang='grc' dir='ltr'><strong>ἐν</strong></span> <span class='ocrx_word' id='word_1_596' title='bbox 1320 1823 1352 1856; x_wconf 82' lang='grc' dir='ltr'>τῇ</span> <span class='ocrx_word' id='word_1_597' title='bbox 1370 1820 1483 1854; x_wconf 87' lang='grc' dir='ltr'>πλησίον</span> <span class='ocrx_word' id='word_1_598' title='bbox 1498 1817 1586 1856; x_wconf 83' lang='grc' dir='ltr'>κώμῃ.</span> <span class='ocrx_word' id='word_1_599' title='bbox 1600 1814 1655 1845; x_wconf 74' lang='grc' dir='ltr'><strong>καὶ</strong></span> <span class='ocrx_word' id='word_1_600' title='bbox 1667 1818 1741 1853; x_wconf 80' lang='grc' dir='ltr'>ὅμως</span> <span class='ocrx_word' id='word_1_601' title='bbox 1751 1817 1797 1844; x_wconf 78' lang='grc' dir='ltr'>τὸν</span> <span class='ocrx_word' id='word_1_602' title='bbox 1810 1817 1877 1852; x_wconf 83' lang='grc' dir='ltr'>μηδὲ</span> 
     </span>
    </p>
   </div>
   <div class='ocr_carea' id='block_1_85' title="bbox 1094 1861 1876 1904">
    <p class='ocr_par' dir='ltr' id='par_1_85' title="bbox 1094 1861 1876 1904">
     <span class='ocr_line' id='line_1_85' title="bbox 1094 1861 1876 1904; baseline -0.008 -10"><span class='ocrx_word' id='word_1_603' title='bbox 1094 1867 1277 1904; x_wconf 75' lang='grc' dir='ltr'>πρεσὸύτερον</span> <span class='ocrx_word' id='word_1_604' title='bbox 1293 1867 1322 1893; x_wconf 78' lang='grc' dir='ltr'><strong>ἐν</strong></span> <span class='ocrx_word' id='word_1_605' title='bbox 1336 1867 1369 1901; x_wconf 82' lang='grc' dir='ltr'><strong>τῇ</strong></span> <span class='ocrx_word' id='word_1_606' title='bbox 1384 1865 1494 1900; x_wconf 79' lang='grc' dir='ltr'>τοιαύτῃ</span> <span class='ocrx_word' id='word_1_607' title='bbox 1506 1863 1587 1900; x_wconf 81' lang='grc' dir='ltr'>κώμῃ</span> <span class='ocrx_word' id='word_1_608' title='bbox 1606 1862 1681 1898; x_wconf 83' lang='grc' dir='ltr'>παρὰ</span> <span class='ocrx_word' id='word_1_609' title='bbox 1696 1863 1745 1904; x_wconf 73' lang='grc' dir='ltr'>τὴν</span> <span class='ocrx_word' id='word_1_610' title='bbox 1759 1861 1876 1890; x_wconf 66' lang='grc' dir='ltr'>παλαιὰν</span> 
     </span>
    </p>
   </div>
   <div class='ocr_carea' id='block_1_86' title="bbox 1094 1909 1876 1950">
    <p class='ocr_par' dir='ltr' id='par_1_86' title="bbox 1094 1909 1876 1950">
     <span class='ocr_line' id='line_1_86' title="bbox 1094 1909 1876 1950; baseline -0.008 -10"><span class='ocrx_word' id='word_1_611' title='bbox 1094 1913 1243 1950; x_wconf 85' lang='grc' dir='ltr'>παράδοσιν</span> <span class='ocrx_word' id='word_1_612' title='bbox 1253 1912 1344 1945; x_wconf 77' lang='grc' dir='ltr'>ἔδοξαν</span> <span class='ocrx_word' id='word_1_613' title='bbox 1355 1911 1436 1946; x_wconf 75' lang='grc' dir='ltr'>δῆθεν</span> <span class='ocrx_word' id='word_1_614' title='bbox 1451 1909 1591 1946; x_wconf 77' lang='grc' dir='ltr'>ὀνομάζειν</span> <span class='ocrx_word' id='word_1_615' title='bbox 1607 1909 1765 1940; x_wconf 82' lang='grc' dir='ltr'>ἐπίσκοπον,</span> <span class='ocrx_word' id='word_1_616' title='bbox 1775 1909 1876 1940; x_wconf 78' lang='grc' dir='ltr'>εἰδότες</span> 
     </span>
    </p>
   </div>
   <div class='ocr_carea' id='block_1_87' title="bbox 1096 1953 1876 1994">
    <p class='ocr_par' dir='ltr' id='par_1_87' title="bbox 1096 1953 1876 1994">
     <span class='ocr_line' id='line_1_87' title="bbox 1096 1953 1876 1994; baseline -0.006 -9"><span class='ocrx_word' id='word_1_617' title='bbox 1096 1959 1144 1994; x_wconf 78' lang='grc' dir='ltr'>μὲν</span> <span class='ocrx_word' id='word_1_618' title='bbox 1155 1959 1202 1985; x_wconf 80' lang='grc' dir='ltr'>καὶ</span> <span class='ocrx_word' id='word_1_619' title='bbox 1215 1957 1290 1984; x_wconf 77' lang='grc' dir='ltr'>αὐτοὶ</span> <span class='ocrx_word' id='word_1_620' title='bbox 1305 1957 1335 1983; x_wconf 80' lang='grc' dir='ltr'>τὸ</span> <span class='ocrx_word' id='word_1_621' title='bbox 1346 1957 1455 1986; x_wconf 79' lang='grc' dir='ltr'>ἄτοπον,</span> <span class='ocrx_word' id='word_1_622' title='bbox 1473 1955 1687 1990; x_wconf 80' lang='grc' dir='ltr'>ἀναγκαζόμενοι</span> <span class='ocrx_word' id='word_1_623' title='bbox 1702 1954 1730 1980; x_wconf 78' lang='grc' dir='ltr'>δὲ</span> <span class='ocrx_word' id='word_1_624' title='bbox 1744 1954 1818 1988; x_wconf 78' lang='grc' dir='ltr'>ὅμως</span> <span class='ocrx_word' id='word_1_625' title='bbox 1831 1953 1876 1980; x_wconf 72' lang='grc' dir='ltr'><strong>διὰ</strong></span> 
     </span>
    </p>
   </div>
   <div class='ocr_carea' id='block_1_88' title="bbox 1094 1999 1876 2039">
    <p class='ocr_par' dir='ltr' id='par_1_88' title="bbox 1094 1999 1876 2039">
     <span class='ocr_line' id='line_1_88' title="bbox 1094 1999 1876 2039; baseline -0.006 -9"><span class='ocrx_word' id='word_1_626' title='bbox 1094 2003 1143 2039; x_wconf 79' lang='grc' dir='ltr'>τὴν</span> <span class='ocrx_word' id='word_1_627' title='bbox 1156 2003 1207 2038; x_wconf 86' lang='grc' dir='ltr'>τῆς</span> <span class='ocrx_word' id='word_1_628' title='bbox 1227 2001 1408 2036; x_wconf 83' lang='grc' dir='ltr'>συκοφαντίας</span> <span class='ocrx_word' id='word_1_629' title='bbox 1422 2000 1577 2036; x_wconf 78' lang='grc' dir='ltr'>ὑπόσχεσιν,</span> <span class='ocrx_word' id='word_1_630' title='bbox 1594 1999 1742 2035; x_wconf 83' lang='grc' dir='ltr'>ὑπέμειναν</span> <span class='ocrx_word' id='word_1_631' title='bbox 1755 1999 1802 2026; x_wconf 74' lang='grc' dir='ltr'>καὶ</span> <span class='ocrx_word' id='word_1_632' title='bbox 1813 1999 1876 2025; x_wconf 74' lang='grc' dir='ltr'><strong>τοῦ-</strong></span> 
     </span>
    </p>
   </div>
   <div class='ocr_carea' id='block_1_89' title="bbox 1093 2044 1876 2084">
    <p class='ocr_par' dir='ltr' id='par_1_89' title="bbox 1093 2044 1876 2084">
     <span class='ocr_line' id='line_1_89' title="bbox 1093 2044 1876 2084; baseline -0.008 -8"><span class='ocrx_word' id='word_1_633' title='bbox 1093 2058 1134 2080; x_wconf 88' lang='grc' dir='ltr'><strong>το,</strong></span> <span class='ocrx_word' id='word_1_634' title='bbox 1149 2049 1192 2075; x_wconf 84' lang='grc' dir='ltr'><strong>ἵνα</strong></span> <span class='ocrx_word' id='word_1_635' title='bbox 1208 2048 1244 2084; x_wconf 84' lang='grc' dir='ltr'><strong>μὴ</strong></span> <span class='ocrx_word' id='word_1_636' title='bbox 1258 2047 1459 2083; x_wconf 75' lang='grc' dir='ltr'>ἀγνωμονηθεὶς</span> <span class='ocrx_word' id='word_1_637' title='bbox 1476 2048 1490 2073; x_wconf 87' lang='grc' dir='ltr'>ὁ</span> <span class='ocrx_word' id='word_1_638' title='bbox 1504 2046 1682 2082; x_wconf 71' lang='grc' dir='ltr'>παμπόνηρος</span> <span class='ocrx_word' id='word_1_639' title='bbox 1696 2046 1797 2076; x_wconf 83' lang='grc' dir='ltr'>ἐκεῖνος</span> <span class='ocrx_word' id='word_1_640' title='bbox 1808 2044 1876 2076; x_wconf 81' lang='grc' dir='ltr'>ἐξεί-</span> 
     </span>
    </p>
   </div>
   <div class='ocr_carea' id='block_1_90' title="bbox 1094 2090 1878 2131">
    <p class='ocr_par' dir='ltr' id='par_1_90' title="bbox 1094 2090 1878 2131">
     <span class='ocr_line' id='line_1_90' title="bbox 1094 2090 1878 2131; baseline -0.005 -11"><span class='ocrx_word' id='word_1_641' title='bbox 1094 2103 1133 2131; x_wconf 74' lang='grc' dir='ltr'>πῃ</span> <span class='ocrx_word' id='word_1_642' title='bbox 1154 2095 1203 2130; x_wconf 84' lang='grc' dir='ltr'>τὴν</span> <span class='ocrx_word' id='word_1_643' title='bbox 1224 2093 1361 2129; x_wconf 80' lang='grc' dir='ltr'>ἀλήθειαν,</span> <span class='ocrx_word' id='word_1_644' title='bbox 1378 2093 1425 2120; x_wconf 77' lang='grc' dir='ltr'><strong>καὶ</strong></span> <span class='ocrx_word' id='word_1_645' title='bbox 1438 2092 1510 2128; x_wconf 81' lang='grc' dir='ltr'>δείξῃ</span> <span class='ocrx_word' id='word_1_646' title='bbox 1527 2092 1577 2128; x_wconf 85' lang='grc' dir='ltr'><strong>τὴν</strong></span> <span class='ocrx_word' id='word_1_647' title='bbox 1597 2091 1728 2127; x_wconf 83' lang='grc' dir='ltr'>πονηρίαν</span> <span class='ocrx_word' id='word_1_648' title='bbox 1741 2090 1795 2117; x_wconf 83' lang='grc' dir='ltr'><strong>τῶν</strong></span> <span class='ocrx_word' id='word_1_649' title='bbox 1813 2090 1878 2126; x_wconf 81' lang='grc' dir='ltr'>περὶ</span> 
     </span>
    </p>
   </div>
   <div class='ocr_carea' id='block_1_91' title="bbox 1094 2134 1876 2173">
    <p class='ocr_par' dir='ltr' id='par_1_91' title="bbox 1094 2134 1876 2173">
     <span class='ocr_line' id='line_1_91' title="bbox 1094 2134 1876 2173; baseline -0.006 -8"><span class='ocrx_word' id='word_1_650' title='bbox 1094 2139 1231 2165; x_wconf 77' lang='grc' dir='ltr'>Εὐσέϐιον.</span> <span class='ocrx_word' id='word_1_651' title='bbox 1241 2137 1347 2173; x_wconf 84' lang='grc' dir='ltr'>Ἀμέλει</span> <span class='ocrx_word' id='word_1_652' title='bbox 1358 2136 1419 2163; x_wconf 73' lang='grc' dir='ltr'>οὔτε</span> <span class='ocrx_word' id='word_1_653' title='bbox 1437 2136 1594 2171; x_wconf 80' lang='grc' dir='ltr'>ἐκκλησίαν,</span> <span class='ocrx_word' id='word_1_654' title='bbox 1609 2135 1671 2163; x_wconf 78' lang='grc' dir='ltr'>οὔτε</span> <span class='ocrx_word' id='word_1_655' title='bbox 1693 2135 1772 2166; x_wconf 81' lang='grc' dir='ltr'>λαοὺς</span> <span class='ocrx_word' id='word_1_656' title='bbox 1785 2134 1876 2160; x_wconf 81' lang='grc' dir='ltr'>πειθο-</span> 
     </span>
    </p>
   </div>
   <div class='ocr_carea' id='block_1_92' title="bbox 1095 2179 1876 2219">
    <p class='ocr_par' dir='ltr' id='par_1_92' title="bbox 1095 2179 1876 2219">
     <span class='ocr_line' id='line_1_92' title="bbox 1095 2179 1876 2219; baseline -0.006 -9"><span class='ocrx_word' id='word_1_657' title='bbox 1095 2184 1190 2219; x_wconf 83' lang='grc' dir='ltr'>μένους</span> <span class='ocrx_word' id='word_1_658' title='bbox 1206 2183 1273 2218; x_wconf 79' lang='grc' dir='ltr'>έχει,</span> <span class='ocrx_word' id='word_1_659' title='bbox 1290 2182 1356 2209; x_wconf 77' lang='grc' dir='ltr'>ἀλλὰ</span> <span class='ocrx_word' id='word_1_660' title='bbox 1377 2182 1423 2209; x_wconf 76' lang='grc' dir='ltr'>καὶ</span> <span class='ocrx_word' id='word_1_661' title='bbox 1446 2181 1520 2217; x_wconf 82' lang='grc' dir='ltr'>παρὰ</span> <span class='ocrx_word' id='word_1_662' title='bbox 1542 2181 1649 2208; x_wconf 81' lang='grc' dir='ltr'>πάντων</span> <span class='ocrx_word' id='word_1_663' title='bbox 1667 2180 1732 2215; x_wconf 83' lang='grc'>(86),</span> <span class='ocrx_word' id='word_1_664' title='bbox 1749 2180 1787 2212; x_wconf 86' lang='grc' dir='ltr'>ὡς</span> <span class='ocrx_word' id='word_1_665' title='bbox 1803 2179 1876 2206; x_wconf 85' lang='grc' dir='ltr'>κύων</span> 
     </span>
    </p>
   </div>
   <div class='ocr_carea' id='block_1_93' title="bbox 1095 2224 1878 2263">
    <p class='ocr_par' dir='ltr' id='par_1_93' title="bbox 1095 2224 1878 2263">
     <span class='ocr_line' id='line_1_93' title="bbox 1095 2224 1878 2263; baseline -0.006 -7"><span class='ocrx_word' id='word_1_666' title='bbox 1095 2228 1221 2256; x_wconf 85' lang='grc' dir='ltr'>διὼκεται</span> <span class='ocrx_word' id='word_1_667' title='bbox 1230 2237 1236 2244; x_wconf 94' lang='grc'><strong>·</strong></span> <span class='ocrx_word' id='word_1_668' title='bbox 1260 2228 1308 2254; x_wconf 75' lang='grc' dir='ltr'>καὶ</span> <span class='ocrx_word' id='word_1_669' title='bbox 1322 2228 1395 2263; x_wconf 82' lang='grc' dir='ltr'>ὅμως</span> <span class='ocrx_word' id='word_1_670' title='bbox 1404 2228 1577 2262; x_wconf 82' lang='grc' dir='ltr'>’πεποιήκασι</span> <span class='ocrx_word' id='word_1_671' title='bbox 1591 2226 1638 2252; x_wconf 78' lang='grc' dir='ltr'>καὶ</span> <span class='ocrx_word' id='word_1_672' title='bbox 1650 2225 1762 2261; x_wconf 84' lang='grc' dir='ltr'>βασιλέα</span> <span class='ocrx_word' id='word_1_673' title='bbox 1775 2224 1878 2260; x_wconf 71' lang='grc' dir='ltr'>νράψαι</span> 
     </span>
    </p>
   </div>
   <div class='ocr_carea' id='block_1_94' title="bbox 297 2338 1878 2377">
    <p class='ocr_par' dir='ltr' id='par_1_94' title="bbox 297 2338 1878 2377">
     <span class='ocr_line' id='line_1_94' title="bbox 297 2338 1878 2377; baseline 0.001 -13"><span class='ocrx_word' id='word_1_674' title='bbox 297 2338 353 2377; x_wconf 73' lang='grc'><strong>(85)</strong></span> <span class='ocrx_word' id='word_1_675' title='bbox 373 2339 401 2377; x_wconf 88' lang='lat' dir='ltr'><strong>l_n</strong></span> <span class='ocrx_word' id='word_1_676' title='bbox 416 2338 503 2377; x_wconf 64' lang='lat' dir='ltr'><strong>editis</strong></span> <span class='ocrx_word' id='word_1_677' title='bbox 515 2344 576 2377; x_wconf 79' lang='lat' dir='ltr'><strong>post</strong></span> <span class='ocrx_word' id='word_1_678' title='bbox 593 2339 755 2377; x_wconf 65' lang='grc' dir='ltr'>είργάσατο,</span> <span class='ocrx_word' id='word_1_679' title='bbox 766 2339 823 2367; x_wconf 69' lang='lat' dir='ltr'><strong>haec</strong></span> <span class='ocrx_word' id='word_1_680' title='bbox 839 2340 983 2372; x_wconf 87' lang='lat' dir='ltr'><strong>habentur,</strong></span> <span class='ocrx_word' id='word_1_681' title='bbox 1001 2341 1049 2377; x_wconf 71' lang='grc' dir='ltr'>καὶ</span> <span class='ocrx_word' id='word_1_682' title='bbox 1065 2342 1087 2372; x_wconf 89' lang='lat' dir='ltr'><strong>D</strong></span> <span class='ocrx_word' id='word_1_683' title='bbox 1102 2341 1230 2375; x_wconf 86' lang='lat' dir='ltr'><strong>plinribus</strong></span> <span class='ocrx_word' id='word_1_684' title='bbox 1244 2339 1572 2377; x_wconf 64' lang='lat' dir='ltr'><strong>quibusqueecclesiam._</strong></span> <span class='ocrx_word' id='word_1_685' title='bbox 1580 2344 1661 2377; x_wconf 62' lang='lat' dir='ltr'><strong>atque</strong></span> <span class='ocrx_word' id='word_1_686' title='bbox 1676 2340 1742 2377; x_wconf 79' lang='lat' dir='ltr'><strong>adeo</strong></span> <span class='ocrx_word' id='word_1_687' title='bbox 1763 2339 1878 2375; x_wconf 84' lang='lat' dir='ltr'><strong>presby-</strong></span> 
     </span>
    </p>
   </div>
   <div class='ocr_carea' id='block_1_95' title="bbox 258 2374 1049 2410">
    <p class='ocr_par' dir='ltr' id='par_1_95' title="bbox 258 2374 1049 2410">
     <span class='ocr_line' id='line_1_95' title="bbox 258 2374 1049 2410; baseline 0 -9"><span class='ocrx_word' id='word_1_688' title='bbox 258 2374 345 2401; x_wconf 81' lang='grc' dir='ltr'><strong>ταῦτα</strong></span> <span class='ocrx_word' id='word_1_689' title='bbox 361 2374 438 2410; x_wconf 81' lang='grc' dir='ltr'><strong>μὲνὴ</strong></span> <span class='ocrx_word' id='word_1_690' title='bbox 457 2374 522 2408; x_wconf 83' lang='grc' dir='ltr'>ἁγία</span> <span class='ocrx_word' id='word_1_691' title='bbox 543 2374 667 2406; x_wconf 79' lang='grc' dir='ltr'>σύνοδος.’</span> <span class='ocrx_word' id='word_1_692' title='bbox 682 2376 713 2401; x_wconf 80' lang='lat' dir='ltr'><strong>Et</strong></span> <span class='ocrx_word' id='word_1_693' title='bbox 730 2375 774 2401; x_wconf 93' lang='lat' dir='ltr'><strong>hic</strong></span> <span class='ocrx_word' id='word_1_694' title='bbox 798 2375 1049 2410; x_wconf 79' lang='lat' dir='ltr'><strong>perperatnlertni-</strong></span> 
     </span>
    </p>
   </div>
   <div class='ocr_carea' id='block_1_96' title="bbox 260 2409 1048 2445">
    <p class='ocr_par' dir='ltr' id='par_1_96' title="bbox 260 2409 1048 2445">
     <span class='ocr_line' id='line_1_96' title="bbox 260 2409 1048 2445; baseline 0.003 -10"><span class='ocrx_word' id='word_1_695' title='bbox 260 2415 340 2435; x_wconf 81' lang='lat' dir='ltr'><strong>natur</strong></span> <span class='ocrx_word' id='word_1_696' title='bbox 366 2409 479 2443; x_wconf 71' lang='lat' dir='ltr'><strong>eltlstola</strong></span> <span class='ocrx_word' id='word_1_697' title='bbox 507 2411 539 2436; x_wconf 87' lang='lat' dir='ltr'><strong>ad</strong></span> <span class='ocrx_word' id='word_1_698' title='bbox 568 2417 648 2444; x_wconf 82' lang='lat' dir='ltr'><strong>quam</strong></span> <span class='ocrx_word' id='word_1_699' title='bbox 675 2409 815 2444; x_wconf 83' lang='lat' dir='ltr'><strong>sequentia</strong></span> <span class='ocrx_word' id='word_1_700' title='bbox 846 2409 996 2445; x_wconf 76' lang='grc' dir='ltr'>ἐμαρτύρει</span> <span class='ocrx_word' id='word_1_701' title='bbox 1019 2410 1048 2437; x_wconf 85' lang='grc' dir='ltr'>δὲ</span> 
     </span>
    </p>
   </div>
   <div class='ocr_carea' id='block_1_97' title="bbox 259 2444 1047 2478">
    <p class='ocr_par' dir='ltr' id='par_1_97' title="bbox 259 2444 1047 2478">
     <span class='ocr_line' id='line_1_97' title="bbox 259 2444 1047 2478; baseline 0.001 -8"><span class='ocrx_word' id='word_1_702' title='bbox 259 2445 328 2475; x_wconf 77' lang='grc' dir='ltr'>τοῖς,</span> <span class='ocrx_word' id='word_1_703' title='bbox 342 2449 408 2473; x_wconf 85' lang='lat' dir='ltr'><strong>etc..</strong></span> <span class='ocrx_word' id='word_1_704' title='bbox 425 2444 559 2478; x_wconf 89' lang='lat' dir='ltr'><strong>pertinere</strong></span> <span class='ocrx_word' id='word_1_705' title='bbox 575 2445 675 2478; x_wconf 79' lang='lat' dir='ltr'><strong>liquet,</strong></span> <span class='ocrx_word' id='word_1_706' title='bbox 695 2450 749 2471; x_wconf 92' lang='lat' dir='ltr'><strong>tum</strong></span> <span class='ocrx_word' id='word_1_707' title='bbox 774 2452 806 2471; x_wconf 78' lang='lat' dir='ltr'><strong>ex</strong></span> <span class='ocrx_word' id='word_1_708' title='bbox 832 2444 973 2476; x_wconf 76' lang='lat' dir='ltr'><strong>contextu,</strong></span> <span class='ocrx_word' id='word_1_709' title='bbox 992 2450 1047 2472; x_wconf 92' lang='lat' dir='ltr'><strong>tum</strong></span> 
     </span>
    </p>
   </div>
   <div class='ocr_carea' id='block_1_98' title="bbox 258 2479 1046 2514">
    <p class='ocr_par' dir='ltr' id='par_1_98' title="bbox 258 2479 1046 2514">
     <span class='ocr_line' id='line_1_98' title="bbox 258 2479 1046 2514; baseline 0.003 -9"><span class='ocrx_word' id='word_1_710' title='bbox 258 2487 290 2505; x_wconf 86' lang='lat' dir='ltr'><strong>ex</strong></span> <span class='ocrx_word' id='word_1_711' title='bbox 310 2479 378 2506; x_wconf 86' lang='lat' dir='ltr'><strong>libro</strong></span> <span class='ocrx_word' id='word_1_712' title='bbox 399 2479 437 2506; x_wconf 77' lang='lat' dir='ltr'><strong>De</strong></span> <span class='ocrx_word' id='word_1_713' title='bbox 462 2481 571 2514; x_wconf 71' lang='grc' dir='ltr'>ειηοάη</span> <span class='ocrx_word' id='word_1_714' title='bbox 593 2480 637 2507; x_wconf 88' lang='lat' dir='ltr'><strong>ubi</strong></span> <span class='ocrx_word' id='word_1_715' title='bbox 663 2480 721 2507; x_wconf 65' lang='lat' dir='ltr'><strong>haec</strong></span> <span class='ocrx_word' id='word_1_716' title='bbox 751 2486 952 2514; x_wconf 86' lang='lat' dir='ltr'><strong>consequenter</strong></span> <span class='ocrx_word' id='word_1_717' title='bbox 978 2480 1046 2514; x_wconf 83' lang='lat' dir='ltr'><strong>adji-</strong></span> 
     </span>
    </p>
   </div>
   <div class='ocr_carea' id='block_1_99' title="bbox 259 2514 374 2541">
    <p class='ocr_par' dir='ltr' id='par_1_99' title="bbox 259 2514 374 2541">
     <span class='ocr_line' id='line_1_99' title="bbox 259 2514 374 2541; baseline -0.009 -1"><span class='ocrx_word' id='word_1_718' title='bbox 259 2514 374 2541; x_wconf 85' lang='lat' dir='ltr'><strong>ciuntur.</strong></span> 
     </span>
    </p>
   </div>
   <div class='ocr_carea' id='block_1_100' title="bbox 294 2548 966 2582">
    <p class='ocr_par' dir='ltr' id='par_1_100' title="bbox 294 2548 966 2582">
     <span class='ocr_line' id='line_1_100' title="bbox 294 2548 966 2582; baseline 0.003 -8"><span class='ocrx_word' id='word_1_719' title='bbox 294 2548 351 2582; x_wconf 68' lang='grc'><strong>(84)</strong></span> <span class='ocrx_word' id='word_1_720' title='bbox 372 2548 451 2582; x_wconf 69' lang='lat' dir='ltr'><strong>lleg.,</strong></span> <span class='ocrx_word' id='word_1_721' title='bbox 466 2548 564 2575; x_wconf 83' lang='grc' dir='ltr'>αὐτῶν.</span> <span class='ocrx_word' id='word_1_722' title='bbox 576 2549 641 2581; x_wconf 77' lang='lat' dir='ltr'><strong>Ome</strong></span> <span class='ocrx_word' id='word_1_723' title='bbox 658 2557 709 2575; x_wconf 81' lang='lat' dir='ltr'><strong>vox</strong></span> <span class='ocrx_word' id='word_1_724' title='bbox 727 2548 821 2575; x_wconf 81' lang='lat' dir='ltr'><strong>deerat</strong></span> <span class='ocrx_word' id='word_1_725' title='bbox 836 2549 862 2575; x_wconf 87' lang='lat' dir='ltr'><strong>in</strong></span> <span class='ocrx_word' id='word_1_726' title='bbox 876 2549 966 2576; x_wconf 83' lang='lat' dir='ltr'><strong>editis.</strong></span> 
     </span>
    </p>
   </div>
   <div class='ocr_carea' id='block_1_101' title="bbox 293 2583 1046 2620">
    <p class='ocr_par' dir='ltr' id='par_1_101' title="bbox 293 2583 1046 2620">
     <span class='ocr_line' id='line_1_101' title="bbox 293 2583 1046 2620; baseline 0.003 -10"><span class='ocrx_word' id='word_1_727' title='bbox 293 2583 350 2618; x_wconf 82' lang='grc'><strong>(85)</strong></span> <span class='ocrx_word' id='word_1_728' title='bbox 363 2583 449 2620; x_wconf 43' lang='grc' dir='ltr'>περ,</span> <span class='ocrx_word' id='word_1_729' title='bbox 463 2584 510 2611; x_wconf 78' lang='grc' dir='ltr'>καὶ</span> <span class='ocrx_word' id='word_1_730' title='bbox 528 2584 636 2620; x_wconf 84' lang='grc' dir='ltr'>ἀριθμῴ</span> <span class='ocrx_word' id='word_1_731' title='bbox 651 2585 716 2611; x_wconf 78' lang='grc' dir='ltr'>δέκα</span> <span class='ocrx_word' id='word_1_732' title='bbox 731 2584 851 2620; x_wconf 50' lang='grc' dir='ltr'>πουηκαὶ</span> <span class='ocrx_word' id='word_1_733' title='bbox 859 2584 957 2610; x_wconf 84' lang='grc' dir='ltr'>πλέων.</span> <span class='ocrx_word' id='word_1_734' title='bbox 971 2583 1046 2612; x_wconf 89' lang='lat' dir='ltr'><strong>Hunc</strong></span> 
     </span>
    </p>
   </div>
   <div class='ocr_carea' id='block_1_102' title="bbox 259 2618 1045 2653">
    <p class='ocr_par' dir='ltr' id='par_1_102' title="bbox 259 2618 1045 2653">
     <span class='ocr_line' id='line_1_102' title="bbox 259 2618 1045 2653; baseline 0 -7"><span class='ocrx_word' id='word_1_735' title='bbox 259 2626 341 2653; x_wconf 84' lang='lat' dir='ltr'><strong>porro</strong></span> <span class='ocrx_word' id='word_1_736' title='bbox 362 2619 450 2645; x_wconf 85' lang='lat' dir='ltr'><strong>locum</strong></span> <span class='ocrx_word' id='word_1_737' title='bbox 466 2619 501 2645; x_wconf 86' lang='lat' dir='ltr'><strong>ita</strong></span> <span class='ocrx_word' id='word_1_738' title='bbox 519 2618 683 2646; x_wconf 78' lang='lat' dir='ltr'><strong>intellectum</strong></span> <span class='ocrx_word' id='word_1_739' title='bbox 709 2619 766 2645; x_wconf 85' lang='lat' dir='ltr'><strong>vult</strong></span> <span class='ocrx_word' id='word_1_740' title='bbox 782 2618 904 2646; x_wconf 82' lang='lat' dir='ltr'><strong>Valesius</strong></span> <span class='ocrx_word' id='word_1_741' title='bbox 924 2619 950 2646; x_wconf 89' lang='lat' dir='ltr'><strong>itt</strong></span> <span class='ocrx_word' id='word_1_742' title='bbox 974 2620 1045 2646; x_wconf 87' lang='lat' dir='ltr'><strong>notis</strong></span> 
     </span>
    </p>
   </div>
   <div class='ocr_carea' id='block_1_103' title="bbox 257 2653 1045 2688">
    <p class='ocr_par' dir='ltr' id='par_1_103' title="bbox 257 2653 1045 2688">
     <span class='ocr_line' id='line_1_103' title="bbox 257 2653 1045 2688; baseline 0.001 -9"><span class='ocrx_word' id='word_1_743' title='bbox 257 2655 290 2680; x_wconf 81' lang='lat' dir='ltr'><strong>ad</strong></span> <span class='ocrx_word' id='word_1_744' title='bbox 306 2653 458 2684; x_wconf 81' lang='lat' dir='ltr'><strong>Socratem.</strong></span> <span class='ocrx_word' id='word_1_745' title='bbox 478 2662 504 2687; x_wconf 88' lang='lat' dir='ltr'><strong>p.</strong></span> <span class='ocrx_word' id='word_1_746' title='bbox 520 2654 565 2685; x_wconf 77' lang='grc'><strong>15,</strong></span> <span class='ocrx_word' id='word_1_747' title='bbox 579 2659 608 2680; x_wconf 83' lang='grc' dir='ltr'><strong>ιιι</strong></span> <span class='ocrx_word' id='word_1_748' title='bbox 621 2654 720 2688; x_wconf 78' lang='lat' dir='ltr'><strong>singuli</strong></span> <span class='ocrx_word' id='word_1_749' title='bbox 736 2654 875 2681; x_wconf 80' lang='lat' dir='ltr'><strong>Mareotici</strong></span> <span class='ocrx_word' id='word_1_750' title='bbox 893 2654 1045 2688; x_wconf 84' lang='lat' dir='ltr'><strong>presbyteri</strong></span> 
     </span>
    </p>
   </div>
   <div class='ocr_carea' id='block_1_104' title="bbox 258 2688 1040 2722">
    <p class='ocr_par' dir='ltr' id='par_1_104' title="bbox 258 2688 1040 2722">
     <span class='ocr_line' id='line_1_104' title="bbox 258 2688 1040 2722; baseline 0.003 -8"><span class='ocrx_word' id='word_1_751' title='bbox 258 2689 350 2715; x_wconf 83' lang='lat' dir='ltr'><strong>decem</strong></span> <span class='ocrx_word' id='word_1_752' title='bbox 371 2693 417 2714; x_wconf 84' lang='lat' dir='ltr'><strong>aut</strong></span> <span class='ocrx_word' id='word_1_753' title='bbox 439 2688 527 2721; x_wconf 87' lang='lat' dir='ltr'><strong>plures</strong></span> <span class='ocrx_word' id='word_1_754' title='bbox 553 2689 684 2715; x_wconf 76' lang='lat' dir='ltr'><strong>maximos</strong></span> <span class='ocrx_word' id='word_1_755' title='bbox 706 2696 788 2722; x_wconf 75' lang='lat' dir='ltr'><strong>pagos</strong></span> <span class='ocrx_word' id='word_1_756' title='bbox 813 2689 1040 2716; x_wconf 79' lang='lat' dir='ltr'><strong>administrandas</strong></span> 
     </span>
    </p>
   </div>
   <div class='ocr_carea' id='block_1_105' title="bbox 258 2723 1040 2757">
    <p class='ocr_par' dir='ltr' id='par_1_105' title="bbox 258 2723 1040 2757">
     <span class='ocr_line' id='line_1_105' title="bbox 258 2723 1040 2757; baseline 0 -7"><span class='ocrx_word' id='word_1_757' title='bbox 258 2723 399 2750; x_wconf 83' lang='lat' dir='ltr'><strong>haberent.</strong></span> <span class='ocrx_word' id='word_1_758' title='bbox 413 2723 465 2750; x_wconf 86' lang='lat' dir='ltr'><strong>Sed</strong></span> <span class='ocrx_word' id='word_1_759' title='bbox 478 2724 522 2750; x_wconf 73' lang='lat' dir='ltr'><strong>vix</strong></span> <span class='ocrx_word' id='word_1_760' title='bbox 535 2724 641 2751; x_wconf 84' lang='lat' dir='ltr'><strong>suaderi</strong></span> <span class='ocrx_word' id='word_1_761' title='bbox 658 2729 739 2757; x_wconf 83' lang='lat' dir='ltr'><strong>queat</strong></span> <span class='ocrx_word' id='word_1_762' title='bbox 754 2729 793 2750; x_wconf 90' lang='lat' dir='ltr'><strong>tot</strong></span> <span class='ocrx_word' id='word_1_763' title='bbox 809 2729 952 2757; x_wconf 85' lang='lat' dir='ltr'><strong>tantosque</strong></span> <span class='ocrx_word' id='word_1_764' title='bbox 964 2723 1040 2750; x_wconf 86' lang='lat' dir='ltr'><strong>vicos</strong></span> 
     </span>
    </p>
   </div>
   <div class='ocr_carea' id='block_1_106' title="bbox 258 2758 1038 2793">
    <p class='ocr_par' dir='ltr' id='par_1_106' title="bbox 258 2758 1038 2793">
     <span class='ocr_line' id='line_1_106' title="bbox 258 2758 1038 2793; baseline 0.001 -9"><span class='ocrx_word' id='word_1_765' title='bbox 258 2758 404 2792; x_wconf 82' lang='lat' dir='ltr'><strong>unicuique</strong></span> <span class='ocrx_word' id='word_1_766' title='bbox 424 2759 580 2793; x_wconf 83' lang='lat' dir='ltr'><strong>presbytero</strong></span> <span class='ocrx_word' id='word_1_767' title='bbox 593 2759 756 2785; x_wconf 67' lang='lat' dir='ltr'><strong>commissos</strong></span> <span class='ocrx_word' id='word_1_768' title='bbox 773 2759 866 2786; x_wconf 78' lang='lat' dir='ltr'><strong>luisse.</strong></span> <span class='ocrx_word' id='word_1_769' title='bbox 885 2759 917 2785; x_wconf 85' lang='lat' dir='ltr'><strong>Et</strong></span> <span class='ocrx_word' id='word_1_770' title='bbox 937 2758 1038 2792; x_wconf 80' lang='lat' dir='ltr'><strong>aliaqui</strong></span> 
     </span>
    </p>
   </div>
   <div class='ocr_carea' id='block_1_107' title="bbox 258 2793 1039 2828">
    <p class='ocr_par' dir='ltr' id='par_1_107' title="bbox 258 2793 1039 2828">
     <span class='ocr_line' id='line_1_107' title="bbox 258 2793 1039 2828; baseline 0.001 -9"><span class='ocrx_word' id='word_1_771' title='bbox 258 2793 321 2819; x_wconf 89' lang='lat' dir='ltr'><strong>huic</strong></span> <span class='ocrx_word' id='word_1_772' title='bbox 336 2793 550 2827; x_wconf 73' lang='lat' dir='ltr'><strong>interpretationi</strong></span> <span class='ocrx_word' id='word_1_773' title='bbox 573 2801 724 2828; x_wconf 75' lang='lat' dir='ltr'><strong>repugnare</strong></span> <span class='ocrx_word' id='word_1_774' title='bbox 748 2795 855 2820; x_wconf 72' lang='lat' dir='ltr'><strong>videtur</strong></span> <span class='ocrx_word' id='word_1_775' title='bbox 879 2793 935 2827; x_wconf 85' lang='lat' dir='ltr'><strong>ipse</strong></span> <span class='ocrx_word' id='word_1_776' title='bbox 955 2793 1039 2820; x_wconf 82' lang='lat' dir='ltr'><strong>Atha-</strong></span> 
     </span>
    </p>
   </div>
   <div class='ocr_carea' id='block_1_108' title="bbox 257 2827 1034 2863">
    <p class='ocr_par' dir='ltr' id='par_1_108' title="bbox 257 2827 1034 2863">
     <span class='ocr_line' id='line_1_108' title="bbox 257 2827 1034 2863; baseline 0.003 -10"><span class='ocrx_word' id='word_1_777' title='bbox 257 2835 305 2854; x_wconf 86' lang='lat' dir='ltr'><strong>nas</strong></span> <span class='ocrx_word' id='word_1_778' title='bbox 319 2835 352 2863; x_wconf 12' lang='lat' dir='ltr'><strong>usi</strong></span> <span class='ocrx_word' id='word_1_779' title='bbox 365 2828 426 2863; x_wconf 82' lang='lat' dir='ltr'><strong>dum</strong></span> <span class='ocrx_word' id='word_1_780' title='bbox 444 2827 492 2859; x_wconf 83' lang='lat' dir='ltr'><strong>ait,</strong></span> <span class='ocrx_word' id='word_1_781' title='bbox 514 2827 628 2863; x_wconf 67' lang='lat' dir='ltr'><strong>lschyric</strong></span> <span class='ocrx_word' id='word_1_782' title='bbox 643 2835 738 2862; x_wconf 81' lang='lat' dir='ltr'><strong>pagunt</strong></span> <span class='ocrx_word' id='word_1_783' title='bbox 755 2829 791 2854; x_wconf 90' lang='lat' dir='ltr'><strong>ita</strong></span> <span class='ocrx_word' id='word_1_784' title='bbox 812 2836 924 2863; x_wconf 88' lang='lat' dir='ltr'><strong>parvunt</strong></span> <span class='ocrx_word' id='word_1_785' title='bbox 940 2829 1034 2860; x_wconf 51' lang='lat' dir='ltr'><strong>fuisse.</strong></span> 
     </span>
    </p>
   </div>
   <div class='ocr_carea' id='block_1_109' title="bbox 257 2862 1035 2898">
    <p class='ocr_par' dir='ltr' id='par_1_109' title="bbox 257 2862 1035 2898">
     <span class='ocr_line' id='line_1_109' title="bbox 257 2862 1035 2898; baseline 0.001 -9"><span class='ocrx_word' id='word_1_786' title='bbox 257 2866 286 2889; x_wconf 86' lang='lat' dir='ltr'><strong>ut</strong></span> <span class='ocrx_word' id='word_1_787' title='bbox 301 2862 372 2890; x_wconf 76' lang='lat' dir='ltr'><strong>nulla</strong></span> <span class='ocrx_word' id='word_1_788' title='bbox 394 2862 420 2889; x_wconf 87' lang='lat' dir='ltr'><strong>itt</strong></span> <span class='ocrx_word' id='word_1_789' title='bbox 441 2869 473 2889; x_wconf 88' lang='lat' dir='ltr'><strong>eo</strong></span> <span class='ocrx_word' id='word_1_790' title='bbox 491 2862 699 2891; x_wconf 47' lang='lat' dir='ltr'><strong>fuerit&#39;ecclesia</strong></span> <span class='ocrx_word' id='word_1_791' title='bbox 721 2871 728 2890; x_wconf 86' lang='lat'><strong>:</strong></span> <span class='ocrx_word' id='word_1_792' title='bbox 752 2862 908 2898; x_wconf 31' lang='lat' dir='ltr'><strong>quo’innuit</strong></span> <span class='ocrx_word' id='word_1_793' title='bbox 931 2863 958 2890; x_wconf 90' lang='lat' dir='ltr'><strong>in</strong></span> <span class='ocrx_word' id='word_1_794' title='bbox 979 2871 1035 2890; x_wconf 84' lang='lat' dir='ltr'><strong>am-</strong></span> 
     </span>
    </p>
   </div>
   <div class='ocr_carea' id='block_1_110' title="bbox 1102 2374 1878 2407">
    <p class='ocr_par' dir='ltr' id='par_1_110' title="bbox 1102 2374 1878 2407">
     <span class='ocr_line' id='line_1_110' title="bbox 1102 2374 1878 2407; baseline -0.003 -5"><span class='ocrx_word' id='word_1_795' title='bbox 1102 2374 1188 2402; x_wconf 81' lang='lat' dir='ltr'><strong>terunt</strong></span> <span class='ocrx_word' id='word_1_796' title='bbox 1203 2374 1355 2407; x_wconf 77' lang='lat' dir='ltr'><strong>exstitisse;</strong></span> <span class='ocrx_word' id='word_1_797' title='bbox 1377 2374 1436 2401; x_wconf 74' lang='lat' dir='ltr'><strong>Vide</strong></span> <span class='ocrx_word' id='word_1_798' title='bbox 1456 2383 1528 2401; x_wconf 88' lang='lat' dir='ltr'><strong>nuttt.</strong></span> <span class='ocrx_word' id='word_1_799' title='bbox 1540 2374 1583 2401; x_wconf 73' lang='lat'><strong>63.</strong></span> <span class='ocrx_word' id='word_1_800' title='bbox 1600 2374 1689 2407; x_wconf 86' lang='lat' dir='ltr'><strong>Quare</strong></span> <span class='ocrx_word' id='word_1_801' title='bbox 1710 2375 1801 2401; x_wconf 87' lang='lat' dir='ltr'><strong>decent</strong></span> <span class='ocrx_word' id='word_1_802' title='bbox 1820 2374 1878 2401; x_wconf 86' lang='lat' dir='ltr'><strong>tau-</strong></span> 
     </span>
    </p>
   </div>
   <div class='ocr_carea' id='block_1_111' title="bbox 1102 2409 1879 2443">
    <p class='ocr_par' dir='ltr' id='par_1_111' title="bbox 1102 2409 1879 2443">
     <span class='ocr_line' id='line_1_111' title="bbox 1102 2409 1879 2443; baseline -0.001 -6"><span class='ocrx_word' id='word_1_803' title='bbox 1102 2414 1157 2437; x_wconf 81' lang='lat' dir='ltr'><strong>tum</strong></span> <span class='ocrx_word' id='word_1_804' title='bbox 1178 2411 1268 2442; x_wconf 85' lang='lat' dir='ltr'><strong>vicos,</strong></span> <span class='ocrx_word' id='word_1_805' title='bbox 1290 2414 1336 2436; x_wconf 87' lang='lat' dir='ltr'><strong>aut</strong></span> <span class='ocrx_word' id='word_1_806' title='bbox 1359 2409 1449 2443; x_wconf 85' lang='lat' dir='ltr'><strong>plures</strong></span> <span class='ocrx_word' id='word_1_807' title='bbox 1475 2409 1500 2436; x_wconf 90' lang='lat' dir='ltr'><strong>in</strong></span> <span class='ocrx_word' id='word_1_808' title='bbox 1527 2413 1582 2436; x_wconf 85' lang='lat' dir='ltr'><strong>tota</strong></span> <span class='ocrx_word' id='word_1_809' title='bbox 1606 2409 1714 2443; x_wconf 77' lang='lat' dir='ltr'><strong>regione</strong></span> <span class='ocrx_word' id='word_1_810' title='bbox 1737 2416 1879 2436; x_wconf 86' lang='lat' dir='ltr'><strong>recensere</strong></span> 
     </span>
    </p>
   </div>
   <div class='ocr_carea' id='block_1_112' title="bbox 1101 2443 1878 2479">
    <p class='ocr_par' dir='ltr' id='par_1_112' title="bbox 1101 2443 1878 2479">
     <span class='ocr_line' id='line_1_112' title="bbox 1101 2443 1878 2479; baseline -0.001 -8"><span class='ocrx_word' id='word_1_811' title='bbox 1101 2446 1277 2472; x_wconf 82' lang='lat' dir='ltr'><strong>Athanasium</strong></span> <span class='ocrx_word' id='word_1_812' title='bbox 1293 2444 1490 2472; x_wconf 82' lang='lat' dir='ltr'><strong>existimamus.</strong></span> <span class='ocrx_word' id='word_1_813' title='bbox 1504 2443 1535 2470; x_wconf 86' lang='lat' dir='ltr'><strong>Et</strong></span> <span class='ocrx_word' id='word_1_814' title='bbox 1551 2451 1616 2470; x_wconf 87' lang='lat' dir='ltr'><strong>sane</strong></span> <span class='ocrx_word' id='word_1_815' title='bbox 1630 2451 1680 2470; x_wconf 74' lang='lat' dir='ltr'><strong>vos</strong></span> <span class='ocrx_word' id='word_1_816' title='bbox 1700 2443 1786 2479; x_wconf 83' lang='grc' dir='ltr'>χώρα,</span> <span class='ocrx_word' id='word_1_817' title='bbox 1796 2451 1878 2478; x_wconf 87' lang='lat' dir='ltr'><strong>quam</strong></span> 
     </span>
    </p>
   </div>
   <div class='ocr_carea' id='block_1_113' title="bbox 1102 2478 1878 2515">
    <p class='ocr_par' dir='ltr' id='par_1_113' title="bbox 1102 2478 1878 2515">
     <span class='ocr_line' id='line_1_113' title="bbox 1102 2478 1878 2515; baseline -0.001 -10"><span class='ocrx_word' id='word_1_818' title='bbox 1102 2484 1213 2515; x_wconf 87' lang='lat' dir='ltr'><strong>usurpat</strong></span> <span class='ocrx_word' id='word_1_819' title='bbox 1227 2480 1392 2507; x_wconf 83' lang='lat' dir='ltr'><strong>Athanasius</strong></span> <span class='ocrx_word' id='word_1_820' title='bbox 1410 2479 1445 2515; x_wconf 70' lang='lat' dir='ltr'><strong>de</strong></span> <span class='ocrx_word' id='word_1_821' title='bbox 1462 2479 1578 2515; x_wconf 84' lang='lat' dir='ltr'><strong>Mareote</strong></span> <span class='ocrx_word' id='word_1_822' title='bbox 1596 2478 1795 2515; x_wconf 78' lang='lat' dir='ltr'><strong>loquens,_non</strong></span> <span class='ocrx_word' id='word_1_823' title='bbox 1819 2486 1878 2505; x_wconf 89' lang='lat' dir='ltr'><strong>am-</strong></span> 
     </span>
    </p>
   </div>
   <div class='ocr_carea' id='block_1_114' title="bbox 1101 2513 1877 2549">
    <p class='ocr_par' dir='ltr' id='par_1_114' title="bbox 1101 2513 1877 2549">
     <span class='ocr_line' id='line_1_114' title="bbox 1101 2513 1877 2549; baseline -0.001 -9"><span class='ocrx_word' id='word_1_824' title='bbox 1101 2513 1174 2548; x_wconf 74' lang='lat' dir='ltr'><strong>plani</strong></span> <span class='ocrx_word' id='word_1_825' title='bbox 1192 2514 1327 2549; x_wconf 74' lang='lat' dir='ltr'><strong>regionem</strong></span> <span class='ocrx_word' id='word_1_826' title='bbox 1350 2513 1500 2548; x_wconf 77' lang='lat' dir='ltr'><strong>signiﬁcare</strong></span> <span class='ocrx_word' id='word_1_827' title='bbox 1515 2514 1636 2549; x_wconf 78' lang='lat' dir='ltr'><strong>videtur;</strong></span> <span class='ocrx_word' id='word_1_828' title='bbox 1654 2514 1701 2540; x_wconf 89' lang='lat' dir='ltr'><strong>sed</strong></span> <span class='ocrx_word' id='word_1_829' title='bbox 1725 2513 1795 2540; x_wconf 84' lang='lat' dir='ltr'><strong>haud</strong></span> <span class='ocrx_word' id='word_1_830' title='bbox 1818 2521 1877 2539; x_wconf 75' lang='lat' dir='ltr'><strong>ma-</strong></span> 
     </span>
    </p>
   </div>
   <div class='ocr_carea' id='block_1_115' title="bbox 1100 2548 1878 2582">
    <p class='ocr_par' dir='ltr' id='par_1_115' title="bbox 1100 2548 1878 2582">
     <span class='ocr_line' id='line_1_115' title="bbox 1100 2548 1878 2582; baseline 0.001 -8"><span class='ocrx_word' id='word_1_831' title='bbox 1100 2557 1182 2581; x_wconf 58' lang='lat' dir='ltr'><strong>unum</strong></span> <span class='ocrx_word' id='word_1_832' title='bbox 1209 2554 1287 2576; x_wconf 78' lang='lat' dir='ltr'><strong>teme</strong></span> <span class='ocrx_word' id='word_1_833' title='bbox 1310 2550 1425 2582; x_wconf 80' lang='lat' dir='ltr'><strong>spatium</strong></span> <span class='ocrx_word' id='word_1_834' title='bbox 1448 2558 1456 2576; x_wconf 87' lang='lat'><strong>:</strong></span> <span class='ocrx_word' id='word_1_835' title='bbox 1475 2548 1544 2574; x_wconf 82' lang='lat' dir='ltr'><strong>haud</strong></span> <span class='ocrx_word' id='word_1_836' title='bbox 1571 2550 1666 2581; x_wconf 69' lang='lat' dir='ltr'><strong>exigua</strong></span> <span class='ocrx_word' id='word_1_837' title='bbox 1690 2553 1779 2575; x_wconf 81' lang='lat' dir='ltr'><strong>tamen</strong></span> <span class='ocrx_word' id='word_1_838' title='bbox 1803 2549 1878 2582; x_wconf 71' lang='lat' dir='ltr'><strong>regio</strong></span> 
     </span>
    </p>
   </div>
   <div class='ocr_carea' id='block_1_116' title="bbox 1099 2583 1876 2618">
    <p class='ocr_par' dir='ltr' id='par_1_116' title="bbox 1099 2583 1876 2618">
     <span class='ocr_line' id='line_1_116' title="bbox 1099 2583 1876 2618; baseline 0.001 -9"><span class='ocrx_word' id='word_1_839' title='bbox 1099 2583 1194 2611; x_wconf 79' lang='lat' dir='ltr'><strong>fuisset</strong></span> <span class='ocrx_word' id='word_1_840' title='bbox 1218 2583 1367 2616; x_wconf 80' lang='lat' dir='ltr'><strong>Mareotes,</strong></span> <span class='ocrx_word' id='word_1_841' title='bbox 1390 2583 1412 2610; x_wconf 87' lang='lat' dir='ltr'><strong>si</strong></span> <span class='ocrx_word' id='word_1_842' title='bbox 1435 2583 1585 2618; x_wconf 81' lang='lat' dir='ltr'><strong>presbyteri</strong></span> <span class='ocrx_word' id='word_1_843' title='bbox 1603 2583 1737 2609; x_wconf 82' lang='lat' dir='ltr'><strong>Mareotici</strong></span> <span class='ocrx_word' id='word_1_844' title='bbox 1758 2584 1802 2616; x_wconf 89' lang='lat' dir='ltr'><strong>qui</strong></span> <span class='ocrx_word' id='word_1_845' title='bbox 1825 2591 1876 2610; x_wconf 86' lang='lat' dir='ltr'><strong>tto-</strong></span> 
     </span>
    </p>
   </div>
   <div class='ocr_carea' id='block_1_117' title="bbox 1099 2618 1876 2652">
    <p class='ocr_par' dir='ltr' id='par_1_117' title="bbox 1099 2618 1876 2652">
     <span class='ocr_line' id='line_1_117' title="bbox 1099 2618 1876 2652; baseline 0.001 -9"><span class='ocrx_word' id='word_1_846' title='bbox 1099 2620 1248 2645; x_wconf 78' lang='lat' dir='ltr'><strong>vemdecim</strong></span> <span class='ocrx_word' id='word_1_847' title='bbox 1269 2623 1446 2645; x_wconf 86' lang='lat' dir='ltr'><strong>numerantur</strong></span> <span class='ocrx_word' id='word_1_848' title='bbox 1461 2618 1486 2644; x_wconf 83' lang='lat' dir='ltr'><strong>iit</strong></span> <span class='ocrx_word' id='word_1_849' title='bbox 1502 2618 1745 2651; x_wconf 78' lang='lat' dir='ltr'><strong>subscriptionibus</strong></span> <span class='ocrx_word' id='word_1_850' title='bbox 1756 2618 1876 2652; x_wconf 74' lang='lat' dir='ltr'><strong>epistola:</strong></span> 
     </span>
    </p>
   </div>
   <div class='ocr_carea' id='block_1_118' title="bbox 1099 2653 1876 2687">
    <p class='ocr_par' dir='ltr' id='par_1_118' title="bbox 1099 2653 1876 2687">
     <span class='ocr_line' id='line_1_118' title="bbox 1099 2653 1876 2687; baseline -0.001 -8"><span class='ocrx_word' id='word_1_851' title='bbox 1099 2653 1255 2684; x_wconf 78' lang='lat' dir='ltr'><strong>Alexandri,</strong></span> <span class='ocrx_word' id='word_1_852' title='bbox 1269 2654 1360 2680; x_wconf 87' lang='lat' dir='ltr'><strong>decem</strong></span> <span class='ocrx_word' id='word_1_853' title='bbox 1380 2653 1512 2679; x_wconf 85' lang='lat' dir='ltr'><strong>maximos</strong></span> <span class='ocrx_word' id='word_1_854' title='bbox 1529 2660 1621 2687; x_wconf 77' lang='lat' dir='ltr'><strong>pagos,</strong></span> <span class='ocrx_word' id='word_1_855' title='bbox 1644 2653 1698 2678; x_wconf 88' lang='lat' dir='ltr'><strong>imo</strong></span> <span class='ocrx_word' id='word_1_856' title='bbox 1715 2654 1804 2686; x_wconf 84' lang='lat' dir='ltr'><strong>plures</strong></span> <span class='ocrx_word' id='word_1_857' title='bbox 1823 2653 1876 2679; x_wconf 89' lang='lat' dir='ltr'><strong>siu-</strong></span> 
     </span>
    </p>
   </div>
   <div class='ocr_carea' id='block_1_119' title="bbox 1099 2687 1876 2722">
    <p class='ocr_par' dir='ltr' id='par_1_119' title="bbox 1099 2687 1876 2722">
     <span class='ocr_line' id='line_1_119' title="bbox 1099 2687 1876 2722; baseline 0.003 -9"><span class='ocrx_word' id='word_1_858' title='bbox 1099 2688 1151 2722; x_wconf 70' lang='lat' dir='ltr'><strong>guli</strong></span> <span class='ocrx_word' id='word_1_859' title='bbox 1178 2688 1407 2715; x_wconf 80' lang='lat' dir='ltr'><strong>administrandas</strong></span> <span class='ocrx_word' id='word_1_860' title='bbox 1432 2688 1600 2714; x_wconf 85' lang='lat' dir='ltr'><strong>habuissent.</strong></span> <span class='ocrx_word' id='word_1_861' title='bbox 1629 2687 1788 2714; x_wconf 66' lang='lat' dir='ltr'><strong>Ptolemaeus</strong></span> <span class='ocrx_word' id='word_1_862' title='bbox 1813 2693 1876 2715; x_wconf 89' lang='lat' dir='ltr'><strong>octo</strong></span> 
     </span>
    </p>
   </div>
   <div class='ocr_carea' id='block_1_120' title="bbox 1095 2723 1478 2757">
    <p class='ocr_par' dir='ltr' id='par_1_120' title="bbox 1095 2723 1478 2757">
     <span class='ocr_line' id='line_1_120' title="bbox 1095 2723 1478 2757; baseline -0.003 -8"><span class='ocrx_word' id='word_1_863' title='bbox 1095 2723 1175 2749; x_wconf 85' lang='lat' dir='ltr'><strong>urbes</strong></span> <span class='ocrx_word' id='word_1_864' title='bbox 1187 2729 1234 2749; x_wconf 83' lang='lat' dir='ltr'><strong>aut</strong></span> <span class='ocrx_word' id='word_1_865' title='bbox 1251 2730 1332 2757; x_wconf 64' lang='lat' dir='ltr'><strong>pauos</strong></span> <span class='ocrx_word' id='word_1_866' title='bbox 1347 2728 1478 2749; x_wconf 78' lang='lat' dir='ltr'><strong>recenset.</strong></span> 
     </span>
    </p>
   </div>
   <div class='ocr_carea' id='block_1_121' title="bbox 1129 2755 1875 2793">
    <p class='ocr_par' dir='ltr' id='par_1_121' title="bbox 1129 2755 1875 2793">
     <span class='ocr_line' id='line_1_121' title="bbox 1129 2755 1875 2793; baseline -0.001 -9"><span class='ocrx_word' id='word_1_867' title='bbox 1129 2758 1184 2790; x_wconf 80' lang='lat'><strong>(86)</strong></span> <span class='ocrx_word' id='word_1_868' title='bbox 1203 2755 1337 2793; x_wconf 43' lang='lat' dir='ltr'><strong>Sic-Reg.</strong></span> <span class='ocrx_word' id='word_1_869' title='bbox 1352 2756 1434 2793; x_wconf 81' lang='lat' dir='ltr'><strong>Editi,</strong></span> <span class='ocrx_word' id='word_1_870' title='bbox 1459 2756 1535 2793; x_wconf 73' lang='grc' dir='ltr'>παρὰ</span> <span class='ocrx_word' id='word_1_871' title='bbox 1561 2756 1617 2793; x_wconf 84' lang='grc' dir='ltr'>τῶν</span> <span class='ocrx_word' id='word_1_872' title='bbox 1644 2756 1763 2783; x_wconf 83' lang='grc' dir='ltr'>πάντων.</span> <span class='ocrx_word' id='word_1_873' title='bbox 1791 2755 1875 2787; x_wconf 76' lang='lat' dir='ltr'><strong>Paulo</strong></span> 
     </span>
    </p>
   </div>
   <div class='ocr_carea' id='block_1_122' title="bbox 1093 2791 1875 2827">
    <p class='ocr_par' dir='ltr' id='par_1_122' title="bbox 1093 2791 1875 2827">
     <span class='ocr_line' id='line_1_122' title="bbox 1093 2791 1875 2827; baseline -0.005 -8"><span class='ocrx_word' id='word_1_874' title='bbox 1093 2799 1153 2827; x_wconf 85' lang='lat' dir='ltr'><strong>post</strong></span> <span class='ocrx_word' id='word_1_875' title='bbox 1175 2793 1238 2819; x_wconf 89' lang='lat' dir='ltr'><strong>editi</strong></span> <span class='ocrx_word' id='word_1_876' title='bbox 1262 2791 1406 2827; x_wconf 83' lang='grc' dir='ltr'>Κολλούθῳ</span> <span class='ocrx_word' id='word_1_877' title='bbox 1425 2791 1553 2820; x_wconf 81' lang='lat' dir='ltr'><strong>mendose</strong></span> <span class='ocrx_word' id='word_1_878' title='bbox 1577 2792 1693 2823; x_wconf 82' lang='lat' dir='ltr'><strong>habent,</strong></span> <span class='ocrx_word' id='word_1_879' title='bbox 1716 2792 1760 2819; x_wconf 88' lang='lat' dir='ltr'><strong>ubi</strong></span> <span class='ocrx_word' id='word_1_880' title='bbox 1780 2800 1875 2819; x_wconf 58' lang='lat' dir='ltr'><strong>oni-ms</strong></span> 
     </span>
    </p>
   </div>
   <div class='ocr_carea' id='block_1_123' title="bbox 1093 2826 1872 2889">
    <p class='ocr_par' dir='ltr' id='par_1_123' title="bbox 1093 2826 1872 2889">
     <span class='ocr_line' id='line_1_123' title="bbox 1093 2826 1872 2889; baseline 0.001 -35"><span class='ocrx_word' id='word_1_881' title='bbox 1093 2826 1158 2889; x_wconf 53' lang='lat' dir='ltr'><strong>uss.</strong></span> <span class='ocrx_word' id='word_1_882' title='bbox 1180 2827 1325 2863; x_wconf 83' lang='grc' dir='ltr'>καθολικῴ.</span> <span class='ocrx_word' id='word_1_883' title='bbox 1351 2827 1388 2855; x_wconf 86' lang='lat' dir='ltr'><strong>De</strong></span> <span class='ocrx_word' id='word_1_884' title='bbox 1411 2827 1536 2855; x_wconf 86' lang='lat' dir='ltr'><strong>catholici</strong></span> <span class='ocrx_word' id='word_1_885' title='bbox 1570 2826 1658 2855; x_wconf 85' lang='lat' dir='ltr'><strong>olllcio</strong></span> <span class='ocrx_word' id='word_1_886' title='bbox 1676 2834 1770 2860; x_wconf 79' lang='lat' dir='ltr'><strong>supra,</strong></span> <span class='ocrx_word' id='word_1_887' title='bbox 1797 2835 1872 2855; x_wconf 85' lang='lat' dir='ltr'><strong>nunt.</strong></span> 
     </span>
    </p>
   </div>
  </div>
