2031 3048
142 169 189 196 ul
702 170 874 200 APOLOGIA
894 171 1036 201 CONTRA
1058 173 1220 203 ARIANOS.

1712 183 1766 210 402

141 226 180 262 τῷ
213 225 349 261 καθολικῷ
369 225 476 260 (πάντα
497 226 552 262 γὰρ
572 226 666 259 αὐτοῖς
687 226 814 261 ἔξεστιν),
834 228 932 264 ἐκκλη-

988 235 1115 265 quentem
1144 231 1271 266 populum
1297 231 1415 266 habere,
1441 233 1496 262 imo
1519 236 1595 270 quasi
1611 244 1705 264 canem
1731 238 1766 265 ἢ

142 272 202 299 σίαν
230 271 304 307 αὐτῷ
321 271 457 306 γενέσθαι,
481 272 536 304 ἴνα,
559 272 659 308 ταύτην
677 273 756 308 ἔχων,
773 273 928 306 ἀξιόπιστος

142 319 271 354 φαίνηται
294 318 359 354 περὶ
376 318 508 354 ποτηρίου
534 319 582 346 καὶ
602 319 741 355 τραπέζης
755 319 852 354 λέγων.
873 319 928 346 Καὶ

141 365 195 400 γὰρ
212 363 292 395 εὐθὺς
309 363 489 399 πεποιήκασιν
506 363 587 390 αὑτὸν
607 363 788 399 ὀνομασθῆναι
805 364 853 390 καὶ
868 364 928 391 ὲπί-

142 417 252 440 σκοπον,
269 408 372 443 ἐπειδὴ,
387 408 423 444 μὴ
437 408 506 444 ἔχων
526 409 683 444 ἐκκλησίαν,
703 409 769 444 μηδὲ
777 409 928 445 πρεσϐύτε-

141 463 188 490 ρος
202 454 268 486 ὅλως
279 453 327 486 ὢν,
344 454 479 482 ἐδείκνυτο
491 455 670 490 συκοφάντης,
687 455 734 482 καὶ
749 455 836 482 πάντα
848 455 929 482 πλατ-

140 499 264 535 τόμενος.
286 499 392 535 Ἀμέλει
419 500 456 535 μὴ
475 499 544 535 έχων
558 499 648 533 λαοὺς,
670 501 737 536 μηδὲ
760 501 822 532 τοὺς
847 500 928 533 ἰδίους

141 546 319 581 πειθομένους
343 545 428 581 αὐτῷ,
445 545 539 579 ὥσπερ
555 546 632 573 κενὸν
647 546 703 581 (87)
722 547 752 573 τὸ
768 546 863 582 δνομα,
879 546 926 573 οὖ-

143 602 197 625 τως
217 593 264 620 καὶ
284 592 334 629 τὴν
351 592 493 628 ἐπιστολὴν
512 592 651 628 ἄφρακτον
672 593 792 628 κατέχει,
819 593 927 629 ἔλεγχον

142 637 194 672 τῆς
214 638 393 673 παμπονήρου
418 637 602 673 προαιρέσεως
620 637 702 664 αὐτοῦ
727 638 842 664 καὶτῶν
863 639 928 674 περὶ

143 683 271 710 Εὐσέϐιον
285 682 504 718 ἐπιδεικνύμενος
514 682 624 718 ταύτην·

980 277 1107 305 omnibus
1129 278 1225 312 expelli
1241 288 1247 306 :
1262 279 1346 307 nihilo
1376 284 1466 307 tamen
1493 281 1583 309 minus
1608 283 1764 318 imperatori

980 329 1105 352 auctores
1116 323 1199 355 l‘uere,
1215 329 1244 352 ut
1255 325 1352 352 litteris
1367 326 1400 353 ad
1423 327 1587 354 catholicum
1601 329 1691 356 missis
1700 329 1765 364 (illis

979 370 1076 405 quippe
1103 370 1195 397 omnia
1225 370 1450 405 licent),juberet
1473 372 1617 400 ecclesiam
1650 373 1766 408 Iscltyne

979 415 1125 449 aediﬁcari;
1141 421 1172 443 nt
1188 425 1218 443 ea
1242 418 1353 452 potitus,
1372 417 1424 444 [ide
1438 417 1533 452 dignus
1546 419 1692 446 haberetur
1703 427 1764 447 cum

981 462 1015 489 de
1031 462 1114 489 calice
1129 468 1156 489 et
1175 462 1207 489 de
1220 471 1310 490 mensa
1320 463 1403 490 ferret
1418 464 1610 490 testimonium.
1625 465 1765 499 Siquidem

983 507 1044 534 ideo
1070 507 1206 534 hominem
1223 508 1427 543 quamprimum
1450 509 1605 544 episcopum
1629 510 1765 537 nominari

981 556 1125 584 curarunt,
1143 552 1224 587 quod,
1240 553 1302 587 quia
1321 553 1464 580 ecclesiam
1483 562 1535 581 non
1554 555 1689 587 habebat,
1716 563 1766 583 nec

980 598 1125 633 presbyter
1150 603 1228 631 erat,
1252 599 1312 626 ideo
1337 599 1502 635 sycophanta
1527 607 1597 633 esse,
1621 608 1653 628 ac
1675 602 1766 628 omnia

981 642 1145 670 conﬁnxisse
1175 644 1432 678 deprehenderetur.
1467 644 1539 673 Sane
1567 653 1627 673 cum
1651 647 1766 682 populus

982 689 1083 722 nullus,
1107 697 1138 716 ac
1158 697 1192 717 ne
1206 690 1314 724 quidem
1336 691 1478 726 propinqui
1491 691 1552 726 ejus
1565 692 1616 725 ipsi
1632 697 1765 727 pareant;

143 735 173 758 ιιι
196 738 308 759 vacuum
334 738 443 762 nomen,
468 731 505 758 ita
526 731 688 759 inefﬁcacem
700 730 769 766 (87')
788 736 878 759 servat
901 733 1042 767 epistolam
1066 744 1174 772 :quam
1200 737 1226 765 in
1237 738 1429 774 {argumentum
1456 738 1585 766 teterrimi
1611 739 1653 766 sui
1680 738 1765 767 Euse-

142 776 337 812 bianorumque
349 777 479 811 propositi
501 777 621 811 exhibet,
635 778 677 805 his
693 779 855 813 descriptam
867 780 971 807 verbis:

282 825 469 852 ΕΠΙΣΤΟΛΗ
483 826 547 852 ΤοΓ
561 826 748 853 ΚΛΘΟΛΙΚΟ
755 827 784 853 Υ.

194 871 324 903 Φλαὺτος
349 870 479 905 Ἠμέριος
491 871 629 914 ἐξάκτορι
646 871 702 908 (88)
717 872 875 908 Μαρεώτου

474 915 598 941 χαίρειν.

182 951 293 986 Ἰσχύρα
311 951 358 978 τοῦ
373 952 557 988 πρεσὸυτέρου
575 953 716 988 δεηθέντος
728 954 778 990 τῆς
790 954 928 986 εὐσεϐείας

141 995 195 1024 τῶν
213 997 351 1024 δεσποτῶν
369 997 447 1033 ἡμῶν
464 999 601 1025 σεϐαστῶν
617 999 663 1026 καὶ
679 1000 825 1036 Καισάρων
841 1002 870 1027 ἐν
886 1002 930 1028 τό-

142 1051 185 1077 πῳ
196 1042 316 1079 Εἰρήνης
330 1044 546 1080 Σεκονταρούρου
573 1046 816 1083 ἀνοικώομηθῆναι
834 1049 930 1083 ὲκκλη-

143 1089 220 1122 σίαν,
248 1090 411 1125 προσέταξεν
437 1091 454 1127 ἡ
474 1090 580 1128 θειότης
605 1092 694 1119 αὐτῶν
713 1090 730 1130 ᾖ
746 1094 828 1129 τάχος
851 1094 930 1122 τοῦτο

141 1136 307 1172 πραχθῆναι.
322 1137 467 1172 Φρόντισον
478 1138 568 1165 τοίνυν
579 1139 738 1175 προστυχὼν
750 1140 843 1176 καὶτῷ
856 1141 930 1167 ἀντι-

140 1180 219 1216 τύπῳ
246 1181 293 1208 τοῦ
321 1182 393 1209 θείου
417 1183 591 1219 γράμματος,
617 1184 632 1211 ὅ
661 1186 731 1220 μετά
758 1185 805 1212 τοῦ
829 1186 928 1213 οἰκείου

143 1226 314 1262 σεδάσματος
341 1228 534 1264 προτέτακται,
564 1231 612 1257 καὶ
633 1232 689 1263 τοῖς
703 1231 864 1268 πραχθεῖσιν
882 1232 929 1258 ἐπὶ

141 1272 190 1307 τῆς
212 1273 283 1308 ἐμῆς
300 1274 492 1307 καθοσιώσεως
513 1276 716 1311 ὑπομνήμασιν,
735 1278 764 1304 ὲν
780 1278 858 1313 τάχει
880 1277 929 1313 τὴν

143 1317 252 1352 σύνοψιν
276 1319 469 1355 ποιησάμενος,
484 1321 524 1352 εἰς
544 1322 593 1356 τὴν
606 1321 681 1354 τάξιν
695 1323 849 1358 ἀνενεγκεῖν
861 1324 928 1359 (89),

143 1363 186 1390 ἴνα
199 1364 232 1391 τὰ
244 1364 361 1397 θειωδῶς
379 1366 581 1402 προσταχθέντα
598 1369 646 1396 ἐπὶ
661 1369 747 1404 πέρας
758 1370 873 1405 ἀχθῆναι
887 1370 929 1397 δυ-

142 1408 222 1445 νηθῇ.

177 1456 221 1484 86.
243 1457 356 1485 Ἐκεῖνοι
374 1459 422 1494 μὲν
438 1457 484 1489 οὖν
497 1460 582 1494 οὕτως
597 1461 724 1498 ὲτύρευον
737 1462 805 1499 (90),
817 1463 865 1489 καὶ
878 1462 929 1495 τὰς

1169 831 1351 860 EPISTULA
1371 831 1583 861 CATHOLICI.

1035 887 1143 916 Flavius
1163 889 1302 918 Hemerius
1316 891 1432 918 emaciari
1442 889 1576 921 ,Μαι-εοεαε
1591 890 1711 917 salutem.

1017 955 1126 992 lschyra
1149 957 1307 992 presbytero
1329 957 1456 992 pietatem
1472 958 1642 985 dominorum
1660 961 1767 985 nostro-

983 1010 1040 1028 .rnm
1057 1002 1238 1036 Augustorum
1255 1010 1286 1030 ac
1305 1003 1444 1031 Casarum
1461 1010 1588 1039 rogante,
1607 1003 1658 1031 sibi
1670 1003 1696 1030 in
1709 1003 1767 1030 loco

982 1047 1059 1076 Pacis
1073 1048 1248 1076 Secontaruri
1263 1049 1383 1077 c0nstrui
1395 1050 1537 1077 ecclesiam
1550 1069 1558 1081 ,
1570 1049 1652 1084 jussit
1673 1056 1767 1076 eorum

981 1094 1110 1121 divinitas
1123 1099 1152 1121 ut
1168 1094 1194 1121 id
1203 1094 1404 1129 quamprimum
1417 1094 1559 1122 eiliciatur.
1577 1093 1678 1121 Curato
1687 1093 1765 1127 igitut

982 1146 1012 1169 ut
1031 1141 1171 1177 exemplar
1187 1146 1283 1169 nactus
1301 1141 1383 1168 divini
1410 1140 1564 1175 diplomatis
1577 1160 1585 1174 ,
1612 1140 1684 1175 quod
1705 1146 1766 1167 cum

982 1188 1072 1215 debita
1087 1187 1266 1215 veneratione
1283 1187 1375 1222 priore
1393 1186 1451 1214 loco
1468 1187 1584 1222 positum
1599 1191 1650 1217 est,
1663 1192 1766 1213 necnon

970 1239 1155 1272 monumenta
1163 1241 1252 1261 coram
1269 1241 1329 1261 mea
1344 1234 1486 1261 sanctitate
1499 1232 1580 1264 edita.
1595 1239 1626 1259 ea
1644 1232 1698 1259 cito
1708 1230 1768 1266 (θι)

983 1280 1009 1307 in
1036 1280 1225 1315 compendium
1255 1279 1338 1307 relata
1371 1279 1397 1307 in
1423 1278 1646 1306 commentarium
1684 1284 1765 1312 repo-

983 1333 1047 1358 nas;
1061 1330 1090 1352 ut
1103 1333 1162 1360 quae
1181 1325 1310 1352 divinitus
1324 1324 1401 1360 jussa
1421 1329 1495 1357 sunt,
1511 1323 1544 1351 ad
1556 1322 1659 1350 exitum
1672 1322 1767 1350 deduci

982 1376 1095 1407 queant.

1019 1460 1099 1495 159
1113 1460 1158 1489 86.
1184 1460 1246 1488 Ha‘c
1266 1461 1347 1495 igitur
1369 1460 1406 1487 illi
1429 1458 1765 1490 machinabantur.tales—-

144 1503 279 1535 πακευάς
292 1504 432 1532 ἔπλαττον·
459 1507 537 1542 ἡμεῖς
554 1508 582 1535 δὲ
605 1508 762 1540 ἀνελθόντες
788 1508 927 1545 ἐδείξαμεν

983 1515 1031 1543 que
1063 1507 1213 1534 conﬂabant
1250 1507 1472 1540 conspirationes.
1502 1505 1555 1532 Nos
1592 1511 1681 1532 autem
1715 1504 1768 1531 im-

144 1547 249 1583 βασιλεί
261 1549 310 1581 τὰς
324 1550 429 1583 ἀδικίας
442 1551 496 1579 τῶν
513 1553 577 1588 περὶ
587 1553 726 1585 Εὑσέϐιον,
744 1554 806 1581 ἐπεὶ
816 1554 863 1581 καὶ
879 1555 930 1581 αύ-

143 1594 188 1626 τός
200 1592 234 1630 ἦν
247 1595 262 1621 ό
277 1595 326 1632 τὴν
353 1597 460 1624 σύνοδον
475 1598 600 1632 γενέσθαι
625 1600 766 1632 κελεύσας,
782 1601 828 1628 καὶ
843 1601 931 1637 κόμης

144 1640 227 1667 αὑτοῦ
244 1642 390 1678 καθηγεῖτο
400 1643 511 1680 ταύτης.
521 1645 638 1677 Ἐκεῖνος
651 1645 740 1673 τοίνυν
757 1647 876 1679 ἀκούσας
884 1648 931 1674 καὶ

144 1686 276 1723 κινηθεὶς,
294 1688 397 1724 ἔγραψε
411 1689 505 1716 ταῦτα·

268 1775 323 1812 (91)
342 1778 505 1806 ΝΙΚΗΊἩΣ
529 1780 808 1808 ΚΩΝΣΤΑΝΤῙΝΟΣ

145 1819 294 1860 Μέγιστος
317 1824 467 1860 Σεϐαστὸς
488 1824 549 1857 τοῖς
568 1825 602 1852 ἐν
629 1826 708 1860 Τύρῳ
726 1828 932 1856 συνελθοῦσιν

189 1859 196 1866 ’
424 1859 612 1893 ἐπισκόποις.

186 1904 256 1940 Ἐγὼ
281 1905 330 1941 μὲν
349 1906 438 1940 ἀγνοῶ
455 1907 516 1934 τίνα
541 1908 599 1934 ἐστὶ
612 1907 646 1935 τὰ
666 1909 717 1936 ὑπὸ
730 1909 780 1944 τῆς
797 1910 932 1945 ὑμετέρας

146 1952 255 1979 συνόδου
273 1953 342 1988 μετά
358 1953 472 1989 θορύϐου
499 1954 545 1981 καὶ
558 1954 691 1990 χειμῶνος
704 1956 840 1991 κριθέντα·
860 1956 933 1983 δοκεῖ

145 1998 174 2025 δέ
191 2007 249 2030 πως
265 1999 317 2026 ὑπό
327 2008 398 2032 τινος
411 2000 523 2033 ἀταξίας
546 2001 717 2037 ταραχώδους
732 2003 748 2038 ὴ
763 2003 875 2038 ἀλήθεια
895 2003 934 2029 δι-

146 2044 306 2080 εστράφθαι,
333 2045 410 2081 ὑμῶν
426 2046 524 2082 δηλαδὴ
540 2046 584 2074 διὰ
598 2047 646 2082 τὴν
662 2047 729 2082 πρὸς
744 2048 808 2080 τοὺς
821 2047 933 2082 πλησίον

146 2089 312 2125 ἑρεσχελίαν,
330 2090 362 2126 ἣν
378 2091 510 2126 ἀήττητον
536 2089 604 2117 εἶναι
622 2091 758 2126 βούλεσθε,
774 2092 808 2119 τὰ
822 2092 862 2127 τῷ
874 2092 933 2128 Θεῷ

145 2135 296 2170 ἀρέσκοντα
313 2135 349 2172 μὴ
359 2136 541 2171 συνορώντων.
556 2136 623 2163 Ἀλλ’
636 2136 711 2163 ἔσται
726 2137 775 2172 τῆς
786 2137 859 2169 θείας
868 2146 934 2173 προ-

984 1558 1136 1588 peratorem
1160 1552 1306 1584 adeuntes,
1332 1551 1443 1587 injurias
1474 1552 1509 1578 ab
1542 1550 1703 1578 Eusebianis
1735 1550 1767 1577 il-

984 1600 1053 1627 latas
1089 1599 1138 1634 ipsi
1173 1597 1386 1625 rennntiavimus
1404 1618 1412 1630 ,
1442 1601 1535 1631 utpote
1563 1598 1607 1631 qui
1636 1596 1768 1631 synodum

985 1645 1044 1679 cogi
1063 1644 1189 1679 iussisset
1201 1665 1208 1676 ,
1223 1645 1266 1671 cui
1288 1643 1449 1679 praesidebat
1469 1642 1528 1676 ejus
1547 1650 1650 1670 comes.
1667 1642 1701 1668 lis
1719 1648 1769 1667 an-

985 1691 1050 1717 ditis
1077 1689 1122 1717 ille
1137 1709 1146 1722 ,
1170 1689 1288 1724 graviter
1308 1692 1478 1721 commotus,
1496 1687 1546 1714 has
1565 1687 1676 1722 scripsit
1691 1686 1770 1713 litte—

985 1743 1047 1763 ras.
1159 1779 1292 1808 VICTOR
1313 1777 1602 1807 CONSTANTINUS

1061 1827 1197 1855 Maximus
1222 1826 1352 1862 Augustus
1377 1826 1505 1860 episcopis
1528 1825 1572 1859 qui
1600 1823 1700 1859 Tyrum

1301 1869 1451 1888 convenere.

1021 1909 1151 1943 Equidem
1173 1908 1266 1942 ignoro
1291 1914 1413 1942 quaenam
1433 1906 1487 1933 sint
1514 1913 1528 1932 a
1554 1909 1642 1932 vestra
1666 1904 1770 1939 synodo

989 1955 1159 1982 turbulenter
1177 1962 1208 1981 ac
1224 1952 1540 1987 tumultuosejndicata:
1556 1952 1658 1978 veritas
1672 1950 1771 1985 quippe

987 2001 1100 2029 tumultu
1116 2008 1149 2028 ac
1170 2000 1328 2028 cenl'usione
1353 2000 1471 2035 quadam
1498 2005 1627 2034 oppressa
1650 1997 1770 2028 videtur,

985 2048 1062 2076 vobis
1079 2048 1185 2075 scilicet
1201 2047 1235 2074 ob
1251 2052 1370 2073 mutuam
1386 2046 1587 2073 contentionem
1603 2064 1610 2076 ,
1626 2050 1707 2078 quant
1729 2042 1772 2069 in-

986 2095 1086 2122 victam
1099 2093 1196 2123 vultis.
1213 2100 1274 2128 qua:
1290 2093 1343 2120 Deo
1360 2091 1469 2126 placent
1494 2090 1605 2117 minime
1629 2087 1773 2123 speclanti-

987 2139 1046 2167 bus.
1062 2139 1116 2167 Sed
1131 2140 1182 2167 erit
1200 2139 1262 2166 illud
1283 2138 1380 2170 divina;
1395 2137 1572 2173 providentia:
1585 2143 1662 2171 opus.
1680 2133 1773 2161 istius-

147 2181 221 2212 νοίας
235 2180 315 2216 ἔργον
330 2181 377 2208 καὶ
390 2181 424 2208 τά
439 2181 488 2216 τῆς
502 2180 665 2215 φιλονεικίας
678 2181 780 2217 ταύτης
795 2182 868 2209 κακά
883 2190 932 2216 φα-

988 2186 1059 2213 modi
1090 2185 1232 2213 discordiae
1248 2184 1318 2212 mala
1341 2183 1485 2211 manifesto
1501 2182 1669 2218 deprehensa
1685 2179 1769 2207 dissi-

147 2227 232 2263 νερῶς
256 2227 353 2253 ἁλόντα
366 2226 551 2258 διασκεδάσαι,
568 2227 615 2254 καὶ
633 2228 696 2263 ἡμῖν
712 2228 859 2264 διαρρήδην
873 2229 933 2255 ἐπι-

146 2273 240 2306 δεῖξαι,
265 2273 293 2299 εί
318 2282 380 2301 τινα
410 2273 461 2308 τῆς
489 2273 616 2309 ἀληθείας
640 2274 734 2301 αὐτόθι
762 2274 934 2304 συνελθόντες

147 2320 310 2356 ἐποιήσασθε
321 2320 457 2356 φροντίδα,
468 2321 514 2347 καὶ
527 2321 551 2347 εἰ
565 2320 599 2347 τὰ
611 2320 760 2356 κεκριμένα
773 2321 855 2356 χωρίς
863 2330 936 2353 τινος

147 2366 257 2401 χάριτος
263 2366 308 2393 καὶ
313 2365 459 2401 ἀπεχθείας
465 2366 599 2400 ἐκρίνατε.
608 2366 757 2401 Τοιγαροῦν
763 2367 845 2401 ὴπειγ
849 2367 936 2402 μένως

147 2412 250 2444 πάντας
267 2413 338 2448 ὑμᾶς
349 2413 416 2449 πρὸς
425 2412 474 2448 τὴν
490 2411 559 2448 ἐμὴν
574 2413 709 2439 συνελθεῖν
727 2412 783 2447 (92)
797 2413 936 2440 εὐσέϐειαν

150 2457 287 2494 βούλομαι,
306 2459 349 2485 ῐνα
364 2458 412 2494 τὴν
429 2458 482 2485 τῶν
507 2459 707 2494 πεπραγμένων
720 2459 784 2495 ὑμῖν
795 2460 937 2496 ἀκρίὸειαν

148 2503 181 2529 δι’
199 2503 274 2539 ὑμῶν
290 2504 380 2530 αὐτῶν
398 2504 452 2539 (95)
476 2505 682 2540 παραστήσητε.
704 2505 780 2537 Τίνος
793 2505 821 2532 δὲ
844 2506 937 2533 ἕνεκεν

147 2549 233 2575 ταῦτα
249 2549 352 2584 γράψαι
365 2549 434 2584 πρὸς
449 2550 520 2584 ὑμᾶς
535 2550 691 2583 ἐδικαίωσα,
708 2551 754 2577 καὶ
778 2552 849 2587 ὑμᾶς
868 2552 935 2588 πρὸς

184 2625 239 2659 (87)
261 2626 338 2661 Reg.,
351 2626 454 2653 καινόν.

183 2661 536 2698 (81ftLegeritiinterpres,
554 2663 706 2698 ἄπρακτον.
722 2664 801 2690 Enrr.
817 2662 937 2691 Paruoa.

187 2696 291 2734 (_88)lta_
304 2697 367 2734 Reg.
377 2697 458 2734 Basil.
470 2705 543 2734 vero,
553 2696 666 2734 Φλαύῑος
681 2698 794 2733 Ἱμέριος
804 2699 937 2734 ὲξάκτωρ,

149 2731 229 2759 male.
240 2732 292 2769 sed
303 2731 377 2769 pejus
385 2732 580 2769 etlitiLtPlad‘io;
592 2733 696 2769 ἱμέριος
703 2731 818 2769 ἔξαρχος
826 2731 938 2769 Μαρεώ-

148 2775 206 2798 του,
218 2767 318 2794 omisso
329 2767 443 2803 χαίρειν.
451 2767 489 2794 Ex
498 2775 582 2803 supra
594 2767 670 2794 dictis
681 2767 923 2803 enim'constat'cpi

149 2802 245 2830 stolam
260 2810 311 2828 non
323 2810 385 2829 esse
396 2802 503 2829 exarchi
520 2803 577 2829 sive
588 2803 716 2836 praefecti,
734 2806 780 2830 sed
800 2803 934 2830 catholici.

185 2837 243 2870 (89)
264 2837 308 2864 Sic
321 2836 385 2870 Reg.
400 2837 479 2868 Editi.
496 2838 632 2871 ἀνεγκεζν,
647 2838 784 2866 mendose.

187 2872 243 2905 (90)
265 2872 493 2907 Βρεηῗὲτύρευον,
516 2872 706 2905 optime.Edit.
719 2873 861 2906 Commel.,
873 2873 934 2900 ὲθύ-

150 2915 240 2938 μενον.
255 2907 326 2935 Εαιι.
342 2905 437 2940 Paris,
450 2905 590 2939 ἐθήρευον,

986 2238 1050 2266 pare
1063 2250 1071 2263 ,
1097 2231 1228 2266 nobisque
1251 2229 1339 2265 palam
1356 2229 1446 2256 facere
1475 2228 1499 2255 si
1526 2235 1578 2262 qua
1594 2226 1672 2254 vobis
1689 2224 1772 2252 fuerit

986 2277 1041 2305 illic
1054 2277 1224 2312 congregatis
1235 2276 1357 2304 veritatis
1370 2283 1434 2303 cura
1445 2295 1453 2307 ,
1471 2280 1500 2302 et
1516 2275 1538 2301 si
1554 2273 1656 2308 judicia
1681 2276 1772 2298 vestra

987 2322 1053 2349 citra
1069 2323 1185 2357 gratiam
1201 2321 1283 2348 ullam
1293 2321 1332 2348 rel
1345 2320 1436 2347 odium
1450 2320 1502 2346 lata
1514 2318 1624 2346 fuerint.
1639 2316 1773 2350 Quocirca

989 2376 1038 2396 VOS
1050 2375 1144 2396 omnes
1165 2369 1364 2403 quamprimum
1387 2367 1515 2401 pietatem
1542 2371 1660 2392 nostram
1675 2370 1773 2391 εοηιό-

989 2413 1049 2440 nire
1063 2412 1124 2439 volo
1137 2432 1146 2444 ,
1162 2419 1251 2439 rerum
1266 2421 1280 2439 a
1300 2412 1375 2438 vobis
1393 2416 1530 2446 gestarum
1546 2413 1674 2438 accurate
1690 2408 1772 2435 ra'io-

989 2467 1049 2486 nem
1064 2466 1154 2486 coram
1172 2458 1335 2485 reddituros.
1355 2457 1440 2484 Porro
1460 2464 1519 2492 quae
1536 2463 1616 2482 causa
1633 2455 1698 2482 mihi
1713 2454 1772 2481 lue-

989 2506 1025 2532 rit
1039 2506 1095 2532 haec
1119 2505 1152 2532 ad
1167 2512 1215 2532 vos
1235 2504 1382 2536 scribendi.
1395 2511 1495 2538 vosque
1508 2510 1555 2538 per
1567 2502 1674 2529 litteras
1691 2508 1769 2527 meas

987 2551 1155 2584 accersendi.
1168 2559 1200 2579 ex
1218 2552 1395 2587 Sequentibus
1405 2549 1586 2586 cognoscetis.
1604 2546 1771 2584 ingredienti

1028 2629 1085 2664 (91)
1105 2629 1180 2656 Hanc
1202 2628 1342 2663 epistolam
1363 2628 1496 2664 integram
1515 2627 1598 2664 refert
1611 2625 1701 2664 Socr.
1723 2624 1770 2651 lib.

990 2670 1011 2694 t,
1024 2661 1083 2698 cap.
1096 2664 1144 2693 δίς
1162 2661 1270 2691 Sozotn.
1285 2664 1330 2690 lib.
1345 2672 1373 2694 ιι,
1388 2661 1446 2697 cap.
1459 2662 1508 2694 28;
1526 2662 1638 2698 Niceph.
1653 2661 1700 2688 lib.
1713 2668 1772 2692 νιιι,

990 2705 1048 2733 cap.
1059 2697 1114 2731 '50;
1131 2698 1248 2726 Hislon'a
1265 2700 1382 2730 tripart.,
1401 2698 1447 2725 lib.
1459 2706 1499 2727 Ill.
1517 2705 1576 2730 cap.
1589 2697 1615 2724 Ί.

1024 2729 1080 2770 (92)
1102 2729 1191 2770 δοθῇ,
1204 2729 1336 2762 ἀνελθεῖν.
1357 2733 1419 2761 Soz.
1432 2738 1458 2760 et
1472 2729 1584 2768 Niceph.
1602 2731 1701 2770 ἐλθεῖν.
1711 2729 1774 2770 Ερί-

987 2766 1103 2803 phanius
1127 2769 1330 2800 Scholasticus.
1353 2776 1517 2801 concurrere,
1539 2766 1602 2796 cum
1622 2766 1773 2795 Athanasio

986 2812 1093 2833 nempe.
1459 2814 1462 2817 ’

1021 2813 1204 2876 {gf-Sozam.
1220 2839 1266 2866 καί
1279 2839 1322 2874 ἐφ’
1335 2839 1413 2876 ἡμῶν
1430 2838 1530 2866 αὐτῶν.

1020 2874 1076 2910 (9i)
1093 2875 1137 2903 Vel
1149 2876 1320 2910 partiturum.
