2031 3048
255 160 308 188 ιυδ

543 160 572 188 S.
594 159 781 188 ATHANASII
800 158 875 188 OPP.
896 159 987 187 PARS
1005 159 1026 186 l.
1045 173 1079 180 —
1097 157 1281 187 HISTOBICA
1299 157 1343 186 ET
1361 156 1569 186 DOGMATICA.

1820 156 1876 185 ιω

256 223 322 250 mihi
342 221 530 253 cognominem
552 229 584 249 ac
608 221 791 248 felicissimam
815 220 930 255 patriam
954 227 1040 247 meam

1094 220 1210 256 ἐμαυτὸν
1224 219 1268 246 διὰ
1279 219 1326 246 τοῦ
1340 219 1501 255 γράμματος
1517 218 1601 249 καλῶ,
1618 218 1651 245 ἐκ
1662 217 1716 244 τῶν
1735 218 1878 252 ἑπομένων

255 268 524 303 Constantinopolim,
540 273 569 295 et
579 275 650 302 equo
663 272 718 294 tum
739 267 881 299 insidenti.
892 267 1038 301 derepente

256 315 421 342 Athanasius
444 315 586 349 episcopus
600 313 689 341 media
714 314 741 340 in
760 313 803 340 via
826 321 886 340 cum
902 312 1038 340 nonnullis

257 360 317 387 aliis
329 367 359 388 se
378 359 568 387 comitantibus
591 360 627 387 ita
641 360 841 393 inexspectatus
855 358 974 386 occurrit
987 359 1040 390 .‘ut

257 411 393 440 stuporem
419 406 485 433 mihi
517 406 648 433 attulerit.
665 405 754 433 Testis
777 405 841 432 mihi
859 409 902 432 est
918 403 1038 431 omnium

256 457 394 486 spectator
412 451 482 479 Deus
495 472 502 484 ,
521 459 564 479 me
581 452 670 486 primo
692 456 803 486 aspectu
821 458 875 478 non
898 449 1040 485 agnovisse

257 497 393 526 hominem
409 506 416 524 :
433 498 480 525 sed
497 505 513 525 e
527 499 626 525 nostris
650 497 760 532 quitiam
774 502 802 524 et
816 497 904 523 virum
920 495 982 530 quis
997 503 1040 523 es-

257 549 308 575 set,
324 548 350 571 et
364 545 462 578 quibus
477 543 590 571 affectus
607 548 678 572 esset
693 543 800 578 iniuriis
813 563 822 574 .
844 543 921 570 nobis
947 542 1040 570 scisci-

258 590 387 621 tantibus.
406 595 436 617 ut
458 590 515 617 ﬂeri
530 589 608 622 solet,
627 589 793 617 indicarunt.
818 588 894 616 Tunc
911 589 1040 622 temporis

258 635 338 669 igitur
349 635 483 662 hominem
500 643 552 662 non
579 643 638 662 sum
654 634 794 667 alloeutus,
825 641 873 661 nec
895 633 936 660 vel
961 632 1041 660 mini-

258 687 332 706 mum
350 688 410 706 cum
427 687 462 707 eo
475 687 627 707 sermonem
645 679 706 706 feci.
723 679 846 713 Rogante
873 683 962 705 autem
994 677 1040 705 illo

257 731 287 751 ut
301 724 352 752 sibi
370 732 462 752 aurem
478 724 624 759 praeberem
635 743 643 755 ,
661 731 757 757 meque
769 731 784 750 e
800 730 931 750 converso
946 722 972 749 id
993 722 1041 748 ab-

259 775 357 797 nnente
386 778 418 798 ac
446 770 641 804 propemodttm
659 768 771 803 iubente
792 767 911 795 amoveri
929 768 1016 794 virum
1030 786 1040 798 ,

259 815 362 850 majore
377 823 438 843 cum
460 815 557 842 liducia
581 815 627 842 ille
655 814 722 842 nihil
745 821 774 842 se
802 814 937 849 postulare
961 813 1038 845 dixit,

257 871 338 897 quam
357 867 386 890 ut
396 871 443 891 vos
460 863 514 890 huc
525 863 677 890 concedere
693 862 813 896 iuberem
826 883 833 894 ,
852 870 905 896 quo
920 869 1040 896 praesen-

1087 265 1234 300 γνὼσεσθε.
1270 265 1450 292 Ἐπιϐαινοντί
1482 272 1527 299 μοι
1557 263 1647 290 λοιπὸν
1665 263 1713 298 τῆς
1729 263 1876 298 ἐπωνύμου

1087 313 1166 349 ἡμῶν
1179 313 1226 339 καὶ
1236 311 1446 346 πανευδαίμονος
1456 309 1583 346 πατρίδος
1597 309 1648 344 τῆς
1657 310 1873 339 Κωνσταντινοιλ

1089 359 1192 390 πόλεως
1207 358 1358 393 (συνέϐαινε
1374 356 1428 391 (95)
1443 356 1471 383 δέ
1482 356 1631 392 τηνικαῦτα
1645 356 1687 390 ἐφ’
1703 356 1786 382 ἵππου
1801 356 1874 390 ὀχεῖ-

1090 405 1174 439 σθαι).
1191 405 1319 439 ἐξαίφνης
1337 403 1493 434 Ἀθανάσιος
1505 403 1519 428 ό
1534 402 1681 434 ἐπίσκοπος
1692 402 1721 428 ὲν
1748 401 1818 438 μέσῃ
1839 402 1872 436 τῇ

1089 451 1218 486 λεωφόρῳ
1243 449 1311 485 μετά
1326 449 1426 485 ἐτέρων
1443 449 1532 480 τινῶν,
1552 448 1599 480 οὓς
1614 448 1679 483 περὶ
1692 447 1775 474 αὑτὸν
1789 447 1872 482 εἶχεν.

1089 496 1290 533 ἀπροσδόκητος
1302 495 1388 527 οὕτως
1412 494 1573 530 προσῆλθεν,
1604 494 1642 526 ὡς
1667 494 1713 520 καὶ
1742 493 1873 529 παρέχειν

1090 543 1246 578 ἐκπλήξεως
1261 542 1397 577 ἀφορμήν.
1424 541 1564 577 Μαρτυρεῖ
1586 549 1630 574 μοι
1651 540 1706 576 γὰρ
1728 540 1743 566 ό
1766 540 1874 566 πάντων

1089 589 1186 624 ἔφορος
1195 588 1271 620 Θεὸς,
1281 588 1319 619 ὡς
1331 587 1391 614 οὐδὲ
1399 587 1545 621 ἐπιγνῶναι
1553 587 1643 618 αὑτὸν,
1659 586 1733 617 ὅστις
1741 583 1786 620 ἦν,
1798 584 1872 621 παρά

1089 635 1138 670 τὴν
1152 634 1261 670 πρώτην
1269 634 1330 668 ἂψιν
1340 633 1484 669 ἠδυνήθην,
1497 633 1521 659 εί
1530 633 1566 668 μὴ
1580 632 1634 659 τῶν
1642 633 1658 668 ἡ
1663 632 1782 668 μετέρων
1790 632 1872 664 τινὲς,

1090 681 1138 707 καὶ
1151 680 1224 711 ὅστις
1231 678 1264 715 ἦν
1276 680 1322 706 καὶ
1333 680 1381 714 τὴν
1390 678 1495 706 ἀδικίαν
1509 679 1542 714 ῆν
1557 678 1682 710 πέπονθε,
1693 678 1873 714 διηγήσασθαι

1090 725 1308 761 πυνθανομένοις.
1325 724 1418 760 ὥσπερ
1430 725 1513 756 εἰκὸς,
1526 724 1694 760 ἀπήγγειλαν
1710 725 1784 759 ἡμῖν.
1803 723 1874 758 Ἐγὼ

1092 773 1141 808 μέν
1154 770 1200 799 οὖν
1213 771 1273 798 οὔτε
1288 771 1430 806 διηλέχθην
1441 771 1514 806 αὐτῷ
1526 772 1585 798 κατ’
1600 772 1686 798 ἐκεῖνο
1698 769 1873 806 καιροῦ,οίίπ

1089 817 1198 853 ὁμιλίας
1222 816 1396 852 ἐκοινώνησα.
1417 817 1461 848 Ὠς
1475 817 1504 843 δὲ
1523 817 1626 848 ἐκεῖνος
1647 817 1695 852 μὲν
1709 816 1874 850 ἀκουσθῆναι

1091 861 1177 897 ἠξίου,
1187 861 1242 896 ἐγὼ
1253 862 1281 888 δὲ
1290 861 1479 898 παρῃτούμην,
1491 862 1538 888 καὶ
1548 862 1644 897 μικροῦ
1658 862 1713 888 δεῖν
1726 861 1875 888 ἀπελαύνε-

259 893 330 936 tibus
342 909 419 936 vobis
444 910 477 936 de
490 909 570 936 illatis
595 909 646 936 sibi
670 893 776 942 iniuriis
789 893 880 942 posset
896 893 1037 941 conqueri.

1094 893 1152 936 σόαι
1163 893 1243 935 αὑτὸν
1253 893 1388 940 ἐκέλευον,
1413 893 1481 943 μετά
1499 893 1620 939 πλείονος
1632 908 1788 944 παρρησίας
1798 908 1875 934 οὐδὲν

258 955 334 988 Quod
352 961 413 982 cum
430 954 494 981 mihi
518 962 624 989 arqunm
641 954 810 988 temporique
829 960 975 986 congruum
1000 952 1040 978 vi-

257 1009 318 1029 sum
333 1001 379 1034 sit,
396 1002 453 1028 haec
467 1001 560 1028 libenti
575 1000 665 1026 animo
689 999 722 1026 ad
737 1006 784 1026 vos
797 999 938 1026 scribenda
950 997 1038 1032 iussi;

259 1051 290 1074 ιιι
304 1051 438 1081 quotquot
455 1046 518 1081 Tyri
539 1048 729 1080 congregatam
741 1044 874 1079 synodum
889 1044 1040 1078 composui-

259 1093 319 1125 stis,
333 1100 414 1126 quam
431 1091 589 1118 maturrime
610 1090 643 1117 ad
662 1090 810 1117 exercitum
843 1089 1040 1123 mete‘clemen-

260 1139 304 1165 tia:
319 1137 483 1172 properetis.
498 1136 685 1164 sinceritatem
702 1135 939 1170 integritatemque
947 1134 1040 1168 iudicii

258 1183 344 1210 vestri
360 1191 392 1211 ex
409 1183 537 1217 operibus
561 1182 625 1215 ipsis
650 1181 864 1215 comprobaturi,
880 1188 970 1208 coram
999 1188 1042 1208 me

259 1229 362 1256 scilicet
376 1237 457 1264 quem
472 1229 609 1256 sincerum
636 1228 682 1255 Dei
709 1235 770 1255 esse
787 1226 917 1254 famulum
932 1234 967 1255 ne
993 1235 1042 1255 vos

259 1276 366 1310 quidem
384 1275 434 1309 ipsi
452 1275 556 1302 inﬁcias
575 1275 616 1302 ire
633 1275 756 1309 potestis.
775 1273 809 1300 Et
821 1281 887 1302 sane
903 1281 962 1301 mea
977 1281 1040 1308 erga

260 1322 345 1349 Deum
369 1321 466 1355 religio
489 1329 571 1348 causa
595 1326 637 1348 est
653 1329 701 1348 cur
715 1321 814 1354 ubique
830 1325 964 1348 terrarum
990 1329 1042 1355 pax

260 1367 401 1399 habeatur.
419 1367 484 1402 ipsis
496 1368 577 1394 etiaut
595 1367 720 1394 barbaris
734 1368 779 1401 qni
796 1368 926 1394 hactemts
942 1368 1042 1394 verita-

261 1413 297 1439 tis
322 1413 409 1447 ignari
426 1418 504 1440 erant
520 1419 617 1440 nomen
640 1413 686 1439 Dei
715 1413 822 1440 sincere
845 1412 1040 1440 laudantibus:

260 1457 370 1492 planum
389 1462 431 1485 est
457 1463 546 1485 autem
562 1458 684 1485 veritatis
711 1458 832 1493 ignarum
852 1458 933 1485 etiam
959 1458 1041 1485 Deum

261 1503 393 1536 ignorare.
406 1502 541 1535 Attamen,
557 1503 594 1529 uti
606 1510 685 1537 supra
700 1501 768 1534 dixi,
785 1502 834 1537 ipsi
851 1502 969 1534 barbari,
983 1509 1042 1530 mea

1089 956 1181 990 ἕτερον
1211 954 1299 990 ἑαυτῷ
1329 955 1393 990 παρ’
1410 954 1488 989 ἡμῶν
1503 954 1520 988 ἢ
1545 953 1594 989 τὴν
1619 954 1753 989 ὑμετέραν
1784 953 1876 988 ἄφιξιν

1089 1000 1204 1037 ἠξίωσεν
1231 1001 1360 1036 ὑπάρξαι,
1377 1001 1431 1031 ἵνα,
1449 1000 1525 1035 ὑμῶν
1538 1000 1688 1036 παρόντων,
1707 1000 1725 1027 ἃ
1743 1000 1875 1027 πέπονθεν

1090 1047 1256 1080 ἀναγκαίως,
1280 1045 1462 1081 ἀποδύρασθαι
1482 1044 1594 1080 δυνηθῇ.
1611 1046 1699 1080 Ὅπερ
1714 1045 1767 1080 (96)
1781 1046 1874 1080 ἐπειδὴ

1091 1091 1199 1126 εὔλογον
1211 1090 1279 1118 εἶναι
1294 1100 1338 1127 μοι
1351 1092 1397 1118 καὶ
1411 1093 1466 1122 τοῖς
1479 1092 1584 1126 καιροῖς
1595 1091 1698 1126 πρέπον
1717 1091 1876 1126 κατεφαίνε-

1090 1146 1130 1168 το,
1151 1137 1276 1173 ἀσμένως
1287 1137 1374 1164 ταῦτα
1386 1137 1524 1173 γραφῆναι
1544 1136 1611 1172 πρὸς
1627 1137 1698 1172 ὑμᾶς
1709 1137 1801 1169 ἔταξα,
1832 1138 1875 1164 [va

1091 1184 1191 1215 πάντες
1205 1184 1262 1210 ὅσοι
1271 1183 1320 1212 τὴν
1336 1182 1442 1209 σύνοδον
1456 1183 1505 1217 τὴν
1523 1183 1552 1209 ἐν
1566 1182 1646 1218 Τύρῳ
1669 1183 1817 1218 γενομένην
1830 1184 1877 1210 ἀν-

1091 1230 1268 1265 επληρώσατε
1279 1229 1345 1263 (97).
1353 1229 1437 1255 ἁνυπε
1442 1228 1542 1263 ρθέτως
1551 1229 1591 1260 είς
1600 1228 1630 1254 τδ
1641 1228 1820 1263 στρατόπεδον
1827 1229 1876 1264 τῆς

1092 1275 1162 1310 ἐμῆς
1192 1275 1359 1310 ἡμερότητος
1392 1273 1546 1309 ὲπειχθῆτε,
1581 1275 1638 1305 τοῖς
1666 1274 1756 1310 ἔργοις
1786 1275 1876 1306 αὐτοῖς

1091 1321 1268 1352 ἐπιδείξοντες
1284 1320 1315 1347 τὸ
1330 1321 1379 1356 τῆς
1395 1320 1531 1355 ὑμετέρας
1538 1320 1653 1356 κρίσεως
1667 1320 1785 1356 καθαρόν
1795 1321 1876 1347 τεκαὶ

1091 1366 1277 1401 ἀδιάστροφον·
1292 1366 1334 1393 ἐπ’
1350 1365 1415 1401 ἐμοῦ
1431 1365 1540 1400 δηλαδὴ,
1551 1365 1580 1392 ὃν
1590 1366 1636 1392 τοῦ
1648 1365 1715 1392 Θεοῦ
1733 1364 1800 1392 εἶναι
1812 1367 1877 1401 γνή-

1093 1421 1150 1438 σιον
1167 1412 1320 1447 ϐεράποντα
1336 1411 1389 1438 οὐδ’
1407 1411 1439 1438 ἂν
1454 1411 1532 1446 ὑμεῖς
1547 1411 1718 1446 ἁρνηθείητε.
1728 1411 1877 1446 Τοιγαροῦν

1092 1457 1136 1485 διὰ
1149 1457 1198 1492 τῆς
1210 1458 1279 1492 ἐμῆς
1295 1457 1363 1492 πρὸς
1377 1457 1443 1484 Θεὸν
1456 1457 1581 1492 λατρείας
1600 1457 1634 1484 τὰ
1645 1457 1782 1492 πανταχοῦ
1804 1459 1878 1493 εἰρη-

1093 1503 1211 1535 νεύεται,
1236 1504 1283 1530 καὶ
1307 1503 1362 1530 τῶν
1380 1502 1524 1539 βαρϐάρων
1541 1503 1629 1530 αὐτῶν
1643 1503 1699 1539 (98)
1713 1505 1743 1531 τὸ
1755 1504 1801 1531 τοῦ
1809 1505 1877 1532 Θεοῦ

261 1549 360 1577 sinceri
380 1549 425 1576 Dei
441 1549 532 1575 famuli
558 1555 639 1583 opera
650 1570 658 1582 ,
673 1549 755 1576 Deum
772 1553 938 1582 agnoverunt
951 1557 982 1576 ac
996 1557 1042 1576 co-

1094 1549 1178 1584 δνομα
1202 1550 1319 1585 γνησίως
1332 1549 1534 1585 εὐλογούμενον,
1547 1551 1571 1576 οἳ
1597 1550 1677 1586 μέχρι
1692 1550 1740 1576 νῦν
1753 1550 1800 1586 τὴν
1814 1551 1879 1586 ἁλή-

261 1594 319 1621 lere
332 1594 487 1621 didicerttut
500 1601 508 1620 :
527 1601 606 1627 quem
623 1593 688 1620 mihi
702 1593 801 1627 ubique
815 1598 1042 1629 propugnatorem

261 1647 332 1670 esse.
350 1639 472 1674 meisque
486 1639 565 1666 rebus
582 1639 724 1674 providere
737 1647 832 1673 reapse
841 1644 902 1666 sunt
919 1639 1043 1674 experti:

261 1685 332 1712 unde
351 1685 384 1711 ad
405 1684 451 1711 Dei
466 1685 588 1712 notitiam
602 1685 735 1711 devenere
753 1692 759 1710 :
778 1691 858 1718 quem
878 1684 917 1712 illi
932 1685 1041 1718 quidem

262 1736 334 1759 metu
352 1731 436 1758 nostri
452 1735 627 1762 venerantur,
642 1739 690 1758 nos
714 1735 802 1758 autem
819 1731 864 1765 qui
880 1736 973 1758 sancta
989 1738 1046 1766 my-

262 1777 344 1804 steria
358 1777 509 1805 clementia:
526 1777 583 1811 eius
599 1777 678 1813 160
696 1785 751 1812 prae
769 1778 847 1804 nobis
871 1777 941 1804 ferre
968 1777 1044 1804 vide-

263 1831 333 1852 tnur.
351 1830 519 1858 nequaquam
531 1823 603 1850 enim
626 1824 738 1851 dixerim
759 1823 906 1856 custodire,
926 1830 985 1856 nos,
1004 1823 1044 1850 in-

262 1875 355 1902 quam,
370 1868 435 1895 niltil
453 1869 645 1904 agimusquam
657 1877 716 1903 qua!
728 1869 891 1896 discordiam
899 1869 1045 1903 odiumque

262 1919 396 1947 spectant,
414 1915 478 1948 imo,
494 1920 524 1942 ut
548 1915 668 1950 apertius
684 1915 788 1949 loquar,
813 1923 873 1950 qua:
887 1917 919 1941 ad
934 1915 1045 1942 immani

263 1959 370 1993 generis
388 1961 534 1994 perniciem
546 1967 671 1995 vergunt.
688 1960 786 1988 Verum
798 1981 806 1994 ,
820 1962 859 1988 uti
877 1962 930 1995 iam
945 1961 1045 1989 dictum

263 2010 315 2036 est,
335 2010 467 2032 maturate
484 2011 510 2033 et
522 2007 555 2033 ad
572 2015 622 2033 nos
634 2015 714 2041 quam
728 2007 870 2034 celerrime
881 2013 1045 2042 properate:

264 2056 426 2086 certumque
448 2051 574 2080 habetote
592 2060 634 2079 me
652 2058 708 2080 toto
725 2054 822 2080 virium
849 2058 946 2080 conatu
972 2054 1046 2081 nisu-

264 2104 323 2124 rum
339 2117 346 2128 .
367 2102 397 2123 nt
414 2097 459 2124 illa
486 2098 654 2132 potissimum
672 2098 698 2125 in
715 2099 760 2126 Dei
789 2098 848 2134 lege
861 2099 938 2126 firma
954 2103 980 2126 et
993 2099 1045 2125 im—

265 2147 336 2170 mota
349 2150 504 2176 serventur,
516 2144 614 2178 quibus
632 2151 680 2171 nec
696 2144 857 2178 vituperium
875 2151 924 2170 nec
936 2144 1045 2171 infamia

265 2189 397 2222 qurepiam
416 2189 500 2222 possit
519 2189 669 2216 inhmrcre:
688 2188 824 2222 dissipatis
844 2189 958 2220 scilicet.
971 2189 1047 2223 peni-

266 2238 309 2259 tus
322 2233 474 2268 oppressis,
487 2241 519 2260 ac
531 2233 651 2261 funditus
668 2234 762 2261 deletis
775 2234 842 2269 legis
857 2233 985 2264 inimicis.
1000 2234 1046 2267 qui
1064 2249 1086 2276 υ

265 2281 357 2314 specie
371 2280 457 2308 sancti
473 2280 600 2313 nominis,
612 2279 774 2316 multiplices
798 2287 831 2308 ac
847 2279 969 2307 diversas
983 2287 1046 2315 pro-

266 2327 354 2354 ferunt
366 2326 561 2362 blasphemias.

302 2426 358 2462 (95)
368 2425 641 2462 Sozomwauvéﬁatvs
653 2425 680 2452 δέ
693 2425 981 2462 μεδοοιξοικνειόξμε
994 2431 1055 2461 post

266 2461 308 2495 εφ’
325 2462 419 2488 ἵππου.
437 2461 518 2488 l'aulo
537 2466 595 2494 post
612 2460 701 2492 Socr;
713 2461 782 2496 μετὰ
803 2460 882 2496 ιερῶν
901 2460 1052 2493 τινωνζειιί

267 2496 376 2522 lectioni
401 2495 472 2523 lavet
497 2496 661 2531 Epiphanius
687 2495 870 2524 SCholasticus
889 2504 896 2522 :
917 2505 976 2522 cum
995 2497 1054 2530 qui-

268 2531 378 2558 busdam
399 2530 590 2558 sacerdotibus.
608 2531 717 2558 Sozom.
736 2539 800 2558 vero
820 2536 848 2558 et
862 2530 975 2566 Niceph.
989 2539 1052 2559 cum

266 2566 424 2602 Athanasio,
443 2566 510 2602 μετᾲ
523 2566 624 2602 ἐτέρων
640 2566 730 2594 τινῶν.

302 2600 357 2635 (96)
378 2600 448 2628 Socr
460 2621 468 2632 ,
480 2601 550 2628 ὅθεν.

303 2635 359 2671 (97)
380 2635 445 2669 Reg.
459 2641 485 2663 el
507 2636 597 2667 Soet.
611 2635 849 2672 ἀνεπληρώσατεκ
859 2635 1004 2672 Ειῖίιίγνεῐο
1021 2640 1049 2663 ει

267 2670 387 2706 Solum”
395 2671 580 2706 ἐπληρώσατε.
589 2671 658 2698 Infra
673 2670 738 2705 Reg.
745 2672 827 2698 Basil.
835 2671 916 2706 Socr,
926 2671 1046 2706 Sozam,

267 2705 462 2766 girtt'aatﬁov-zac;
475 2711 503 2733 et
520 2707 556 2733 ita
578 2706 728 2742 legendum.
751 2707 820 2734 Editi
841 2705 977 2737 mendose,
991 2705 1050 2732 ἐπι-

283 2749 294 2766 Ξ
309 2749 411 2766 σαντες.

283 2749 294 2766 ε
299 2741 307 2765 ί
309 2741 411 2772 ξαντες.

305 2775 360 2810 (98)
381 2777 469 2808 Somn,
482 2776 529 2803 καὶ
552 2775 612 2802 ὑπὸ“
627 2775 680 2802 τῶν
707 2775 850 2811 βαρϐάρων
877 2775 1053 2811 αὑτῶνηειοέ

270 2811 378 2846 Sozom.
394 2815 421 2838 et
440 2811 550 2845 Niceph.
560 2831 567 2842 ,
582 2812 630 2838 καὶ
644 2811 698 2836 τῶν
707 2809 853 2846 βαρϐάρων
862 2810 950 2836 αὐτῶν
963 2809 994 2846 τό
1006 2809 1052 2846 τοῦ

269 2844 338 2871 Θεοῦ
361 2845 446 2881 ὄνομα
471 2846 590 2880 γνησίως
616 2844 805 2878 εὐλογοὺντωνζ
833 2844 949 2881 Utraque
976 2845 1055 2881 lectio

270 2880 414 2915 quiadrat,’
435 2881 618 2908 Athanasiaua
650 2887 712 2908 vero
736 2881 826 2907 vitiata
855 2880 970 2914 videtur,
992 2880 1056 2908 licet

1096 1595 1169 1621 θειαν
1184 1596 1305 1630 ἠγνόουνο
1323 1595 1400 1631 δῆλον
1416 1597 1456 1628 δὲ,
1473 1596 1513 1623 ὃτι
1528 1596 1543 1622 ὀ
1565 1596 1615 1631 τὴν
1629 1596 1755 1631 ἀλήθειαν
1773 1596 1879 1631 ἀγνοῶν

1095 1642 1155 1668 οὐδὲ
1174 1642 1219 1668 τὸν
1233 1642 1299 1669 θεὸν
1313 1642 1495 1677 ἐπιγινώσκει.
1521 1642 1593 1677 Πλὴν
1609 1643 1692 1678 ὅμως,
1705 1642 1775 1670 καθά
1786 1642 1878 1678 προεί-

1097 1695 1187 1723 ρηται,
1204 1687 1250 1714 καὶ
1264 1688 1288 1714 οἱ
1303 1687 1435 1724 βάρϐαροι
1464 1687 1521 1719 νῦν,
1534 1687 1567 1714 δι’
1583 1689 1634 1723 ἐμὲ
1649 1688 1694 1714 τὸν
1708 1687 1775 1714 Θεοῦ
1798 1688 1879 1723 θερά-

1097 1742 1182 1761 ποντα
1199 1734 1317 1769 γνήσιον,
1331 1735 1487 1768 ἐπέγνωσαν
1500 1734 1546 1761 τὸν
1561 1733 1637 1764 Θεὸν,
1653 1735 1699 1761 καὶ
1709 1734 1879 1761 εὐλαϐεῖσθαι

1098 1779 1269 1815 μεμάθηκαν,
1293 1779 1323 1806 ὃν
1349 1779 1543 1814 ὑπερασπίζειν
1578 1788 1639 1817 μου¹
1654 1779 1710 1814 (99)
1741 1779 1879 1815 πανταχοῦ

1096 1826 1144 1852 καὶ
1156 1825 1325 1861 προνοεῖσθαι
1341 1827 1395 1857 τοῖς
1409 1825 1499 1861 ἔργοις
1512 1825 1603 1857 αὐτοῖς
1615 1824 1736 1860 ᾔσθοντο·
1752 1825 1813 1852 ὅθεν
1826 1825 1878 1861 μά-

1096 1870 1173 1896 λιστα
1183 1870 1229 1896 καὶ
1245 1870 1316 1897 ίσασι
1328 1870 1373 1896 τὸν
1385 1870 1459 1896 Θεόν⁸
1477 1870 1506 1896 ὃν
1518 1871 1614 1897 ἐκεῖνοι
1630 1870 1679 1905 μὲν
1689 1870 1732 1897 διὰ
1751 1871 1796 1897 τὸν
1811 1870 1879 1906 πρδς

1097 1916 1170 1951 ἡμᾶς
1184 1915 1264 1948 φόϐον
1281 1914 1465 1947 εὐλαϐοῦνται,
1490 1916 1569 1951 ἡμεῖς
1595 1915 1632 1951 (1)
1658 1916 1687 1943 δὲ
1712 1917 1736 1943 οί
1761 1917 1796 1943 τά
1815 1917 1882 1950 am

1099 1962 1233 1997 μυστήρια
1247 1961 1296 1996 τῆς
1311 1961 1452 1996 εὐμενείας
1471 1961 1553 1988 αὐτοῦ
1572 1961 1712 1994 δοκοῦντες
1731 1962 1881 1998 προϐάλλε-

1098 2006 1159 2032 σθαι
1171 2006 1211 2040 (οὐ
1218 2006 1271 2041 γὰρ
1282 2006 1313 2032 ἂν
1323 2006 1427 2041 εἴποιμι
1437 2006 1607 2041 φυλάττειν),
1618 2007 1794 2043 ἡμεῖς,φημὶ,
1805 2008 1882 2034 οὐδὲν

1098 2051 1253 2087 πράττομεν
1267 2051 1284 2086 ἢ
1301 2051 1334 2078 τὰ
1350 2052 1418 2087 πρὸς
1428 2052 1559 2087 διχόνοιαν
1573 2052 1618 2078 καὶ
1636 2054 1712 2088 μῖσος
1725 2052 1763 2087 (‘2)
1779 2053 1882 2080 συντεί-

1098 2105 1186 2128 νοντα,
1203 2097 1250 2123 καὶ
1260 2097 1352 2128 ἁπλῶς
1361 2099 1456 2129 εἰπεῖν,
1469 2097 1499 2124 ιά
1515 2097 1582 2134 πρὸς
1594 2098 1702 2133 ὄλεθρον
1712 2099 1758 2125 τοῦ
1775 2099 1882 2134 ἀνθρω-

1099 2141 1175 2168 πίνου
1185 2142 1280 2176 γένους
1295 2142 1391 2177 ἐχοντα
1407 2143 1456 2179 τὴν
1472 2143 1621 2178 ἀναφοράν.
1642 2144 1710 2171 Ἀλλ’
1725 2145 1881 2181 ἐπείχθητε,

1100 2186 1171 2214 καθά
1194 2188 1364 2224 προείρηται,
1382 2188 1450 2223 πρὸς
1465 2189 1539 2224 ἡμᾶς
1552 2190 1717 2217 σπουδάσατε
1735 2191 1834 2223 πάντες
1865 2188 1883 2228 ᾗ

1100 2233 1192 2268 τάχος,
1216 2234 1401 2269 πεπεισμένοι,
1419 2235 1458 2266 ὡς
1484 2235 1565 2261 παντὶ
1595 2235 1683 2262 σθένει
1712 2237 1884 2272 κατορθῶσαι

1101 2279 1276 2315 πειράσομαι,
1291 2280 1364 2312 ὅπως
1375 2281 1403 2307 ὲν
1417 2281 1456 2316 τῷ
1473 2281 1547 2316 νόμῳ
1561 2280 1627 2308 Θεοῦ
1638 2281 1722 2308 ταῦτα
1739 2282 1884 2318 ἐξαιρέτως

1100 2326 1255 2354 ἀδιάπτωτα
1263 2326 1438 2362 φυλάττηται,
1449 2325 1487 2359 οἷς
1496 2326 1556 2354 οὔτε
1569 2327 1662 2362 ψόγος,
1674 2327 1734 2356 οὔτε
1743 2329 1885 2362 κακοδοξία

1105 2427 1197 2454 eadem
1216 2427 1243 2455 in
1257 2428 1382 2455 omnibus
1397 2428 1477 2455 editis
1487 2433 1514 2455 et
1529 2436 1594 2456 mss.
1607 2434 1704 2457 exstet.
1719 2429 1885 2463 Epiphanius

1105 2463 1240 2490 Scholast.
1255 2463 1425 2499 totumAhunc
1445 2463 1531 2490 locum
1547 2464 1587 2491 sic
1608 2464 1689 2491 habet
1703 2474 1709 2492 :
1727 2464 1813 2499 Igitur
1828 2464 1885 2491 ubi-

1103 2506 1153 2532 que
1165 2498 1319 2533 patiﬁcalur
1336 2497 1383 2524 Dei
1399 2506 1502 2530 nomen,
1515 2503 1539 2525 et
1554 2499 1652 2533 integre
1667 2497 1828 2526 bensd’icitur
1840 2507 1886 2533 per

1103 2540 1188 2559 meum
1202 2533 1229 2569 in
1244 2533 1298 2559 Deo
1316 2533 1446 2569 culturam
1470 2534 1548 2559 etiam
1565 2534 1634 2567 apud
1659 2534 1728 2569 ipsas
1748 2535 1885 2566 barbaros,

1102 2568 1149 2600 qui
1163 2568 1294 2594 veritatem
1312 2568 1437 2594 hactenus
1451 2568 1616 2601 ignorabunt.

1139 2601 1346 2639 (99)_SicAReg.
1363 2602 1439 2639 socer.
1455 2607 1481 2639 et
1496 2602 1559 2639 5oz.
1576 2603 1656 2639 Ediii,
1673 2612 1717 2639 με,
1731 2603 1869 2630 mendose.

1139 2638 1186 2673 (li
1194 2637 1362 2673 Epiphanius
1384 2637 1517 2664 Scholast.
1530 2638 1609 2673 ὑμεῖς
1626 2637 1699 2669 legit.
1715 2639 1794 2665 habet
1813 2639 1884 2664 enim

1101 2680 1153 2708 vos.
1178 2672 1237 2699 Mm:
1260 2672 1349 2708 Socr.,
1361 2672 1496 2708 μυστήρια
1515 2673 1564 2708 τῆς
1584 2672 1755 2708 Ἐκκλησίας,
1773 2673 1818 2699 sed
1837 2673 1886 2708 τῆς

1104 2707 1246 2742 εὐμενείας
1269 2707 1366 2742 legitur
1393 2707 1419 2733 in
1443 2707 1569 2742 Omnibus
1592 2707 1730 2734 Athanasii
1755 2708 1836 2734 editis
1858 2707 1887 2734 et

1107 2741 1184 2778 nise.
1203 2747 1232 2769 ut
1256 2741 1325 2776 apud
1339 2742 1412 2778 (Soz.
1434 2747 1461 2769 et
1484 2741 1597 2777 Niceph.
1614 2743 1780 2778 Epiphanius
1803 2742 1886 2770 etiam

1105 2777 1287 2804 Scholasticus
1302 2777 1392 2808 habet,
1405 2777 1552 2804 clementia.

1140 2812 1177 2846 (2)
1197 2812 1277 2848 Editi.
1292 2811 1385 2848 μῦσος
1401 2811 1604 2848 Regusecunda
1614 2820 1706 2846 manu,
1716 2813 1804 2848 μῖσος,
1813 2810 1888 2840 elsic

1106 2847 1183 2876 Socr.
1198 2852 1224 2875 et
1239 2846 1350 2883 Niceph.
1364 2847 1460 2882 Epiph.
1477 2847 1569 2875 Schol.
1583 2847 1655 2875 odia.
