2031 3048
170 176 223 204 ωε

728 173 899 202 APOLOGIA
919 172 1059 201 CONTRA
1078 171 1238 200 ARIANOS.

1733 165 1785 193 ιοσ

169 243 212 266 τις
226 234 368 269 δυνήσεται
385 233 601 270 πῳσπλακῆναυ
631 231 876 260 διασκεδασθέντων
904 231 1001 267 δηλαδὴ
1018 231 1065 258 καὶ
1093 230 1291 267 συντριϐέντων
1310 222 1414 265 ἄρδην,
1445 227 1493 254 καὶ
1523 224 1661 256 παντελῶς
1685 223 1784 258 ἀφανι-

170 280 285 309 σθέντων
297 280 350 307 τῶν
366 269 470 314 ἐχθρῶν
485 279 532 306 τοῦ
562 279 655 315 νόμου,
686 279 783 310 οἵτινες
807 278 853 304 ἐπὶ
884 277 1060 312 προσχήματι
1091 277 1139 304 τοῦ
1161 275 1241 310 ἁγίου
1270 275 1401 310 ὀνόματος
1424 272 1546 303 ποικίλας
1575 271 1622 298 καὶ
1641 269 1784 305 διαφόρους

170 327 341 364 βλασφημίας
357 327 530 362 παρέχουσιν.

204 376 248 404 87.
265 375 357 402 Ταῦτα
377 374 507 410 μαθόντες
517 375 542 401 οἱ
558 374 622 410 περὶ
638 374 782 408 Ἐὐσέϐιον,
796 374 844 401 καὶ
857 373 950 405 εἰδότες

1040 371 1085 400 87.
1098 370 1145 398 His
1160 369 1279 403 acceptis
1293 366 1436 395 Eusebiani
1461 365 1562 393 conscii
1577 372 1688 392 suorum
1718 364 1785 392 facis

168 421 186 449 ἃ
200 422 376 455 πεποιήκασι,
386 421 449 452 τοὺς
465 421 514 456 μὲν
525 421 621 452 ἄλλους
634 421 800 451 ἐπισκόπους
815 419 953 446 ἐκώλυσαν

169 468 298 497 ἀνελθεῖν,
310 467 385 494 αὐτοὶ
403 467 431 493 δὲ
443 467 528 502 μόνοι,
543 466 682 498 Εὐσέϐιος,
697 465 832 500 Θεόγνιος,
850 465 954 500 Πατρό-

170 513 255 549 φιλος,
289 512 382 548 ἕτερος
410 511 447 547 (5)
480 511 617 543 Εὐσέϐιος,
645 511 691 538 καὶ
716 510 878 546 Οὺρσάκιος,
907 510 954 537 καὶ

169 557 275 593 Οὐάλης
292 557 456 588 ἀνελθόντες,
477 556 567 587 οὐκέτι
579 556 643 593 περὶ
657 556 784 591 ποτηρίου
798 556 843 583 καὶ
862 556 954 591 Ἀρσε-

168 604 226 631 νιου
251 603 353 638 ἔλεγον·
380 603 533 638 παρρησίαν
562 602 617 637 γὰρ
647 602 697 629 οὐκ
715 599 796 637 εἶχον·
821 601 903 636 ἄλλην
925 601 954 628 δὲ

169 648 320 678 πλάσαντες
333 647 497 682 κατηγορίαν
506 647 555 682 τὴν
568 648 608 678 εἰς
617 646 727 682 βασιλέα
743 646 905 681 φθάνουσαν,
917 647 955 672 εί-

171 694 284 730 ρήκασιν
298 693 371 728 αὐτῷ
382 693 421 728 τῷ
435 692 546 728 βασιλεῖ,
561 693 602 719 ὅτι
629 692 777 728 ἠπείλησεν
799 692 955 724 ’Δθανὰσιος

169 739 300 766 κωλύσειν
315 738 360 764 τὸν
375 739 446 764 σῖτον
454 737 500 763 τὸν
510 738 550 768 εἰς
562 737 612 773 τὴν
628 737 742 773 πατρίδα
755 745 802 764 σου
812 737 954 772 πεμπόμε-

168 791 213 810 νον
243 783 298 810 ὰπὸ
325 781 535 818 ’Δλιξανδρείας.
565 782 620 808 Καὶ
639 781 718 808 τοῦτο
743 782 876 817 παρόντες
906 782 955 816 μὲν

175 828 363 864 Ἀδαμάντιος,
378 829 426 855 καὶ
445 828 587 855 Ἀνουϐίων
603 828 652 864 (4,)¹
673 827 867 863 Ἀγαθάμμων,
893 827 955 863 Ἀρ-

168 874 274 907 ϐεθίων,
289 874 401 910 Πέτρος,
413 874 437 900 oi
455 874 612 906 ἐπίσκοποι,
626 874 754 909 ἥκουσαν
767 871 850 904 ἔδειξε
862 872 890 899 δὲ
907 873 955 899 καὶ

168 922 182 948 6
198 920 282 956 θυμὸς
298 920 343 947 τοῦ
362 919 501 955 βασιλέως,
518 920 547 946 '0
556 920 610 954 γὰρ
633 918 745 946 τοιαῦτα
760 918 877 954 γράψας,
907 919 955 945 καὶ

168 965 380 1000 καταγινώσκων
403 965 453 1000 τῆς
465 965 570 995 ἀδικίας
592 964 694 996 αὐτῶν,
723 963 760 995 ὡς
779 964 878 999 ἢκουσε
905 963 954 999 τὴν

167 1010 292 1046 τοιαύτην
321 1009 455 1046 διαϐολὴν,
478 1009 558 1041 εὐθὺς
586 1009 724 1045 ἐπωρώθη,
751 1009 798 1035 καὶ
822 1009 881 1036 ἀντὶ
905 1009 954 1044 τῆς

1005 423 1100 444 norum
1116 435 1125 448 ,
1145 414 1250 442 caeteris
1274 411 1407 447 episcopis
1430 412 1574 444 quominus
1597 410 1784 443 imperatorem

1003 463 1109 489 adirent
1119 460 1275 496 prohibitis.
1293 459 1343 493 ipsi
1357 457 1418 489 soli.
1428 457 1558 483 Eusebius
1571 455 1685 484 scilicet.
1698 454 1786 482 Theo-

1003 509 1092 543 gnius.
1106 505 1286 540 Patropbilus,
1302 505 1370 531 alter
1389 502 1533 534 Eusebius,
1550 500 1680 528 Ursacius
1695 506 1723 528 et
1735 500 1788 528 Va-

1004 556 1062 581 lens
1077 560 1138 580 cum
1164 550 1359 583 advenissem,
1387 548 1487 576 nullam
1512 547 1626 581 amplius
1642 546 1730 573 fecere
1753 546 1788 573 de

1003 598 1088 626 calice
1105 596 1145 624 vel
1158 596 1193 624 de
1204 595 1320 624 Arsenio
1331 594 1497 622 mentionem
1511 602 1518 620 :
1536 593 1594 619 haec
1608 592 1706 627 quippe
1717 591 1786 618 ultra

1003 651 1112 672 movere
1138 642 1196 670 ausi
1225 650 1278 669 non
1307 645 1389 674 sunt;
1417 640 1463 668 sed
1484 639 1555 666 aliud
1579 639 1680 666 crimen
1701 639 1787 672 ipsutn

1003 695 1128 724 spectans
1142 689 1333 722 imperatorem
1351 687 1505 719 commenti,
1522 686 1630 712 aiebant
1645 693 1652 711 :
1668 684 1788 711 Minatus

1003 741 1045 763 est
1059 735 1222 763 Athanasius
1255 741 1286 761 se
1310 733 1500 767 impediturum
1521 731 1665 766 quominus
1679 730 1787 756 solitum

1005 781 1170 809 frumentum
1187 779 1348 808 Alexandria
1362 779 1388 805 in
1403 778 1519 812 patriam
1540 782 1613 804 tuam
1631 776 1788 804 transveha-

1005 831 1059 854 tur.
1076 827 1132 854 Hoc
1157 827 1239 853 etiam
1255 826 1366 853 audiere
1377 824 1423 859 qui
1446 828 1502 850 tum
1523 825 1636 850 aderant
1652 821 1789 850 Adaman-

1005 872 1068 904 tius.
1081 871 1217 904 Anuhion,
1229 871 1437 906 Agathammon.
1451 869 1612 900 Arbcthion,
1642 873 1668 894 et
1692 867 1788 894 Petrus

1004 917 1121 952 episcopi
1136 926 1142 943 :
1162 917 1233 951 quod
1244 918 1306 944 item
1324 917 1380 951 ipsa
1395 916 1517 950 probavit
1532 913 1702 948 imperatoris
1729 913 1785 945 ira;

1005 971 1067 990 nam
1081 963 1126 996 qui
1141 962 1270 996 eiusmodi
1288 963 1392 989 litteras
1408 966 1471 989 ante
1489 961 1647 995 scripserat,
1663 959 1786 986 illorum—

1005 1016 1059 1043 que
1070 1009 1240 1043 iniquitatem
1252 1008 1407 1038 damnarat.
1422 1007 1471 1034 hac
1484 1006 1573 1033 audita
1589 1005 1721 1032 calumnia
1736 1009 1789 1031 sta-

170 1044 327 1093 ἀκροόσεως
343 1059 383 1089 εἰς
396 1044 445 1088 τάς
462 1056 577 1087 Γαλλίας
589 1044 662 1091 ἡμας
673 1056 840 1082 ἀπέστειλεν.
873 1055 950 1082 Ἀλλὰ

1006 1053 1053 1080 tim
1064 1053 1220 1085 excanduit,
1235 1059 1266 1079 ac
1282 1057 1372 1080 nostra
1382 1059 1435 1079 non
1451 1055 1606 1085 exspectata
1618 1049 1786 1083 defensione,

167 1104 213 1130 καὶ
233 1103 311 1131 τοῦτο
341 1103 439 1138 μᾶλλον
458 1102 547 1129 αὐτῶν
561 1101 679 1128 δείκνυσι
701 1101 750 1136 τὴν
771 1101 913 1136 πονηρίαν⁸
940 1102 955 1128 6

167 1150 222 1185 γὰρ
253 1148 406 1184 μακαρίτης
441 1148 644 1179 Κωνσταντῖνος
665 1147 680 1172 6
709 1145 848 1182 νεώτερος,
886 1147 953 1173 ἀπο-

168 1194 285 1221 στέλλων
308 1194 380 1229 ὴμᾶς
412 1194 453 1225 είς
475 1192 524 1228 τὴν
548 1192 675 1228 πατρίδα,
700 1192 747 1218 καὶ
772 1192 952 1227 μεμνημένος,

167 1237 204 1266 ὧν
232 1239 349 1274 ἔγραψεν
377 1240 392 1266 6
423 1239 516 1274 πατὴρ
542 1238 644 1271 αὐτοῦ,
672 1237 774 1274 ἔγραψε
799 1238 846 1265 καὶ
873 1238 954 1270 αυτὸς

167 1294 252 1312 ταυτα
255 1292 262 1300 '

324 1329 361 1364 (5)
372 1329 647 1356 ΚΩΝΣΤΛΝΤῘΝΟΣ
661 1329 798 1356 ΚΑΙΣΑΡ

170 1375 210 1408 Τῷ
221 1375 285 1408 λαῷ
303 1375 357 1409 τῆς
371 1373 531 1408 καθολικῆς
543 1374 726 1408 Ἑκκλησίας
740 1375 855 1407 πόλεως
873 1374 951 1401 Ἀλε‹

475 1409 643 1443 ξανδρείας.

203 1455 270 1482 Οὐδὲ
280 1455 329 1490 τὴν
346 1455 395 1490 τῆς
409 1454 447 1490 (6)
460 1455 594 1491 ὑμετέρας
606 1456 680 1489 ἱερᾶς
691 1454 793 1486 ἑννοίας
801 1454 955 1488 ἀποπεφευ-

169 1501 245 1536 γέναι
260 1501 361 1536 γνῶσιν
384 1496 470 1537 οἶμαι,
484 1501 528 1527 διὰ
554 1500 633 1528 τοῦτο
659 1500 815 1527 Ἀθανάσιον
840 1500 885 1527 τὸν
906 1499 953 1526 τοῦ

168 1547 356 1584 προσκυνητοῦ
381 1548 464 1583 νόμου
481 1548 623 1583 ὑποφήτην
642 1547 711 1583 πρὸς
725 1547 819 1582 καιρὸν
837 1548 878 1578 είς
904 1546 954 1578 τὰς

167 1594 282 1626 Γαλλίας
304 1593 479 1626 ἀπεστάλθαι,
496 1594 539 1624 ἶν’,
555 1593 676 1629 έπειδὴή
696 1593 823 1629 ἀγριότης
839 1593 892 1620 τῶν
913 1593 954 1620 αἱ-

169 1639 292 1675 μοϐόρων
320 1639 402 1666 αὐτοῦ
427 1640 474 1666 καὶ
495 1639 631 1674 πολεμίων
647 1638 751 1675 ἐχθρῶν
780 1639 819 1670 εἰς
835 1638 954 1665 κίνδυνον

168 1686 217 1721 τῆς
239 1686 313 1722 ἱερᾶς
344 1684 425 1712 αὑτοῦ
453 1685 572 1720 κεφαλῆς
597 1685 734 1721 ἐπέμεινε,
768 1685 805 1720 μὴ
830 1686 884 1720 ἄρα
909 1685 952 1712 διὰ

1004 1105 1054 1126 nos
1065 1097 1232 1133 rclegavitiu
1247 1096 1358 1125 Gallias.
1371 1096 1497 1123 Attamen
1513 1095 1577 1122 illud
1591 1096 1679 1129 ipsum
1692 1101 1785 1121 eorum
1809 1107 1812 1110 ν

1004 1144 1199 1178 malignitatem
1214 1143 1300 1178 magis
1313 1142 1437 1177 coarguit
1453 1150 1460 1168 :
1474 1149 1535 1168 nam
1551 1141 1635 1168 beata
1649 1140 1788 1167 memoriae

1003 1189 1199 1217 Constantinus
1209 1188 1302 1222 junior
1314 1196 1375 1216 cum
1388 1196 1436 1215 nos
1452 1187 1478 1214 in
1495 1187 1611 1221 patriam
1624 1185 1784 1217 remitteret.

1004 1242 1110 1262 memor
1121 1242 1214 1262 eormn
1235 1242 1294 1268 quae
1317 1238 1394 1269 pater
1412 1240 1478 1261 suus
1501 1233 1672 1266 scripsisset,
1687 1231 1738 1258 has
1760 1235 1788 1258 et

1004 1281 1061 1316 ipse
1078 1280 1151 1308 misit
1164 1280 1287 1308 litteras:

1175 1334 1464 1362 CONSTANTINUS
1483 1333 1614 1361 (LESAR

1039 1381 1149 1416 [Populo
1168 1381 1303 1409 catholica:
1319 1381 1444 1408 Ecclesia
1459 1381 1531 1407 urbis
1546 1379 1721 1406 Alexandria.

1040 1459 1094 1488 Nec
1106 1466 1192 1487 sacrae
1205 1458 1303 1486 mentis
1319 1462 1417 1486 vestrae
1430 1458 1555 1485 notitiam
1569 1456 1731 1492 praeteriisse
1742 1462 1787 1483 ar-

1004 1506 1103 1539 bitror,
1123 1505 1184 1533 ideo
1208 1504 1384 1532 Athanasium
1401 1503 1547 1531 adoranda
1571 1502 1637 1537 legis
1653 1502 1786 1535 interpre-

1005 1556 1058 1578 tem
1075 1551 1101 1578 ln
1116 1550 1216 1578 Gallias
1235 1551 1268 1577 ad
1285 1550 1422 1584 quoddam
1439 1554 1544 1584 tempus
1560 1549 1669 1575 missum
1686 1547 1782 1580 fuisse,

1004 1602 1079 1625 utne
1095 1597 1254 1624 immanium
1266 1596 1324 1631 ejus
1337 1596 1452 1623 hostium
1468 1595 1561 1622 feritas
1571 1614 1580 1626 ,
1592 1601 1652 1628 quae
1667 1593 1692 1620 in
1712 1593 1784 1627 peri-

1003 1643 1094 1670 culum
1105 1642 1176 1670 sacri
1192 1641 1262 1668 illius
1278 1641 1374 1675 capitis
1392 1641 1560 1673 imminebat,
1575 1640 1786 1672 eorumdemquo

1005 1688 1190 1722 improborum
1204 1687 1366 1722 perversitas
1380 1686 1413 1712 ad
1437 1686 1540 1712 neraria
1554 1684 1709 1712 sustinenda
1722 1690 1783 1710 eum

168 1716 218 1766 τῆς
250 1716 309 1758 tibv-
337 1731 445 1765 φαύλων
478 1716 655 1765 διαστροφῆς.
673 1716 807 1766 ἀνήκεστα
837 1716 949 1765 ὑποστῇ.

1005 1737 1123 1767 cogeret.
1143 1731 1184 1759 Ad
1196 1716 1256 1759 eam
1269 1732 1350 1766 igitur
1362 1731 1531 1761 eludcndam,
1547 1737 1563 1756 e
1589 1728 1710 1755 faucibus
1721 1727 1786 1754 ado-

169 1777 240 1813 Πρδς
255 1776 298 1803 ντδ
328 1775 466 1808 διαπαίξαι
494 1775 583 1802 τοίνυν
598 1775 708 1810 ταύτην,
729 1775 886 1811 ἀφαιρεθεὶς
898 1775 953 1802 τῶν

169 1822 317 1858 φαρύγγων
336 1821 390 1848 τῶν
414 1820 593 1856 ἐπικειμένων
606 1821 680 1856 αὕτῷ
704 1820 816 1856 ἀνδρῶν,
829 1820 873 1846 ὑπ’
892 1820 952 1855 ἐμοὶ

167 1868 270 1902 διάγειν
282 1867 457 1893 κεκέλευσται
468 1866 516 1902 (7),
530 1865 616 1898 οὕτως
632 1866 669 1897 ὠς
683 1867 710 1893 ὲν
720 1866 806 1903 ταύτῃ
819 1867 852 1902 τῇ
865 1866 951 1898 πόλει,

168 1910 228 1949 ὲνῇ
250 1912 378 1946 διέτριϐε,
400 1912 465 1938 πᾶσι
488 1913 544 1943 τοῖς
564 1911 722 1945 ἀναγκαίοις
747 1911 949 1947 ἐμπλεονάζειν·

167 1959 192 1984 εἰ
219 1957 266 1984 καὶ
289 1957 322 1984 τὰ
347 1957 463 1992 μάλιστα
485 1957 566 1983 αὐτοῦ
590 1958 607 1993 ἡ
633 1957 753 1992 ἀοίδιμος
778 1957 871 1993 ἀρετὴ,
891 1959 952 1989 ταῖς

168 2004 252 2035 θείαις
274 2003 418 2030 πεποιθυῖα
438 2003 581 2038 βοηθείαις,
595 2003 642 2029 καὶ
667 2003 700 2029 τὰ
716 2003 765 2038 τῆς
784 2005 952 2039 τραχυτέρας

167 2050 251 2084 τύχης
270 2049 339 2085 ἄχθη
356 2048 496 2081 ὲξουθενεῖ.
514 2048 662 2084 Τοιγαροῦν
680 2049 704 2075 ει
720 2049 767 2075 καὶ
783 2048 818 2076 τὰ
835 2049 951 2084 μάλιστα

167 2096 236 2131 πρὸς
259 2095 308 2130 τὴν
327 2095 557 2130 προσφιλεστάτην
574 2094 650 2130 ὑμῶν
663 2095 815 2122 θεοσέϐειαν
830 2096 844 2122 6
855 2095 951 2122 δεσπό-

159 2134 216 2176 ’της
247 2139 324 2175 ἡμῶν
350 2141 550 2171 Κωνσταντῖνος
580 2140 616 2175 (8)
644 2141 658 2166 6
677 2139 820 2173 Σεϐαστὸς,
850 2142 864 2167 6
885 2141 951 2176 ἐμὸς

167 2186 268 2221 πατὴρ,
286 2186 331 2212 τὸν
346 2185 426 2212 αὑτὸν
440 2186 587 2215 ὲπίσκοπον
597 2185 635 2221 τῷ
649 2185 706 2220 ἰδίῳ
719 2186 792 2222 τόπῳ
802 2189 951 2222 παρασχεῖν

168 2232 317 2267 προῄρητο,
342 2232 426 2267 ὅμως,
457 2231 561 2267 ἐπειδὴ,
585 2231 746 2267 ἀνθρωπίνῳ
771 2232 863 2268 κλήρῳ
885 2241 951 2268 προ-

167 2277 288 2313 ληφθεὶς,
307 2278 360 2313 πρὸ
370 2277 417 2304 τοῦ
441 2278 490 2313 τὴν
518 2278 600 2314 εὐχὴν
616 2277 758 2313 πληρῶσαι
767 2277 949 2311 ἀνεπαύσατο,

166 2324 310 2351 ἀκόλουθον
327 2324 474 2359 ἡγησάμην
500 2323 548 2358 τὴν
575 2323 733 2359 προαίρεσιν
743 2323 789 2350 τοῦ
802 2323 852 2358 τῆς
876 2323 950 2355 θείας

1002 1777 1127 1804 rienlimn
1148 1784 1177 1804 se
1193 1777 1310 1803 virorum
1330 1781 1447 1810 ereptus,
1457 1783 1488 1802 ac
1506 1775 1555 1802 sub
1567 1782 1610 1802 me
1621 1775 1717 1808 degere
1726 1773 1785 1808 jus-

1003 1831 1061 1855 sus,
1074 1823 1101 1850 in
1117 1823 1167 1851 hac
1182 1824 1247 1850 urbe
1261 1823 1305 1849 ubi
1323 1826 1506 1850 commoratus
1519 1827 1571 1853 est,
1585 1820 1711 1847 omnibus
1734 1827 1783 1846 ne-

1001 1869 1129 1897 cessariis
1154 1869 1316 1896 abundavit:
1333 1869 1436 1896 tametsi
1460 1867 1517 1902 ejus
1537 1867 1664 1902 praeclara
1682 1866 1779 1897 virtus.

1002 1916 1100 1943 divinis
1124 1915 1194 1943 freta
1211 1916 1339 1949 auxiliis,
1365 1916 1483 1944 durioris
1506 1914 1621 1942 fortuna:
1642 1913 1784 1948 vilipendit

1001 1968 1147 1988 aerumnas.
1156 1960 1272 1988 Proinde
1282 1961 1334 1988 etsi
1351 1961 1476 1988 dominus
1486 1965 1577 1987 noster
1588 1958 1784 1986 Constantinus

1000 2006 1151 2040 Augustus,
1169 2010 1245 2040 pater
1264 2014 1350 2038 meus,
1377 2011 1474 2033 vestrae
1488 2006 1668 2032 dilectissima:
1689 2004 1783 2039 pietati

1000 2052 1124 2078 eumdem
1143 2051 1297 2085 episc0pnin
1314 2051 1476 2083 restituere,
1492 2059 1524 2078 ac
1544 2051 1569 2078 in
1583 2051 1724 2084 pristinum
1739 2057 1783 2076 re-

1002 2095 1102 2123 ducere
1116 2096 1204 2124 loctnn
1221 2096 1395 2129 decreverat;
1410 2097 1472 2131 quia
1486 2101 1573 2122 tamen
1585 2096 1699 2122 humana
1712 2099 1785 2122 sorte

1003 2147 1223 2175 praeoccupatus,
1246 2145 1390 2175 antequam
1405 2147 1496 2168 votum
1512 2141 1649 2174 implesset
1661 2147 1737 2166 suum
1750 2145 1783 2164 cx

1002 2187 1054 2213 hac
1078 2187 1132 2213 vita
1155 2187 1280 2221 migravit
1294 2206 1302 2217 .
1318 2192 1527 2214 consentaneum
1554 2185 1617 2212 Inibi
1632 2183 1782 2211 existimavi

1001 2233 1068 2260 divae
1085 2233 1221 2260 memoria
1244 2232 1417 2266 imperatoris
1440 2232 1603 2266 propositum
1628 2229 1783 2256 haereditate

1001 2282 1142 2313 acceptum
1160 2279 1281 2312 exsequi.
1294 2277 1380 2305 Porro
1392 2277 1556 2305 Athanasius
1576 2280 1683 2311 quanta:
1707 2275 1784 2301 nobis

1002 2323 1170 2351 venerationi
1197 2323 1300 2355 fuerit,
1325 2331 1386 2350 cum
1406 2322 1440 2350 ad
1461 2326 1635 2356 conspectuin
1661 2325 1781 2347 vestrum

168 2371 278 2405 μνήμης
304 2370 433 2405 βασιλέως
454 2369 641 2403 διαδεξάμενος
670 2369 820 2405 πληρῶσαι.
858 2370 950 2402 Ὅστις

1004 2369 1118 2400 venerit.
1139 2370 1300 2404 agnoscatis.
1325 2368 1380 2397 Nec
1410 2368 1507 2395 mirum
1531 2371 1573 2394 est
1596 2367 1618 2393 si
1645 2366 1708 2401 quid
1723 2365 1781 2399 ejus

160 2415 275 2448 incusavi
298 2416 346 2450 τῆς
367 2415 502 2452 ὑμετέρας
530 2414 606 2450 τύχοι
633 2415 798 2449 προσόψεως,
816 2415 881 2450 ὅσης
909 2416 951 2442 αί-

262 2525 386 2570 _Sicchg.
400 2525 603 2570 ct’Basil.‘Editi
622 2533 695 2570 vero,
711 2526 757 2570 καὶ
773 2526 876 2570 ἕτερος.

200 2561 241 2622 διδ)
262 2560 290 2586 In
310 2560 374 2595 Reg.
390 2561 436 2587 καί
458 2561 532 2588 deest
549 2567 611 2601 ante
632 2561 785 2587 Ἀνουϐίων.
808 2562 864 2588 Mox
891 2562 949 2598 ’Δρ-

167 2595 197 2622 ϐε
217 2595 273 2622 ίων.
291 2596 377 2630 Supra
404 2603 476 2622 num.
496 2595 541 2627 7S,
561 2595 657 2627 legitur
677 2596 848 2630 Ἀρϐαιθίων,
872 2601 900 2624 et
914 2599 947 2624 ad

166 2631 266 2657 calcetn
292 2629 414 2664 Epistula:
429 2631 462 2656 ad
477 2631 548 2657 salit.
567 2629 767 2665 Ἀρϐαιθίωνος.
789 2631 867 2658 Errat
894 2632 947 2658 So-

167 2671 257 2692 crates
279 2666 323 2699 qtti
346 2666 393 2692 hos
412 2667 552 2699 episcopos
571 2673 638 2699 quos
653 2671 767 2699 quatuor
784 2670 886 2693 tantum
903 2666 947 2694 ille

167 2700 297 2729 nominat,
314 2701 452 2727 Athanasii
473 2705 643 2727 accusatores
659 2701 728 2733 apud
754 2701 943 2734 imperatorem

167 2734 250 2761 fuisse
268 2734 351 2761 refert
367 2735 383 2760 Ι.
397 2743 421 2764 ι.
438 2743 462 2761 c.
474 2734 520 2766 35,
543 2735 619 2767 cujus
637 2742 757 2762 errorem
779 2741 886 2763 secutus
902 2741 943 2763 est

167 2769 308 2796 Baronius.
324 2769 465 2796 Enimvero
479 2775 584 2797 constat
600 2777 646 2796 eos
662 2770 802 2796 Athanasii
820 2771 941 2804 partibus

166 2805 289 2831 addictos
317 2805 409 2831 fuisse.
437 2803 502 2832 Vide
528 2812 608 2838 supra
640 2804 666 2830 in
701 2803 941 2839 subscrip’tionibus

166 2839 284 2873 epistolae
300 2840 332 2866 ad
357 2839 512 2874 Dionysium
540 2839 664 2866 comitem
691 2839 735 2874 υ)ιὶ
761 2840 797 2866 illi
819 2841 938 2874 quinque

166 2874 282 2914 episcopi
303 2873 487 2903 recensentur.
506 2874 563 2902 Mox
581 2874 645 2907 Reg.
660 2879 686 2901 et
701 2873 794 2907 Basil.,
808 2873 938 2908 ἐδειξέδὲ

1005 2414 1089 2450 gratia
1117 2415 1227 2441 fecerim
1244 2421 1252 2441 :
1269 2414 1303 2441 ad
1332 2414 1383 2442 hoc
1405 2413 1476 2441 enim
1501 2417 1529 2439 et
1551 2411 1676 2439 desiderii
1698 2411 1780 2438 vestri

1000 2527 1056 2555 καί.
1071 2527 1098 2555 In
1113 2527 1192 2554 editis
1207 2527 1235 2554 δέ
1253 2527 1338 2554 deest.

1036 2563 1073 2599 (5)
1084 2563 1221 2599 νΗιιιπειυιχ
1230 2563 1298 2599 apud
1323 2560 1495 2599 Socratem].
1511 2568 1546 2599 t_t__,
1561 2567 1586 2586 c.
1597 2559 1632 2599 _5;
1652 2558 1781 2599 Snzome—

1000 2595 1069 2625 nnin
1081 2598 1098 2624 Ι.
1113 2605 1152 2628 ιιι,
1170 2605 1195 2624 c.
1208 2595 1358 2630 2;"l‘heod.
1374 2604 1434 2631 pag.
1447 2596 1497 2629 69;
1512 2595 1691 2629 Nicephorum
1709 2599 1735 2621 et
1753 2595 1780 2621 in

1000 2633 1122 2660 Historia
1140 2633 1243 2665 triparl.
1259 2631 1277 2657 l.
1292 2639 1328 2664 tv,
1348 2639 1372 2658 c.
1384 2632 1412 2658 ‘2.

1035 2668 1072 2703 (li)
1091 2668 1192 2703 Theod.
1202 2672 1238 2703 et
1249 2666 1323 2703 $91.,
1335 2665 1411 2703 οὐδὲν
1425 2665 1474 2703 τῂν
1487 2665 1552 2703 τῆς.Δ
1598 2699 1605 2703 _
1633 2694 1635 2696 _

1031 2697 1071 2772 $7)
1091 2701 1254 2732 Κελευτθείς
1269 2700 1346 2727 Socr.
1361 2700 1430 2727 Infra
1447 2697 1528 2730 idem}
1544 2697 1742 2731 ὲκπλεονάζειν.

1043 2739 1070 2772 8)
1091 2738 1195 2764 Socrat.
1218 2737 1325 2763 Sozotn.
1339 2739 1366 2772 et
1389 2735 1573 2772 'l‘heodoretus
1591 2734 1742 2772 6371qu“

1043 2735 1070 2773 ὃ)
1091 2737 1325 2773 δοεηιιηδοῑυιη.
1339 2739 1366 2773 et
1389 2735 1573 2773 Theodoretus
1591 2735 1778 2773 ὁητῆςμακα-

996 2769 1182 2808 ρῐαςμνήμης
1201 2771 1415 2802 Κωνσταντῖνος,
1427 2774 1454 2796 et
1472 2771 1507 2795 ita
1524 2769 1588 2809 legit
1610 2769 1776 2803 Epiphanius

994 2807 1126 2834 St'ht)i;l5l.
1149 2807 1230 2834 Paulo
1254 2810 1322 2834 post.
1347 2805 1420 2834 ὅμως
1438 2804 1542 2834 ἐπειδή,
1560 2811 1600 2831 sic
1618 2804 1683 2834 lien.
1699 2804 1775 2830 Socr.

994 2804 1135 2840 Schol-ast...
1149 2804 1230 2834 Paulo
1254 2810 1322 2839 post,
1347 2805 1420 2839 ὅμως
1438 2804 1542 2840 ἐπειδή,
1560 2805 1600 2831 sic
1618 2804 1683 2838 Heg.
1699 2804 1775 2830 Socr.

994 2843 1055 2870 Soz.
1070 2842 1185 2874 Theod.,
1201 2840 1247 2869 scd
1265 2841 1290 2868 itt
1305 2839 1384 2868 editis
1400 2840 1536 2867 Athanasii
1562 2839 1654 2874 ἐπειδή
1672 2840 1775 2866 deerat.
