2031 3048
233 142 288 170 ιοτ
518 140 548 169 S.
569 138 754 168 ATHANASII
774 139 850 167 OPP.
872 138 963 167 PARS
987 139 1009 167 l.
1028 155 1064 160 —
1082 138 1267 168 HISTORICA
1287 138 1332 167 ET
1352 137 1565 166 DOGMA'l‘lCA.

1806 143 1864 170 ιω

237 201 336 235 imago,
355 203 382 227 et
406 203 474 226 tanti
495 199 544 225 viri
562 198 666 233 species
685 205 733 224 nos
751 198 835 226 movit
849 202 930 232 atque
951 205 1037 236 con-4

1088 198 1131 230 οὖς
1149 198 1187 234 (9)
1203 197 1348 234 τετύχηκε,
1361 197 1510 233 γνώσεσθε.
1536 199 1573 226 οὐ
1591 199 1646 235 γὰρ
1667 199 1821 235 θαυμαστὸν
1836 202 1866 228 sf

235 247 342 276 citavit.
365 246 460 273 Divina
479 245 556 280 161
572 245 741 280 providentia
752 253 801 273 vos
813 250 917 278 servet,
929 244 1020 272 dilecti

1090 253 1098 270 ι
1119 244 1141 269 δ’
1165 243 1199 270 ἂν
1221 244 1292 280 ὑπὲρ
1316 243 1399 271 αὑτοῦ
1425 245 1573 280 πεποίηκ’
1593 245 1640 272 καὶ
1657 246 1712 281 γὰρ
1730 246 1863 283 τὴνιὲμὴν

236 294 343 321 fratres.
356 293 452 321 Datum
465 292 596 325 Treviris,
606 292 711 320 decimo
722 292 817 327 quinto
834 291 961 319 calendas
971 289 1019 318 Ju-

237 340 298 367 lias.

1071 289 1160 325 ψυχὴν
1182 290 1199 324 ἧ
1223 298 1253 316 τε
1271 290 1319 316 τοῦ
1340 290 1473 326 ὑμετέρου
1494 291 1577 317 πόθου
1600 291 1681 318 εἰκὼν
1695 291 1787 318 καὶτὸ
1813 293 1862 320 τοῦ

1071 334 1231 370 τηλικούτου
1251 335 1347 370 ἀνδρὸς
1364 337 1456 371 σχῆμα
1481 336 1521 368 είς
1532 335 1609 363 τοῦτο
1625 336 1708 363 ὲκίνει
1724 337 1771 364 καὶ
1795 345 1864 373 προ-

237 387 361 422 έτρεπεν.
393 386 425 412 Ἠ
455 385 515 412 Θεία
541 384 654 422 πρόνοια
686 385 759 420 ὑμᾶς
791 383 950 420 διαφυλάξαι
974 383 1043 419 (ιο),
1061 382 1196 418 ἀγαπητοὶ
1220 383 1339 418 ἀδελφοί.
1363 383 1454 419 Ἐδόθη
1474 383 1527 419 πρὸ
1557 384 1704 411 δεκαπέντε
1724 385 1864 413 καλανδῶν

243 433 359 460 Ἰουλίων
377 434 406 460 ἐν
423 432 566 468 Τριῦέροις
581 433 647 468 (ll).

273 479 318 507 88.
341 479 407 506 Cum
427 479 509 514 igitur
533 479 584 506 hac
607 480 640 506 de
664 486 745 506 causa
767 479 794 506 in
821 478 921 506 Gallias
937 479 1022 507 simus

238 525 367 559 relegati,
383 525 507 559 quisnam
526 524 700 558 imperatoris
715 524 894 559 propositum.
905 524 1023 559 sangui—

240 571 403 605 nariumque
426 570 644 598 Eusebianorum
662 570 782 597 animum
808 570 872 597 hinc
895 578 948 597 non
965 570 1023 597 ani-

240 617 389 644 madvertat
403 616 415 643 2
428 616 489 651 quis
510 623 562 643 non
587 616 679 644 videat
706 616 897 650 imperatorem
913 616 977 643 illud
991 624 1024 643 eo

240 662 338 697 egisse,
355 667 383 689 ut
401 669 435 689 ne
451 661 580 696 majorem
605 661 643 689 illi
667 662 694 689 in
719 669 768 690 nos
787 662 936 690 conﬂarem
959 670 1024 690 con-

241 705 416 738 spirationem
427 705 438 731 'l
451 704 519 732 Nam
533 705 646 740 simplici
664 706 756 733 animo
770 713 864 734 aurem
886 706 939 734 illis
955 714 1024 741 pre-

241 749 310 776 huit.
334 750 389 778 lloc
405 750 457 777 fuit
471 751 687 778 Eusebianorum
708 759 776 786 opus
794 760 802 779 :
828 752 885 780 haec
896 753 954 788 ipsa
969 760 1024 780 sua:

242 795 271 822 in
296 803 344 823 nos
375 796 586 831 conspirationis
607 796 757 824 molimina.
779 797 846 830 Quis
859 798 917 825 haec
929 799 1026 826 adver-

242 844 303 868 tens
320 848 372 868 non
394 842 510 868 fateatur
524 841 625 868 nullam
642 841 836 877 indulgentiam
851 848 897 870 aut
911 844 1025 878 gratiam

243 885 273 912 in
283 893 365 913 causa
383 891 472 913 nostra
491 886 580 914 locum
593 887 729 919 habuisse,
749 889 796 915 sed
811 888 874 922 jure
886 893 913 916 et
930 889 1027 917 merito

244 936 348 958 tantam
359 933 548 967 episcoporum
566 934 673 960 turbam
693 938 721 961 et
741 934 866 968 privatim
895 935 1026 969 singulos.

244 982 273 1004 et
284 982 463 1012 congregatos
488 979 551 1006 talia
568 979 594 1005 in
613 985 733 1007 nostram
760 980 944 1008 defensionem
964 989 1029 1008 con-

247 1023 411 1056 s:ripsisse,
448 1024 674 1059 inimicorumque
707 1026 911 1060 sycophantiam
951 1026 1028 1054 dam-

246 1070 350 1097 nasse?
365 1069 431 1103 Quis
455 1071 611 1105 conspectis
634 1070 787 1104 bujusmodi
808 1071 888 1098 rebus
913 1078 966 1098 non
989 1070 1030 1098 fa-

1107 474 1152 502 88.
1169 472 1278 507 Ταύτης
1291 473 1341 508 τῆς
1358 473 1447 505 αἰτίας
1469 472 1563 509 οὔσης,
1575 473 1610 500 δι’
1624 473 1657 509 ἠν
1670 474 1863 510 ἀπεστάλημεν

1072 522 1112 553 εἰς
1127 520 1177 552 τὰς
1189 519 1313 552 Γαλλίας,
1339 520 1381 551 τίς
1409 519 1490 546 πάλιν
1509 521 1539 546 οὐ
1558 522 1658 556 συνορᾷ
1676 521 1725 555 τὴν
1740 522 1790 556 μὲν
1815 522 1862 548 τοῦ

1075 567 1207 603 βασιλέως
1220 565 1390 602 προαίρεσιν,
1411 566 1461 600 τὴν
1475 565 1503 592 δὲ
1519 565 1573 592 τῶν
1585 567 1648 601 περὶ
1673 567 1802 593 Εὑσέὸιον
1813 575 1863 601 φο-

1075 613 1153 648 νικὴν
1164 611 1252 648 ψυχὴν
1262 631 1269 643 ,
1292 611 1339 648 και
1358 612 1399 637 ὅτι
1416 611 1495 638 τοῦτο
1511 611 1643 647 πεποίηκε
1670 612 1806 646 βασιλεὺς,
1819 613 1864 639 ἵνα

1076 660 1113 695 μή
1129 667 1188 685 τινα
1197 657 1306 693 μείζονα
1317 657 1416 693 σκευὴν
1425 657 1619 692 βουλεύσωνται
1629 667 1635 687 ;
1645 658 1794 693 Ἐπήκουσε
1809 659 1864 693 γὰρ

1075 704 1186 736 ἅπλῶς·
1200 703 1275 739 Ait-tr}
1299 703 1354 730 τῶν
1381 703 1445 739 περὶ
1469 704 1597 730 Εὑσέόιον
1619 705 1635 739 ἡ
1664 705 1773 740 πρᾶξις,
1792 704 1864 740 αὕτη

1074 751 1125 786 τῆς
1141 751 1202 778 καθ’
1217 750 1296 786 ἡμῶν
1315 749 1449 784 ωσκευῆς
1474 751 1490 785 ὴ
1508 751 1624 785 μηχανή.
1637 750 1684 782 Τίς
1701 751 1786 777 ταῦτα
1802 759 1865 777 συν-

1075 797 1146 832 ορῶν
1174 796 1224 823 οὐκ
1248 795 1280 823 ἂν
1305 797 1376 823 εῐποι
1400 796 1482 832 μηδὲν
1496 796 1566 822 κατὰ
1586 796 1665 831 χάριν
1688 796 1758 832 ὑπὲρ
1784 797 1865 832 ἡμῶν

1076 841 1251 878 γεγενῆσθαι,
1279 843 1336 869 ἀλλ’
1366 843 1406 869 ὅτι
1431 841 1543 873 δικαίως
1577 842 1624 868 καὶ
1652 841 1804 874 ἀκολούθοις
1832 842 1866 869 τὺ

1076 887 1202 914 τοσοῦτον
1219 887 1320 923 πλῆθος
1334 887 1388 914 τῶν
1403 887 1561 914 ἐπισκόπων
1585 887 1632 914 καὶ
1650 887 1703 922 [δίᾳ
1717 887 1763 914 καὶ
1786 889 1864 923 κοινῇ

1077 932 1190 960 τοιαῦτα
1207 933 1255 968 μὲν
1267 933 1338 969 ὑπὲρ
1352 933 1429 969 ἡμῶν
1439 933 1552 969 ἔγραψε,
1566 933 1617 968 τῆς
1631 933 1660 960 δὲ
1683 933 1866 968 συκοφαντίας

1078 979 1132 1006 τῶν
1145 979 1249 1014 ἐχθρῶν
1259 979 1433 1014 κατέγνωσαν
1447 989 1454 1012 ;
1470 980 1518 1011 Τίς
1529 979 1563 1006 τὰ
1578 979 1689 1006 τοιαῦτα
1706 979 1753 1006 καὶ
1765 979 1865 1006 τοσαῦ-

1079 1034 1113 1052 τα
1138 1017 1193 1060 (η)
1208 1025 1350 1061 θεωρήσας
1361 1026 1412 1052 οὐκ
1429 1025 1462 1052 ἂν
1481 1025 1565 1057 εἴποι,
1579 1026 1619 1052 ὅτι
1636 1026 1684 1052 καὶ
1699 1025 1804 1059 Οὐάλης
1817 1024 1867 1052 καὶ

1080 1068 1231 1103 Οὺρσάκιος
1253 1068 1364 1100 εἰκότως
1388 1068 1562 1103 κατέγνωσαν
1588 1069 1701 1100 ἑαυτῶν,
1719 1070 1766 1096 καὶ
1785 1078 1868 1103 μετας

246 1120 336 1142 teatur
356 1115 495 1143 Valentem
512 1121 541 1144 et
554 1116 695 1144 Ursacium
709 1117 771 1150 jure
784 1124 846 1144 sese
860 1125 920 1149 reos
938 1117 1030 1144 decla-

1088 1113 1260 1147 γινὼσκοντες
1279 1114 1391 1141 τοιαῦτα
1413 1114 1474 1141 καθ’
1491 1114 1594 1141 ἑαυτῶν
1607 1114 1739 1149 ἔγραψαν,
1766 1113 1866 1149 μᾶλλον

247 1169 335 1194 rasse,
350 1160 390 1190 κ’
403 1162 606 1196 resipiscentes,
620 1162 751 1196 ejusmodi
768 1163 873 1190 litteras
887 1163 1030 1190 adversum

246 1215 278 1235 se
291 1208 495 1243 conscripsisse,
512 1210 583 1244 quod
600 1208 711 1236 mallent
719 1209 915 1244 aliquantisper
929 1209 1032 1244 pudore

247 1252 365 1280 sullumli
380 1261 460 1287 quant
476 1259 608 1281 :eternum
625 1255 854 1290 sycophantarum
870 1253 1030 1289 supplicium

247 1297 321 1325 luere
331 1298 342 1325 ?

284 1345 329 1372 89.
354 1344 456 1372 Idcirco
478 1350 551 1373 recte
575 1351 603 1373 et
622 1345 698 1380 juxta
731 1344 929 1374 ecclesiasticas
957 1345 1032 1380 leges

249 1391 322 1418 beati
336 1392 517 1418 comministri
537 1393 636 1424 nostri,
649 1400 711 1419 cum
724 1393 843 1419 nonnulli
863 1393 959 1420 dubias
972 1400 1033 1420 esse

249 1445 295 1465 res
310 1442 416 1464 nostras
432 1437 610 1470 allirmarent,
637 1438 844 1473 niterenturque
867 1439 968 1474 judicia
983 1446 1033 1473 pro

250 1484 329 1512 nobis
343 1484 396 1510 lata
421 1483 565 1519 abrogare,
587 1492 724 1512 aerumnas
739 1485 876 1520 quaslibet
889 1486 1032 1519 sustinere,

250 1532 278 1559 iu
304 1530 485 1564 exsiliumque
510 1530 573 1564 pelli
593 1530 759 1564 maluerunt,
777 1538 860 1565 quam
883 1534 923 1557 tot
948 1535 1035 1559 tauto-

1084 1158 1204 1193 ἑλόμενοι
1227 1158 1296 1194 πρὸς
1314 1158 1403 1192 ὀλίγον
1429 1159 1615 1194 αἰσχυνθῆναι,
1638 1159 1655 1194 ἢ
1675 1159 1790 1191 αἱωνίως
1818 1159 1868 1194 τὴν

1083 1203 1137 1230 τῶν
1154 1204 1327 1238 συκοφαντῶν
1339 1205 1481 1240 ὑπομεῖναι
1494 1205 1627 1241 τιμωρίαν
1644 1205 1717 1241 (15);

1120 1348 1163 1376 89.
1189 1348 1238 1375 Διὰ
1251 1357 1328 1376 τουτο
1352 1349 1406 1385 γὰρ
1431 1349 1541 1382 δικαίως
1566 1350 1614 1377 καὶ
1635 1349 1868 1386 ὲκκλησιαστικῶς

1085 1395 1224 1427 ποιοῦντες
1237 1396 1284 1422 καὶ
1294 1396 1318 1422 oi
1331 1396 1458 1432 μακάριοι
1471 1397 1667 1433 συλλειτουργοὶ
1677 1397 1764 1433 ἡμῶν.
1775 1397 1868 1433 ἐπειδή

1084 1450 1157 1472 τινες
1182 1441 1320 1477 ἀμφίὸολα
1343 1441 1377 1469 τὰ
1393 1442 1454 1469 καθ’
1469 1443 1543 1478 ἡμᾶς
1570 1443 1672 1477 ἔλεγον,
1687 1444 1734 1470 καὶ
1750 1442 1868 1478 ἀκυροῦδ

1087 1486 1226 1518 ὲὸιάζοντο
1253 1487 1287 1514 τὰ
1314 1487 1384 1524 ὑπὲρ
1406 1488 1484 1523 ἡμῶν
1504 1488 1642 1523 κριθέντα,
1668 1489 1757 1516 πάντα
1773 1489 1870 1516 παθεῖν

1087 1533 1235 1569 ὑπέμειναν
1250 1533 1306 1566 νῦν,
1323 1535 1371 1561 καὶ
1385 1534 1555 1570 ἐξορισθῆναι
1570 1534 1680 1567 εἴλοντο,
1697 1535 1714 1571 ἢ
1737 1535 1869 1571 λυομένας

285 1610 323 1641 (9)
343 1609 418 1636 Socr.
427 1610 489 1637 Soz.
499 1609 614 1642 Theod.,
626 1609 697 1645 τύχῃ
710 1608 879 1645 προσόψεως,
891 1609 956 1645 ὅστις
968 1610 1033 1645 παρ’
1047 1610 1068 1639 C
1085 1609 1153 1637 cisse

251 1645 317 1681 δμοῦ
332 1644 433 1677 αἰδοῦς.

288 1681 345 1741 illi)
362 1681 428 1716 Reg.
444 1681 614 1715 διαφυλάξει.
632 1680 710 1708 Socr.
726 1680 837 1707 Sozam.
851 1679 967 1711 Theod.,
977 1679 1036 1707 δια-

306 1724 373 1741 acor.

273 1715 373 1742 υλάξοι.

252 1724 373 1750 φυλαςοι.

289 1752 344 1784 (lt)
371 1751 462 1786 Ἐδόοη
481 1751 533 1786 πρὸ
551 1750 697 1777 δεκαπέντε
712 1749 850 1777 καλανδῶν
872 1749 988 1786 Ἰουλίων
1007 1751 1036 1786 ἐν

253 1786 407 1819 Τριὸέροις·
435 1784 530 1813 Datum
554 1786 665 1812 Treviris
683 1794 717 1812 xv
739 1786 861 1812 calendas
884 1785 982 1817 Julian,
1009 1784 1036 1812 id

253 1827 306 1850 est.
323 1820 357 1847 l7
373 1820 455 1847 Junii.
475 1823 510 1848 De
523 1828 594 1847 mtuo
602 1826 690 1847 autem
708 1821 844 1855 disputant
859 1820 1037 1847 recentiores.

254 1855 377 1882 Valesius
396 1856 458 1887 557,
477 1856 521 1883 alii
538 1864 601 1882 vero
613 1860 770 1890 sequentem
789 1855 928 1889 assignant
943 1864 949 1881 :
965 1855 1038 1890 liiem

255 1892 392 1918 resolvunt
418 1891 585 1918 Athanasius
605 1895 632 1917 et
658 1891 855 1917 Theodoretus.
869 1890 916 1916 Ille
933 1890 958 1917 in
974 1889 1039 1921 Epi-

255 1926 322 1953 stola
339 1927 372 1952 ad
385 1926 457 1952 salit.
470 1926 547 1959 paulo
559 1931 616 1957 post
629 1926 734 1960 initium
743 1933 751 1952 :
761 1924 854 1951 Ταῦτα
864 1924 1039 1960 συνορῶντες,

255 1961 304 1991 ait,
325 1962 349 1986 οἱ
366 1962 440 1995 τρεῖς
460 1957 581 1994 ἀδελφοὶ,
607 1957 822 1991 Κωνσταντῖνος.
841 1957 1041 1990 Κωνστάντιος,

255 1995 303 2021 καὶ
318 1994 460 2027 Κώνστας,
486 1995 618 2030 ἐποίησαν
639 1996 742 2027 πάντας
772 1995 840 2030 μετὰ
862 1995 976 2022 θάνατον
999 1994 1046 2021 τοῦ

256 2031 360 2062 πατρὸς
374 2031 531 2066 ἐπανελθεῖν
552 2032 592 2062 εἰς
606 2030 654 2065 τὴν
669 2030 784 2066 πατρίδα
807 2030 918 2066 καὶγτὴν
939 2030 1049 2066 Ἐκκλη-

257 2073 333 2092 υυυ·
352 2065 507 2100 γράψαντες
524 2066 589 2100 περὶ
607 2066 656 2100 μὲν
679 2065 731 2092 τῶν
744 2065 830 2091 ἄλλων
850 2065 904 2099 ἰδίᾳ
915 2066 954 2100 τῇ
981 2065 1047 2091 ἑκά-

258 2109 320 2127 στου
336 2099 484 2136 Ἐκκλησία
494 2109 500 2115 ’
511 2099 575 2137 περὶ
587 2101 615 2127 δὲ
635 2100 792 2137 Ἀθαν-ασίου
802 2100 897 2137 ταῦτα.
912 2099 975 2137 ac
988 2107 1046 2126 cum

257 2133 496 2162 animadverterent
510 2133 563 2162 tres
575 2137 682 2170 fratres,
700 2135 900 2165 Constantinus,
916 2133 1045 2170 constan-

257 2171 311 2197 tius
333 2176 357 2197 et
377 2169 520 2202 Constans.
537 2169 593 2204 post
615 2171 699 2204 patris
710 2170 821 2202 abitum,
836 2178 924 2196 omnes
943 2169 971 2195 in
990 2177 1044 2204 pu-

257 2206 338 2231 triam
351 2211 375 2232 et
395 2203 542 2232 Ecclesium
561 2203 636 2233 suam
648 2205 738 2233 reverti
753 2206 912 2239 jusserunt:
933 2203 1047 2230 scriben—

257 2245 295 2266 tes
321 2241 425 2274 quidem
447 2241 479 2267 de
500 2241 610 2273 singulis
638 2241 672 2266 ad
699 2238 818 2273 proprias
841 2238 989 2270 Ecclesiae,
1012 2239 1044 2265 de

257 2275 404 2302 Athanasio
419 2282 507 2302 autem
525 2277 638 2302 adhunc
654 2277 771 2302 modum.
784 2275 849 2301 Post
862 2275 918 2301 haec
935 2274 1045 2307 subjici-

259 2315 304 2336 tur
320 2311 425 2338 initium
442 2311 562 2345 epistolze
572 2311 742 2338 Constantini
755 2309 882 2345 junioris.
897 2309 965 2345 llinc
977 2316 1044 2336 sane

258 2345 342 2378 liquet
369 2353 402 2373 ex
432 2347 512 2374 trium
536 2346 648 2372 fratrum
674 2344 807 2373 consensu
828 2344 935 2371 exsules
951 2351 1044 2372 omnes

259 2387 402 2408 'evocatos
419 2381 523 2414 fuisse;
541 2386 621 2415 atque
635 2381 702 2408 adeo
721 2389 771 2407 non
788 2387 859 2406 anno
875 2379 924 2406 557
941 2379 987 2415 sed
1001 2385 1043 2406 se-

259 2422 373 2448 quente,
399 2416 434 2443 l7
459 2416 530 2444 Junii
558 2416 684 2449 seriptam
709 2416 792 2442 fuisse
806 2415 875 2442 hanc
891 2414 1043 2448 epistolam.

259 2451 493 2489 Aihanasiumque
503 2460 535 2479 ex
555 2451 648 2478 Galliis
665 2451 787 2489 rediisse.
803 2450 868 2489 Cum
887 2450 958 2489 enim
971 2457 1044 2489 anno

259 2485 311 2512 557
338 2486 398 2513 Maii
427 2484 556 2514 vicesima
581 2487 698 2513 secunda
723 2485 916 2513 Constantinus
933 2484 1043 2516 obierit,

259 2522 305 2548 vix
322 2521 355 2548 l7
368 2521 439 2549 Junii
454 2522 574 2555 ejusdem
589 2522 652 2548 anni
671 2522 793 2548 nuntium
808 2520 898 2555 obitus
910 2519 1043 2546 Constan-

261 2556 371 2591 tinopoli
389 2554 515 2584 Treviros
528 2557 682 2590 pervenisse
693 2557 836 2591 credatur:
846 2554 900 2581 Nec
916 2559 969 2581 tam
985 2561 1043 2580 mo-

261 2590 327 2630 dico
352 2593 481 2630 temporis
504 2592 660 2630 intervallo,
687 2591 784 2630 fratres
817 2590 939 2630 Gaisares
968 2594 1044 2630 tanto

262 2627 359 2654 itinere
385 2624 523 2661 disjuucti.
548 2634 580 2654 ac
606 2632 659 2653 tam
683 2626 810 2661 gravibus
831 2624 899 2651 alias
928 2624 1044 2659 negotiis

263 2662 403 2699 implicati,
425 2663 560 2699 communi
580 2669 712 2699 consensu
729 2661 848 2699 exsules“
861 2667 989 2692 revocare
1012 2666 1044 2699 ac

262 2695 366 2724 litteras
381 2697 519 2725 exsulibus
532 2697 638 2723 tradere
659 2700 812 2730 potuerunt.
830 2695 894 2728 Qua:
912 2695 1043 2730 sententia

262 2732 427 2759 validissime
443 2732 564 2758 lirtuatur
577 2731 736 2758 Theodoreti
752 2730 905 2757 testimonio
916 2730 960 2764 qui
977 2729 994 2756 l.
1012 2736 1051 2761 ιι,Δ

263 2773 287 2792 c.
307 2767 332 2798 l,
354 2768 391 2794 ait
405 2768 582 2794 Athanasium
611 2767 718 2793 biennio
745 2770 772 2792 et
797 2771 913 2800 quatuor
939 2772 1044 2791 menses

263 2801 383 2830 Treviris
399 2808 607 2830 commoratum.
621 2801 688 2828 Cum
705 2801 775 2828 eniut
789 2799 951 2827 Athanasius
967 2799 1044 2826 initio

263 2838 328 2863 anni
347 2837 400 2864 556
413 2837 540 2864 Treviros
563 2837 714 2868 advenerit,
732 2843 783 2862 non
801 2835 886 2868 potuit
906 2835 956 2861 nisi
973 2842 1044 2861 anno

262 2871 315 2901 558
332 2873 401 2900 duos
427 2879 512 2899 annos
530 2877 557 2899 et
574 2878 690 2906 quatuor
716 2879 822 2898 menses
842 2871 942 2898 ibidem
954 2871 1044 2897 conte-

1125 1645 1180 1676 (η)
1200 1647 1255 1673 Καὶ
1277 1646 1395 1674 τοσαῦτα
1418 1647 1494 1674 deest
1516 1648 1542 1674 in
1563 1649 1626 1674 edit.
1654 1648 1754 1681 Paris.,
1776 1648 1822 1675 sed
1841 1648 1868 1675 in

1088 1679 1151 1716 edit.
1161 1680 1288 1708 Commel.
1298 1687 1323 1708 et
1333 1683 1358 1708 in
1369 1690 1431 1709 mss.
1444 1683 1550 1715 legitur.
1562 1682 1642 1709 Paulo
1650 1689 1708 1715 pnst
1718 1679 1795 1716 Reg.,
1806 1692 1869 1710 κατ-

1089 1715 1209 1749 έγνωσαν
1221 1716 1332 1742 ἑαυτῶν.
1348 1717 1428 1750 ΕιΙὶιί,
1445 1718 1619 1751 κατέγνωσαν
1634 1719 1734 1746 αὐτῶν.

1126 1751 1181 1785 (l5)
1195 1751 1251 1788 llis,
1269 1751 1285 1786 ἢ
1302 1752 1419 1783 αἰωνίως
1429 1752 1477 1788 τὴν
1491 1753 1544 1780 τῶν
1566 1753 1740 1788 συκοφαντῶν
1759 1754 1871 1788 ὑπομεῖ-

1091 1794 1135 1823 ναι
1150 1786 1294 1823 τιμωρίαν,
1315 1786 1472 1823 terminatur
1494 1789 1612 1815 secunda
1636 1786 1698 1823 pars
1723 1786 1868 1822 Apologia.

1093 1821 1231 1855 Siquidem
1255 1826 1398 1854 antequam
1414 1822 1486 1848 illam
1504 1821 1642 1854 ordiatur,
1653 1824 1691 1850 ait
1707 1821 1869 1851 Athanasius

1093 1865 1169 1883 num.
1184 1856 1219 1892 58
1245 1863 1274 1883 se
1290 1857 1360 1883 illatn
1380 1856 1441 1883 ideo
1463 1858 1668 1890 conscripsisse,
1685 1863 1713 1884 ut
1730 1858 1815 1892 palam
1833 1858 1870 1884 fa-

1092 1891 1319 1929 ceretfpiscopos
1340 1899 1391 1917 non
1405 1892 1489 1929 gratia
1504 1893 1630 1927 quadam.
1647 1893 1692 1920 sed
1700 1891 1762 1929 jure
1776 1899 1803 1920 et
1818 1901 1872 1919 me-

1095 1926 1145 1962 rito
1170 1925 1275 1952 litteras
1298 1925 1458 1962 innocentia).
1478 1925 1533 1954 sine
1554 1933 1635 1954 testes
1657 1925 1819 1962 scripsisse:
1843 1933 1871 1955 ut

1100 1961 1163 1987 item
1185 1962 1337 1988 ostenderet
1367 1961 1505 1989 Ursacium
1525 1967 1551 1989 et
1573 1961 1718 1989 Valentem
1731 1964 1870 1989 veritatem

1099 2003 1158 2023 esse
1172 1995 1317 2023 confessos.
1334 1996 1512 2029 Quamobrem
1528 1998 1679 2032 Apologimu
1694 1997 1820 2024 claudens
1835 1999 1873 2024 ait

1100 2038 1129 2056 se
1145 2035 1288 2064 utrumque
1303 2032 1470 2065 exploratum
1485 2032 1590 2065 fecisse,
1614 2033 1753 2066 episcopos
1770 2033 1872 2060 scilicrt

1096 2065 1201 2102 jurelet
1217 2068 1366 2102 meritroaet
1382 2068 1542 2102 nonﬁgratia
1565 2069 1678 2101 quadam
1695 2076 1742 2102 prn
1760 2076 1806 2094 sua
1823 2068 1871 2094 de-

1100 2099 1219 2127 fensione
1244 2101 1408 2135 scripsisse:
1435 2099 1663 2129 Ursacium'w-ero
1685 2099 1711 2129 (ἐι
1733 2102 1870 2135 Valentem

1096 2135 1157 2171 jure
1176 2142 1206 2161 se
1219 2142 1279 2171 reos
1293 2136 1454 2168 declarasse,
1480 2137 1660 2171 maluisscque
1679 2138 1873 2170 aliquantisper

1100 2169 1342 2207 pudoresuﬂuudi.
1355 2178 1435 2207 quam
1450 2172 1475 2198 in
1496 2169 1624 2198 aeternum
1646 2169 1870 2207 sycophantarum

1100 2205 1257 2240 supplicium
1280 2205 1361 2232 luere.
1381 2205 1428 2233 His
1446 2211 1533 2234 autem
1553 2205 1696 2240 postremis
1712 2205 1804 2234 verbis
1828 2208 1870 2233 in-

1100 2240 1189 2267 nuitur
1202 2239 1341 2267 Ursacium
1354 2245 1380 2267 ct
1396 2241 1533 2268 Valentem
1553 2239 1676 2268 rnomlum
1691 2243 1717 2269 in
1743 2244 1870 2269 Arianam

1095 2275 1262 2310 impietatem
1278 2275 1415 2308 recidisse,
1432 2277 1540 2310 quando
1553 2278 1714 2304 Athanasius
1732 2279 1801 2304 hanc
1814 2277 1872 2303 edi-

1093 2310 1132 2336 dit
1161 2310 1313 2343 Apologiam
1330 2317 1339 2336 :
1360 2315 1440 2345 atque
1456 2313 1523 2338 adeo
1543 2320 1601 2338 eam
1619 2317 1682 2339 ante
1697 2320 1795 2339 annmn
1819 2311 1872 2339 352

1094 2346 1223 2379 scriptam
1244 2345 1338 2374 fuisse.
1361 2351 1391 2373 ut
1419 2346 1496 2372 initio
1522 2347 1685 2374 monuimus.
1706 2347 1737 2374 Et
1763 2355 1828 2374 vero
1848 2348 1870 2374 si

1096 2379 1222 2407 Ursacius
1247 2385 1274 2407 et
1294 2379 1393 2408 Valens
1416 2380 1556 2408 Athanasii
1583 2382 1790 2410 accusatoribus
1814 2389 1873 2409 sese

1092 2416 1147 2449 jam
1167 2416 1254 2441 denuo
1271 2417 1431 2446 sociasscnt.
1446 2416 1482 2442 uti
1503 2417 1590 2444 fecere
1607 2417 1677 2443 circa
1694 2425 1793 2443 annum
1819 2417 1868 2444 35l

1093 2450 1136 2477 vel
1152 2449 1214 2481 552,
1230 2458 1263 2476 an
1277 2450 1404 2477 credibile
1420 2456 1461 2478 est
1475 2451 1538 2478 illud
1554 2451 1587 2478 ab
1602 2452 1750 2480 Athanasio
1765 2458 1873 2485 praster-

1095 2485 1255 2511 mittendum
1286 2485 1398 2512 fuisse?
1426 2494 1459 2512 an
1484 2493 1576 2513 eorum
1604 2488 1815 2520 resipiscentiam
1839 2495 1873 2514 ex

1095 2527 1166 2547 metu
1190 2520 1284 2555 tegenti
1300 2520 1421 2554 supplicii
1438 2521 1593 2555 provenisse
1607 2522 1770 2548 Athanasius
1785 2522 1866 2550 dixis—

1094 2560 1145 2586 ενι,
1163 2555 1184 2581 si
1203 2553 1404 2591 Ufsacius’ipse
1418 2553 1479 2582 cum
1495 2556 1606 2584 Valente
1617 2557 1673 2591 jam
1690 2558 1873 2584 declarassem

1094 2597 1124 2625 se
1147 2592 1204 2616 solo
1218 2589 1370 2617 Constantis
1389 2591 1560 2625 imperatoris
1584 2589 1656 2618 tnétu
1683 2599 1716 2619 eo
1741 2593 1872 2622 adductos

1095 2624 1188 2656 fuisse,
1203 2629 1231 2651 ut
1246 2626 1431 2652 accusationes
1452 2626 1515 2653 snas
1535 2626 1618 2653 falsius
1638 2634 1698 2653 esse
1723 2627 1873 2653 faterentur

1093 2668 1154 2693 qua:
1170 2665 1258 2696 tamen
1271 2667 1342 2696 verae
1355 2660 1489 2696 fuissent;
1506 2662 1576 2694 quod
1591 2661 1650 2688 illos
1663 2666 1754 2696 postea
1775 2662 1872 2690 fecisse

1092 2695 1256 2722 Athanasius
1276 2695 1394 2729 Itcstalur
1420 2697 1445 2722 in
1465 2695 1549 2729 Epist.
1568 2697 1602 2722 ad
1626 2697 1780 2723 solitarios?
1805 2697 1872 2724 lliuc

1094 2737 1158 2767 sane
1174 2731 1258 2764 liquet
1270 2738 1301 2757 ea
1316 2738 1374 2763 qua:
1389 2731 1600 2767 subsequuntur,
1613 2731 1662 2758 Διὰ
1670 2731 1749 2758 τοῦτο
1763 2731 1817 2767 γὰρ
1831 2731 1872 2759 δι-

1094 2765 1189 2796 καίως,
1213 2769 1276 2795 etc.,
1296 2772 1380 2798 usque
1404 2766 1436 2791 ad
1460 2766 1550 2797 tinem,
1577 2767 1621 2793 diu
1652 2772 1711 2800 post
1743 2765 1871 2800 scriptam

1095 2800 1310 2835 Apoloqiamrhic
1327 2800 1416 2827 addita
1442 2800 1537 2834 fuisse,
1554 2807 1614 2835 post
1633 2801 1737 2834 lapsum
1764 2802 1870 2830 scilicet

1095 2835 1192 2864 Liberii
1209 2839 1237 2862 et
1253 2834 1337 2868 llosii,
1351 2835 1397 2870 qui
1411 2836 1436 2863 iu
1454 2834 1637 2864 annumcadit
1650 2837 1710 2864 357.

1062 2225 1085 2255 D
