  <div class='ocr_page' id='page_1' title='image "/cluster/home/n/w/nwhite01/storage/ocr_20150623/25/njp.32101010944591/490.png"; bbox 0 0 2031 3048; ppageno 0'>
   <div class='ocr_carea' id='block_1_1' title="bbox 182 162 233 190">
    <p class='ocr_par' dir='ltr' id='par_1_1' title="bbox 182 162 233 190">
     <span class='ocr_line' id='line_1_1' title="bbox 182 162 233 190; baseline -0.02 -1"><span class='ocrx_word' id='word_1_1' title='bbox 182 162 233 190; x_wconf 64' lang='grc' dir='ltr'>δυο</span> 
     </span>
    </p>
   </div>
   <div class='ocr_carea' id='block_1_2' title="bbox 744 162 1256 194">
    <p class='ocr_par' dir='ltr' id='par_1_2' title="bbox 744 162 1256 194">
     <span class='ocr_line' id='line_1_2' title="bbox 744 162 1256 194; baseline 0.006 -4"><span class='ocrx_word' id='word_1_2' title='bbox 744 162 915 191; x_wconf 73' lang='grc' dir='ltr'>ΑΡοιοοιΑ</span> <span class='ocrx_word' id='word_1_3' title='bbox 936 163 1077 192; x_wconf 82' lang='lat' dir='ltr'><strong>CONTRA</strong></span> <span class='ocrx_word' id='word_1_4' title='bbox 1095 164 1256 194; x_wconf 78' lang='lat' dir='ltr'><strong>ARIANOS.</strong></span> 
     </span>
    </p>
   </div>
   <div class='ocr_carea' id='block_1_3' title="bbox 1751 169 1804 197">
    <p class='ocr_par' dir='ltr' id='par_1_3' title="bbox 1751 169 1804 197">
     <span class='ocr_line' id='line_1_3' title="bbox 1751 169 1804 197; baseline 0.019 -1"><span class='ocrx_word' id='word_1_5' title='bbox 1751 169 1804 197; x_wconf 69' lang='grc' dir='ltr'><strong>ΗΘ</strong></span> 
     </span>
    </p>
   </div>
   <div class='ocr_carea' id='block_1_4' title="bbox 182 218 969 262">
    <p class='ocr_par' dir='ltr' id='par_1_4' title="bbox 182 218 969 257">
     <span class='ocr_line' id='line_1_4' title="bbox 182 218 969 257; baseline 0.005 -12"><span class='ocrx_word' id='word_1_6' title='bbox 182 219 246 246; x_wconf 71' lang='grc' dir='ltr'>ίθεῖν</span> <span class='ocrx_word' id='word_1_7' title='bbox 260 218 310 250; x_wconf 86' lang='grc' dir='ltr'><strong>τὰς</strong></span> <span class='ocrx_word' id='word_1_8' title='bbox 322 218 455 246; x_wconf 79' lang='grc' dir='ltr'><strong>τοσούτων</strong></span> <span class='ocrx_word' id='word_1_9' title='bbox 469 219 525 255; x_wconf 67' lang='grc'><strong>(14)</strong></span> <span class='ocrx_word' id='word_1_10' title='bbox 543 220 700 248; x_wconf 70' lang='grc' dir='ltr'>ἐπισκόπων</span> <span class='ocrx_word' id='word_1_11' title='bbox 725 222 840 257; x_wconf 86' lang='grc' dir='ltr'>κρίσεις.</span> <span class='ocrx_word' id='word_1_12' title='bbox 863 223 895 249; x_wconf 85' lang='lat' dir='ltr'><strong>El</strong></span> <span class='ocrx_word' id='word_1_13' title='bbox 924 222 969 257; x_wconf 62' lang='grc' dir='ltr'>μὲν</span> 
     </span>
    </p>
   </div>
   <div class='ocr_carea' id='block_1_5' title="bbox 1022 218 1804 262">
    <p class='ocr_par' dir='ltr' id='par_1_5' title="bbox 1024 225 1804 262">
     <span class='ocr_line' id='line_1_5' title="bbox 1024 225 1804 262; baseline 0.005 -12"><span class='ocrx_word' id='word_1_14' title='bbox 1024 231 1139 259; x_wconf 88' lang='lat' dir='ltr'><strong>rumque</strong></span> <span class='ocrx_word' id='word_1_15' title='bbox 1163 225 1352 260; x_wconf 80' lang='lat' dir='ltr'><strong>episcoporum</strong></span> <span class='ocrx_word' id='word_1_16' title='bbox 1371 225 1470 260; x_wconf 79' lang='lat' dir='ltr'><strong>judicia</strong></span> <span class='ocrx_word' id='word_1_17' title='bbox 1493 226 1622 262; x_wconf 73' lang='lat' dir='ltr'><strong>abrogata</strong></span> <span class='ocrx_word' id='word_1_18' title='bbox 1636 234 1759 255; x_wconf 74' lang='lat' dir='ltr'><strong>corruere.</strong></span> <span class='ocrx_word' id='word_1_19' title='bbox 1776 227 1804 256; x_wconf 88' lang='lat' dir='ltr'><strong>Si</strong></span> 
     </span>
    </p>
   </div>
   <div class='ocr_carea' id='block_1_6' title="bbox 183 263 974 303">
    <p class='ocr_par' dir='ltr' id='par_1_6' title="bbox 183 263 974 303">
     <span class='ocr_line' id='line_1_6' title="bbox 183 263 974 303; baseline 0.005 -12"><span class='ocrx_word' id='word_1_20' title='bbox 183 263 232 292; x_wconf 85' lang='grc' dir='ltr'>οὖν</span> <span class='ocrx_word' id='word_1_21' title='bbox 245 265 314 300; x_wconf 80' lang='grc' dir='ltr'>πρὸς</span> <span class='ocrx_word' id='word_1_22' title='bbox 327 265 390 297; x_wconf 82' lang='grc' dir='ltr'>τοὺς</span> <span class='ocrx_word' id='word_1_23' title='bbox 417 265 647 302; x_wconf 79' lang='grc' dir='ltr'><strong>βουλευσαμένους</strong></span> <span class='ocrx_word' id='word_1_24' title='bbox 667 267 728 294; x_wconf 79' lang='grc' dir='ltr'>καθ’</span> <span class='ocrx_word' id='word_1_25' title='bbox 741 268 829 303; x_wconf 81' lang='grc' dir='ltr'>ἡμῶν,</span> <span class='ocrx_word' id='word_1_26' title='bbox 847 269 894 295; x_wconf 81' lang='grc' dir='ltr'><strong>καὶ</strong></span> <span class='ocrx_word' id='word_1_27' title='bbox 915 269 974 296; x_wconf 80' lang='grc' dir='ltr'>ἑθε-</span> 
     </span>
    </p>
   </div>
   <div class='ocr_carea' id='block_1_7' title="bbox 180 311 974 350">
    <p class='ocr_par' dir='ltr' id='par_1_7' title="bbox 180 311 974 350">
     <span class='ocr_line' id='line_1_7' title="bbox 180 311 974 350; baseline 0.005 -13"><span class='ocrx_word' id='word_1_28' title='bbox 180 311 316 345; x_wconf 81' lang='grc' dir='ltr'>λήεαντας</span> <span class='ocrx_word' id='word_1_29' title='bbox 331 311 481 347; x_wconf 73' lang='grc' dir='ltr'>ἀνατρέψαι</span> <span class='ocrx_word' id='word_1_30' title='bbox 510 313 545 339; x_wconf 80' lang='grc' dir='ltr'>τὰ</span> <span class='ocrx_word' id='word_1_31' title='bbox 575 313 646 350; x_wconf 80' lang='grc' dir='ltr'>ὑπὲρ</span> <span class='ocrx_word' id='word_1_32' title='bbox 671 313 766 349; x_wconf 83' lang='grc' dir='ltr'>ἡμῶν,</span> <span class='ocrx_word' id='word_1_33' title='bbox 795 314 858 350; x_wconf 79' lang='grc' dir='ltr'>ἄχρι</span> <span class='ocrx_word' id='word_1_34' title='bbox 888 315 974 349; x_wconf 85' lang='grc' dir='ltr'>λόγων</span> 
     </span>
    </p>
   </div>
   <div class='ocr_carea' id='block_1_8' title="bbox 180 353 973 396">
    <p class='ocr_par' dir='ltr' id='par_1_8' title="bbox 180 353 973 396">
     <span class='ocr_line' id='line_1_8' title="bbox 180 353 973 396; baseline 0.006 -14"><span class='ocrx_word' id='word_1_35' title='bbox 180 353 251 391; x_wconf 83' lang='grc' dir='ltr'>ἦσαν</span> <span class='ocrx_word' id='word_1_36' title='bbox 268 356 412 389; x_wconf 80' lang='grc' dir='ltr'>ὲνστάντες</span> <span class='ocrx_word' id='word_1_37' title='bbox 428 358 454 384; x_wconf 78' lang='lat' dir='ltr'><strong>oi</strong></span> <span class='ocrx_word' id='word_1_38' title='bbox 471 358 577 393; x_wconf 80' lang='grc' dir='ltr'>ἀληθῶς</span> <span class='ocrx_word' id='word_1_39' title='bbox 591 359 743 391; x_wconf 72' lang='grc' dir='ltr'>ἐπίσκοποι,</span> <span class='ocrx_word' id='word_1_40' title='bbox 757 359 973 396; x_wconf 69' lang='grc' dir='ltr'>ἢτυχόντεςῌΒ)</span> 
     </span>
    </p>
   </div>
   <div class='ocr_carea' id='block_1_9' title="bbox 179 399 975 441">
    <p class='ocr_par' dir='ltr' id='par_1_9' title="bbox 179 399 975 441">
     <span class='ocr_line' id='line_1_9' title="bbox 179 399 975 441; baseline 0.008 -13"><span class='ocrx_word' id='word_1_41' title='bbox 179 399 251 437; x_wconf 80' lang='grc' dir='ltr'>ἦσαν</span> <span class='ocrx_word' id='word_1_42' title='bbox 277 402 382 438; x_wconf 77' lang='grc' dir='ltr'>ἄνδρες,</span> <span class='ocrx_word' id='word_1_43' title='bbox 400 403 469 430; x_wconf 80' lang='grc' dir='ltr'>ἀλλὰ</span> <span class='ocrx_word' id='word_1_44' title='bbox 489 405 526 439; x_wconf 81' lang='grc' dir='ltr'>μὴ</span> <span class='ocrx_word' id='word_1_45' title='bbox 552 405 696 441; x_wconf 74' lang='grc' dir='ltr'><strong>ἐπισήμων</strong></span> <span class='ocrx_word' id='word_1_46' title='bbox 719 406 834 436; x_wconf 85' lang='grc' dir='ltr'>πόλεων.</span> <span class='ocrx_word' id='word_1_47' title='bbox 857 408 904 433; x_wconf 78' lang='grc' dir='ltr'>καὶ</span> <span class='ocrx_word' id='word_1_48' title='bbox 928 416 975 434; x_wconf 86' lang='grc' dir='ltr'><strong>κε-</strong></span> 
     </span>
    </p>
   </div>
   <div class='ocr_carea' id='block_1_10' title="bbox 180 448 973 490">
    <p class='ocr_par' dir='ltr' id='par_1_10' title="bbox 180 448 973 490">
     <span class='ocr_line' id='line_1_10' title="bbox 180 448 973 490; baseline 0.01 -17"><span class='ocrx_word' id='word_1_49' title='bbox 180 448 263 482; x_wconf 81' lang='grc' dir='ltr'>φαλαὶ</span> <span class='ocrx_word' id='word_1_50' title='bbox 276 448 410 475; x_wconf 83' lang='grc' dir='ltr'><strong>τοσούτων</strong></span> <span class='ocrx_word' id='word_1_51' title='bbox 431 449 608 490; x_wconf 80' lang='grc' dir='ltr'>Ἐκκλησιῶν·</span> <span class='ocrx_word' id='word_1_52' title='bbox 639 449 673 487; x_wconf 84' lang='grc' dir='ltr'>ἦν</span> <span class='ocrx_word' id='word_1_53' title='bbox 699 452 732 479; x_wconf 75' lang='grc' dir='ltr'>ἂν</span> <span class='ocrx_word' id='word_1_54' title='bbox 750 453 912 481; x_wconf 82' lang='grc' dir='ltr'><strong>ὑποπτεύειν</strong></span> <span class='ocrx_word' id='word_1_55' title='bbox 937 454 973 490; x_wconf 83' lang='grc' dir='ltr'>μὴ</span> 
     </span>
    </p>
   </div>
   <div class='ocr_carea' id='block_1_11' title="bbox 180 488 974 536">
    <p class='ocr_par' dir='ltr' id='par_1_11' title="bbox 180 488 974 536">
     <span class='ocr_line' id='line_1_11' title="bbox 180 488 974 536; baseline 0.009 -15"><span class='ocrx_word' id='word_1_56' title='bbox 180 495 235 532; x_wconf 79' lang='grc' dir='ltr'>ἄρα</span> <span class='ocrx_word' id='word_1_57' title='bbox 255 495 440 531; x_wconf 75' lang='grc' dir='ltr'><strong>κεχαρισμένα</strong></span> <span class='ocrx_word' id='word_1_58' title='bbox 453 497 534 524; x_wconf 74' lang='grc' dir='ltr'>πάλιν</span> <span class='ocrx_word' id='word_1_59' title='bbox 552 488 689 531; x_wconf 73' lang='grc' dir='ltr'>ποίοῦντες</span> <span class='ocrx_word' id='word_1_60' title='bbox 709 499 916 536; x_wconf 73' lang='grc' dir='ltr'>ἐφιλονείκησαν</span> <span class='ocrx_word' id='word_1_61' title='bbox 927 488 974 528; x_wconf 52' lang='lat' dir='ltr'><strong>aut</strong></span> 
     </span>
    </p>
   </div>
   <div class='ocr_carea' id='block_1_12' title="bbox 181 540 971 580">
    <p class='ocr_par' dir='ltr' id='par_1_12' title="bbox 181 540 971 580">
     <span class='ocr_line' id='line_1_12' title="bbox 181 540 971 580; baseline 0.008 -12"><span class='ocrx_word' id='word_1_62' title='bbox 181 540 229 569; x_wconf 78' lang='grc' dir='ltr'>νῦν</span> <span class='ocrx_word' id='word_1_63' title='bbox 243 542 335 568; x_wconf 77' lang='grc' dir='ltr'>αύτοί’</span> <span class='ocrx_word' id='word_1_64' title='bbox 362 542 406 569; x_wconf 78' lang='grc' dir='ltr'><strong>ὅτε</strong></span> <span class='ocrx_word' id='word_1_65' title='bbox 431 543 459 570; x_wconf 73' lang='grc' dir='ltr'><strong>δὲ</strong></span> <span class='ocrx_word' id='word_1_66' title='bbox 481 544 528 570; x_wconf 74' lang='grc' dir='ltr'>καὶ</span> <span class='ocrx_word' id='word_1_67' title='bbox 554 544 694 580; x_wconf 72' lang='grc' dir='ltr'>λογισμοῖς</span> <span class='ocrx_word' id='word_1_68' title='bbox 717 545 824 573; x_wconf 76' lang='grc' dir='ltr'>ἔπειθον</span> <span class='ocrx_word' id='word_1_69' title='bbox 852 547 900 573; x_wconf 77' lang='grc' dir='ltr'><strong>καὶ</strong></span> <span class='ocrx_word' id='word_1_70' title='bbox 928 547 971 580; x_wconf 70' lang='grc' dir='ltr'><strong>ἐξ·</strong></span> 
     </span>
    </p>
   </div>
   <div class='ocr_carea' id='block_1_13' title="bbox 180 588 973 629">
    <p class='ocr_par' dir='ltr' id='par_1_13' title="bbox 180 588 973 629">
     <span class='ocr_line' id='line_1_13' title="bbox 180 588 973 629; baseline 0.01 -16"><span class='ocrx_word' id='word_1_71' title='bbox 180 588 292 624; x_wconf 83' lang='grc' dir='ltr'>ορισμὸν</span> <span class='ocrx_word' id='word_1_72' title='bbox 320 588 478 624; x_wconf 82' lang='grc' dir='ltr'>ὑπέμειναν,</span> <span class='ocrx_word' id='word_1_73' title='bbox 505 591 551 617; x_wconf 77' lang='grc' dir='ltr'><strong>καὶ</strong></span> <span class='ocrx_word' id='word_1_74' title='bbox 569 591 694 627; x_wconf 77' lang='grc' dir='ltr'>Λιὸέριός</span> <span class='ocrx_word' id='word_1_75' title='bbox 718 593 791 620; x_wconf 75' lang='grc' dir='ltr'>ἐστιν</span> <span class='ocrx_word' id='word_1_76' title='bbox 810 594 825 620; x_wconf 86' lang='grc' dir='ltr'><em>ὁ</em></span> <span class='ocrx_word' id='word_1_77' title='bbox 842 593 891 629; x_wconf 78' lang='grc' dir='ltr'>τῆς</span> <span class='ocrx_word' id='word_1_78' title='bbox 904 593 973 620; x_wconf 80' lang='grc' dir='ltr'><strong>Ῥώ-</strong></span> 
     </span>
    </p>
   </div>
   <div class='ocr_carea' id='block_1_14' title="bbox 183 634 971 675">
    <p class='ocr_par' dir='ltr' id='par_1_14' title="bbox 183 634 971 675">
     <span class='ocr_line' id='line_1_14' title="bbox 183 634 971 675; baseline 0.01 -16"><span class='ocrx_word' id='word_1_79' title='bbox 183 643 236 669; x_wconf 80' lang='grc' dir='ltr'>μης</span> <span class='ocrx_word' id='word_1_80' title='bbox 248 634 405 667; x_wconf 77' lang='grc' dir='ltr'>ἐπίσκοπος·</span> <span class='ocrx_word' id='word_1_81' title='bbox 423 637 448 662; x_wconf 84' lang='grc' dir='ltr'><strong>εί</strong></span> <span class='ocrx_word' id='word_1_82' title='bbox 468 636 523 672; x_wconf 80' lang='grc' dir='ltr'><strong>γὰρ</strong></span> <span class='ocrx_word' id='word_1_83' title='bbox 548 639 596 664; x_wconf 73' lang='grc' dir='ltr'><strong>καὶ</strong></span> <span class='ocrx_word' id='word_1_84' title='bbox 619 639 659 671; x_wconf 88' lang='grc' dir='ltr'><strong>είς</strong></span> <span class='ocrx_word' id='word_1_85' title='bbox 673 639 750 671; x_wconf 84' lang='grc' dir='ltr'>τέλος</span> <span class='ocrx_word' id='word_1_86' title='bbox 775 640 824 675; x_wconf 85' lang='grc' dir='ltr'><strong>οὐχ</strong></span> <span class='ocrx_word' id='word_1_87' title='bbox 840 640 971 675; x_wconf 84' lang='grc' dir='ltr'>ὑπέμεινε</span> 
     </span>
    </p>
   </div>
   <div class='ocr_carea' id='block_1_15' title="bbox 180 680 972 721">
    <p class='ocr_par' dir='ltr' id='par_1_15' title="bbox 180 680 972 721">
     <span class='ocr_line' id='line_1_15' title="bbox 180 680 972 721; baseline 0.008 -14"><span class='ocrx_word' id='word_1_88' title='bbox 180 680 228 707; x_wconf 68' lang='grc' dir='ltr'><strong>τοῦ</strong></span> <span class='ocrx_word' id='word_1_89' title='bbox 240 680 383 716; x_wconf 80' lang='grc' dir='ltr'>ἑξορισμοῦ</span> <span class='ocrx_word' id='word_1_90' title='bbox 405 682 455 718; x_wconf 85' lang='grc' dir='ltr'>τὴν</span> <span class='ocrx_word' id='word_1_91' title='bbox 479 683 578 718; x_wconf 79' lang='grc' dir='ltr'>θλίψιν,</span> <span class='ocrx_word' id='word_1_92' title='bbox 609 685 684 720; x_wconf 83' lang='grc' dir='ltr'>ὅμως</span> <span class='ocrx_word' id='word_1_93' title='bbox 707 685 810 713; x_wconf 84' lang='grc' dir='ltr'><strong>διετίαν</strong></span> <span class='ocrx_word' id='word_1_94' title='bbox 824 685 930 721; x_wconf 74' lang='grc' dir='ltr'>ἔμεινεν</span> <span class='ocrx_word' id='word_1_95' title='bbox 943 687 972 712; x_wconf 77' lang='grc' dir='ltr'>ἐν</span> 
     </span>
    </p>
   </div>
   <div class='ocr_carea' id='block_1_16' title="bbox 179 727 972 766">
    <p class='ocr_par' dir='ltr' id='par_1_16' title="bbox 179 727 972 766">
     <span class='ocr_line' id='line_1_16' title="bbox 179 727 972 766; baseline 0.008 -15"><span class='ocrx_word' id='word_1_96' title='bbox 179 727 213 761; x_wconf 81' lang='grc' dir='ltr'>τῇ</span> <span class='ocrx_word' id='word_1_97' title='bbox 231 727 363 762; x_wconf 84' lang='grc' dir='ltr'>μετοικίᾳ,</span> <span class='ocrx_word' id='word_1_98' title='bbox 378 727 518 761; x_wconf 78' lang='grc' dir='ltr'>γινώσκων</span> <span class='ocrx_word' id='word_1_99' title='bbox 527 729 578 765; x_wconf 84' lang='grc' dir='ltr'>τὴν</span> <span class='ocrx_word' id='word_1_100' title='bbox 590 730 650 756; x_wconf 80' lang='grc' dir='ltr'>καθ’</span> <span class='ocrx_word' id='word_1_101' title='bbox 664 730 742 764; x_wconf 81' lang='grc' dir='ltr'>ἡμῶν</span> <span class='ocrx_word' id='word_1_102' title='bbox 762 731 908 766; x_wconf 70' lang='grc' dir='ltr'><strong>ιιι-υσκευήν⁵</strong></span> <span class='ocrx_word' id='word_1_103' title='bbox 925 731 972 757; x_wconf 81' lang='grc' dir='ltr'><strong>καὶ</strong></span> 
     </span>
    </p>
   </div>
   <div class='ocr_carea' id='block_1_17' title="bbox 181 773 969 811">
    <p class='ocr_par' dir='ltr' id='par_1_17' title="bbox 181 773 969 811">
     <span class='ocr_line' id='line_1_17' title="bbox 181 773 969 811; baseline 0.005 -12"><span class='ocrx_word' id='word_1_104' title='bbox 181 773 276 808; x_wconf 70' lang='grc' dir='ltr'>ὶπειδὴ</span> <span class='ocrx_word' id='word_1_105' title='bbox 292 774 339 800; x_wconf 76' lang='grc' dir='ltr'><strong>καὶ</strong></span> <span class='ocrx_word' id='word_1_106' title='bbox 354 774 446 806; x_wconf 69' lang='lat' dir='ltr'><strong>“Octo;</strong></span> <span class='ocrx_word' id='word_1_107' title='bbox 461 775 476 800; x_wconf 80' lang='grc' dir='ltr'>ὁ</span> <span class='ocrx_word' id='word_1_108' title='bbox 490 775 576 811; x_wconf 84' lang='grc' dir='ltr'>μέγας</span> <span class='ocrx_word' id='word_1_109' title='bbox 589 776 657 807; x_wconf 75' lang='grc' dir='ltr'>ἐστὶ,</span> <span class='ocrx_word' id='word_1_110' title='bbox 674 776 721 802; x_wconf 78' lang='grc' dir='ltr'><strong>καὶ</strong></span> <span class='ocrx_word' id='word_1_111' title='bbox 735 777 759 802; x_wconf 82' lang='grc' dir='ltr'>οἱ</span> <span class='ocrx_word' id='word_1_112' title='bbox 771 776 822 811; x_wconf 80' lang='grc' dir='ltr'>τῆς</span> <span class='ocrx_word' id='word_1_113' title='bbox 843 776 969 808; x_wconf 84' lang='grc' dir='ltr'>Ἰταλίας,</span> 
     </span>
    </p>
   </div>
   <div class='ocr_carea' id='block_1_18' title="bbox 181 819 971 853">
    <p class='ocr_par' dir='ltr' id='par_1_18' title="bbox 181 819 971 853">
     <span class='ocr_line' id='line_1_18' title="bbox 181 819 971 853; baseline 0.004 -8"><span class='ocrx_word' id='word_1_114' title='bbox 181 819 228 845; x_wconf 74' lang='grc' dir='ltr'><strong>καὶ</strong></span> <span class='ocrx_word' id='word_1_115' title='bbox 253 819 278 845; x_wconf 80' lang='grc' dir='ltr'>οἱ</span> <span class='ocrx_word' id='word_1_116' title='bbox 298 819 352 846; x_wconf 81' lang='grc' dir='ltr'>τῶν</span> <span class='ocrx_word' id='word_1_117' title='bbox 373 819 501 852; x_wconf 84' lang='grc' dir='ltr'>Γαλλιῶν,</span> <span class='ocrx_word' id='word_1_118' title='bbox 518 821 566 847; x_wconf 79' lang='grc' dir='ltr'><strong>καὶ</strong></span> <span class='ocrx_word' id='word_1_119' title='bbox 585 820 660 847; x_wconf 75' lang='grc' dir='ltr'>ἄλλοι</span> <span class='ocrx_word' id='word_1_120' title='bbox 687 821 741 848; x_wconf 81' lang='grc' dir='ltr'><strong>ἀπὸ</strong></span> <span class='ocrx_word' id='word_1_121' title='bbox 767 821 902 853; x_wconf 84' lang='grc' dir='ltr'>Σπανιῶν,</span> <span class='ocrx_word' id='word_1_122' title='bbox 924 822 971 848; x_wconf 78' lang='grc' dir='ltr'>καὶ</span> 
     </span>
    </p>
   </div>
   <div class='ocr_carea' id='block_1_19' title="bbox 180 865 971 903">
    <p class='ocr_par' dir='ltr' id='par_1_19' title="bbox 180 865 971 903">
     <span class='ocr_line' id='line_1_19' title="bbox 180 865 971 903; baseline 0.004 -12"><span class='ocrx_word' id='word_1_123' title='bbox 180 865 226 891; x_wconf 78' lang='grc' dir='ltr'><strong>ἀπ’</strong></span> <span class='ocrx_word' id='word_1_124' title='bbox 239 865 389 899; x_wconf 75' lang='grc' dir='ltr'><strong>Αἰγύπτου,</strong></span> <span class='ocrx_word' id='word_1_125' title='bbox 406 866 453 893; x_wconf 82' lang='grc' dir='ltr'>καὶ</span> <span class='ocrx_word' id='word_1_126' title='bbox 468 866 580 902; x_wconf 76' lang='grc' dir='ltr'>Λιϐύης,</span> <span class='ocrx_word' id='word_1_127' title='bbox 601 868 648 894; x_wconf 74' lang='grc' dir='ltr'><strong>καὶ</strong></span> <span class='ocrx_word' id='word_1_128' title='bbox 663 868 687 894; x_wconf 76' lang='lat' dir='ltr'><strong>oi</strong></span> <span class='ocrx_word' id='word_1_129' title='bbox 707 868 756 903; x_wconf 84' lang='grc' dir='ltr'>τῆς</span> <span class='ocrx_word' id='word_1_130' title='bbox 778 867 971 899; x_wconf 82' lang='grc' dir='ltr'>Πενταπόλεως</span> 
     </span>
    </p>
   </div>
   <div class='ocr_carea' id='block_1_20' title="bbox 1032 270 1806 308">
    <p class='ocr_par' dir='ltr' id='par_1_20' title="bbox 1032 270 1806 308">
     <span class='ocr_line' id='line_1_20' title="bbox 1032 270 1806 308; baseline 0.005 -11"><span class='ocrx_word' id='word_1_131' title='bbox 1032 270 1126 305; x_wconf 86' lang='lat' dir='ltr'><strong>itaque</strong></span> <span class='ocrx_word' id='word_1_132' title='bbox 1145 271 1200 298; x_wconf 74' lang='lat' dir='ltr'><strong>veri</strong></span> <span class='ocrx_word' id='word_1_133' title='bbox 1214 271 1333 305; x_wconf 80' lang='lat' dir='ltr'><strong>episcopi</strong></span> <span class='ocrx_word' id='word_1_134' title='bbox 1352 271 1452 299; x_wconf 97' lang='lat' dir='ltr'><strong>nostris</strong></span> <span class='ocrx_word' id='word_1_135' title='bbox 1478 272 1692 306; x_wconf 69' lang='lat' dir='ltr'><strong>insidiatoribus,</strong></span> <span class='ocrx_word' id='word_1_136' title='bbox 1709 275 1755 308; x_wconf 83' lang='lat' dir='ltr'><strong>qui</strong></span> <span class='ocrx_word' id='word_1_137' title='bbox 1774 282 1806 302; x_wconf 89' lang='lat' dir='ltr'><strong>ea</strong></span> 
     </span>
    </p>
   </div>
   <div class='ocr_carea' id='block_1_21' title="bbox 1031 317 1806 354">
    <p class='ocr_par' dir='ltr' id='par_1_21' title="bbox 1031 317 1806 354">
     <span class='ocr_line' id='line_1_21' title="bbox 1031 317 1806 354; baseline 0.005 -11"><span class='ocrx_word' id='word_1_138' title='bbox 1031 323 1091 350; x_wconf 60' lang='lat' dir='ltr'><strong>quae</strong></span> <span class='ocrx_word' id='word_1_139' title='bbox 1107 323 1156 351; x_wconf 90' lang='lat' dir='ltr'><strong>pro</strong></span> <span class='ocrx_word' id='word_1_140' title='bbox 1170 317 1247 344; x_wconf 88' lang='lat' dir='ltr'><strong>nobis</strong></span> <span class='ocrx_word' id='word_1_141' title='bbox 1256 322 1329 352; x_wconf 82' lang='lat' dir='ltr'><strong>gesta</strong></span> <span class='ocrx_word' id='word_1_142' title='bbox 1344 323 1434 345; x_wconf 78' lang='lat' dir='ltr'><strong>essent</strong></span> <span class='ocrx_word' id='word_1_143' title='bbox 1452 319 1610 346; x_wconf 82' lang='lat' dir='ltr'><strong>subvertere</strong></span> <span class='ocrx_word' id='word_1_144' title='bbox 1623 320 1806 354; x_wconf 75' lang='lat' dir='ltr'><strong>conabantur,</strong></span> 
     </span>
    </p>
   </div>
   <div class='ocr_carea' id='block_1_22' title="bbox 1028 363 1807 403">
    <p class='ocr_par' dir='ltr' id='par_1_22' title="bbox 1028 363 1807 403">
     <span class='ocr_line' id='line_1_22' title="bbox 1028 363 1807 403; baseline 0.006 -14"><span class='ocrx_word' id='word_1_145' title='bbox 1028 363 1173 390; x_wconf 79' lang='lat' dir='ltr'><strong>verborum</strong></span> <span class='ocrx_word' id='word_1_146' title='bbox 1189 368 1292 390; x_wconf 87' lang='lat' dir='ltr'><strong>tantum</strong></span> <span class='ocrx_word' id='word_1_147' title='bbox 1307 368 1386 391; x_wconf 84' lang='lat' dir='ltr'><strong>tenus</strong></span> <span class='ocrx_word' id='word_1_148' title='bbox 1400 364 1572 392; x_wconf 88' lang='lat' dir='ltr'><strong>obstitissent</strong></span> <span class='ocrx_word' id='word_1_149' title='bbox 1587 374 1594 392; x_wconf 91' lang='lat'>:</span> <span class='ocrx_word' id='word_1_150' title='bbox 1616 371 1663 393; x_wconf 85' lang='lat' dir='ltr'><strong>aut</strong></span> <span class='ocrx_word' id='word_1_151' title='bbox 1677 367 1698 394; x_wconf 93' lang='lat' dir='ltr'><strong>si</strong></span> <span class='ocrx_word' id='word_1_152' title='bbox 1713 366 1807 403; x_wconf 76' lang='lat' dir='ltr'><strong>vulga-</strong></span> 
     </span>
    </p>
   </div>
   <div class='ocr_carea' id='block_1_23' title="bbox 1024 408 1805 441">
    <p class='ocr_par' dir='ltr' id='par_1_23' title="bbox 1024 408 1805 441">
     <span class='ocr_line' id='line_1_23' title="bbox 1024 408 1805 441; baseline 0.008 -6"><span class='ocrx_word' id='word_1_153' title='bbox 1024 415 1068 436; x_wconf 88' lang='lat' dir='ltr'><strong>res</strong></span> <span class='ocrx_word' id='word_1_154' title='bbox 1093 408 1207 436; x_wconf 78' lang='lat' dir='ltr'><strong>fuissent</strong></span> <span class='ocrx_word' id='word_1_155' title='bbox 1229 409 1367 441; x_wconf 84' lang='lat' dir='ltr'><strong>homines,</strong></span> <span class='ocrx_word' id='word_1_156' title='bbox 1388 414 1416 437; x_wconf 88' lang='lat' dir='ltr'><strong>et</strong></span> <span class='ocrx_word' id='word_1_157' title='bbox 1437 417 1490 438; x_wconf 90' lang='lat' dir='ltr'><strong>non</strong></span> <span class='ocrx_word' id='word_1_158' title='bbox 1514 411 1679 439; x_wconf 85' lang='lat' dir='ltr'><strong>eximiarum</strong></span> <span class='ocrx_word' id='word_1_159' title='bbox 1698 414 1805 441; x_wconf 85' lang='lat' dir='ltr'><strong>urbium</strong></span> 
     </span>
    </p>
   </div>
   <div class='ocr_carea' id='block_1_24' title="bbox 1022 455 1806 494">
    <p class='ocr_par' dir='ltr' id='par_1_24' title="bbox 1022 455 1806 494">
     <span class='ocr_line' id='line_1_24' title="bbox 1022 455 1806 494; baseline 0.006 -13"><span class='ocrx_word' id='word_1_160' title='bbox 1022 455 1141 490; x_wconf 83' lang='lat' dir='ltr'><strong>episcopi</strong></span> <span class='ocrx_word' id='word_1_161' title='bbox 1166 460 1194 483; x_wconf 88' lang='lat' dir='ltr'><strong>et</strong></span> <span class='ocrx_word' id='word_1_162' title='bbox 1212 455 1303 490; x_wconf 83' lang='lat' dir='ltr'><strong>capita</strong></span> <span class='ocrx_word' id='word_1_163' title='bbox 1338 461 1475 483; x_wconf 85' lang='lat' dir='ltr'><strong>tantarum</strong></span> <span class='ocrx_word' id='word_1_164' title='bbox 1499 457 1693 490; x_wconf 81' lang='lat' dir='ltr'><strong>ecclesiarum;</strong></span> <span class='ocrx_word' id='word_1_165' title='bbox 1719 461 1806 494; x_wconf 87' lang='lat' dir='ltr'><strong>suspi-</strong></span> 
     </span>
    </p>
   </div>
   <div class='ocr_carea' id='block_1_25' title="bbox 1023 502 1807 538">
    <p class='ocr_par' dir='ltr' id='par_1_25' title="bbox 1023 502 1807 538">
     <span class='ocr_line' id='line_1_25' title="bbox 1023 502 1807 538; baseline 0.006 -10"><span class='ocrx_word' id='word_1_166' title='bbox 1023 503 1137 529; x_wconf 82' lang='lat' dir='ltr'><strong>candum</strong></span> <span class='ocrx_word' id='word_1_167' title='bbox 1155 509 1221 530; x_wconf 80' lang='lat' dir='ltr'><strong>sane</strong></span> <span class='ocrx_word' id='word_1_168' title='bbox 1243 503 1322 534; x_wconf 79' lang='lat' dir='ltr'><strong>foret,</strong></span> <span class='ocrx_word' id='word_1_169' title='bbox 1342 510 1381 529; x_wconf 75' lang='lat' dir='ltr'><strong>ne</strong></span> <span class='ocrx_word' id='word_1_170' title='bbox 1407 502 1493 538; x_wconf 71' lang='lat' dir='ltr'><strong>gratia</strong></span> <span class='ocrx_word' id='word_1_171' title='bbox 1516 503 1632 537; x_wconf 82' lang='lat' dir='ltr'><strong>quadam</strong></span> <span class='ocrx_word' id='word_1_172' title='bbox 1653 509 1699 532; x_wconf 88' lang='lat' dir='ltr'><strong>aut</strong></span> <span class='ocrx_word' id='word_1_173' title='bbox 1714 504 1807 533; x_wconf 75' lang='lat' dir='ltr'><strong>favore</strong></span> 
     </span>
    </p>
   </div>
   <div class='ocr_carea' id='block_1_26' title="bbox 1025 547 1806 583">
    <p class='ocr_par' dir='ltr' id='par_1_26' title="bbox 1025 547 1806 583">
     <span class='ocr_line' id='line_1_26' title="bbox 1025 547 1806 583; baseline 0.005 -9"><span class='ocrx_word' id='word_1_174' title='bbox 1025 547 1108 580; x_wconf 87' lang='lat' dir='ltr'><strong>ducti,</strong></span> <span class='ocrx_word' id='word_1_175' title='bbox 1127 548 1211 575; x_wconf 87' lang='lat' dir='ltr'><strong>nostri</strong></span> <span class='ocrx_word' id='word_1_176' title='bbox 1225 555 1305 576; x_wconf 83' lang='lat' dir='ltr'><strong>causa</strong></span> <span class='ocrx_word' id='word_1_177' title='bbox 1319 548 1375 583; x_wconf 84' lang='lat' dir='ltr'><strong>jam</strong></span> <span class='ocrx_word' id='word_1_178' title='bbox 1393 549 1602 576; x_wconf 81' lang='lat' dir='ltr'><strong>contenderent.</strong></span> <span class='ocrx_word' id='word_1_179' title='bbox 1625 549 1692 577; x_wconf 86' lang='lat' dir='ltr'><strong>Cum</strong></span> <span class='ocrx_word' id='word_1_180' title='bbox 1716 555 1806 578; x_wconf 79' lang='lat' dir='ltr'><strong>autem</strong></span> 
     </span>
    </p>
   </div>
   <div class='ocr_carea' id='block_1_27' title="bbox 1023 593 1806 629">
    <p class='ocr_par' dir='ltr' id='par_1_27' title="bbox 1023 593 1806 629">
     <span class='ocr_line' id='line_1_27' title="bbox 1023 593 1806 629; baseline 0.006 -10"><span class='ocrx_word' id='word_1_181' title='bbox 1023 600 1076 620; x_wconf 89' lang='lat' dir='ltr'><strong>non</strong></span> <span class='ocrx_word' id='word_1_182' title='bbox 1099 593 1186 620; x_wconf 88' lang='lat' dir='ltr'><strong>solum</strong></span> <span class='ocrx_word' id='word_1_183' title='bbox 1212 593 1302 621; x_wconf 80' lang='lat' dir='ltr'><strong>verbis</strong></span> <span class='ocrx_word' id='word_1_184' title='bbox 1329 593 1396 620; x_wconf 91' lang='lat' dir='ltr'><strong>mibi</strong></span> <span class='ocrx_word' id='word_1_185' title='bbox 1426 594 1588 628; x_wconf 89' lang='lat' dir='ltr'><strong>patrocinati</strong></span> <span class='ocrx_word' id='word_1_186' title='bbox 1615 594 1725 629; x_wconf 79' lang='lat' dir='ltr'><strong>fuerint,</strong></span> <span class='ocrx_word' id='word_1_187' title='bbox 1757 596 1806 624; x_wconf 85' lang='lat' dir='ltr'><strong>sed</strong></span> 
     </span>
    </p>
   </div>
   <div class='ocr_carea' id='block_1_28' title="bbox 1021 639 1808 675">
    <p class='ocr_par' dir='ltr' id='par_1_28' title="bbox 1021 639 1808 675">
     <span class='ocr_line' id='line_1_28' title="bbox 1021 639 1808 675; baseline 0.004 -9"><span class='ocrx_word' id='word_1_188' title='bbox 1021 639 1102 666; x_wconf 88' lang='lat' dir='ltr'><strong>etiam</strong></span> <span class='ocrx_word' id='word_1_189' title='bbox 1117 639 1242 666; x_wconf 77' lang='lat' dir='ltr'><strong>exsilium</strong></span> <span class='ocrx_word' id='word_1_190' title='bbox 1255 639 1447 671; x_wconf 79' lang='lat' dir='ltr'><strong>sustinuerint,</strong></span> <span class='ocrx_word' id='word_1_191' title='bbox 1464 647 1497 667; x_wconf 80' lang='lat' dir='ltr'><strong>ex</strong></span> <span class='ocrx_word' id='word_1_192' title='bbox 1517 647 1668 675; x_wconf 88' lang='lat' dir='ltr'><strong>eorumque</strong></span> <span class='ocrx_word' id='word_1_193' title='bbox 1693 649 1808 669; x_wconf 85' lang='lat' dir='ltr'><strong>numero</strong></span> 
     </span>
    </p>
   </div>
   <div class='ocr_carea' id='block_1_29' title="bbox 1021 683 1807 720">
    <p class='ocr_par' dir='ltr' id='par_1_29' title="bbox 1021 683 1807 720">
     <span class='ocr_line' id='line_1_29' title="bbox 1021 683 1807 720; baseline 0.005 -10"><span class='ocrx_word' id='word_1_194' title='bbox 1021 683 1058 710; x_wconf 87' lang='lat' dir='ltr'><strong>sit</strong></span> <span class='ocrx_word' id='word_1_195' title='bbox 1086 683 1208 711; x_wconf 81' lang='lat' dir='ltr'><strong>Liberius</strong></span> <span class='ocrx_word' id='word_1_196' title='bbox 1236 683 1329 711; x_wconf 59' lang='lat' dir='ltr'><strong>Romae</strong></span> <span class='ocrx_word' id='word_1_197' title='bbox 1355 685 1527 720; x_wconf 86' lang='lat' dir='ltr'><strong>episcopus;</strong></span> <span class='ocrx_word' id='word_1_198' title='bbox 1557 692 1617 712; x_wconf 90' lang='lat' dir='ltr'><strong>nam</strong></span> <span class='ocrx_word' id='word_1_199' title='bbox 1643 686 1694 714; x_wconf 83' lang='lat' dir='ltr'><strong>etsi</strong></span> <span class='ocrx_word' id='word_1_200' title='bbox 1719 687 1807 714; x_wconf 77' lang='lat' dir='ltr'><strong>exsilii</strong></span> 
     </span>
    </p>
   </div>
   <div class='ocr_carea' id='block_1_30' title="bbox 1021 729 1806 764">
    <p class='ocr_par' dir='ltr' id='par_1_30' title="bbox 1021 729 1806 764">
     <span class='ocr_line' id='line_1_30' title="bbox 1021 729 1806 764; baseline 0.003 -9"><span class='ocrx_word' id='word_1_201' title='bbox 1021 735 1156 756; x_wconf 65' lang='lat' dir='ltr'><strong>aerumnas</strong></span> <span class='ocrx_word' id='word_1_202' title='bbox 1171 729 1205 756; x_wconf 81' lang='lat' dir='ltr'><strong>ad</strong></span> <span class='ocrx_word' id='word_1_203' title='bbox 1220 729 1299 756; x_wconf 86' lang='lat' dir='ltr'><strong>linem</strong></span> <span class='ocrx_word' id='word_1_204' title='bbox 1312 736 1397 764; x_wconf 88' lang='lat' dir='ltr'><strong>usque</strong></span> <span class='ocrx_word' id='word_1_205' title='bbox 1414 736 1468 756; x_wconf 91' lang='lat' dir='ltr'><strong>non</strong></span> <span class='ocrx_word' id='word_1_206' title='bbox 1486 729 1652 761; x_wconf 83' lang='lat' dir='ltr'><strong>toleraverit,</strong></span> <span class='ocrx_word' id='word_1_207' title='bbox 1684 735 1806 757; x_wconf 86' lang='lat' dir='ltr'><strong>attamen</strong></span> 
     </span>
    </p>
   </div>
   <div class='ocr_carea' id='block_1_31' title="bbox 1021 774 1807 810">
    <p class='ocr_par' dir='ltr' id='par_1_31' title="bbox 1021 774 1807 810">
     <span class='ocr_line' id='line_1_31' title="bbox 1021 774 1807 810; baseline 0.004 -9"><span class='ocrx_word' id='word_1_208' title='bbox 1021 775 1093 809; x_wconf 89' lang='lat' dir='ltr'><strong>quod</strong></span> <span class='ocrx_word' id='word_1_209' title='bbox 1109 774 1251 802; x_wconf 79' lang='lat' dir='ltr'><strong>conﬂatam</strong></span> <span class='ocrx_word' id='word_1_210' title='bbox 1265 775 1292 802; x_wconf 92' lang='lat' dir='ltr'><strong>in</strong></span> <span class='ocrx_word' id='word_1_211' title='bbox 1310 782 1360 802; x_wconf 86' lang='lat' dir='ltr'><strong>nos</strong></span> <span class='ocrx_word' id='word_1_212' title='bbox 1375 775 1604 810; x_wconf 80' lang='lat' dir='ltr'><strong>conspirationem</strong></span> <span class='ocrx_word' id='word_1_213' title='bbox 1637 776 1720 810; x_wconf 84' lang='lat' dir='ltr'><strong>probe</strong></span> <span class='ocrx_word' id='word_1_214' title='bbox 1743 784 1807 804; x_wconf 84' lang='lat' dir='ltr'><strong>nos-</strong></span> 
     </span>
    </p>
   </div>
   <div class='ocr_carea' id='block_1_32' title="bbox 1021 820 1804 852">
    <p class='ocr_par' dir='ltr' id='par_1_32' title="bbox 1021 820 1804 852">
     <span class='ocr_line' id='line_1_32' title="bbox 1021 820 1804 852; baseline 0.004 -6"><span class='ocrx_word' id='word_1_215' title='bbox 1021 826 1073 852; x_wconf 86' lang='lat' dir='ltr'><strong>set,</strong></span> <span class='ocrx_word' id='word_1_216' title='bbox 1100 820 1210 847; x_wconf 89' lang='lat' dir='ltr'><strong>biennio</strong></span> <span class='ocrx_word' id='word_1_217' title='bbox 1232 820 1258 847; x_wconf 93' lang='lat' dir='ltr'><strong>in</strong></span> <span class='ocrx_word' id='word_1_218' title='bbox 1283 820 1370 848; x_wconf 80' lang='lat' dir='ltr'><strong>exsilii</strong></span> <span class='ocrx_word' id='word_1_219' title='bbox 1386 821 1445 848; x_wconf 91' lang='lat' dir='ltr'><strong>loco</strong></span> <span class='ocrx_word' id='word_1_220' title='bbox 1456 826 1498 848; x_wconf 85' lang='lat' dir='ltr'><strong>est</strong></span> <span class='ocrx_word' id='word_1_221' title='bbox 1513 826 1695 849; x_wconf 81' lang='lat' dir='ltr'><strong>commoratus</strong></span> <span class='ocrx_word' id='word_1_222' title='bbox 1717 830 1724 848; x_wconf 84' lang='lat'><strong><em>:</em></strong></span> <span class='ocrx_word' id='word_1_223' title='bbox 1742 829 1804 849; x_wconf 86' lang='lat' dir='ltr'><strong>cum</strong></span> 
     </span>
    </p>
   </div>
   <div class='ocr_carea' id='block_1_33' title="bbox 1021 866 1805 902">
    <p class='ocr_par' dir='ltr' id='par_1_33' title="bbox 1021 866 1805 902">
     <span class='ocr_line' id='line_1_33' title="bbox 1021 866 1805 902; baseline 0.004 -10"><span class='ocrx_word' id='word_1_224' title='bbox 1021 866 1102 893; x_wconf 86' lang='lat' dir='ltr'><strong>etiam</strong></span> <span class='ocrx_word' id='word_1_225' title='bbox 1126 873 1159 893; x_wconf 91' lang='lat' dir='ltr'><strong>ex</strong></span> <span class='ocrx_word' id='word_1_226' title='bbox 1183 873 1277 893; x_wconf 86' lang='lat' dir='ltr'><strong>eorum</strong></span> <span class='ocrx_word' id='word_1_227' title='bbox 1303 873 1419 893; x_wconf 84' lang='lat' dir='ltr'><strong>numero</strong></span> <span class='ocrx_word' id='word_1_228' title='bbox 1439 866 1475 893; x_wconf 88' lang='lat' dir='ltr'><strong>sit</strong></span> <span class='ocrx_word' id='word_1_229' title='bbox 1497 874 1610 901; x_wconf 73' lang='lat' dir='ltr'><strong>magnus</strong></span> <span class='ocrx_word' id='word_1_230' title='bbox 1632 867 1676 895; x_wconf 92' lang='lat' dir='ltr'><strong>ille</strong></span> <span class='ocrx_word' id='word_1_231' title='bbox 1695 867 1805 902; x_wconf 81' lang='lat' dir='ltr'><strong>Hosius,</strong></span> 
     </span>
    </p>
   </div>
   <div class='ocr_carea' id='block_1_34' title="bbox 181 906 969 948">
    <p class='ocr_par' dir='ltr' id='par_1_34' title="bbox 181 909 969 948">
     <span class='ocr_line' id='line_1_34' title="bbox 181 909 969 948; baseline 0.004 -12"><span class='ocrx_word' id='word_1_232' title='bbox 181 909 291 942; x_wconf 82' lang='grc' dir='ltr'>πάντες·</span> <span class='ocrx_word' id='word_1_233' title='bbox 308 911 333 937; x_wconf 86' lang='grc' dir='ltr'>εί</span> <span class='ocrx_word' id='word_1_234' title='bbox 347 910 402 946; x_wconf 77' lang='grc' dir='ltr'>γὰρ</span> <span class='ocrx_word' id='word_1_235' title='bbox 418 911 476 943; x_wconf 78' lang='grc' dir='ltr'>καὶ,</span> <span class='ocrx_word' id='word_1_236' title='bbox 488 912 556 947; x_wconf 83' lang='grc' dir='ltr'>πρὸς</span> <span class='ocrx_word' id='word_1_237' title='bbox 571 912 661 946; x_wconf 81' lang='grc' dir='ltr'>ὀλίγον</span> <span class='ocrx_word' id='word_1_238' title='bbox 678 913 806 948; x_wconf 78' lang='grc' dir='ltr'>φοὸηθεὶς</span> <span class='ocrx_word' id='word_1_239' title='bbox 820 912 870 944; x_wconf 80' lang='grc' dir='ltr'>τὰς</span> <span class='ocrx_word' id='word_1_240' title='bbox 890 913 969 939; x_wconf 79' lang='grc' dir='ltr'>ἀπει-</span> 
     </span>
    </p>
   </div>
   <div class='ocr_carea' id='block_1_35' title="bbox 1022 906 1807 948">
    <p class='ocr_par' dir='ltr' id='par_1_35' title="bbox 1022 911 1807 948">
     <span class='ocr_line' id='line_1_35' title="bbox 1022 911 1807 948; baseline 0.003 -10"><span class='ocrx_word' id='word_1_241' title='bbox 1022 918 1084 938; x_wconf 89' lang='lat' dir='ltr'><strong>cum</strong></span> <span class='ocrx_word' id='word_1_242' title='bbox 1097 911 1232 946; x_wconf 83' lang='lat' dir='ltr'><strong>episcopis</strong></span> <span class='ocrx_word' id='word_1_243' title='bbox 1248 911 1340 944; x_wconf 76' lang='lat' dir='ltr'><strong>ltalite,</strong></span> <span class='ocrx_word' id='word_1_244' title='bbox 1351 911 1510 945; x_wconf 83' lang='lat' dir='ltr'><strong>Galliarum,</strong></span> <span class='ocrx_word' id='word_1_245' title='bbox 1532 918 1560 940; x_wconf 91' lang='lat' dir='ltr'><strong>et</strong></span> <span class='ocrx_word' id='word_1_246' title='bbox 1574 913 1634 940; x_wconf 84' lang='lat' dir='ltr'><strong>aliis</strong></span> <span class='ocrx_word' id='word_1_247' title='bbox 1657 921 1688 940; x_wconf 89' lang='lat' dir='ltr'><strong>ex</strong></span> <span class='ocrx_word' id='word_1_248' title='bbox 1707 912 1807 948; x_wconf 86' lang='lat' dir='ltr'><strong>llispa-</strong></span> 
     </span>
    </p>
   </div>
   <div class='ocr_carea' id='block_1_36' title="bbox 180 956 969 994">
    <p class='ocr_par' dir='ltr' id='par_1_36' title="bbox 180 956 969 994">
     <span class='ocr_line' id='line_1_36' title="bbox 180 956 969 994; baseline 0.003 -12"><span class='ocrx_word' id='word_1_249' title='bbox 180 956 229 988; x_wconf 68' lang='grc' dir='ltr'><strong>λὰς</strong></span> <span class='ocrx_word' id='word_1_250' title='bbox 253 957 454 990; x_wconf 82' lang='grc' dir='ltr'>Κωνσταντίου,</span> <span class='ocrx_word' id='word_1_251' title='bbox 483 957 572 990; x_wconf 69' lang='grc' dir='ltr'>ἔδοξεν</span> <span class='ocrx_word' id='word_1_252' title='bbox 599 958 713 991; x_wconf 68' lang='grc' dir='ltr'>ἐκείνοις</span> <span class='ocrx_word' id='word_1_253' title='bbox 742 959 780 994; x_wconf 85' lang='grc' dir='ltr'>μὴ</span> <span class='ocrx_word' id='word_1_254' title='bbox 808 958 969 993; x_wconf 80' lang='grc' dir='ltr'>ἀντιλέγειν,</span> 
     </span>
    </p>
   </div>
   <div class='ocr_carea' id='block_1_37' title="bbox 180 1002 967 1040">
    <p class='ocr_par' dir='ltr' id='par_1_37' title="bbox 180 1002 967 1040">
     <span class='ocr_line' id='line_1_37' title="bbox 180 1002 967 1040; baseline 0.003 -11"><span class='ocrx_word' id='word_1_255' title='bbox 180 1002 237 1029; x_wconf 78' lang='grc' dir='ltr'>ἀλλ’</span> <span class='ocrx_word' id='word_1_256' title='bbox 249 1004 266 1038; x_wconf 82' lang='grc' dir='ltr'>ἡ</span> <span class='ocrx_word' id='word_1_257' title='bbox 277 1002 361 1039; x_wconf 85' lang='grc' dir='ltr'>πολλὴ</span> <span class='ocrx_word' id='word_1_258' title='bbox 379 1003 424 1038; x_wconf 84' lang='grc' dir='ltr'>βία</span> <span class='ocrx_word' id='word_1_259' title='bbox 436 1004 481 1031; x_wconf 76' lang='grc' dir='ltr'><strong>καὶ</strong></span> <span class='ocrx_word' id='word_1_260' title='bbox 492 1005 639 1040; x_wconf 81' lang='grc' dir='ltr'>τυραννικὴ</span> <span class='ocrx_word' id='word_1_261' title='bbox 650 1004 759 1038; x_wconf 72' lang='grc' dir='ltr'>ἐξουσία</span> <span class='ocrx_word' id='word_1_262' title='bbox 767 1005 967 1037; x_wconf 84' lang='grc' dir='ltr'>Κωνσταντίου,</span> 
     </span>
    </p>
   </div>
   <div class='ocr_carea' id='block_1_38' title="bbox 179 1049 969 1087">
    <p class='ocr_par' dir='ltr' id='par_1_38' title="bbox 179 1049 969 1087">
     <span class='ocr_line' id='line_1_38' title="bbox 179 1049 969 1087; baseline 0.004 -12"><span class='ocrx_word' id='word_1_263' title='bbox 179 1049 227 1076; x_wconf 75' lang='grc' dir='ltr'><strong>καὶ</strong></span> <span class='ocrx_word' id='word_1_264' title='bbox 241 1050 268 1076; x_wconf 88' lang='grc' dir='ltr'><strong>αί</strong></span> <span class='ocrx_word' id='word_1_265' title='bbox 285 1049 409 1077; x_wconf 80' lang='grc' dir='ltr'>πλεῖσται</span> <span class='ocrx_word' id='word_1_266' title='bbox 431 1050 525 1086; x_wconf 73' lang='grc' dir='ltr'>ὕϐρεις</span> <span class='ocrx_word' id='word_1_267' title='bbox 547 1051 595 1078; x_wconf 77' lang='grc' dir='ltr'>καὶ</span> <span class='ocrx_word' id='word_1_268' title='bbox 621 1051 725 1087; x_wconf 78' lang='grc' dir='ltr'>πληγαὶ</span> <span class='ocrx_word' id='word_1_269' title='bbox 739 1051 794 1087; x_wconf 77' lang='grc'><strong>(16)</strong></span> <span class='ocrx_word' id='word_1_270' title='bbox 823 1051 969 1083; x_wconf 86' lang='grc' dir='ltr'>δεικνῦσιν,</span> 
     </span>
    </p>
   </div>
   <div class='ocr_carea' id='block_1_39' title="bbox 178 1094 968 1133">
    <p class='ocr_par' dir='ltr' id='par_1_39' title="bbox 178 1094 968 1133">
     <span class='ocr_line' id='line_1_39' title="bbox 178 1094 968 1133; baseline 0.004 -12"><span class='ocrx_word' id='word_1_271' title='bbox 178 1094 220 1122; x_wconf 74' lang='grc' dir='ltr'>ὅτι</span> <span class='ocrx_word' id='word_1_272' title='bbox 239 1095 276 1130; x_wconf 81' lang='grc' dir='ltr'>μὴ</span> <span class='ocrx_word' id='word_1_273' title='bbox 293 1097 445 1130; x_wconf 79' lang='grc' dir='ltr'>καταγνοὺς</span> <span class='ocrx_word' id='word_1_274' title='bbox 452 1097 541 1132; x_wconf 81' lang='grc' dir='ltr'>ἡμῶν,</span> <span class='ocrx_word' id='word_1_275' title='bbox 568 1097 636 1124; x_wconf 81' lang='grc' dir='ltr'>ἀλλὰ</span> <span class='ocrx_word' id='word_1_276' title='bbox 647 1097 690 1124; x_wconf 81' lang='grc' dir='ltr'><strong>διὰ</strong></span> <span class='ocrx_word' id='word_1_277' title='bbox 705 1096 755 1133; x_wconf 86' lang='grc' dir='ltr'>τὴν</span> <span class='ocrx_word' id='word_1_278' title='bbox 766 1097 908 1124; x_wconf 80' lang='grc' dir='ltr'>ἀσθένειαν</span> <span class='ocrx_word' id='word_1_279' title='bbox 920 1097 968 1124; x_wconf 82' lang='grc' dir='ltr'>τοῦ</span> 
     </span>
    </p>
   </div>
   <div class='ocr_carea' id='block_1_40' title="bbox 179 1139 967 1178">
    <p class='ocr_par' dir='ltr' id='par_1_40' title="bbox 179 1139 967 1178">
     <span class='ocr_line' id='line_1_40' title="bbox 179 1139 967 1178; baseline 0.003 -12"><span class='ocrx_word' id='word_1_280' title='bbox 179 1139 272 1175; x_wconf 72' lang='grc' dir='ltr'>γήρως</span> <span class='ocrx_word' id='word_1_281' title='bbox 293 1140 324 1166; x_wconf 88' lang='grc' dir='ltr'>οὺ</span> <span class='ocrx_word' id='word_1_282' title='bbox 340 1140 429 1176; x_wconf 81' lang='grc' dir='ltr'>φέρων</span> <span class='ocrx_word' id='word_1_283' title='bbox 444 1141 494 1173; x_wconf 82' lang='grc' dir='ltr'><strong>τὰς</strong></span> <span class='ocrx_word' id='word_1_284' title='bbox 510 1141 627 1178; x_wconf 72' lang='grc' dir='ltr'>πληγὰς,</span> <span class='ocrx_word' id='word_1_285' title='bbox 645 1141 713 1178; x_wconf 82' lang='grc' dir='ltr'>πρὸς</span> <span class='ocrx_word' id='word_1_286' title='bbox 727 1142 822 1177; x_wconf 76' lang='grc' dir='ltr'>καιρὸν</span> <span class='ocrx_word' id='word_1_287' title='bbox 832 1139 901 1174; x_wconf 69' lang='grc' dir='ltr'>εἶξεν</span> <span class='ocrx_word' id='word_1_288' title='bbox 917 1142 967 1168; x_wconf 88' lang='grc' dir='ltr'><strong>αὺ-</strong></span> 
     </span>
    </p>
   </div>
   <div class='ocr_carea' id='block_1_41' title="bbox 179 1185 968 1223">
    <p class='ocr_par' dir='ltr' id='par_1_41' title="bbox 179 1185 968 1223">
     <span class='ocr_line' id='line_1_41' title="bbox 179 1185 968 1223; baseline 0.004 -12"><span class='ocrx_word' id='word_1_289' title='bbox 179 1186 245 1216; x_wconf 83' lang='grc' dir='ltr'>τοῖς·</span> <span class='ocrx_word' id='word_1_290' title='bbox 267 1185 368 1212; x_wconf 79' lang='grc' dir='ltr'>δίκαιόν</span> <span class='ocrx_word' id='word_1_291' title='bbox 394 1187 452 1213; x_wconf 77' lang='grc' dir='ltr'>ἐστι</span> <span class='ocrx_word' id='word_1_292' title='bbox 467 1186 548 1214; x_wconf 80' lang='grc' dir='ltr'>πλέον</span> <span class='ocrx_word' id='word_1_293' title='bbox 561 1188 676 1220; x_wconf 77' lang='grc' dir='ltr'>πάντας,</span> <span class='ocrx_word' id='word_1_294' title='bbox 693 1187 732 1219; x_wconf 85' lang='grc' dir='ltr'>ὡς</span> <span class='ocrx_word' id='word_1_295' title='bbox 746 1187 968 1223; x_wconf 82' lang='grc' dir='ltr'>πληροφορηθέν-</span> 
     </span>
    </p>
   </div>
   <div class='ocr_carea' id='block_1_42' title="bbox 178 1232 969 1270">
    <p class='ocr_par' dir='ltr' id='par_1_42' title="bbox 178 1232 969 1270">
     <span class='ocr_line' id='line_1_42' title="bbox 178 1232 969 1270; baseline 0.006 -14"><span class='ocrx_word' id='word_1_296' title='bbox 178 1238 238 1262; x_wconf 78' lang='grc' dir='ltr'>τας,</span> <span class='ocrx_word' id='word_1_297' title='bbox 253 1232 341 1266; x_wconf 84' lang='grc' dir='ltr'>μισεῖν</span> <span class='ocrx_word' id='word_1_298' title='bbox 356 1233 403 1258; x_wconf 71' lang='grc' dir='ltr'><strong>καὶ</strong></span> <span class='ocrx_word' id='word_1_299' title='bbox 423 1233 642 1270; x_wconf 77' lang='grc' dir='ltr'>ἀποστρέφεσθαι</span> <span class='ocrx_word' id='word_1_300' title='bbox 653 1233 703 1269; x_wconf 76' lang='grc' dir='ltr'>τὴν</span> <span class='ocrx_word' id='word_1_301' title='bbox 716 1234 832 1267; x_wconf 78' lang='grc' dir='ltr'>ἀδικίαν,</span> <span class='ocrx_word' id='word_1_302' title='bbox 847 1234 894 1261; x_wconf 81' lang='grc' dir='ltr'><strong>καὶ</strong></span> <span class='ocrx_word' id='word_1_303' title='bbox 919 1235 969 1270; x_wconf 83' lang='grc' dir='ltr'>τὴν</span> 
     </span>
    </p>
   </div>
   <div class='ocr_carea' id='block_1_43' title="bbox 181 1276 967 1315">
    <p class='ocr_par' dir='ltr' id='par_1_43' title="bbox 181 1276 967 1315">
     <span class='ocr_line' id='line_1_43' title="bbox 181 1276 967 1315; baseline 0.005 -12"><span class='ocrx_word' id='word_1_304' title='bbox 181 1276 242 1311; x_wconf 83' lang='grc' dir='ltr'>βίαν</span> <span class='ocrx_word' id='word_1_305' title='bbox 265 1277 315 1313; x_wconf 86' lang='grc' dir='ltr'>τὴν</span> <span class='ocrx_word' id='word_1_306' title='bbox 332 1278 392 1304; x_wconf 80' lang='grc' dir='ltr'>καθ’</span> <span class='ocrx_word' id='word_1_307' title='bbox 406 1279 485 1314; x_wconf 84' lang='grc' dir='ltr'>ἡμῶν</span> <span class='ocrx_word' id='word_1_308' title='bbox 499 1279 657 1315; x_wconf 85' lang='grc' dir='ltr'>γενομένην·</span> <span class='ocrx_word' id='word_1_309' title='bbox 684 1279 730 1306; x_wconf 80' lang='grc' dir='ltr'>διὰ</span> <span class='ocrx_word' id='word_1_310' title='bbox 750 1280 781 1306; x_wconf 85' lang='grc' dir='ltr'><strong>τὺ</strong></span> <span class='ocrx_word' id='word_1_311' title='bbox 801 1280 916 1315; x_wconf 79' lang='grc' dir='ltr'>μάλιστα</span> <span class='ocrx_word' id='word_1_312' title='bbox 931 1281 967 1307; x_wconf 77' lang='grc' dir='ltr'><strong>δι’</strong></span> 
     </span>
    </p>
   </div>
   <div class='ocr_carea' id='block_1_44' title="bbox 178 1323 967 1362">
    <p class='ocr_par' dir='ltr' id='par_1_44' title="bbox 178 1323 967 1362">
     <span class='ocr_line' id='line_1_44' title="bbox 178 1323 967 1362; baseline 0.006 -13"><span class='ocrx_word' id='word_1_313' title='bbox 178 1323 254 1350; x_wconf 78' lang='grc' dir='ltr'>οὐδὲν</span> <span class='ocrx_word' id='word_1_314' title='bbox 265 1323 357 1359; x_wconf 75' lang='grc' dir='ltr'>ἕτερον</span> <span class='ocrx_word' id='word_1_315' title='bbox 382 1324 398 1359; x_wconf 79' lang='grc' dir='ltr'>ἢ</span> <span class='ocrx_word' id='word_1_316' title='bbox 410 1324 456 1351; x_wconf 78' lang='grc' dir='ltr'><strong>διὰ</strong></span> <span class='ocrx_word' id='word_1_317' title='bbox 465 1325 515 1361; x_wconf 80' lang='grc' dir='ltr'>τὴν</span> <span class='ocrx_word' id='word_1_318' title='bbox 535 1325 677 1362; x_wconf 81' lang='grc' dir='ltr'>’Λρειανὴν</span> <span class='ocrx_word' id='word_1_319' title='bbox 691 1325 819 1353; x_wconf 75' lang='grc' dir='ltr'>ἀσέϐειαν</span> <span class='ocrx_word' id='word_1_320' title='bbox 838 1327 967 1362; x_wconf 86' lang='grc' dir='ltr'>συνέστη-</span> 
     </span>
    </p>
   </div>
   <div class='ocr_carea' id='block_1_45' title="bbox 179 1371 596 1406">
    <p class='ocr_par' dir='ltr' id='par_1_45' title="bbox 179 1371 596 1406">
     <span class='ocr_line' id='line_1_45' title="bbox 179 1371 596 1406; baseline 0.005 -9"><span class='ocrx_word' id='word_1_321' title='bbox 179 1379 227 1397; x_wconf 85' lang='grc' dir='ltr'><strong>κεν</strong></span> <span class='ocrx_word' id='word_1_322' title='bbox 239 1371 312 1406; x_wconf 78' lang='grc' dir='ltr'>ὴμᾶς</span> <span class='ocrx_word' id='word_1_323' title='bbox 324 1371 410 1399; x_wconf 85' lang='grc' dir='ltr'>ταῦτα</span> <span class='ocrx_word' id='word_1_324' title='bbox 425 1372 596 1399; x_wconf 82' lang='grc' dir='ltr'>πεπονθέναι.</span> 
     </span>
    </p>
   </div>
   <div class='ocr_carea' id='block_1_46' title="bbox 1022 955 1807 992">
    <p class='ocr_par' dir='ltr' id='par_1_46' title="bbox 1022 955 1807 992">
     <span class='ocr_line' id='line_1_46' title="bbox 1022 955 1807 992; baseline 0.003 -9"><span class='ocrx_word' id='word_1_325' title='bbox 1022 957 1088 989; x_wconf 84' lang='lat' dir='ltr'><strong>niis,</strong></span> <span class='ocrx_word' id='word_1_326' title='bbox 1107 963 1140 983; x_wconf 90' lang='lat' dir='ltr'><strong>ex</strong></span> <span class='ocrx_word' id='word_1_327' title='bbox 1154 955 1282 991; x_wconf 69' lang='lat' dir='ltr'><strong>Egypto,</strong></span> <span class='ocrx_word' id='word_1_328' title='bbox 1296 961 1323 983; x_wconf 77' lang='lat' dir='ltr'><strong>et</strong></span> <span class='ocrx_word' id='word_1_329' title='bbox 1349 963 1380 984; x_wconf 81' lang='lat' dir='ltr'><strong>ex</strong></span> <span class='ocrx_word' id='word_1_330' title='bbox 1397 956 1480 991; x_wconf 83' lang='lat' dir='ltr'><strong>Libya</strong></span> <span class='ocrx_word' id='word_1_331' title='bbox 1505 957 1686 992; x_wconf 84' lang='lat' dir='ltr'><strong>omnibusque</strong></span> <span class='ocrx_word' id='word_1_332' title='bbox 1707 957 1807 986; x_wconf 81' lang='lat' dir='ltr'><strong>Penta-</strong></span> 
     </span>
    </p>
   </div>
   <div class='ocr_carea' id='block_1_47' title="bbox 1022 1002 1806 1039">
    <p class='ocr_par' dir='ltr' id='par_1_47' title="bbox 1022 1002 1806 1039">
     <span class='ocr_line' id='line_1_47' title="bbox 1022 1002 1806 1039; baseline 0.004 -10"><span class='ocrx_word' id='word_1_333' title='bbox 1022 1002 1113 1036; x_wconf 84' lang='lat' dir='ltr'><strong>poleos</strong></span> <span class='ocrx_word' id='word_1_334' title='bbox 1123 1003 1282 1037; x_wconf 78' lang='lat' dir='ltr'><strong>episcopis:</strong></span> <span class='ocrx_word' id='word_1_335' title='bbox 1306 1010 1368 1030; x_wconf 90' lang='lat' dir='ltr'><strong>nam</strong></span> <span class='ocrx_word' id='word_1_336' title='bbox 1388 1002 1452 1030; x_wconf 87' lang='lat' dir='ltr'><strong>licet</strong></span> <span class='ocrx_word' id='word_1_337' title='bbox 1471 1003 1516 1030; x_wconf 89' lang='lat' dir='ltr'><strong>ille</strong></span> <span class='ocrx_word' id='word_1_338' title='bbox 1538 1003 1571 1030; x_wconf 90' lang='lat' dir='ltr'><strong>ad</strong></span> <span class='ocrx_word' id='word_1_339' title='bbox 1593 1003 1675 1031; x_wconf 78' lang='lat' dir='ltr'><strong>breve</strong></span> <span class='ocrx_word' id='word_1_340' title='bbox 1700 1009 1806 1039; x_wconf 78' lang='lat' dir='ltr'><strong>tempus</strong></span> 
     </span>
    </p>
   </div>
   <div class='ocr_carea' id='block_1_48' title="bbox 1022 1048 1805 1082">
    <p class='ocr_par' dir='ltr' id='par_1_48' title="bbox 1022 1048 1805 1082">
     <span class='ocr_line' id='line_1_48' title="bbox 1022 1048 1805 1082; baseline 0.003 -6"><span class='ocrx_word' id='word_1_341' title='bbox 1022 1048 1174 1076; x_wconf 87' lang='lat' dir='ltr'><strong>Constantii</strong></span> <span class='ocrx_word' id='word_1_342' title='bbox 1200 1048 1282 1076; x_wconf 86' lang='lat' dir='ltr'><strong>minis</strong></span> <span class='ocrx_word' id='word_1_343' title='bbox 1297 1049 1468 1082; x_wconf 88' lang='lat' dir='ltr'><strong>perterritus,</strong></span> <span class='ocrx_word' id='word_1_344' title='bbox 1491 1048 1524 1076; x_wconf 85' lang='lat' dir='ltr'><strong>iis</strong></span> <span class='ocrx_word' id='word_1_345' title='bbox 1543 1056 1596 1076; x_wconf 90' lang='lat' dir='ltr'><strong>non</strong></span> <span class='ocrx_word' id='word_1_346' title='bbox 1614 1049 1748 1077; x_wconf 86' lang='lat' dir='ltr'><strong>obsistere</strong></span> <span class='ocrx_word' id='word_1_347' title='bbox 1765 1051 1805 1078; x_wconf 90' lang='lat' dir='ltr'><strong>vi-</strong></span> 
     </span>
    </p>
   </div>
   <div class='ocr_carea' id='block_1_49' title="bbox 1021 1094 1806 1131">
    <p class='ocr_par' dir='ltr' id='par_1_49' title="bbox 1021 1094 1806 1131">
     <span class='ocr_line' id='line_1_49' title="bbox 1021 1094 1806 1131; baseline 0.004 -10"><span class='ocrx_word' id='word_1_348' title='bbox 1021 1095 1142 1126; x_wconf 86' lang='lat' dir='ltr'><strong>deretur,</strong></span> <span class='ocrx_word' id='word_1_349' title='bbox 1160 1098 1280 1121; x_wconf 83' lang='lat' dir='ltr'><strong>attamen</strong></span> <span class='ocrx_word' id='word_1_350' title='bbox 1305 1095 1399 1129; x_wconf 70' lang='lat' dir='ltr'><strong>ingens</strong></span> <span class='ocrx_word' id='word_1_351' title='bbox 1416 1094 1459 1121; x_wconf 83' lang='lat' dir='ltr'><strong>illa</strong></span> <span class='ocrx_word' id='word_1_352' title='bbox 1483 1094 1533 1127; x_wconf 88' lang='lat' dir='ltr'><strong>vis,</strong></span> <span class='ocrx_word' id='word_1_353' title='bbox 1555 1099 1638 1129; x_wconf 89' lang='lat' dir='ltr'><strong>atque</strong></span> <span class='ocrx_word' id='word_1_354' title='bbox 1664 1096 1806 1131; x_wconf 77' lang='lat' dir='ltr'><strong>tyrannica</strong></span> 
     </span>
    </p>
   </div>
   <div class='ocr_carea' id='block_1_50' title="bbox 1021 1140 1806 1175">
    <p class='ocr_par' dir='ltr' id='par_1_50' title="bbox 1021 1140 1806 1175">
     <span class='ocr_line' id='line_1_50' title="bbox 1021 1140 1806 1175; baseline 0.001 -7"><span class='ocrx_word' id='word_1_355' title='bbox 1021 1140 1173 1168; x_wconf 81' lang='lat' dir='ltr'><strong>Constantii</strong></span> <span class='ocrx_word' id='word_1_356' title='bbox 1196 1144 1328 1175; x_wconf 85' lang='lat' dir='ltr'><strong>potestas,</strong></span> <span class='ocrx_word' id='word_1_357' title='bbox 1358 1147 1463 1167; x_wconf 85' lang='lat' dir='ltr'><strong>necnon</strong></span> <span class='ocrx_word' id='word_1_358' title='bbox 1486 1140 1608 1175; x_wconf 75' lang='lat' dir='ltr'><strong>plurimae</strong></span> <span class='ocrx_word' id='word_1_359' title='bbox 1634 1141 1685 1168; x_wconf 77' lang='lat' dir='ltr'><strong>ilhc</strong></span> <span class='ocrx_word' id='word_1_360' title='bbox 1704 1146 1806 1169; x_wconf 88' lang='lat' dir='ltr'><strong>contu-</strong></span> 
     </span>
    </p>
   </div>
   <div class='ocr_carea' id='block_1_51' title="bbox 1023 1184 1807 1221">
    <p class='ocr_par' dir='ltr' id='par_1_51' title="bbox 1023 1184 1807 1221">
     <span class='ocr_line' id='line_1_51' title="bbox 1023 1184 1807 1221; baseline 0.001 -7"><span class='ocrx_word' id='word_1_361' title='bbox 1023 1186 1110 1214; x_wconf 66' lang='lat' dir='ltr'><strong>melia:</strong></span> <span class='ocrx_word' id='word_1_362' title='bbox 1124 1190 1151 1213; x_wconf 91' lang='lat' dir='ltr'><strong>et</strong></span> <span class='ocrx_word' id='word_1_363' title='bbox 1164 1185 1248 1221; x_wconf 65' lang='lat' dir='ltr'><strong>plaga</strong></span> <span class='ocrx_word' id='word_1_364' title='bbox 1267 1185 1355 1220; x_wconf 76' lang='lat' dir='ltr'><strong>palam</strong></span> <span class='ocrx_word' id='word_1_365' title='bbox 1379 1184 1480 1212; x_wconf 80' lang='lat' dir='ltr'><strong>faciunt</strong></span> <span class='ocrx_word' id='word_1_366' title='bbox 1494 1192 1568 1219; x_wconf 89' lang='lat' dir='ltr'><strong>eum,</strong></span> <span class='ocrx_word' id='word_1_367' title='bbox 1580 1193 1633 1213; x_wconf 92' lang='lat' dir='ltr'><strong>non</strong></span> <span class='ocrx_word' id='word_1_368' title='bbox 1648 1187 1720 1221; x_wconf 87' lang='lat' dir='ltr'><strong>quod</strong></span> <span class='ocrx_word' id='word_1_369' title='bbox 1743 1195 1807 1215; x_wconf 80' lang='lat' dir='ltr'><strong>reos</strong></span> 
     </span>
    </p>
   </div>
   <div class='ocr_carea' id='block_1_52' title="bbox 1021 1231 1806 1266">
    <p class='ocr_par' dir='ltr' id='par_1_52' title="bbox 1021 1231 1806 1266">
     <span class='ocr_line' id='line_1_52' title="bbox 1021 1231 1806 1266; baseline -0.003 -6"><span class='ocrx_word' id='word_1_370' title='bbox 1021 1240 1071 1260; x_wconf 87' lang='lat' dir='ltr'><strong>nos</strong></span> <span class='ocrx_word' id='word_1_371' title='bbox 1084 1233 1265 1264; x_wconf 84' lang='lat' dir='ltr'><strong>existimaret,</strong></span> <span class='ocrx_word' id='word_1_372' title='bbox 1281 1231 1328 1259; x_wconf 79' lang='lat' dir='ltr'><strong>sed</strong></span> <span class='ocrx_word' id='word_1_373' title='bbox 1341 1231 1411 1266; x_wconf 77' lang='lat' dir='ltr'><strong>quod</strong></span> <span class='ocrx_word' id='word_1_374' title='bbox 1427 1235 1537 1265; x_wconf 87' lang='lat' dir='ltr'><strong>propter</strong></span> <span class='ocrx_word' id='word_1_375' title='bbox 1565 1232 1712 1259; x_wconf 79' lang='lat' dir='ltr'><strong>senectutis</strong></span> <span class='ocrx_word' id='word_1_376' title='bbox 1727 1231 1806 1259; x_wconf 76' lang='lat' dir='ltr'><strong>inﬁr-</strong></span> 
     </span>
    </p>
   </div>
   <div class='ocr_carea' id='block_1_53' title="bbox 1022 1277 1807 1314">
    <p class='ocr_par' dir='ltr' id='par_1_53' title="bbox 1022 1277 1807 1314">
     <span class='ocr_line' id='line_1_53' title="bbox 1022 1277 1807 1314; baseline -0.003 -6"><span class='ocrx_word' id='word_1_377' title='bbox 1022 1279 1143 1308; x_wconf 80' lang='lat' dir='ltr'><strong>mitatem</strong></span> <span class='ocrx_word' id='word_1_378' title='bbox 1174 1278 1266 1313; x_wconf 70' lang='lat' dir='ltr'><strong>plagas</strong></span> <span class='ocrx_word' id='word_1_379' title='bbox 1283 1285 1337 1304; x_wconf 93' lang='lat' dir='ltr'><strong>non</strong></span> <span class='ocrx_word' id='word_1_380' title='bbox 1358 1277 1436 1314; x_wconf 70' lang='lat'><strong>162</strong></span> <span class='ocrx_word' id='word_1_381' title='bbox 1458 1277 1552 1310; x_wconf 78' lang='lat' dir='ltr'><strong>ferret,</strong></span> <span class='ocrx_word' id='word_1_382' title='bbox 1573 1278 1606 1304; x_wconf 84' lang='lat' dir='ltr'><strong>ad</strong></span> <span class='ocrx_word' id='word_1_383' title='bbox 1633 1283 1738 1313; x_wconf 87' lang='lat' dir='ltr'><strong>tempus</strong></span> <span class='ocrx_word' id='word_1_384' title='bbox 1754 1279 1807 1306; x_wconf 86' lang='lat' dir='ltr'><strong>illis</strong></span> 
     </span>
    </p>
   </div>
   <div class='ocr_carea' id='block_1_54' title="bbox 1024 1323 1806 1358">
    <p class='ocr_par' dir='ltr' id='par_1_54' title="bbox 1024 1323 1806 1358">
     <span class='ocr_line' id='line_1_54' title="bbox 1024 1323 1806 1358; baseline -0.001 -5"><span class='ocrx_word' id='word_1_385' title='bbox 1024 1325 1163 1358; x_wconf 78' lang='lat' dir='ltr'><strong>cessisse;</strong></span> <span class='ocrx_word' id='word_1_386' title='bbox 1195 1330 1301 1357; x_wconf 69' lang='lat' dir='ltr'><strong>aequum</strong></span> <span class='ocrx_word' id='word_1_387' title='bbox 1325 1330 1392 1350; x_wconf 84' lang='lat' dir='ltr'><strong>sane</strong></span> <span class='ocrx_word' id='word_1_388' title='bbox 1414 1323 1497 1351; x_wconf 77' lang='lat' dir='ltr'><strong>fuerit</strong></span> <span class='ocrx_word' id='word_1_389' title='bbox 1524 1330 1631 1355; x_wconf 88' lang='lat' dir='ltr'><strong>omnes,</strong></span> <span class='ocrx_word' id='word_1_390' title='bbox 1657 1329 1749 1358; x_wconf 85' lang='lat' dir='ltr'><strong>utpote</strong></span> <span class='ocrx_word' id='word_1_391' title='bbox 1767 1325 1806 1352; x_wconf 85' lang='lat' dir='ltr'><strong>rei</strong></span> 
     </span>
    </p>
   </div>
   <div class='ocr_carea' id='block_1_55' title="bbox 1019 1371 1826 1406">
    <p class='ocr_par' dir='ltr' id='par_1_55' title="bbox 1019 1371 1826 1406">
     <span class='ocr_line' id='line_1_55' title="bbox 1019 1371 1826 1406; baseline -0.001 -5"><span class='ocrx_word' id='word_1_392' title='bbox 1019 1373 1148 1401; x_wconf 88' lang='lat' dir='ltr'><strong>certiores</strong></span> <span class='ocrx_word' id='word_1_393' title='bbox 1171 1371 1265 1404; x_wconf 78' lang='lat' dir='ltr'><strong>factos,</strong></span> <span class='ocrx_word' id='word_1_394' title='bbox 1296 1371 1453 1406; x_wconf 73' lang='lat' dir='ltr'><strong>iniustitiam</strong></span> <span class='ocrx_word' id='word_1_395' title='bbox 1485 1371 1568 1404; x_wconf 88' lang='lat' dir='ltr'><strong>illam,</strong></span> <span class='ocrx_word' id='word_1_396' title='bbox 1597 1376 1625 1400; x_wconf 92' lang='lat' dir='ltr'><strong>et</strong></span> <span class='ocrx_word' id='word_1_397' title='bbox 1652 1371 1707 1399; x_wconf 85' lang='lat' dir='ltr'><strong>vim</strong></span> <span class='ocrx_word' id='word_1_398' title='bbox 1730 1372 1826 1400; x_wconf 76' lang='lat' dir='ltr'><strong>nobis</strong></span> 
     </span>
    </p>
   </div>
   <div class='ocr_carea' id='block_1_56' title="bbox 180 1417 1808 1455">
    <p class='ocr_par' dir='ltr' id='par_1_56' title="bbox 180 1417 1808 1455">
     <span class='ocr_line' id='line_1_56' title="bbox 180 1417 1808 1455; baseline 0.001 -11"><span class='ocrx_word' id='word_1_399' title='bbox 180 1417 281 1445; x_wconf 84' lang='lat' dir='ltr'><strong>illatam</strong></span> <span class='ocrx_word' id='word_1_400' title='bbox 314 1419 400 1453; x_wconf 69' lang='lat' dir='ltr'><strong>magis</strong></span> <span class='ocrx_word' id='word_1_401' title='bbox 422 1426 454 1446; x_wconf 86' lang='lat' dir='ltr'><strong>ac</strong></span> <span class='ocrx_word' id='word_1_402' title='bbox 479 1419 565 1455; x_wconf 74' lang='lat' dir='ltr'><strong>magis</strong></span> <span class='ocrx_word' id='word_1_403' title='bbox 591 1420 683 1448; x_wconf 84' lang='lat' dir='ltr'><strong>odisse</strong></span> <span class='ocrx_word' id='word_1_404' title='bbox 711 1427 743 1448; x_wconf 86' lang='lat' dir='ltr'><strong>ac</strong></span> <span class='ocrx_word' id='word_1_405' title='bbox 758 1421 969 1455; x_wconf 83' lang='lat' dir='ltr'><strong>perhorrescere</strong></span> <span class='ocrx_word' id='word_1_406' title='bbox 987 1430 993 1448; x_wconf 95' lang='lat'>:</span> <span class='ocrx_word' id='word_1_407' title='bbox 1010 1421 1069 1448; x_wconf 79' lang='lat' dir='ltr'><strong>ideo</strong></span> <span class='ocrx_word' id='word_1_408' title='bbox 1098 1419 1217 1448; x_wconf 82' lang='lat' dir='ltr'><strong>maxime</strong></span> <span class='ocrx_word' id='word_1_409' title='bbox 1241 1419 1313 1454; x_wconf 85' lang='lat' dir='ltr'><strong>quod</strong></span> <span class='ocrx_word' id='word_1_410' title='bbox 1333 1418 1519 1454; x_wconf 88' lang='lat' dir='ltr'><strong>planissimum</strong></span> <span class='ocrx_word' id='word_1_411' title='bbox 1538 1419 1575 1446; x_wconf 86' lang='lat' dir='ltr'><strong>sit</strong></span> <span class='ocrx_word' id='word_1_412' title='bbox 1597 1426 1646 1447; x_wconf 89' lang='lat' dir='ltr'><strong>nos</strong></span> <span class='ocrx_word' id='word_1_413' title='bbox 1663 1419 1734 1446; x_wconf 89' lang='lat' dir='ltr'><strong>nulla</strong></span> <span class='ocrx_word' id='word_1_414' title='bbox 1758 1419 1808 1447; x_wconf 85' lang='lat' dir='ltr'><strong>alia</strong></span> 
     </span>
    </p>
   </div>
   <div class='ocr_carea' id='block_1_57' title="bbox 181 1465 1408 1504">
    <p class='ocr_par' dir='ltr' id='par_1_57' title="bbox 181 1465 1408 1504">
     <span class='ocr_line' id='line_1_57' title="bbox 181 1465 1408 1504; baseline 0.001 -12"><span class='ocrx_word' id='word_1_415' title='bbox 181 1465 214 1492; x_wconf 85' lang='lat' dir='ltr'><strong>de</strong></span> <span class='ocrx_word' id='word_1_416' title='bbox 235 1472 317 1492; x_wconf 78' lang='lat' dir='ltr'><strong>causa</strong></span> <span class='ocrx_word' id='word_1_417' title='bbox 341 1471 434 1500; x_wconf 86' lang='lat' dir='ltr'><strong>quamt</strong></span> <span class='ocrx_word' id='word_1_418' title='bbox 453 1472 562 1501; x_wconf 86' lang='lat' dir='ltr'><strong>propter</strong></span> <span class='ocrx_word' id='word_1_419' title='bbox 573 1467 709 1498; x_wconf 76' lang='lat' dir='ltr'><strong>,‘Arianam</strong></span> <span class='ocrx_word' id='word_1_420' title='bbox 736 1468 912 1503; x_wconf 88' lang='lat' dir='ltr'><strong>impietatem,</strong></span> <span class='ocrx_word' id='word_1_421' title='bbox 928 1468 1080 1504; x_wconf 84' lang='lat' dir='ltr'><strong>hujusmodi</strong></span> <span class='ocrx_word' id='word_1_422' title='bbox 1096 1467 1166 1494; x_wconf 87' lang='lat' dir='ltr'><strong>mala</strong></span> <span class='ocrx_word' id='word_1_423' title='bbox 1183 1474 1243 1494; x_wconf 87' lang='lat' dir='ltr'><strong>esse</strong></span> <span class='ocrx_word' id='word_1_424' title='bbox 1255 1473 1408 1501; x_wconf 84' lang='lat' dir='ltr'><strong>perpessos.</strong></span> 
     </span>
    </p>
   </div>
   <div class='ocr_carea' id='block_1_58' title="bbox 213 1510 969 1550">
    <p class='ocr_par' dir='ltr' id='par_1_58' title="bbox 213 1510 969 1550">
     <span class='ocr_line' id='line_1_58' title="bbox 213 1510 969 1550; baseline 0.008 -14"><span class='ocrx_word' id='word_1_425' title='bbox 213 1510 258 1537; x_wconf 85' lang='lat'><strong>90.</strong></span> <span class='ocrx_word' id='word_1_426' title='bbox 278 1510 311 1537; x_wconf 84' lang='grc' dir='ltr'><strong>Εῐ</strong></span> <span class='ocrx_word' id='word_1_427' title='bbox 336 1520 378 1543; x_wconf 83' lang='grc' dir='ltr'><strong>τις</strong></span> <span class='ocrx_word' id='word_1_428' title='bbox 395 1512 485 1539; x_wconf 79' lang='grc' dir='ltr'>τοίνυν</span> <span class='ocrx_word' id='word_1_429' title='bbox 509 1513 632 1548; x_wconf 83' lang='grc' dir='ltr'>βούλεται</span> <span class='ocrx_word' id='word_1_430' title='bbox 652 1513 688 1541; x_wconf 82' lang='grc' dir='ltr'>τά</span> <span class='ocrx_word' id='word_1_431' title='bbox 702 1522 731 1540; x_wconf 87' lang='grc' dir='ltr'>τε</span> <span class='ocrx_word' id='word_1_432' title='bbox 743 1515 806 1541; x_wconf 80' lang='grc' dir='ltr'>καθ’</span> <span class='ocrx_word' id='word_1_433' title='bbox 827 1515 901 1550; x_wconf 75' lang='grc' dir='ltr'>ἡμᾶς</span> <span class='ocrx_word' id='word_1_434' title='bbox 918 1523 969 1550; x_wconf 86' lang='grc' dir='ltr'>μα-</span> 
     </span>
    </p>
   </div>
   <div class='ocr_carea' id='block_1_59' title="bbox 1022 1510 1808 1550">
    <p class='ocr_par' dir='ltr' id='par_1_59' title="bbox 1063 1512 1808 1548">
     <span class='ocr_line' id='line_1_59' title="bbox 1063 1512 1808 1548; baseline -0.003 -6"><span class='ocrx_word' id='word_1_435' title='bbox 1063 1513 1107 1542; x_wconf 85' lang='lat'><strong>90.</strong></span> <span class='ocrx_word' id='word_1_436' title='bbox 1134 1513 1162 1540; x_wconf 89' lang='lat' dir='ltr'><strong>Si</strong></span> <span class='ocrx_word' id='word_1_437' title='bbox 1181 1512 1242 1548; x_wconf 86' lang='lat' dir='ltr'><strong>quis</strong></span> <span class='ocrx_word' id='word_1_438' title='bbox 1258 1513 1340 1547; x_wconf 77' lang='lat' dir='ltr'><strong>igitur</strong></span> <span class='ocrx_word' id='word_1_439' title='bbox 1364 1520 1425 1548; x_wconf 63' lang='lat' dir='ltr'><strong>quae</strong></span> <span class='ocrx_word' id='word_1_440' title='bbox 1448 1519 1496 1540; x_wconf 82' lang='lat' dir='ltr'><strong>nos</strong></span> <span class='ocrx_word' id='word_1_441' title='bbox 1516 1517 1650 1548; x_wconf 79' lang='lat' dir='ltr'><strong>spectant,</strong></span> <span class='ocrx_word' id='word_1_442' title='bbox 1675 1512 1808 1547; x_wconf 87' lang='lat' dir='ltr'><strong>simulque</strong></span> 
     </span>
    </p>
   </div>
   <div class='ocr_carea' id='block_1_60' title="bbox 181 1556 970 1596">
    <p class='ocr_par' dir='ltr' id='par_1_60' title="bbox 181 1556 970 1596">
     <span class='ocr_line' id='line_1_60' title="bbox 181 1556 970 1596; baseline 0.008 -14"><span class='ocrx_word' id='word_1_443' title='bbox 181 1556 237 1583; x_wconf 76' lang='grc' dir='ltr'>θεῖν</span> <span class='ocrx_word' id='word_1_444' title='bbox 255 1557 302 1584; x_wconf 74' lang='grc' dir='ltr'>καὶ</span> <span class='ocrx_word' id='word_1_445' title='bbox 330 1558 379 1593; x_wconf 80' lang='grc' dir='ltr'>τὴν</span> <span class='ocrx_word' id='word_1_446' title='bbox 396 1559 461 1594; x_wconf 78' lang='grc' dir='ltr'>περὶ</span> <span class='ocrx_word' id='word_1_447' title='bbox 476 1559 605 1586; x_wconf 78' lang='grc' dir='ltr'>Εὖσέὸιον</span> <span class='ocrx_word' id='word_1_448' title='bbox 621 1560 814 1594; x_wconf 78' lang='grc' dir='ltr'>συκοφαντίαν,</span> <span class='ocrx_word' id='word_1_449' title='bbox 841 1562 970 1596; x_wconf 69' lang='grc' dir='ltr'>ἐντυγχα-</span> 
     </span>
    </p>
   </div>
   <div class='ocr_carea' id='block_1_61' title="bbox 180 1602 970 1643">
    <p class='ocr_par' dir='ltr' id='par_1_61' title="bbox 180 1602 970 1643">
     <span class='ocr_line' id='line_1_61' title="bbox 180 1602 970 1643; baseline 0.005 -14"><span class='ocrx_word' id='word_1_450' title='bbox 180 1602 249 1630; x_wconf 72' lang='grc' dir='ltr'>νιτω</span> <span class='ocrx_word' id='word_1_451' title='bbox 275 1605 332 1636; x_wconf 82' lang='grc' dir='ltr'>τοῖς</span> <span class='ocrx_word' id='word_1_452' title='bbox 356 1606 499 1639; x_wconf 72' lang='grc' dir='ltr'>γραφεῖσιν</span> <span class='ocrx_word' id='word_1_453' title='bbox 526 1605 597 1641; x_wconf 84' lang='grc' dir='ltr'>ὑπὲρ</span> <span class='ocrx_word' id='word_1_454' title='bbox 624 1606 727 1641; x_wconf 61' lang='grc' dir='ltr'>ἡμῶν,</span> <span class='ocrx_word' id='word_1_455' title='bbox 749 1607 796 1633; x_wconf 80' lang='grc' dir='ltr'><strong>καὶ</strong></span> <span class='ocrx_word' id='word_1_456' title='bbox 829 1607 970 1643; x_wconf 84' lang='grc' dir='ltr'>μάρτυρας</span> 
     </span>
    </p>
   </div>
   <div class='ocr_carea' id='block_1_62' title="bbox 180 1649 970 1687">
    <p class='ocr_par' dir='ltr' id='par_1_62' title="bbox 180 1649 970 1687">
     <span class='ocr_line' id='line_1_62' title="bbox 180 1649 970 1687; baseline 0.004 -11"><span class='ocrx_word' id='word_1_457' title='bbox 180 1649 277 1684; x_wconf 69' lang='grc' dir='ltr'>δχέτω,</span> <span class='ocrx_word' id='word_1_458' title='bbox 287 1650 336 1684; x_wconf 83' lang='grc' dir='ltr'>οὑχ</span> <span class='ocrx_word' id='word_1_459' title='bbox 350 1649 408 1682; x_wconf 67' lang='grc' dir='ltr'>ἕνα,</span> <span class='ocrx_word' id='word_1_460' title='bbox 423 1650 506 1686; x_wconf 83' lang='grc' dir='ltr'>ἢδύο,</span> <span class='ocrx_word' id='word_1_461' title='bbox 524 1650 540 1686; x_wconf 83' lang='grc' dir='ltr'><strong>ἥ</strong></span> <span class='ocrx_word' id='word_1_462' title='bbox 557 1652 641 1686; x_wconf 82' lang='grc' dir='ltr'>τρεῖς,</span> <span class='ocrx_word' id='word_1_463' title='bbox 656 1651 723 1678; x_wconf 80' lang='grc' dir='ltr'>ἀλλὰ</span> <span class='ocrx_word' id='word_1_464' title='bbox 736 1651 861 1679; x_wconf 78' lang='grc' dir='ltr'>τοσοῦτον</span> <span class='ocrx_word' id='word_1_465' title='bbox 869 1651 970 1687; x_wconf 80' lang='grc' dir='ltr'>πλῆθος</span> 
     </span>
    </p>
   </div>
   <div class='ocr_carea' id='block_1_63' title="bbox 180 1696 970 1734">
    <p class='ocr_par' dir='ltr' id='par_1_63' title="bbox 180 1696 970 1734">
     <span class='ocr_line' id='line_1_63' title="bbox 180 1696 970 1734; baseline 0.005 -13"><span class='ocrx_word' id='word_1_466' title='bbox 180 1696 346 1722; x_wconf 66' lang='grc' dir='ltr'>ἐπισκόπων*</span> <span class='ocrx_word' id='word_1_467' title='bbox 371 1697 418 1722; x_wconf 72' lang='grc' dir='ltr'><strong>καὶ</strong></span> <span class='ocrx_word' id='word_1_468' title='bbox 433 1696 534 1723; x_wconf 83' lang='grc' dir='ltr'>τούτων</span> <span class='ocrx_word' id='word_1_469' title='bbox 551 1697 692 1733; x_wconf 82' lang='grc' dir='ltr'>μάρτυρας</span> <span class='ocrx_word' id='word_1_470' title='bbox 708 1698 789 1725; x_wconf 84' lang='grc' dir='ltr'>πάλιν</span> <span class='ocrx_word' id='word_1_471' title='bbox 808 1698 970 1734; x_wconf 78' lang='grc' dir='ltr'>λαμσανέτω</span> 
     </span>
    </p>
   </div>
   <div class='ocr_carea' id='block_1_64' title="bbox 179 1741 967 1778">
    <p class='ocr_par' dir='ltr' id='par_1_64' title="bbox 179 1741 967 1778">
     <span class='ocr_line' id='line_1_64' title="bbox 179 1741 967 1778; baseline 0.003 -10"><span class='ocrx_word' id='word_1_472' title='bbox 179 1742 242 1773; x_wconf 69' lang='grc' dir='ltr'>τοὺς</span> <span class='ocrx_word' id='word_1_473' title='bbox 256 1742 319 1777; x_wconf 82' lang='grc' dir='ltr'>περὶ</span> <span class='ocrx_word' id='word_1_474' title='bbox 335 1741 460 1778; x_wconf 79' lang='grc' dir='ltr'>Λιὸέριον</span> <span class='ocrx_word' id='word_1_475' title='bbox 474 1743 520 1769; x_wconf 74' lang='grc' dir='ltr'><strong>καὶ</strong></span> <span class='ocrx_word' id='word_1_476' title='bbox 537 1743 641 1774; x_wconf 80' lang='grc' dir='ltr'>Ὀσιον,</span> <span class='ocrx_word' id='word_1_477' title='bbox 660 1743 708 1770; x_wconf 71' lang='grc' dir='ltr'><strong>καὶ</strong></span> <span class='ocrx_word' id='word_1_478' title='bbox 723 1744 786 1774; x_wconf 84' lang='grc' dir='ltr'>τοὺς</span> <span class='ocrx_word' id='word_1_479' title='bbox 803 1743 851 1770; x_wconf 80' lang='grc' dir='ltr'>σὺν</span> <span class='ocrx_word' id='word_1_480' title='bbox 863 1745 967 1776; x_wconf 74' lang='grc' dir='ltr'>αὐτοῖς,</span> 
     </span>
    </p>
   </div>
   <div class='ocr_carea' id='block_1_65' title="bbox 180 1788 968 1824">
    <p class='ocr_par' dir='ltr' id='par_1_65' title="bbox 180 1788 968 1824">
     <span class='ocr_line' id='line_1_65' title="bbox 180 1788 968 1824; baseline 0.004 -11"><span class='ocrx_word' id='word_1_481' title='bbox 180 1788 288 1821; x_wconf 79' lang='grc' dir='ltr'>οἵτινες,</span> <span class='ocrx_word' id='word_1_482' title='bbox 317 1788 435 1824; x_wconf 82' lang='grc' dir='ltr'>ὁρῶντες</span> <span class='ocrx_word' id='word_1_483' title='bbox 462 1789 496 1816; x_wconf 71' lang='grc' dir='ltr'><strong>τὰ</strong></span> <span class='ocrx_word' id='word_1_484' title='bbox 519 1789 674 1824; x_wconf 76' lang='grc' dir='ltr'>καθ’ὴμῶν</span> <span class='ocrx_word' id='word_1_485' title='bbox 704 1789 847 1824; x_wconf 77' lang='grc' dir='ltr'>γενόμενα,</span> <span class='ocrx_word' id='word_1_486' title='bbox 878 1790 968 1817; x_wconf 87' lang='grc' dir='ltr'>πάντα</span> 
     </span>
    </p>
   </div>
   <div class='ocr_carea' id='block_1_66' title="bbox 181 1833 969 1871">
    <p class='ocr_par' dir='ltr' id='par_1_66' title="bbox 181 1833 969 1871">
     <span class='ocr_line' id='line_1_66' title="bbox 181 1833 969 1871; baseline 0.001 -11"><span class='ocrx_word' id='word_1_487' title='bbox 181 1833 277 1860; x_wconf 79' lang='grc' dir='ltr'>παθεῖν</span> <span class='ocrx_word' id='word_1_488' title='bbox 291 1833 451 1869; x_wconf 80' lang='grc' dir='ltr'>ὑπέμειναν,</span> <span class='ocrx_word' id='word_1_489' title='bbox 468 1834 485 1870; x_wconf 80' lang='grc' dir='ltr'>ἢ</span> <span class='ocrx_word' id='word_1_490' title='bbox 503 1833 647 1870; x_wconf 86' lang='grc' dir='ltr'>προδοῦναι</span> <span class='ocrx_word' id='word_1_491' title='bbox 657 1834 706 1870; x_wconf 85' lang='grc' dir='ltr'><strong>τὴν</strong></span> <span class='ocrx_word' id='word_1_492' title='bbox 714 1834 843 1870; x_wconf 84' lang='grc' dir='ltr'>ἀλήθειαν</span> <span class='ocrx_word' id='word_1_493' title='bbox 855 1835 902 1861; x_wconf 79' lang='grc' dir='ltr'><strong>καὶ</strong></span> <span class='ocrx_word' id='word_1_494' title='bbox 920 1835 969 1871; x_wconf 79' lang='grc' dir='ltr'>τὴν</span> 
     </span>
    </p>
   </div>
   <div class='ocr_carea' id='block_1_67' title="bbox 181 1879 969 1916">
    <p class='ocr_par' dir='ltr' id='par_1_67' title="bbox 181 1879 969 1916">
     <span class='ocr_line' id='line_1_67' title="bbox 181 1879 969 1916; baseline 0 -10"><span class='ocrx_word' id='word_1_495' title='bbox 181 1880 251 1915; x_wconf 73' lang='grc' dir='ltr'>ὑπὲρ</span> <span class='ocrx_word' id='word_1_496' title='bbox 265 1880 344 1915; x_wconf 85' lang='grc' dir='ltr'>ὴμῶν</span> <span class='ocrx_word' id='word_1_497' title='bbox 359 1880 460 1916; x_wconf 78' lang='grc' dir='ltr'>κρίσιν·</span> <span class='ocrx_word' id='word_1_498' title='bbox 483 1879 563 1907; x_wconf 83' lang='grc' dir='ltr'>τοῦτο</span> <span class='ocrx_word' id='word_1_499' title='bbox 586 1880 615 1907; x_wconf 79' lang='grc' dir='ltr'><strong>δὲ</strong></span> <span class='ocrx_word' id='word_1_500' title='bbox 636 1880 727 1913; x_wconf 86' lang='grc' dir='ltr'>καλῶς</span> <span class='ocrx_word' id='word_1_501' title='bbox 754 1880 809 1916; x_wconf 81' lang='grc'><strong>(17)</strong></span> <span class='ocrx_word' id='word_1_502' title='bbox 826 1881 874 1907; x_wconf 81' lang='grc' dir='ltr'><strong>καὶ</strong></span> <span class='ocrx_word' id='word_1_503' title='bbox 887 1880 969 1913; x_wconf 83' lang='grc' dir='ltr'>ὁσίως</span> 
     </span>
    </p>
   </div>
   <div class='ocr_carea' id='block_1_68' title="bbox 182 1923 968 1962">
    <p class='ocr_par' dir='ltr' id='par_1_68' title="bbox 182 1923 968 1962">
     <span class='ocr_line' id='line_1_68' title="bbox 182 1923 968 1962; baseline -0.001 -10"><span class='ocrx_word' id='word_1_504' title='bbox 182 1926 369 1961; x_wconf 83' lang='grc' dir='ltr'>βουλευόμενοι</span> <span class='ocrx_word' id='word_1_505' title='bbox 386 1925 576 1961; x_wconf 80' lang='grc' dir='ltr'>πεποιήκασιν·</span> <span class='ocrx_word' id='word_1_506' title='bbox 599 1925 617 1953; x_wconf 71' lang='grc' dir='ltr'>ἃ.</span> <span class='ocrx_word' id='word_1_507' title='bbox 631 1925 685 1962; x_wconf 85' lang='grc' dir='ltr'><strong>γὰρ</strong></span> <span class='ocrx_word' id='word_1_508' title='bbox 710 1923 782 1952; x_wconf 81' lang='grc' dir='ltr'>οὗτοι</span> <span class='ocrx_word' id='word_1_509' title='bbox 809 1925 968 1957; x_wconf 79' lang='grc' dir='ltr'>πεπόνθασι,</span> 
     </span>
    </p>
   </div>
   <div class='ocr_carea' id='block_1_69' title="bbox 180 1971 969 2008">
    <p class='ocr_par' dir='ltr' id='par_1_69' title="bbox 180 1971 969 2008">
     <span class='ocr_line' id='line_1_69' title="bbox 180 1971 969 2008; baseline -0.001 -10"><span class='ocrx_word' id='word_1_510' title='bbox 180 1972 299 1999; x_wconf 84' lang='grc' dir='ltr'>δείκνυσι</span> <span class='ocrx_word' id='word_1_511' title='bbox 315 1972 364 2007; x_wconf 83' lang='grc' dir='ltr'>μὲν</span> <span class='ocrx_word' id='word_1_512' title='bbox 379 1972 428 2007; x_wconf 79' lang='grc' dir='ltr'>τὴν</span> <span class='ocrx_word' id='word_1_513' title='bbox 444 1971 580 2008; x_wconf 83' lang='grc' dir='ltr'>ἀνάγκην,</span> <span class='ocrx_word' id='word_1_514' title='bbox 599 1972 633 2007; x_wconf 84' lang='grc' dir='ltr'>ἢν</span> <span class='ocrx_word' id='word_1_515' title='bbox 646 1971 693 1998; x_wconf 75' lang='grc' dir='ltr'><strong>καὶ</strong></span> <span class='ocrx_word' id='word_1_516' title='bbox 707 1972 731 1998; x_wconf 90' lang='grc' dir='ltr'>οἱ</span> <span class='ocrx_word' id='word_1_517' title='bbox 742 1971 969 1999; x_wconf 78' lang='grc' dir='ltr'>ἄλλοιὲπίσκοποι</span> 
     </span>
    </p>
   </div>
   <div class='ocr_carea' id='block_1_70' title="bbox 181 2017 971 2054">
    <p class='ocr_par' dir='ltr' id='par_1_70' title="bbox 181 2017 971 2054">
     <span class='ocr_line' id='line_1_70' title="bbox 181 2017 971 2054; baseline -0.003 -8"><span class='ocrx_word' id='word_1_518' title='bbox 181 2018 357 2046; x_wconf 79' lang='grc' dir='ltr'>πεπόνθασιν.</span> <span class='ocrx_word' id='word_1_519' title='bbox 365 2019 443 2044; x_wconf 78' lang='grc' dir='ltr'>Ἔστι</span> <span class='ocrx_word' id='word_1_520' title='bbox 454 2018 671 2053; x_wconf 82' lang='grc' dir='ltr'>δὲύπομνήματα</span> <span class='ocrx_word' id='word_1_521' title='bbox 697 2018 746 2054; x_wconf 84' lang='grc' dir='ltr'>μὲν</span> <span class='ocrx_word' id='word_1_522' title='bbox 760 2018 808 2045; x_wconf 76' lang='grc' dir='ltr'><strong>καὶ</strong></span> <span class='ocrx_word' id='word_1_523' title='bbox 825 2017 971 2053; x_wconf 81' lang='grc' dir='ltr'>στηλογρα-</span> 
     </span>
    </p>
   </div>
   <div class='ocr_carea' id='block_1_71' title="bbox 182 2063 970 2100">
    <p class='ocr_par' dir='ltr' id='par_1_71' title="bbox 182 2063 970 2100">
     <span class='ocr_line' id='line_1_71' title="bbox 182 2063 970 2100; baseline -0.001 -9"><span class='ocrx_word' id='word_1_524' title='bbox 182 2065 231 2100; x_wconf 82' lang='grc' dir='ltr'><strong>φία</strong></span> <span class='ocrx_word' id='word_1_525' title='bbox 246 2065 316 2092; x_wconf 78' lang='grc' dir='ltr'>κατὰ</span> <span class='ocrx_word' id='word_1_526' title='bbox 332 2065 381 2100; x_wconf 82' lang='grc' dir='ltr'>τῆς</span> <span class='ocrx_word' id='word_1_527' title='bbox 400 2064 541 2100; x_wconf 78' lang='grc' dir='ltr'>Ἀρειανῆς</span> <span class='ocrx_word' id='word_1_528' title='bbox 555 2064 686 2100; x_wconf 79' lang='grc' dir='ltr'>αἱρέσεως</span> <span class='ocrx_word' id='word_1_529' title='bbox 707 2064 754 2091; x_wconf 75' lang='grc' dir='ltr'>καὶ</span> <span class='ocrx_word' id='word_1_530' title='bbox 777 2064 826 2100; x_wconf 82' lang='grc' dir='ltr'>τῆς</span> <span class='ocrx_word' id='word_1_531' title='bbox 838 2063 970 2100; x_wconf 80' lang='grc' dir='ltr'>πονηρίας</span> 
     </span>
    </p>
   </div>
   <div class='ocr_carea' id='block_1_72' title="bbox 181 2108 970 2146">
    <p class='ocr_par' dir='ltr' id='par_1_72' title="bbox 181 2108 970 2146">
     <span class='ocr_line' id='line_1_72' title="bbox 181 2108 970 2146; baseline -0.003 -8"><span class='ocrx_word' id='word_1_532' title='bbox 181 2110 236 2145; x_wconf 81' lang='grc' dir='ltr'>τῷν</span> <span class='ocrx_word' id='word_1_533' title='bbox 249 2110 433 2146; x_wconf 82' lang='grc' dir='ltr'>συκοφαντῶν,</span> <span class='ocrx_word' id='word_1_534' title='bbox 449 2110 629 2146; x_wconf 81' lang='grc' dir='ltr'>ὑπογραμμὺς</span> <span class='ocrx_word' id='word_1_535' title='bbox 642 2110 670 2137; x_wconf 83' lang='grc' dir='ltr'><strong>δὲ</strong></span> <span class='ocrx_word' id='word_1_536' title='bbox 682 2110 728 2137; x_wconf 75' lang='grc' dir='ltr'><strong>καὶ</strong></span> <span class='ocrx_word' id='word_1_537' title='bbox 742 2110 825 2142; x_wconf 84' lang='grc' dir='ltr'>τύπος</span> <span class='ocrx_word' id='word_1_538' title='bbox 832 2112 888 2142; x_wconf 89' lang='grc' dir='ltr'>τοῖς</span> <span class='ocrx_word' id='word_1_539' title='bbox 902 2108 970 2145; x_wconf 82' lang='grc' dir='ltr'>μετὰ</span> 
     </span>
    </p>
   </div>
   <div class='ocr_carea' id='block_1_73' title="bbox 181 2155 969 2191">
    <p class='ocr_par' dir='ltr' id='par_1_73' title="bbox 181 2155 969 2191">
     <span class='ocr_line' id='line_1_73' title="bbox 181 2155 969 2191; baseline -0.001 -8"><span class='ocrx_word' id='word_1_540' title='bbox 181 2156 269 2183; x_wconf 80' lang='grc' dir='ltr'>ταῦτα</span> <span class='ocrx_word' id='word_1_541' title='bbox 288 2156 468 2191; x_wconf 81' lang='grc' dir='ltr'>γιγνομένοις,</span> <span class='ocrx_word' id='word_1_542' title='bbox 480 2155 659 2189; x_wconf 76' lang='grc' dir='ltr'>ἀγωνίζεσθαι</span> <span class='ocrx_word' id='word_1_543' title='bbox 674 2156 723 2191; x_wconf 87' lang='grc' dir='ltr'>μὲν</span> <span class='ocrx_word' id='word_1_544' title='bbox 745 2155 814 2190; x_wconf 81' lang='grc' dir='ltr'>ὑπὲρ</span> <span class='ocrx_word' id='word_1_545' title='bbox 840 2155 890 2191; x_wconf 85' lang='grc' dir='ltr'>τῆς</span> <span class='ocrx_word' id='word_1_546' title='bbox 902 2155 969 2190; x_wconf 81' lang='grc' dir='ltr'><strong>ἁλη-</strong></span> 
     </span>
    </p>
   </div>
   <div class='ocr_carea' id='block_1_74' title="bbox 1024 1558 1804 1594">
    <p class='ocr_par' dir='ltr' id='par_1_74' title="bbox 1024 1558 1804 1594">
     <span class='ocr_line' id='line_1_74' title="bbox 1024 1558 1804 1594; baseline -0.001 -7"><span class='ocrx_word' id='word_1_547' title='bbox 1024 1559 1237 1587; x_wconf 79' lang='lat' dir='ltr'><strong>Eusebianorum</strong></span> <span class='ocrx_word' id='word_1_548' title='bbox 1272 1558 1476 1594; x_wconf 85' lang='lat' dir='ltr'><strong>sycophantiam</strong></span> <span class='ocrx_word' id='word_1_549' title='bbox 1501 1559 1623 1586; x_wconf 78' lang='lat' dir='ltr'><strong>ediscere</strong></span> <span class='ocrx_word' id='word_1_550' title='bbox 1646 1559 1750 1592; x_wconf 84' lang='lat' dir='ltr'><strong>cupiat,</strong></span> <span class='ocrx_word' id='word_1_551' title='bbox 1779 1559 1804 1586; x_wconf 83' lang='lat' dir='ltr'><strong>is</strong></span> 
     </span>
    </p>
   </div>
   <div class='ocr_carea' id='block_1_75' title="bbox 1022 1604 1806 1641">
    <p class='ocr_par' dir='ltr' id='par_1_75' title="bbox 1022 1604 1806 1641">
     <span class='ocr_line' id='line_1_75' title="bbox 1022 1604 1806 1641; baseline 0.001 -10"><span class='ocrx_word' id='word_1_552' title='bbox 1022 1613 1084 1641; x_wconf 67' lang='lat' dir='ltr'><strong>quae</strong></span> <span class='ocrx_word' id='word_1_553' title='bbox 1099 1605 1182 1633; x_wconf 90' lang='lat' dir='ltr'><strong>nostri</strong></span> <span class='ocrx_word' id='word_1_554' title='bbox 1203 1605 1290 1640; x_wconf 75' lang='lat' dir='ltr'><strong>gratia</strong></span> <span class='ocrx_word' id='word_1_555' title='bbox 1306 1605 1407 1640; x_wconf 86' lang='lat' dir='ltr'><strong>scripta</strong></span> <span class='ocrx_word' id='word_1_556' title='bbox 1425 1609 1488 1632; x_wconf 87' lang='lat' dir='ltr'><strong>sunt</strong></span> <span class='ocrx_word' id='word_1_557' title='bbox 1507 1604 1589 1639; x_wconf 72' lang='lat' dir='ltr'><strong>legat,</strong></span> <span class='ocrx_word' id='word_1_558' title='bbox 1605 1609 1742 1639; x_wconf 87' lang='lat' dir='ltr'><strong>testesque</strong></span> <span class='ocrx_word' id='word_1_559' title='bbox 1760 1613 1806 1632; x_wconf 88' lang='lat' dir='ltr'><strong>ac-</strong></span> 
     </span>
    </p>
   </div>
   <div class='ocr_carea' id='block_1_76' title="bbox 1022 1650 1806 1685">
    <p class='ocr_par' dir='ltr' id='par_1_76' title="bbox 1022 1650 1806 1685">
     <span class='ocr_line' id='line_1_76' title="bbox 1022 1650 1806 1685; baseline 0.001 -7"><span class='ocrx_word' id='word_1_560' title='bbox 1022 1651 1116 1685; x_wconf 85' lang='lat' dir='ltr'><strong>cipiat,</strong></span> <span class='ocrx_word' id='word_1_561' title='bbox 1141 1659 1194 1678; x_wconf 91' lang='lat' dir='ltr'><strong>non</strong></span> <span class='ocrx_word' id='word_1_562' title='bbox 1211 1658 1293 1677; x_wconf 89' lang='lat' dir='ltr'><strong>unum</strong></span> <span class='ocrx_word' id='word_1_563' title='bbox 1312 1655 1358 1678; x_wconf 88' lang='lat' dir='ltr'><strong>aut</strong></span> <span class='ocrx_word' id='word_1_564' title='bbox 1381 1651 1460 1683; x_wconf 85' lang='lat' dir='ltr'><strong>duos,</strong></span> <span class='ocrx_word' id='word_1_565' title='bbox 1478 1650 1521 1678; x_wconf 77' lang='lat' dir='ltr'><strong>vel</strong></span> <span class='ocrx_word' id='word_1_566' title='bbox 1545 1655 1610 1683; x_wconf 87' lang='lat' dir='ltr'><strong>tres,</strong></span> <span class='ocrx_word' id='word_1_567' title='bbox 1635 1651 1682 1678; x_wconf 85' lang='lat' dir='ltr'><strong>sed</strong></span> <span class='ocrx_word' id='word_1_568' title='bbox 1702 1655 1806 1683; x_wconf 79' lang='lat' dir='ltr'><strong>tantam</strong></span> 
     </span>
    </p>
   </div>
   <div class='ocr_carea' id='block_1_77' title="bbox 1023 1695 1805 1730">
    <p class='ocr_par' dir='ltr' id='par_1_77' title="bbox 1023 1695 1805 1730">
     <span class='ocr_line' id='line_1_77' title="bbox 1023 1695 1805 1730; baseline 0 -7"><span class='ocrx_word' id='word_1_569' title='bbox 1023 1696 1211 1730; x_wconf 86' lang='lat' dir='ltr'><strong>episcoporum</strong></span> <span class='ocrx_word' id='word_1_570' title='bbox 1228 1695 1427 1723; x_wconf 87' lang='lat' dir='ltr'><strong>multitudinem</strong></span> <span class='ocrx_word' id='word_1_571' title='bbox 1447 1703 1454 1728; x_wconf 91' lang='lat'><strong>;</strong></span> <span class='ocrx_word' id='word_1_572' title='bbox 1475 1700 1558 1723; x_wconf 79' lang='lat' dir='ltr'><strong>testes</strong></span> <span class='ocrx_word' id='word_1_573' title='bbox 1580 1696 1679 1723; x_wconf 87' lang='lat' dir='ltr'><strong>iterum</strong></span> <span class='ocrx_word' id='word_1_574' title='bbox 1703 1701 1805 1729; x_wconf 84' lang='lat' dir='ltr'><strong>sumat,</strong></span> 
     </span>
    </p>
   </div>
   <div class='ocr_carea' id='block_1_78' title="bbox 1022 1741 1798 1777">
    <p class='ocr_par' dir='ltr' id='par_1_78' title="bbox 1022 1741 1798 1777">
     <span class='ocr_line' id='line_1_78' title="bbox 1022 1741 1798 1777; baseline 0 -8"><span class='ocrx_word' id='word_1_575' title='bbox 1022 1741 1157 1770; x_wconf 89' lang='lat' dir='ltr'><strong>Liberium</strong></span> <span class='ocrx_word' id='word_1_576' title='bbox 1177 1747 1204 1769; x_wconf 90' lang='lat' dir='ltr'><strong>et</strong></span> <span class='ocrx_word' id='word_1_577' title='bbox 1230 1741 1351 1774; x_wconf 89' lang='lat' dir='ltr'><strong>Hosium,</strong></span> <span class='ocrx_word' id='word_1_578' title='bbox 1373 1748 1522 1777; x_wconf 87' lang='lat' dir='ltr'><strong>eorumque</strong></span> <span class='ocrx_word' id='word_1_579' title='bbox 1541 1742 1641 1773; x_wconf 85' lang='lat' dir='ltr'><strong>socios,</strong></span> <span class='ocrx_word' id='word_1_580' title='bbox 1662 1741 1708 1776; x_wconf 88' lang='lat' dir='ltr'><strong>qui</strong></span> <span class='ocrx_word' id='word_1_581' title='bbox 1735 1749 1798 1769; x_wconf 91' lang='lat' dir='ltr'><strong>cum</strong></span> 
     </span>
    </p>
   </div>
   <div class='ocr_carea' id='block_1_79' title="bbox 1021 1787 1806 1822">
    <p class='ocr_par' dir='ltr' id='par_1_79' title="bbox 1021 1787 1806 1822">
     <span class='ocr_line' id='line_1_79' title="bbox 1021 1787 1806 1822; baseline 0.001 -8"><span class='ocrx_word' id='word_1_582' title='bbox 1021 1788 1165 1815; x_wconf 86' lang='lat' dir='ltr'><strong>adversum</strong></span> <span class='ocrx_word' id='word_1_583' title='bbox 1190 1795 1239 1815; x_wconf 92' lang='lat' dir='ltr'><strong>nos</strong></span> <span class='ocrx_word' id='word_1_584' title='bbox 1267 1791 1343 1822; x_wconf 74' lang='lat' dir='ltr'><strong>gesta</strong></span> <span class='ocrx_word' id='word_1_585' title='bbox 1371 1787 1494 1815; x_wconf 81' lang='lat' dir='ltr'><strong>facinora</strong></span> <span class='ocrx_word' id='word_1_586' title='bbox 1522 1788 1722 1822; x_wconf 86' lang='lat' dir='ltr'><strong>conspicerent,</strong></span> <span class='ocrx_word' id='word_1_587' title='bbox 1757 1796 1806 1816; x_wconf 88' lang='lat' dir='ltr'><strong>ex-</strong></span> 
     </span>
    </p>
   </div>
   <div class='ocr_carea' id='block_1_80' title="bbox 1023 1833 1804 1869">
    <p class='ocr_par' dir='ltr' id='par_1_80' title="bbox 1023 1833 1804 1869">
     <span class='ocr_line' id='line_1_80' title="bbox 1023 1833 1804 1869; baseline 0 -8"><span class='ocrx_word' id='word_1_588' title='bbox 1023 1839 1109 1862; x_wconf 85' lang='lat' dir='ltr'><strong>trema</strong></span> <span class='ocrx_word' id='word_1_589' title='bbox 1136 1834 1191 1869; x_wconf 88' lang='lat' dir='ltr'><strong>pati</strong></span> <span class='ocrx_word' id='word_1_590' title='bbox 1215 1833 1382 1866; x_wconf 84' lang='lat' dir='ltr'><strong>maluerunt,</strong></span> <span class='ocrx_word' id='word_1_591' title='bbox 1406 1841 1487 1868; x_wconf 90' lang='lat' dir='ltr'><strong>quam</strong></span> <span class='ocrx_word' id='word_1_592' title='bbox 1512 1838 1559 1861; x_wconf 86' lang='lat' dir='ltr'><strong>aut</strong></span> <span class='ocrx_word' id='word_1_593' title='bbox 1584 1834 1739 1867; x_wconf 82' lang='lat' dir='ltr'><strong>veritatem,</strong></span> <span class='ocrx_word' id='word_1_594' title='bbox 1757 1839 1804 1861; x_wconf 82' lang='lat' dir='ltr'><strong>aut</strong></span> 
     </span>
    </p>
   </div>
   <div class='ocr_carea' id='block_1_81' title="bbox 1019 1880 1804 1916">
    <p class='ocr_par' dir='ltr' id='par_1_81' title="bbox 1019 1880 1804 1916">
     <span class='ocr_line' id='line_1_81' title="bbox 1019 1880 1804 1916; baseline 0 -8"><span class='ocrx_word' id='word_1_595' title='bbox 1019 1881 1150 1915; x_wconf 84' lang='lat' dir='ltr'><strong>judicium</strong></span> <span class='ocrx_word' id='word_1_596' title='bbox 1176 1881 1261 1909; x_wconf 91' lang='lat' dir='ltr'><strong>nostri</strong></span> <span class='ocrx_word' id='word_1_597' title='bbox 1281 1881 1367 1916; x_wconf 74' lang='lat' dir='ltr'><strong>gratia</strong></span> <span class='ocrx_word' id='word_1_598' title='bbox 1388 1880 1482 1908; x_wconf 87' lang='lat' dir='ltr'><strong>datum</strong></span> <span class='ocrx_word' id='word_1_599' title='bbox 1510 1880 1643 1915; x_wconf 85' lang='lat' dir='ltr'><strong>prodere:</strong></span> <span class='ocrx_word' id='word_1_600' title='bbox 1669 1880 1749 1915; x_wconf 86' lang='lat' dir='ltr'><strong>idque</strong></span> <span class='ocrx_word' id='word_1_601' title='bbox 1769 1887 1804 1908; x_wconf 91' lang='lat' dir='ltr'><strong>ex</strong></span> 
     </span>
    </p>
   </div>
   <div class='ocr_carea' id='block_1_82' title="bbox 1022 1926 1805 1961">
    <p class='ocr_par' dir='ltr' id='par_1_82' title="bbox 1022 1926 1805 1961">
     <span class='ocr_line' id='line_1_82' title="bbox 1022 1926 1805 1961; baseline -0.001 -7"><span class='ocrx_word' id='word_1_602' title='bbox 1022 1927 1093 1954; x_wconf 88' lang='lat' dir='ltr'><strong>bono</strong></span> <span class='ocrx_word' id='word_1_603' title='bbox 1115 1931 1140 1954; x_wconf 92' lang='lat' dir='ltr'><strong>et</strong></span> <span class='ocrx_word' id='word_1_604' title='bbox 1157 1931 1251 1954; x_wconf 88' lang='lat' dir='ltr'><strong>sancto</strong></span> <span class='ocrx_word' id='word_1_605' title='bbox 1266 1927 1380 1954; x_wconf 88' lang='lat' dir='ltr'><strong>consilio</strong></span> <span class='ocrx_word' id='word_1_606' title='bbox 1401 1931 1537 1961; x_wconf 71' lang='lat' dir='ltr'><strong>egerunt;</strong></span> <span class='ocrx_word' id='word_1_607' title='bbox 1557 1926 1626 1953; x_wconf 79' lang='lat' dir='ltr'><strong>mala</strong></span> <span class='ocrx_word' id='word_1_608' title='bbox 1648 1927 1721 1954; x_wconf 91' lang='lat' dir='ltr'><strong>enim</strong></span> <span class='ocrx_word' id='word_1_609' title='bbox 1745 1934 1805 1961; x_wconf 67' lang='lat' dir='ltr'><strong>qua:</strong></span> 
     </span>
    </p>
   </div>
   <div class='ocr_carea' id='block_1_83' title="bbox 1023 1971 1805 2008">
    <p class='ocr_par' dir='ltr' id='par_1_83' title="bbox 1023 1971 1805 2008">
     <span class='ocr_line' id='line_1_83' title="bbox 1023 1971 1805 2008; baseline 0 -9"><span class='ocrx_word' id='word_1_610' title='bbox 1023 1971 1068 1999; x_wconf 90' lang='lat' dir='ltr'><strong>isti</strong></span> <span class='ocrx_word' id='word_1_611' title='bbox 1084 1972 1204 2006; x_wconf 84' lang='lat' dir='ltr'><strong>perpessi</strong></span> <span class='ocrx_word' id='word_1_612' title='bbox 1228 1977 1302 2004; x_wconf 83' lang='lat' dir='ltr'><strong>sunt,</strong></span> <span class='ocrx_word' id='word_1_613' title='bbox 1328 1979 1410 2007; x_wconf 82' lang='lat' dir='ltr'><strong>quam</strong></span> <span class='ocrx_word' id='word_1_614' title='bbox 1429 1972 1482 1998; x_wconf 89' lang='lat' dir='ltr'><strong>vim</strong></span> <span class='ocrx_word' id='word_1_615' title='bbox 1497 1971 1542 1998; x_wconf 88' lang='lat' dir='ltr'><strong>alii</strong></span> <span class='ocrx_word' id='word_1_616' title='bbox 1558 1979 1664 2007; x_wconf 89' lang='lat' dir='ltr'><strong>quoque</strong></span> <span class='ocrx_word' id='word_1_617' title='bbox 1683 1972 1805 2008; x_wconf 80' lang='lat' dir='ltr'><strong>episcopi</strong></span> 
     </span>
    </p>
   </div>
   <div class='ocr_carea' id='block_1_84' title="bbox 1023 2018 1806 2053">
    <p class='ocr_par' dir='ltr' id='par_1_84' title="bbox 1023 2018 1806 2053">
     <span class='ocr_line' id='line_1_84' title="bbox 1023 2018 1806 2053; baseline -0.001 -7"><span class='ocrx_word' id='word_1_618' title='bbox 1023 2018 1193 2053; x_wconf 89' lang='lat' dir='ltr'><strong>pertulerint,</strong></span> <span class='ocrx_word' id='word_1_619' title='bbox 1221 2018 1352 2045; x_wconf 86' lang='lat' dir='ltr'><strong>indicant.</strong></span> <span class='ocrx_word' id='word_1_620' title='bbox 1383 2018 1453 2046; x_wconf 90' lang='lat' dir='ltr'><strong>Sunt</strong></span> <span class='ocrx_word' id='word_1_621' title='bbox 1474 2022 1563 2045; x_wconf 88' lang='lat' dir='ltr'><strong>autem</strong></span> <span class='ocrx_word' id='word_1_622' title='bbox 1583 2025 1614 2046; x_wconf 89' lang='lat' dir='ltr'><strong>ea</strong></span> <span class='ocrx_word' id='word_1_623' title='bbox 1636 2018 1692 2053; x_wconf 86' lang='lat' dir='ltr'><strong>ipsa</strong></span> <span class='ocrx_word' id='word_1_624' title='bbox 1709 2026 1806 2045; x_wconf 86' lang='lat' dir='ltr'><strong>tuonu-</strong></span> 
     </span>
    </p>
   </div>
   <div class='ocr_carea' id='block_1_85' title="bbox 1023 2063 1804 2099">
    <p class='ocr_par' dir='ltr' id='par_1_85' title="bbox 1023 2063 1804 2099">
     <span class='ocr_line' id='line_1_85' title="bbox 1023 2063 1804 2099; baseline -0.001 -7"><span class='ocrx_word' id='word_1_625' title='bbox 1023 2068 1113 2092; x_wconf 83' lang='lat' dir='ltr'><strong>menta</strong></span> <span class='ocrx_word' id='word_1_626' title='bbox 1130 2069 1157 2091; x_wconf 86' lang='lat' dir='ltr'><strong>et</strong></span> <span class='ocrx_word' id='word_1_627' title='bbox 1169 2064 1240 2099; x_wconf 86' lang='lat' dir='ltr'><strong>cippi</strong></span> <span class='ocrx_word' id='word_1_628' title='bbox 1254 2068 1350 2091; x_wconf 88' lang='lat' dir='ltr'><strong>contra</strong></span> <span class='ocrx_word' id='word_1_629' title='bbox 1366 2063 1496 2091; x_wconf 79' lang='lat' dir='ltr'><strong>Arianam</strong></span> <span class='ocrx_word' id='word_1_630' title='bbox 1519 2063 1656 2095; x_wconf 61' lang='lat' dir='ltr'><strong>haresim,</strong></span> <span class='ocrx_word' id='word_1_631' title='bbox 1669 2068 1696 2091; x_wconf 73' lang='grc' dir='ltr'><strong>ιιι</strong></span> <span class='ocrx_word' id='word_1_632' title='bbox 1710 2069 1804 2091; x_wconf 69' lang='lat' dir='ltr'><strong>contra</strong></span> 
     </span>
    </p>
   </div>
   <div class='ocr_carea' id='block_1_86' title="bbox 1023 2108 1804 2144">
    <p class='ocr_par' dir='ltr' id='par_1_86' title="bbox 1023 2108 1804 2144">
     <span class='ocr_line' id='line_1_86' title="bbox 1023 2108 1804 2144; baseline -0.001 -8"><span class='ocrx_word' id='word_1_633' title='bbox 1023 2108 1248 2144; x_wconf 86' lang='lat' dir='ltr'><strong>sycophantarum</strong></span> <span class='ocrx_word' id='word_1_634' title='bbox 1261 2108 1390 2135; x_wconf 83' lang='lat' dir='ltr'><strong>malitiam</strong></span> <span class='ocrx_word' id='word_1_635' title='bbox 1404 2112 1514 2136; x_wconf 81' lang='lat' dir='ltr'><strong>erecta:</strong></span> <span class='ocrx_word' id='word_1_636' title='bbox 1535 2113 1597 2136; x_wconf 89' lang='lat' dir='ltr'><strong>sunt</strong></span> <span class='ocrx_word' id='word_1_637' title='bbox 1619 2110 1701 2135; x_wconf 82' lang='lat' dir='ltr'><strong>etiam</strong></span> <span class='ocrx_word' id='word_1_638' title='bbox 1717 2108 1804 2136; x_wconf 76' lang='lat' dir='ltr'><strong>forma</strong></span> 
     </span>
    </p>
   </div>
   <div class='ocr_carea' id='block_1_87' title="bbox 1023 2154 1805 2189">
    <p class='ocr_par' dir='ltr' id='par_1_87' title="bbox 1023 2154 1805 2189">
     <span class='ocr_line' id='line_1_87' title="bbox 1023 2154 1805 2189; baseline 0 -8"><span class='ocrx_word' id='word_1_639' title='bbox 1023 2159 1051 2182; x_wconf 90' lang='lat' dir='ltr'><strong>et</strong></span> <span class='ocrx_word' id='word_1_640' title='bbox 1064 2154 1201 2188; x_wconf 87' lang='lat' dir='ltr'><strong>exemplar</strong></span> <span class='ocrx_word' id='word_1_641' title='bbox 1213 2154 1331 2189; x_wconf 86' lang='lat' dir='ltr'><strong>posteris</strong></span> <span class='ocrx_word' id='word_1_642' title='bbox 1348 2154 1460 2188; x_wconf 86' lang='lat' dir='ltr'><strong>nostris,</strong></span> <span class='ocrx_word' id='word_1_643' title='bbox 1475 2157 1504 2180; x_wconf 91' lang='lat' dir='ltr'><strong>ut</strong></span> <span class='ocrx_word' id='word_1_644' title='bbox 1519 2161 1568 2188; x_wconf 89' lang='lat' dir='ltr'><strong>pro</strong></span> <span class='ocrx_word' id='word_1_645' title='bbox 1589 2154 1702 2181; x_wconf 83' lang='lat' dir='ltr'><strong>veritate</strong></span> <span class='ocrx_word' id='word_1_646' title='bbox 1719 2161 1805 2187; x_wconf 81' lang='lat' dir='ltr'><strong>usque</strong></span> 
     </span>
    </p>
   </div>
   <div class='ocr_carea' id='block_1_88' title="bbox 183 2197 969 2238">
    <p class='ocr_par' dir='ltr' id='par_1_88' title="bbox 183 2200 969 2238">
     <span class='ocr_line' id='line_1_88' title="bbox 183 2200 969 2238; baseline -0.003 -10"><span class='ocrx_word' id='word_1_647' title='bbox 183 2202 259 2234; x_wconf 79' lang='grc' dir='ltr'>θείας</span> <span class='ocrx_word' id='word_1_648' title='bbox 274 2201 353 2238; x_wconf 87' lang='grc' dir='ltr'>μέχρι</span> <span class='ocrx_word' id='word_1_649' title='bbox 368 2201 493 2233; x_wconf 84' lang='grc' dir='ltr'>θανάτου,</span> <span class='ocrx_word' id='word_1_650' title='bbox 502 2200 720 2237; x_wconf 64' lang='grc' dir='ltr'>ἀποστρέφεσθαι</span> <span class='ocrx_word' id='word_1_651' title='bbox 729 2201 758 2227; x_wconf 77' lang='grc' dir='ltr'><strong>δὲ</strong></span> <span class='ocrx_word' id='word_1_652' title='bbox 770 2201 819 2236; x_wconf 84' lang='grc' dir='ltr'>τὴν</span> <span class='ocrx_word' id='word_1_653' title='bbox 831 2200 969 2236; x_wconf 81' lang='grc' dir='ltr'>Ἀρειανὴν</span> 
     </span>
    </p>
   </div>
   <div class='ocr_carea' id='block_1_89' title="bbox 1022 2197 1805 2238">
    <p class='ocr_par' dir='ltr' id='par_1_89' title="bbox 1023 2198 1805 2234">
     <span class='ocr_line' id='line_1_89' title="bbox 1023 2198 1805 2234; baseline -0.004 -6"><span class='ocrx_word' id='word_1_654' title='bbox 1023 2201 1056 2228; x_wconf 84' lang='lat' dir='ltr'><strong>ad</strong></span> <span class='ocrx_word' id='word_1_655' title='bbox 1071 2205 1185 2228; x_wconf 89' lang='lat' dir='ltr'><strong>mortem</strong></span> <span class='ocrx_word' id='word_1_656' title='bbox 1199 2200 1349 2232; x_wconf 88' lang='lat' dir='ltr'><strong>decertent,</strong></span> <span class='ocrx_word' id='word_1_657' title='bbox 1363 2201 1548 2234; x_wconf 83' lang='lat' dir='ltr'><strong>Arianamqne</strong></span> <span class='ocrx_word' id='word_1_658' title='bbox 1565 2199 1702 2230; x_wconf 59' lang='lat' dir='ltr'><strong>haeresim,</strong></span> <span class='ocrx_word' id='word_1_659' title='bbox 1723 2198 1805 2225; x_wconf 85' lang='lat' dir='ltr'><strong>Chri-</strong></span> 
     </span>
    </p>
   </div>
   <div class='ocr_carea' id='block_1_90' title="bbox 183 2244 968 2283">
    <p class='ocr_par' dir='ltr' id='par_1_90' title="bbox 183 2244 968 2283">
     <span class='ocr_line' id='line_1_90' title="bbox 183 2244 968 2283; baseline -0.001 -9"><span class='ocrx_word' id='word_1_660' title='bbox 183 2247 298 2282; x_wconf 75' lang='grc' dir='ltr'>αἰρεσιν,</span> <span class='ocrx_word' id='word_1_661' title='bbox 314 2247 502 2283; x_wconf 82' lang='grc' dir='ltr'>Χριστομάχον</span> <span class='ocrx_word' id='word_1_662' title='bbox 534 2244 626 2277; x_wconf 84' lang='grc' dir='ltr'>οὖσαν,</span> <span class='ocrx_word' id='word_1_663' title='bbox 653 2246 700 2273; x_wconf 71' lang='grc' dir='ltr'><strong>καὶ</strong></span> <span class='ocrx_word' id='word_1_664' title='bbox 719 2246 766 2273; x_wconf 80' lang='grc' dir='ltr'><strong>τοῦ</strong></span> <span class='ocrx_word' id='word_1_665' title='bbox 784 2245 968 2282; x_wconf 80' lang='grc' dir='ltr'>’Λντιχρίστου</span> 
     </span>
    </p>
   </div>
   <div class='ocr_carea' id='block_1_91' title="bbox 183 2291 969 2329">
    <p class='ocr_par' dir='ltr' id='par_1_91' title="bbox 183 2291 969 2329">
     <span class='ocr_line' id='line_1_91' title="bbox 183 2291 969 2329; baseline -0.003 -9"><span class='ocrx_word' id='word_1_666' title='bbox 183 2293 346 2329; x_wconf 84' lang='grc' dir='ltr'>πρόδρομον,</span> <span class='ocrx_word' id='word_1_667' title='bbox 369 2293 407 2329; x_wconf 87' lang='grc' dir='ltr'>μὴ</span> <span class='ocrx_word' id='word_1_668' title='bbox 424 2292 561 2319; x_wconf 70' lang='grc' dir='ltr'>πιστεύειν</span> <span class='ocrx_word' id='word_1_669' title='bbox 587 2293 615 2319; x_wconf 79' lang='grc' dir='ltr'><strong>δὲ</strong></span> <span class='ocrx_word' id='word_1_670' title='bbox 633 2293 690 2324; x_wconf 84' lang='grc' dir='ltr'>τοῖς</span> <span class='ocrx_word' id='word_1_671' title='bbox 703 2291 763 2318; x_wconf 83' lang='grc' dir='ltr'>καθ’</span> <span class='ocrx_word' id='word_1_672' title='bbox 775 2291 854 2327; x_wconf 82' lang='grc' dir='ltr'>ἡμῶν</span> <span class='ocrx_word' id='word_1_673' title='bbox 870 2293 969 2326; x_wconf 78' lang='grc' dir='ltr'>ἐπιχει-</span> 
     </span>
    </p>
   </div>
   <div class='ocr_carea' id='block_1_92' title="bbox 184 2337 967 2375">
    <p class='ocr_par' dir='ltr' id='par_1_92' title="bbox 184 2337 967 2375">
     <span class='ocr_line' id='line_1_92' title="bbox 184 2337 967 2375; baseline -0.004 -9"><span class='ocrx_word' id='word_1_674' title='bbox 184 2339 259 2375; x_wconf 86' lang='grc' dir='ltr'>ροῦσι</span> <span class='ocrx_word' id='word_1_675' title='bbox 278 2339 378 2374; x_wconf 72' lang='grc' dir='ltr'>λέγειν.</span> <span class='ocrx_word' id='word_1_676' title='bbox 402 2339 570 2371; x_wconf 80' lang='grc' dir='ltr'>Ἀξιόπιστος</span> <span class='ocrx_word' id='word_1_677' title='bbox 583 2338 637 2374; x_wconf 82' lang='grc' dir='ltr'><strong>γὰρ</strong></span> <span class='ocrx_word' id='word_1_678' title='bbox 651 2338 698 2365; x_wconf 70' lang='grc' dir='ltr'><strong>καὶ</strong></span> <span class='ocrx_word' id='word_1_679' title='bbox 724 2337 802 2373; x_wconf 81' lang='grc' dir='ltr'>ἱκανὴ</span> <span class='ocrx_word' id='word_1_680' title='bbox 830 2338 967 2373; x_wconf 84' lang='grc' dir='ltr'>μαρτυρία</span> 
     </span>
    </p>
   </div>
   <div class='ocr_carea' id='block_1_93' title="bbox 182 2383 968 2420">
    <p class='ocr_par' dir='ltr' id='par_1_93' title="bbox 182 2383 968 2420">
     <span class='ocr_line' id='line_1_93' title="bbox 182 2383 968 2420; baseline 0 -9"><span class='ocrx_word' id='word_1_681' title='bbox 182 2385 236 2412; x_wconf 88' lang='grc' dir='ltr'>τῶν</span> <span class='ocrx_word' id='word_1_682' title='bbox 250 2385 377 2412; x_wconf 85' lang='grc' dir='ltr'>τοιούτων</span> <span class='ocrx_word' id='word_1_683' title='bbox 389 2386 436 2412; x_wconf 79' lang='grc' dir='ltr'><strong>καὶ</strong></span> <span class='ocrx_word' id='word_1_684' title='bbox 448 2385 581 2412; x_wconf 81' lang='grc' dir='ltr'>τοσούτων</span> <span class='ocrx_word' id='word_1_685' title='bbox 592 2384 747 2411; x_wconf 77' lang='grc' dir='ltr'>ἐπισκόπων</span> <span class='ocrx_word' id='word_1_686' title='bbox 770 2384 787 2420; x_wconf 80' lang='grc' dir='ltr'><strong>ἡ</strong></span> <span class='ocrx_word' id='word_1_687' title='bbox 804 2383 873 2418; x_wconf 82' lang='grc' dir='ltr'>ὑπὲρ</span> <span class='ocrx_word' id='word_1_688' title='bbox 891 2383 968 2420; x_wconf 80' lang='grc' dir='ltr'>ἡμῶν</span> 
     </span>
    </p>
   </div>
   <div class='ocr_carea' id='block_1_94' title="bbox 184 2431 481 2467">
    <p class='ocr_par' dir='ltr' id='par_1_94' title="bbox 184 2431 481 2467">
     <span class='ocr_line' id='line_1_94' title="bbox 184 2431 481 2467; baseline 0 -9"><span class='ocrx_word' id='word_1_689' title='bbox 184 2431 316 2459; x_wconf 84' lang='grc' dir='ltr'>ἀπολονία</span> <span class='ocrx_word' id='word_1_690' title='bbox 327 2432 374 2459; x_wconf 79' lang='grc' dir='ltr'>καὶ</span> <span class='ocrx_word' id='word_1_691' title='bbox 380 2431 481 2467; x_wconf 79' lang='grc' dir='ltr'>ψῆφος.</span> 
     </span>
    </p>
   </div>
   <div class='ocr_carea' id='block_1_95' title="bbox 233 2521 596 2558">
    <p class='ocr_par' dir='ltr' id='par_1_95' title="bbox 233 2521 596 2558">
     <span class='ocr_line' id='line_1_95' title="bbox 233 2521 596 2558; baseline -0.008 -8"><span class='ocrx_word' id='word_1_692' title='bbox 233 2523 276 2558; x_wconf 78' lang='grc' dir='ltr'><strong>Η)</strong></span> <span class='ocrx_word' id='word_1_693' title='bbox 294 2523 373 2557; x_wconf 78' lang='lat' dir='ltr'><strong>Reg.,</strong></span> <span class='ocrx_word' id='word_1_694' title='bbox 387 2522 441 2549; x_wconf 84' lang='grc' dir='ltr'><strong>τῶν</strong></span> <span class='ocrx_word' id='word_1_695' title='bbox 453 2521 596 2558; x_wconf 74' lang='grc' dir='ltr'>τοσούτων.</span> 
     </span>
    </p>
   </div>
   <div class='ocr_carea' id='block_1_96' title="bbox 219 2524 967 2594">
    <p class='ocr_par' dir='ltr' id='par_1_96' title="bbox 219 2524 967 2594">
     <span class='ocr_line' id='line_1_96' title="bbox 233 2524 596 2558; baseline -0.008 -8"><span class='ocrx_word' id='word_1_696' title='bbox 233 2524 276 2558; x_wconf 78' lang='grc' dir='ltr'><strong>Η)</strong></span> <span class='ocrx_word' id='word_1_697' title='bbox 294 2524 373 2557; x_wconf 78' lang='lat' dir='ltr'><strong>Reg.,</strong></span> <span class='ocrx_word' id='word_1_698' title='bbox 387 2524 441 2549; x_wconf 85' lang='grc' dir='ltr'>τῶν</span> <span class='ocrx_word' id='word_1_699' title='bbox 453 2524 596 2548; x_wconf 85' lang='grc' dir='ltr'>τοσούτων.</span> 
     </span>
     <span class='ocr_line' id='line_1_97' title="bbox 219 2524 967 2594; baseline -0.007 -9"><span class='ocrx_word' id='word_1_700' title='bbox 219 2524 275 2594; x_wconf 54' lang='grc' dir='ltr'><strong>ξιὸ)</strong></span> <span class='ocrx_word' id='word_1_701' title='bbox 299 2559 377 2593; x_wconf 75' lang='lat' dir='ltr'><strong>Reg.,</strong></span> <span class='ocrx_word' id='word_1_702' title='bbox 386 2558 409 2594; x_wconf 47' lang='grc' dir='ltr'><strong>λη</strong></span> <span class='ocrx_word' id='word_1_703' title='bbox 424 2558 453 2594; x_wconf 77' lang='lat' dir='ltr'><strong>pi.</strong></span> <span class='ocrx_word' id='word_1_704' title='bbox 471 2557 609 2594; x_wconf 64' lang='grc' dir='ltr'>τυχόντεςῖ</span> <span class='ocrx_word' id='word_1_705' title='bbox 621 2553 705 2582; x_wconf 84' lang='lat' dir='ltr'><strong>Paulo</strong></span> <span class='ocrx_word' id='word_1_706' title='bbox 719 2553 873 2594; x_wconf 36' lang='lat' dir='ltr'><strong>postollegy</strong></span> <span class='ocrx_word' id='word_1_707' title='bbox 889 2550 924 2594; x_wconf 66' lang='grc' dir='ltr'>ἦν</span> <span class='ocrx_word' id='word_1_708' title='bbox 933 2552 967 2580; x_wconf 75' lang='grc' dir='ltr'>ἂν</span> 
     </span>
    </p>
   </div>
   <div class='ocr_carea' id='block_1_97' title="bbox 183 2586 967 2636">
    <p class='ocr_par' dir='ltr' id='par_1_97' title="bbox 183 2586 967 2636">
     <span class='ocr_line' id='line_1_98' title="bbox 183 2586 967 2636; baseline -0.008 -15"><span class='ocrx_word' id='word_1_709' title='bbox 183 2586 357 2636; x_wconf 46' lang='lat' dir='ltr'><strong>uehit-leuati.</strong></span> <span class='ocrx_word' id='word_1_710' title='bbox 369 2586 454 2621; x_wconf 62' lang='lat' dir='ltr'><strong>&#39;E&#39;diti</strong></span> <span class='ocrx_word' id='word_1_711' title='bbox 485 2586 550 2620; x_wconf 68' lang='grc' dir='ltr'>νει-ο</span> <span class='ocrx_word' id='word_1_712' title='bbox 574 2586 664 2619; x_wconf 78' lang='lat' dir='ltr'><strong>minus</strong></span> <span class='ocrx_word' id='word_1_713' title='bbox 682 2586 765 2622; x_wconf 76' lang='lat' dir='ltr'><strong>recte,</strong></span> <span class='ocrx_word' id='word_1_714' title='bbox 783 2586 817 2625; x_wconf 81' lang='grc' dir='ltr'>ἦν</span> <span class='ocrx_word' id='word_1_715' title='bbox 832 2586 878 2617; x_wconf 78' lang='grc' dir='ltr'>οὖν</span> <span class='ocrx_word' id='word_1_716' title='bbox 901 2586 967 2615; x_wconf 68' lang='grc' dir='ltr'>ὓπο-</span> 
     </span>
    </p>
   </div>
   <div class='ocr_carea' id='block_1_98' title="bbox 183 2638 305 2658">
    <p class='ocr_par' dir='ltr' id='par_1_98' title="bbox 183 2638 305 2658">
     <span class='ocr_line' id='line_1_99' title="bbox 183 2638 305 2658; baseline 0 0"><span class='ocrx_word' id='word_1_717' title='bbox 183 2638 305 2658; x_wconf 79' lang='grc' dir='ltr'>πτευειν.</span> 
     </span>
    </p>
   </div>
   <div class='ocr_carea' id='block_1_99' title="bbox 1020 2243 1804 2278">
    <p class='ocr_par' dir='ltr' id='par_1_99' title="bbox 1020 2243 1804 2278">
     <span class='ocr_line' id='line_1_100' title="bbox 1020 2243 1804 2278; baseline -0.005 -4"><span class='ocrx_word' id='word_1_718' title='bbox 1020 2251 1062 2274; x_wconf 85' lang='lat' dir='ltr'><strong>sto</strong></span> <span class='ocrx_word' id='word_1_719' title='bbox 1077 2245 1227 2278; x_wconf 86' lang='lat' dir='ltr'><strong>inimicam,</strong></span> <span class='ocrx_word' id='word_1_720' title='bbox 1252 2249 1279 2272; x_wconf 89' lang='lat' dir='ltr'><strong>et</strong></span> <span class='ocrx_word' id='word_1_721' title='bbox 1302 2244 1462 2272; x_wconf 82' lang='lat' dir='ltr'><strong>Antichristi</strong></span> <span class='ocrx_word' id='word_1_722' title='bbox 1488 2245 1662 2278; x_wconf 87' lang='lat' dir='ltr'><strong>prodromum</strong></span> <span class='ocrx_word' id='word_1_723' title='bbox 1687 2243 1804 2278; x_wconf 87' lang='lat' dir='ltr'><strong>perhor-</strong></span> 
     </span>
    </p>
   </div>
   <div class='ocr_carea' id='block_1_100' title="bbox 1022 2289 1805 2326">
    <p class='ocr_par' dir='ltr' id='par_1_100' title="bbox 1022 2289 1805 2326">
     <span class='ocr_line' id='line_1_101' title="bbox 1022 2289 1805 2326; baseline -0.005 -7"><span class='ocrx_word' id='word_1_724' title='bbox 1022 2296 1140 2323; x_wconf 88' lang='lat' dir='ltr'><strong>rescant,</strong></span> <span class='ocrx_word' id='word_1_725' title='bbox 1155 2298 1242 2326; x_wconf 91' lang='lat' dir='ltr'><strong>neque</strong></span> <span class='ocrx_word' id='word_1_726' title='bbox 1266 2290 1319 2317; x_wconf 91' lang='lat' dir='ltr'><strong>illis</strong></span> <span class='ocrx_word' id='word_1_727' title='bbox 1341 2290 1484 2318; x_wconf 85' lang='lat' dir='ltr'><strong>adversum</strong></span> <span class='ocrx_word' id='word_1_728' title='bbox 1509 2297 1559 2317; x_wconf 88' lang='lat' dir='ltr'><strong>nos</strong></span> <span class='ocrx_word' id='word_1_729' title='bbox 1580 2289 1752 2324; x_wconf 85' lang='lat' dir='ltr'><strong>loquentibus</strong></span> <span class='ocrx_word' id='word_1_730' title='bbox 1770 2289 1805 2316; x_wconf 86' lang='lat' dir='ltr'><strong>ti-</strong></span> 
     </span>
    </p>
   </div>
   <div class='ocr_carea' id='block_1_101' title="bbox 1021 2334 1804 2371">
    <p class='ocr_par' dir='ltr' id='par_1_101' title="bbox 1021 2334 1804 2371">
     <span class='ocr_line' id='line_1_102' title="bbox 1021 2334 1804 2371; baseline -0.005 -7"><span class='ocrx_word' id='word_1_731' title='bbox 1021 2337 1082 2364; x_wconf 90' lang='lat' dir='ltr'><strong>dem</strong></span> <span class='ocrx_word' id='word_1_732' title='bbox 1097 2337 1225 2364; x_wconf 82' lang='lat' dir='ltr'><strong>habeant.</strong></span> <span class='ocrx_word' id='word_1_733' title='bbox 1241 2335 1370 2371; x_wconf 73' lang='lat' dir='ltr'><strong>Apologia</strong></span> <span class='ocrx_word' id='word_1_734' title='bbox 1387 2335 1460 2362; x_wconf 87' lang='lat' dir='ltr'><strong>cnim</strong></span> <span class='ocrx_word' id='word_1_735' title='bbox 1475 2334 1688 2370; x_wconf 76' lang='lat' dir='ltr'><strong>sutl‘ragiumque</strong></span> <span class='ocrx_word' id='word_1_736' title='bbox 1707 2338 1749 2367; x_wconf 78' lang='lat' dir='ltr'><strong>tot</strong></span> <span class='ocrx_word' id='word_1_737' title='bbox 1772 2341 1804 2360; x_wconf 85' lang='lat' dir='ltr'><strong>ac</strong></span> 
     </span>
    </p>
   </div>
   <div class='ocr_carea' id='block_1_102' title="bbox 1022 2380 1804 2418">
    <p class='ocr_par' dir='ltr' id='par_1_102' title="bbox 1022 2380 1804 2418">
     <span class='ocr_line' id='line_1_103' title="bbox 1022 2380 1804 2418; baseline -0.003 -8"><span class='ocrx_word' id='word_1_738' title='bbox 1022 2383 1119 2410; x_wconf 79' lang='lat' dir='ltr'><strong>talium</strong></span> <span class='ocrx_word' id='word_1_739' title='bbox 1136 2383 1326 2418; x_wconf 87' lang='lat' dir='ltr'><strong>episcoporum</strong></span> <span class='ocrx_word' id='word_1_740' title='bbox 1347 2389 1395 2416; x_wconf 90' lang='lat' dir='ltr'><strong>pro</strong></span> <span class='ocrx_word' id='word_1_741' title='bbox 1417 2381 1468 2408; x_wconf 90' lang='lat' dir='ltr'><strong>llde</strong></span> <span class='ocrx_word' id='word_1_742' title='bbox 1491 2381 1574 2416; x_wconf 75' lang='lat' dir='ltr'><strong>digno</strong></span> <span class='ocrx_word' id='word_1_743' title='bbox 1601 2380 1804 2416; x_wconf 85' lang='lat' dir='ltr'><strong>sullicientiquc</strong></span> 
     </span>
    </p>
   </div>
   <div class='ocr_carea' id='block_1_103' title="bbox 1021 2427 1698 2457">
    <p class='ocr_par' dir='ltr' id='par_1_103' title="bbox 1021 2427 1698 2457">
     <span class='ocr_line' id='line_1_104' title="bbox 1021 2427 1698 2457; baseline -0.004 0"><span class='ocrx_word' id='word_1_744' title='bbox 1021 2429 1186 2457; x_wconf 71' lang='lat' dir='ltr'><strong>innocentiae</strong></span> <span class='ocrx_word' id='word_1_745' title='bbox 1202 2433 1302 2456; x_wconf 69' lang='lat' dir='ltr'><strong>nostrae</strong></span> <span class='ocrx_word' id='word_1_746' title='bbox 1315 2427 1470 2456; x_wconf 84' lang='lat' dir='ltr'><strong>testimonio</strong></span> <span class='ocrx_word' id='word_1_747' title='bbox 1484 2427 1609 2455; x_wconf 85' lang='lat' dir='ltr'><strong>habenda</strong></span> <span class='ocrx_word' id='word_1_748' title='bbox 1623 2432 1698 2455; x_wconf 86' lang='lat' dir='ltr'><strong>sunt.</strong></span> 
     </span>
    </p>
   </div>
   <div class='ocr_carea' id='block_1_104' title="bbox 1056 2516 1804 2552">
    <p class='ocr_par' dir='ltr' id='par_1_104' title="bbox 1056 2516 1804 2552">
     <span class='ocr_line' id='line_1_105' title="bbox 1056 2516 1804 2552; baseline -0.001 -8"><span class='ocrx_word' id='word_1_749' title='bbox 1056 2516 1111 2552; x_wconf 76' lang='grc' dir='ltr'><strong>(Ιϐ)</strong></span> <span class='ocrx_word' id='word_1_750' title='bbox 1129 2517 1207 2552; x_wconf 76' lang='lat' dir='ltr'><strong>Beg.,</strong></span> <span class='ocrx_word' id='word_1_751' title='bbox 1222 2516 1334 2552; x_wconf 83' lang='grc' dir='ltr'>πληγαί.</span> <span class='ocrx_word' id='word_1_752' title='bbox 1351 2517 1420 2544; x_wconf 87' lang='lat' dir='ltr'><strong>Editi</strong></span> <span class='ocrx_word' id='word_1_753' title='bbox 1434 2523 1510 2549; x_wconf 88' lang='lat' dir='ltr'><strong>vero,</strong></span> <span class='ocrx_word' id='word_1_754' title='bbox 1527 2516 1647 2549; x_wconf 82' lang='grc' dir='ltr'>απειλαί,</span> <span class='ocrx_word' id='word_1_755' title='bbox 1668 2523 1748 2552; x_wconf 77' lang='lat' dir='ltr'><strong>quam</strong></span> <span class='ocrx_word' id='word_1_756' title='bbox 1769 2516 1804 2543; x_wconf 81' lang='lat' dir='ltr'><strong>sit</strong></span> 
     </span>
    </p>
   </div>
   <div class='ocr_carea' id='block_1_105' title="bbox 1019 2551 1745 2583">
    <p class='ocr_par' dir='ltr' id='par_1_105' title="bbox 1019 2551 1745 2583">
     <span class='ocr_line' id='line_1_106' title="bbox 1019 2551 1745 2583; baseline -0.001 -4"><span class='ocrx_word' id='word_1_757' title='bbox 1019 2559 1083 2579; x_wconf 85' lang='lat' dir='ltr'><strong>vera</strong></span> <span class='ocrx_word' id='word_1_758' title='bbox 1103 2551 1194 2583; x_wconf 82' lang='lat' dir='ltr'><strong>lectio,</strong></span> <span class='ocrx_word' id='word_1_759' title='bbox 1214 2551 1336 2580; x_wconf 84' lang='lat' dir='ltr'><strong>dubium.</strong></span> <span class='ocrx_word' id='word_1_760' title='bbox 1739 2556 1745 2560; x_wconf 85' lang='grc'><em>’</em></span> 
     </span>
    </p>
   </div>
   <div class='ocr_carea' id='block_1_106' title="bbox 1019 2586 1805 2654">
    <p class='ocr_par' dir='ltr' id='par_1_106' title="bbox 1019 2586 1805 2654">
     <span class='ocr_line' id='line_1_107' title="bbox 1055 2586 1805 2649; baseline 0 -36"><span class='ocrx_word' id='word_1_761' title='bbox 1055 2586 1113 2649; x_wconf 44' lang='lat'><strong>£11)</strong></span> <span class='ocrx_word' id='word_1_762' title='bbox 1147 2586 1227 2624; x_wconf 43' lang='lat' dir='ltr'><strong>Reg”</strong></span> <span class='ocrx_word' id='word_1_763' title='bbox 1261 2586 1340 2614; x_wconf 80' lang='grc' dir='ltr'>τοῦτο</span> <span class='ocrx_word' id='word_1_764' title='bbox 1370 2586 1398 2614; x_wconf 77' lang='grc' dir='ltr'><strong>δὲ</strong></span> <span class='ocrx_word' id='word_1_765' title='bbox 1423 2586 1524 2620; x_wconf 80' lang='grc' dir='ltr'>καλῶς.</span> <span class='ocrx_word' id='word_1_766' title='bbox 1552 2586 1634 2621; x_wconf 84' lang='lat' dir='ltr'><strong>Editi,</strong></span> <span class='ocrx_word' id='word_1_767' title='bbox 1657 2586 1738 2613; x_wconf 77' lang='grc' dir='ltr'>τοῦτο</span> <span class='ocrx_word' id='word_1_768' title='bbox 1758 2587 1805 2613; x_wconf 69' lang='grc' dir='ltr'><strong>καὶ</strong></span> 
     </span>
     <span class='ocr_line' id='line_1_108' title="bbox 1019 2631 1120 2654; baseline 0.02 -5"><span class='ocrx_word' id='word_1_769' title='bbox 1019 2631 1055 2649; x_wconf 82' lang='grc' dir='ltr'>κα</span> <span class='ocrx_word' id='word_1_770' title='bbox 1072 2631 1120 2654; x_wconf 89' lang='grc' dir='ltr'>ως.</span> 
     </span>
    </p>
   </div>
  </div>
