2031 3048
249 158 299 186 Mi
531 156 558 183 S.
580 153 765 182 ATHANASII
784 151 858 180 OPP.
879 150 968 179 PARS
987 149 1008 178 1.
1028 165 1063 170 —-
1082 148 1268 178 HISTORICA
1288 148 1332 177 ET
1353 146 1562 178 DOGMATICA.
1811 149 1872 179 ΗΞ

881 331 1230 379 ADMONITIO

559 432 595 462 ln
611 431 778 470 epistolam
795 429 837 460 De
852 429 982 460 decretis
997 429 1129 462 Nicm
1148 427 1260 468 synodi
1274 434 1383 461 contra
1398 431 1544 461 Arianos.

278 619 298 647 Ι.
314 619 380 652 Quae
394 618 511 654 sequitur
533 617 654 651 epistola,
669 625 818 651 responsum
829 622 865 644 est
880 616 909 644 S.
922 617 1059 644 Athanasii
1071 618 1105 644 ad
1122 618 1244 644 amicum.
1261 616 1312 644 Hic
1327 617 1451 644 nimirum
1468 626 1527 645 cum
1543 619 1570 646 in
1583 618 1761 654 disputatione
1781 628 1861 655 quam

241 676 300 695 cum
311 667 444 694 nonnullis
459 666 565 692 Arianw
579 665 688 692 heresis
698 666 936 700 propugnatoribus
950 664 1090 697 habuerat,
1101 665 1182 698 impia
1194 665 1252 691 Arii
1262 665 1387 699 dogmata
1409 665 1483 699 plene
1506 664 1666 702 confutauet
1687 675 1696 692 :
1718 665 1757 692 illi
1772 670 1863 692 contra

240 724 304 750 quos
313 715 475 747 disputabat,
487 713 549 746 quid
559 712 743 746 responderent
756 713 842 744 anxii,
856 717 987 745 postremo
998 720 1026 739 se
1041 716 1223 739 converterunt
1234 712 1268 738 ad
1281 711 1474 738 criminandum
1487 716 1606 737 sanctam
1623 716 1751 746 synodum
1771 710 1862 738 Nica-

241 767 311 789 nam.
325 761 395 794 quod
411 760 536 787 uocabula
550 767 602 785 non
617 758 728 791 scripta,
746 758 774 784 id
784 763 823 785 est
836 766 894 793 qute
908 760 935 784 in
949 759 1034 785 sacris
1052 757 1197 792 Scripturis
1212 766 1264 785 non
1274 762 1389 790 exstant,
1407 758 1434 784 in
1449 757 1513 792 ﬁdei
1527 759 1679 792 deﬁnitione
1701 759 1861 792 adhibuerit,

239 813 330 839 nempe
348 813 420 831 voces
433 811 464 831 es
482 804 632 832 substantia
655 811 679 832 et
700 806 955 834 consubstantialis:
976 814 1040 841 quos
1055 807 1157 834 tametsi
1172 807 1209 833 ita
1225 806 1344 833 rixantes
1365 811 1389 833 et
1411 812 1537 841 nugantes
1564 808 1667 840 penitus
1691 808 1860 841 compescuit,

239 857 324 878 tamen
340 857 366 878 ut
379 853 528 880 accuratius
542 861 602 887 quae
614 854 641 879 in
656 853 755 888 synodo
771 853 882 880 Nictena
893 859 985 881 contra
1000 854 1094 880 Arium
1106 858 1131 880 et
1143 854 1258 881 Arianos
1278 859 1351 889 gesta
1367 859 1451 881 essent
1467 853 1583 885 resciret,
1606 853 1709 886 rogavit
1731 852 1761 881 S.
1777 852 1862 878 Atha-

238 898 353 929 nasium,
370 904 398 924 ut
414 899 458 933 qui
472 899 527 932 ipse
538 901 649 927 concilio
663 901 797 936 adfuerat,
813 910 866 929 rem
880 907 972 937 totam,
988 908 1067 938 prout
1080 909 1140 930 acta
1151 903 1250 938 fuerat,
1263 903 1313 930 sibi
1326 902 1398 930 vellet
1411 910 1542 930 narrare:
1561 901 1631 937 quod
1646 902 1696 928 hac
1709 901 1737 927 in
1749 900 1860 935 epistola

237 944 341 970 abunde
356 949 461 977 praestat
476 945 646 973 Athanasius.

271 988 302 1015 ll.
318 989 354 1015 Ac
371 991 454 1023 primo
470 992 572 1024 quidem
585 995 700 1028 exagitat
716 995 876 1022 Arianorum
892 996 1096 1024 inconstantiam
1111 997 1140 1023 in
1155 997 1292 1024 sententiis
1306 996 1450 1028 mutandis,
1473 995 1546 1030 quod
1561 1000 1652 1029 prave
1675 991 1806 1018 doctrinas
1819 991 1858 1017 si-

236 1042 315 1069 gnum
328 1036 431 1062 evidens
444 1044 499 1064 esse
517 1038 565 1071 ait,
577 1047 636 1066 cum
646 1043 794 1068 constantia
804 1042 837 1068 sit
849 1050 917 1070 certe
933 1043 1061 1069 indicium
1075 1047 1186 1070 certum.
1199 1042 1265 1069 Tum
1277 1042 1387 1069 breviter
1401 1045 1586 1068 commemorat
1600 1038 1731 1074 quomodo
1741 1036 1858 1072 synodus

235 1087 263 1106 se
274 1088 335 1114 erga
351 1079 514 1109 Eusebianos
533 1084 611 1112 initio
627 1087 753 1119 gesserit:
774 1096 805 1114 ac
824 1092 962 1122 postquam
987 1089 1042 1122 ipse
1064 1089 1092 1115 in
1118 1088 1280 1115 Eusebianos
1295 1088 1474 1122 Arianamque
1491 1087 1649 1117 impietatem
1668 1084 1770 1119 prolixe
1793 1084 1859 1110 satis

234 1125 352 1152 inuectus
366 1131 416 1156 est.
431 1128 556 1164 variaque
568 1129 675 1156 illorum
690 1131 787 1165 refellit
804 1138 978 1167 argumenta:
998 1137 1025 1159 ut
1044 1132 1157 1166 depellat
1170 1132 1383 1158 criminationem
1402 1139 1455 1165 qua
1470 1131 1529 1158 Arii
1552 1131 1670 1165 fautores
1685 1130 1713 1156 in
1728 1129 1857 1164 synodum

236 1170 373 1200 Nirwnam
386 1174 536 1208 utebantur,
552 1178 621 1210 quod
634 1179 733 1205 scilicet
752 1187 817 1206 naua
831 1181 1018 1214 excogitaverit
1037 1180 1176 1211 vocabula.
1190 1179 1304 1206 dilucide
1318 1179 1436 1212 exponit,
1456 1186 1572 1211 quonam
1586 1182 1662 1212 pacto
1683 1176 1760 1203 dolus
1781 1181 1858 1202 astu-

233 1219 322 1252 tiaque
337 1219 545 1249 Eusebianorum
561 1222 655 1251 Patres
670 1226 824 1259 compulerit
837 1227 872 1253 ad
887 1227 1076 1254 declarandum
1092 1226 1193 1254 Filium
1210 1235 1266 1254 esse
1280 1234 1314 1254 ex
1327 1226 1477 1254 substantia
1491 1223 1582 1252 Patris
1602 1228 1626 1251 et
1650 1222 1726 1250 Patri
1739 1220 1858 1250 consub-

188 1298 190 1301 _
232 1265 395 1293 stantialem.
413 1267 489 1299 Quod
503 1269 570 1296 idem
585 1272 663 1298 etiam
681 1273 760 1306 refert
775 1273 885 1306 epistola
901 1274 935 1300 ad
951 1273 1041 1307 Afros.

268 1311 309 1338 Ill.
325 1311 450 1344 Quamvis
465 1319 552 1342 autem
570 1317 694 1344 concedat
714 1317 874 1345 Athanasius
889 1319 1016 1346 dictiones
1030 1326 1063 1346 ex
1089 1319 1239 1347 substantia
1262 1323 1286 1346 et
1302 1317 1540 1346 mnsubstantialis
1560 1317 1589 1344 in
1607 1316 1754 1350 Scripturis
1775 1315 1858 1342 sacris

231 1364 283 1383 non
302 1357 363 1392 legi,
379 1363 466 1386 tamen
479 1369 533 1388 rem
548 1361 631 1396 ipsam
643 1363 670 1389 in
685 1363 721 1390 eis
739 1364 872 1390 contineri
884 1364 1010 1396 ostendit,
1027 1372 1072 1391 nec
1092 1372 1136 1391 eas
1151 1372 1167 1391 a
1188 1364 1287 1399 synodo
1312 1364 1395 1398 fuisse
1410 1364 1538 1395 inventas,
1561 1362 1606 1388 sed
1629 1362 1703 1396 longe
1723 1367 1801 1388 antea
1822 1360 1856 1386 ab

232 1407 426 1441 antiquioribus
439 1415 596 1443 usurpatas,-
609 1409 800 1446 Theognastum
812 1412 881 1439 enim
895 1413 957 1439 olim
972 1412 1091 1440 docuisse
1101 1412 1279 1440 substantiam
1293 1411 1352 1439 Filii
1362 1418 1423 1439 esse
1434 1418 1467 1438 ex
1483 1408 1636 1437 substantia
1647 1406 1737 1434 Patris
1752 1406 1856 1440 absque

232 1455 284 1482 ulla
302 1455 551 1489 divisione_natam.
565 1457 687 1492 Dionysii
698 1466 800 1492 quoque
813 1458 985 1486 Alexandrini
997 1460 1075 1494 aﬂ'ert
1093 1460 1277 1486 auctoritatem
1293 1459 1434 1486 asserentis
1456 1457 1553 1485 Filium
1571 1463 1633 1483 esse
1648 1454 1721 1482 Patri
1737 1453 1855 1480 consub-

232 1503 394 1530 stantialem.
411 1503 482 1531 Nam
495 1513 554 1532 cum
569 1513 627 1532 eum
641 1506 748 1540 quidam
765 1507 970 1534 criminarentur
984 1515 1091 1542 negasse
1105 1506 1205 1534 Filium
1219 1515 1273 1535 esse
1286 1506 1363 1534 Patri
1378 1502 1650 1533 consubstantialem,
1662 1502 1717 1534 ipse
1731 1499 1856 1533 Dionysia

231 1547 321 1576 Romte
335 1550 466 1584 episcopo,
487 1551 529 1577 cui
548 1559 575 1578 se
596 1555 700 1585 purgat,
718 1552 807 1578 scribit
819 1560 846 1579 se
861 1558 965 1579 tantum
985 1554 1083 1580 dixisse
1097 1554 1236 1580 dictionem
1251 1553 1325 1580 illam
1348 1559 1478 1587 nusquam
1494 1548 1604 1584 reperiri
1625 1547 1654 1574 in
1668 1553 1751 1573 sacris
1778 1544 1853 1572 Scri~

230 1598 332 1630 pluris,
345 1589 397 1639 non
409 1603 495 1626 autem
509 1607 562 1626 rem
575 1600 659 1634 ipsam
674 1600 822 1634 reprobare,
835 1601 880 1627 sed
891 1601 978 1635 potius
992 1601 1124 1636 amplecti.
1142 1602 1218 1634 Quod
1233 1609 1297 1629 sane
1308 1600 1410 1627 illustre
1430 1601 1613 1634 argumentum
1631 1598 1670 1621 est
1689 1592 1768 1627 hujus
1786 1593 1855 1619 uocis

230 1642 404 1676 antiquitatis.

263 1689 306 1716 IV.
326 1689 432 1726 Insigne
445 1691 524 1718 etiam
539 1693 634 1721 ibidem
647 1700 841 1722 monumentum
857 1696 994 1724 catholica
1010 1696 1073 1731 fidei
1086 1696 1159 1723 circa
1177 1693 1229 1722 SS.
1242 1693 1397 1721 Trinitatem
1407 1691 1526 1722 adducit,
1540 1689 1718 1723 fragmentum
1734 1685 1854 1713 videlicet

229 1735 289 1762 libri
305 1736 426 1772 Dionysii
442 1737 534 1766 Romae
547 1740 662 1774 episcopi
677 1741 801 1768 adversus
819 1739 994 1769 Sabellianos.
1018 1741 1100 1768 Erant
1120 1741 1188 1768 enim
1206 1740 1286 1774 hujus
1306 1742 1383 1766 celate
1401 1737 1457 1772 qui,
1478 1740 1506 1762 ut
1521 1733 1667 1762 Sabellium
1690 1731 1852 1766 refellerent,

229 1783 353 1810 Iacebant
367 1790 418 1812 tres
434 1785 486 1813 SS.
503 1786 640 1813 Trinitatis
655 1787 806 1822 hypostases
821 1796 876 1815 esse
892 1797 908 1815 α
921 1797 948 1816 se
963 1789 1071 1816 inuicem
1088 1788 1218 1820 diuersas,
1233 1794 1264 1813 ac
1278 1784 1387 1819 proinde
1400 1788 1454 1810 tres
1468 1782 1546 1818 quasi
1569 1781 1632 1808 deos
1654 1779 1853 1814 prasdicabant:

229 1828 274 1854 alii
290 1833 378 1855 autem
401 1829 506 1857 aiebant
530 1830 642 1857 Verbum
661 1840 725 1865 opus
745 1838 768 1859 et
786 1841 840 1859 rem
863 1833 962 1867 factam
983 1841 1050 1861 esse.
1074 1832 1205 1867 Utrosque
1222 1831 1283 1866 jure
1302 1829 1423 1864 coarguit
1446 1827 1598 1862 Dionysius,
1613 1828 1738 1859 docetque
1760 1829 1853 1851 contra

228 1872 288 1900 illas
318 1878 370 1901 tres
400 1874 452 1903 SS.
480 1875 620 1903 Trinitatis
655 1876 805 1911 hypostases
833 1885 884 1905 non
919 1886 974 1906 esse
1009 1878 1106 1906 divisas
1129 1886 1146 1904 α
1174 1884 1202 1903 se
1231 1876 1364 1906 invicem,
1391 1881 1437 1900 nec
1467 1872 1569 1900 Filium
1596 1879 1651 1899 esse
1677 1871 1777 1905 factum
1806 1871 1852 1898 sed

228 1919 352 1953 genitum.

262 1975 292 2002 V.
317 1975 437 2010 Origenis
450 1983 552 2010 quoque
563 1978 714 2005 testimonio
731 1980 815 2006 utitur
827 1979 987 2008 Athanasius
1002 1980 1119 2008 docentis
1135 1981 1254 2008 Verbum
1278 1984 1410 2006 aeternum
1429 1984 1491 2005 esse
1506 1976 1681 2011 ejusdemque
1696 1982 1728 2002 ac
1742 1974 1851 2001 Patrem

227 2021 392 2062 {'"bslalllim.
418 2020 490 2047 Nam
513 2030 570 2057 qua:
595 2026 623 2052 in
640 2026 698 2061 ejus
722 2028 841 2062 operibus
858 2029 979 2056 videntur
995 2029 1056 2056 huic
1083 2028 1221 2056 catholica
1235 2028 1369 2055 sententia:
1384 2033 1439 2053 esse
1464 2024 1612 2056 contraria,
1632 2023 1670 2050 ait
1686 2022 1850 2049 Athanasius

228 2060 304 2088 illum
318 2070 369 2089 non
383 2071 415 2090 ex
431 2068 538 2100 propria
553 2075 638 2097 mente
653 2060 808 2106 proponere,
821 2074 866 2100 sed
878 2081 910 2100 es;
922 2081 1011 2100 eorum
1024 2073 1181 2108 quibuscum
1195 2072 1354 2107 disputabat.
1373 2069 1429 2098 Nec
1439 2078 1498 2097 vero
1512 2069 1646 2106 aliquibus
1660 2069 1757 2095 mirum
1770 2068 1851 2094 videri

227 2110 300 2137 debet
316 2119 357 2144 ea,
373 2120 432 2148 quae
445 2118 612 2148 postmodum
626 2120 783 2149 dictitabant
800 2121 906 2155 Ariani,
919 2121 960 2149 hic
982 2124 1015 2149 ab
1038 2121 1150 2158 Origene
1169 2126 1259 2156 aperte
1281 2119 1460 2151 condemnari,
1477 2118 1532 2146 haec
1548 2118 1671 2144 nimirum
1689 2116 1775 2148 verba,
1790 2115 1853 2142 Fuit

227 2158 381 2194 aliquando.
400 2169 462 2189 cum
477 2171 529 2191 non
544 2171 617 2194 esset
627 2167 731 2196 Filius:
745 2170 873 2204 siquidem
890 2171 917 2197 id
933 2171 1081 2198 necessario
1096 2170 1215 2205 sequitur
1227 2176 1259 2196 ea
1271 2167 1348 2203 163
1363 2166 1472 2193 illorum
1487 2164 1616 2192 sententia
1628 2162 1673 2198 qui
1685 2161 1787 2188 Filium
1799 2169 1852 2188 non

227 2215 327 2242 semper
346 2208 429 2243 fuisse
444 2211 652 2241 arbitrabantur.
678 2217 748 2244 Hinc
771 2217 913 2252 Dionysius
939 2217 1072 2245 Romanus
1097 2218 1125 2244 in
1149 2217 1206 2243 loco
1228 2216 1303 2250 cujus
1323 2221 1385 2241 mox
1408 2212 1585 2243 meminimus,
1610 2211 1647 2237 sic
1672 2208 1849 2244 loquitur:Si

227 2254 316 2282 iactus
332 2260 373 2283 est
386 2256 471 2284 Filius
483 2277 491 2290 ,
507 2257 558 2286 fuit
572 2259 716 2296 aliquando
730 2271 791 2291 cum
804 2272 856 2292 non
871 2269 943 2292 esset
959 2272 968 2298 ς
984 2272 1066 2300 quam
1078 2264 1237 2297 impietatem
1251 2261 1378 2301 Origenes
1394 2259 1483 2287 eodem
1502 2258 1579 2285 modo
1595 2266 1625 2284 ac
1640 2257 1686 2284 ille
1702 2257 1849 2292 impugnat.

228 2301 392 2337 Quapropter
405 2313 464 2331 cum
480 2304 601 2341 Originis
617 2309 775 2341 tentporibus
788 2315 871 2337 essent
885 2309 930 2345 qui
945 2310 1014 2337 idem
1033 2311 1171 2341 sentirent,
1184 2308 1253 2344 quod
1265 2312 1356 2342 postea
1371 2305 1468 2333 Ariani
1487 2311 1496 2332 :
1514 2303 1552 2330 nil
1567 2303 1682 2338 profecto
1703 2302 1809 2335 mirum,
1828 2303 1851 2329 si

226 2348 328 2374 εο³άο¹η
345 2356 445 2384 quoque
460 2350 582 2384 loquendi
599 2355 689 2385 nmdas
703 2356 866 2384 adhiberent.
885 2355 937 2384 Sed
951 2364 984 2383 ea;
995 2356 1036 2382 his
1047 2356 1113 2383 satis
1126 2355 1206 2389 fuerit
1219 2355 1356 2382 obseruare
1373 2352 1455 2386 fuisse
1468 2351 1544 2387 longe
1554 2357 1614 2379 ante
1625 2351 1729 2384 Arium,
1742 2351 1851 2378 Arianae

225 2398 367 2433 impietatis
381 2409 568 2435 prcecursores.
1656 2399 1660 2404 Ι

261 2453 304 2481 Vl.
321 2454 457 2483 Postremo
472 2456 501 2484 S.
517 2455 678 2484 Athanasius
691 2454 723 2480 de
739 2461 799 2481 voce
810 2453 944 2489 ἁγενήτου
960 2453 1088 2487 disputat.
1097 2453 1182 2486 {Hanc
1192 2454 1306 2482 Arianos
1320 2463 1336 2481 a
1346 2454 1468 2490 profanis
1481 2453 1634 2480 auctoribus
1650 2456 1784 2479 mutuatos
1794 2459 1850 2480 esse

224 2498 274 2531 ait,
290 2503 330 2530 ut,
347 2503 404 2532 post
420 2502 540 2534 explosus
554 2500 622 2527 alias
636 2507 727 2526 eorum
751 2499 868 2531 voculas.
885 2507 960 2526 suam
974 2499 1135 2534 impietatem
1151 2508 1217 2527 nouo
1235 2500 1284 2527 hoc
1298 2500 1423 2528 uocabulo
1447 2504 1570 2534 tegerent.
1596 2497 1664 2525 Nam
1678 2506 1737 2525 cum
1763 2498 1850 2525 solum

225 2542 332 2571 Patrem
347 2544 493 2580 ἀγένητον,
508 2553 562 2573 non
574 2545 685 2577 factum,
706 2545 844 2572 dicendum
857 2553 911 2572 esse
929 2546 1034 2577 uellent,
1057 2545 1247 2573 concludebant
1269 2544 1370 2573 Filium
1392 2545 1516 2581 γενητόν,
1541 2544 1654 2575 factum,
1673 2543 1766 2570 debere
1783 2545 1847 2570 dici.

230 2591 322 2619 Verum
339 2592 460 2626 fraudem
475 2595 554 2620 istam
574 2591 657 2627 aperit
681 2595 705 2617 et
728 2590 829 2624 repellit
849 2590 1023 2623 Athanasius,
1043 2590 1167 2625 docetque
1186 2591 1269 2618 Deum
1286 2599 1340 2619 non
1361 2591 1461 2619 factum
1483 2590 1622 2624 appellari,
1643 2595 1773 2625 quatenus
1795 2591 1852 2622 τοῖς

223 2639 357 2673 γενητοῖς,
372 2638 451 2665 rebus
469 2638 560 2671 factis,
575 2637 728 2673 opponitur,
745 2637 791 2663 sed
804 2635 932 2670 appellari
948 2635 1056 2663 Patrem
1071 2644 1130 2663 cum
1142 2637 1257 2671 refertur
1271 2637 1305 2664 ad
1316 2636 1425 2664 Filium.
1445 2638 1483 2664 De
1503 2646 1565 2665 voce
1583 2638 1717 2673 ἁγενήτου
1745 2638 1850 2664 disserit

223 2689 323 2715 quoque
346 2681 422 2710 Orat.
443 2683 455 2710 Ι
481 2688 574 2710 contra
600 2682 728 2712 Arianos,
748 2686 771 2708 et
792 2681 821 2707 in
842 2681 952 2714 epistola
966 2681 999 2708 de
1013 2682 1121 2716 synodis
1150 2682 1267 2709 Arimini
1284 2688 1308 2710 et
1329 2683 1467 2715 Seleuciae.
1484 2684 1511 2710 in
1525 2692 1577 2719 qua
1588 2685 1657 2710 circa
1670 2684 1748 2718 ﬁnem
1765 2683 1850 2710 locum

224 2725 299 2761 affert
318 2727 434 2760 epistolw
459 2727 490 2755 S.
509 2727 609 2763 Ignatii
627 2727 661 2754 ad
687 2725 814 2758 Ephesios
839 2726 976 2752 scribentis
1004 2725 1146 2754 Dominum
1158 2735 1214 2754 esse
1225 2727 1305 2754 simul
1318 2728 1443 2764 γενητόν,
1463 2728 1577 2761 factum,
1593 2734 1617 2756 et
1631 2729 1774 2764 ἀγένητον,
1796 2736 1849 2755 non

223 2773 334 2799 iactum.
366 2773 484 2806 Scilicet,
511 2778 538 2800 ut
567 2772 679 2806 explicat
699 2771 728 2799 S.
754 2771 862 2804 Doctor,
892 2771 1020 2799 Dominus
1049 2772 1175 2808 γενητός.
1205 2773 1303 2807 factus,
1327 2775 1435 2808 dicitur,
1459 2779 1589 2811 quatenus
1614 2774 1702 2807 homo,
1733 2779 1757 2801 et
1785 2774 1849 2809 ἀγέ-

221 2825 311 2852 νητος.
331 2825 383 2845 non
411 2818 499 2845 factus
513 2838 522 2851 ,
545 2823 673 2852 quatenus
695 2816 773 2843 Deus.
794 2815 894 2843 Ibidem
917 2824 1020 2852 quoque
1052 2825 1104 2844 non
1136 2822 1212 2851 negat
1234 2818 1336 2853 aliquos
1363 2825 1419 2854 post
1446 2819 1582 2855 Ignatium
1621 2823 1739 2849 doctores
1763 2821 1847 2849 solum

222 2861 330 2890 Patrem
343 2863 441 2890 dixisse
452 2863 594 2899 ἀγένητον,
612 2873 664 2892 non
680 2864 799 2892 factum:
814 2869 842 2891 at
860 2865 996 2899 respondet
1011 2873 1024 2893 e

1047 2873 1055 2892 ι
1069 2865 1106 2893 ita
1126 2865 1240 2900 locutos,
1260 2875 1311 2894 non
1323 2868 1393 2903 quod
1411 2866 1515 2897 Filium
1528 2869 1780 2906 γενητόνμῑπωω,
1797 2877 1849 2906 plt-
