2031 3048
149 160 202 191 ηδ

674 159 910 191 ὀευυεειιετιε
928 158 1078 190 ΝΙΟᾸΞΝᾸΞ
1099 158 1232 189 SYNODI.

1714 159 1765 187 ﬂii

149 231 188 248 νοι
209 222 329 249 κάκεῖνοι
351 223 425 258 παρὰ
440 220 490 258 τῆς
509 223 646 258 ἀληθείας,
663 224 710 250 καὶ
736 224 772 260 μὴ
789 224 930 259 δυνάμενοι

983 222 1095 250 evidens
1121 225 1320 257 argumentum,
1346 226 1396 247 nec
1413 227 1465 247 non
1489 218 1618 253 Iudaicae,
1645 218 1684 246 ml
1708 219 1764 253 iam

150 269 217 305 πρὸς
244 270 327 306 αὐτὴν
348 271 527 301 ἀντιϐλέπειν,
553 271 764 306 ὲπροφασίζοντο
791 271 928 305 λέγοντες”

154 315 183 342 Τί
194 315 286 348 ποιεῖς
298 316 338 343 σὺ
352 316 542 351 σημεῖον,7νιι
555 316 662 351 ῑὸωμεν
669 317 718 343 καὶ
725 317 931 352 πιστεύσωμέν

150 368 220 393 σου
244 361 274 388 Τί
289 361 527 396 ἐργάζῃ;.Καίτοι
550 363 669 397 σημείων
697 362 830 388 τοσούτων
857 371 932 396 γενομ

151 407 330 442 μένων,ῶστε
347 407 435 442 λέγειν
454 409 500 435 καὶ
519 408 633 440 αὐτούς’
664 409 695 435 Τί
718 408 870 444 ποιοῦμεν,
888 409 932 435 ὅτι

151 451 240 486 οὗτος
259 455 276 480 ό
293 454 446 488 ἄνθρωπος
470 455 569 482 πολλὰ
585 454 664 482 ποιεῖ
682 455 806 489 σημεῖα;
833 455 932 490 Νεκροὶ

151 498 205 534 γὰρ
222 498 372 534 ἠγείροντο,
390 498 470 534 χωλοὶ
494 500 686 535 περιεπάτουν,
707 499 802 534 τυφλοὶ
823 499 931 526 ἀνέϐλε-

152 551 212 574 nov,
227 543 321 579 λεπροὶ
338 543 538 579 ὲκαθαρίζοντο,
549 544 594 570 καὶ
609 544 638 570 τὸ
649 543 719 580 ὓδωρ
733 542 803 576 οἶνος
817 543 931 578 ἐγίνετο,

149 589 198 615 καὶ
223 589 277 615 ἀπὸ
293 589 372 615 πέντε
397 589 486 624 ἄρτων
502 589 685 625 ἐκορέσθησαν
706 589 930 624 πεντακισχίλιοι.

152 635 206 661 Καὶ
213 635 244 670 *οἱ
260 635 309 670 μὲν
332 635 431 666 πάντες
449 635 601 670 ἐθαύμαζον
621 634 666 662 καὶ
685 635 869 670 προσεκύνουν
887 635 932 661 τὸν

151 680 264 716 Κύριον,
275 681 466 716 ὁμολογοῦντες
486 682 514 707 ἐν
527 681 600 716 αὖτῷ
617 681 784 716 πληροῦσθαι
802 681 850 712 τὰς
865 687 932 716 προ-

151 725 275 761 φητείας,
288 726 334 752 καὶ
347 726 426 752 αὐτὸν
439 724 507 752 εἶναι
518 726 583 752 em
592 726 639 752 τοῦ
654 726 721 752 Θεοῦ
736 726 781 752 τὸν
792 726 854 752 Υίόν
866 736 870 740 ”
886 726 932 761 μό-

149 779 190 797 νοι
207 770 235 797 δὲ
259 772 283 797 οί
299 771 449 806 Φαρισαῖοι,
471 772 494 797 εί
518 772 564 797 καὶ
587 771 763 806 λαμπρότερα
783 771 838 805 (20)
856 771 930 806 ἡλίου

151 817 298 853 φαινόμενα
309 815 342 853 ἦν
356 817 391 844 τὰ
406 819 515 853 σημεῖα,
530 818 604 852 ὅμως
626 818 706 844 πάλιν
720 817 876 851 ἐγόγγυζον,
894 818 931 849 ὡς

148 862 275 898 ἀμαθεῖς,
297 863 343 890 καὶ
365 863 472 898 ἔλεγον·
502 864 551 891 Διὰ
575 864 601 890 τί
623 864 675 896 σὺ,
699 863 852 897 ἄνθρωπος
877 863 929 895 ὢν,

146 909 243 942 ποιεῖς
257 910 387 937 σεαυτὸν
404 912 493 941 Θεόν;
506 910 620 945 ἄφρονες
643 910 689 936 καὶ
703 910 742 944 τῷ
761 909 817 936 δντι
839 910 932 944 τυφλοὶ

150 956 200 991 τὴν
213 956 330 983 διάνοιαν
339 965 345 971 ·
359 957 418 983 δέον
431 957 461 983 τὸ
476 957 592 992 ἔμπαλιν
605 957 702 988 αὐτοὺς
717 957 805 991 λέγειν
814 963 823 972 "
844 957 891 983 Διὰ
907 958 931 982 τί

153 1002 195 1034 σὺ,
207 1001 272 1034 Θεὸς
290 1002 337 1035 ὣν,
353 1003 495 1038 ἄνθρωπος
510 1003 640 1038 γέγονας;
663 1003 703 1029 Τὰ
715 1002 769 1038 γὰρ
785 1003 854 1038 ἔργα
867 1003 932 1030 Θεὸν

149 1048 231 1074 αὑτὸν
246 1049 390 1081 ἐδείκνυεν,
412 1050 456 1076 ἵνα
470 1050 518 1085 τὴν
537 1051 585 1084 μὲν
598 1050 751 1085 άγαθότητα
767 1051 812 1077 τοῦ
828 1051 932 1086 Πατρὺς

151 1094 370 1129 προσκυνήσωσι,
386 1095 434 1130 τὴν
458 1095 485 1122 δὲ
512 1095 545 1122 δι’
575 1096 647 1130 ἡμᾶς
670 1096 752 1122 αὐτοῦ
778 1097 932 1131 οἰκονομίαν

148 1138 321 1173 θαυμάσωσι.
335 1139 418 1166 Τοῦτο
434 1141 481 1175 μὲν
501 1140 561 1167 οὔτε
575 1141 676 1175 ἔλεγον,
696 1141 752 1168 ἀλλ’
765 1141 826 1168 οὔτε
840 1142 874 1169 τὰ
889 1151 931 1176 γι-

150 1184 249 1220 νόμενα
266 1185 372 1221 βλέπειν
383 1186 536 1214 ὲΰοὺλοντο·
553 1187 692 1222 ἧέἦλεπον
709 1187 758 1223 μέν
780 1188 827 1222 (ἐξ
850 1188 932 1222 ἀνάγ-

151 1237 203 1265 κης
217 1230 271 1266 γὰρ
283 1228 317 1267 ἦν
340 1232 406 1267 ὁρᾷν
423 1233 530 1266 mu-
549 1233 627 1260 πάλιν
640 1234 667 1260 δὲ
686 1228 835 1268 ἐγόγγυζον
850 1241 932 1268 μετα-

151 1274 325 1311 ϐαλλόμενοι·
343 1278 391 1305 Διὰ
412 1278 438 1304 τί
465 1279 493 1304 ὲν
508 1278 544 1313 τῷ
559 1279 688 1314 Σαϐϐάτῳ
704 1279 865 1316 θεραπεύεις
888 1280 933 1306 τὸν

151 1321 345 1356 παραλυτικὸν,
356 1324 403 1350 καὶ
425 1323 470 1350 τὸν
484 1325 516 1351 ἐκ
535 1325 647 1360 γενετῆς
660 1325 759 1360 τυφλὸν
769 1326 828 1352 τότε
847 1326 933 1356 ποιεῖς

150 1367 329 1403 ἀναϐλέπειν;
347 1370 432 1396 Τοῦτο
444 1371 472 1397 δὲ
486 1371 620 1406 πρόφασις
637 1372 717 1398 πάλιν
729 1369 774 1407 ἦν,
792 1373 840 1398 καὶ
854 1371 933 1407 μόνον

148 1413 315 1448 γογγυσμός.
339 1414 394 1441 Καὶ
408 1414 462 1450 γὰρ
474 1416 503 1441 ὲν
513 1416 574 1447 ταῖς
599 1415 692 1447 ἄλλαις
712 1415 828 1451 ἡμέραις
851 1416 932 1451 θερα-

152 1458 279 1490 πεύοντος
291 1458 338 1485 τοῦ
353 1459 456 1494 Κυρίου
472 1461 560 1486 πᾶσαν
574 1460 651 1486 νόσον
669 1460 715 1486 καὶ
738 1461 827 1486 πᾶσαν
846 1460 932 1495 μαλα-

150 1503 224 1535 κίαν,
238 1504 335 1531 ἐκεῖνοι
353 1505 474 1541 συνήθως
487 1506 649 1541 ἐμέμφοντο,
678 1505 725 1532 καὶ
749 1506 848 1541 μᾶλλον
866 1506 931 1542 ἢθε-

149 1549 195 1576 λον
213 1549 356 1586 ἀθεότητος
379 1551 449 1586 ἔχειν
469 1552 606 1584 ὑπόνοιαν,
621 1551 783 1583 Βεελζεὸοὺλ
796 1551 852 1586 (2i)
876 1552 932 1578 ὀνο-

153 1595 294 1630 μάζοντες,
309 1597 327 1632 ἦ
346 1597 516 1632 ἀρνήσασθαι
529 1597 578 1632 τὴν
596 1597 663 1624 ἰδίαν
686 1597 826 1632 πονηρίαν.
851 1597 930 1624 Ἀλλὰ

150 1642 197 1668 καὶ
209 1641 305 1674 οὕτως,
320 1641 367 1668 τοῦ
383 1643 506 1677 Σωτῆρος
520 1642 678 1677 πολυμερῶς
696 1643 742 1670 καὶ
756 1643 931 1678 πολυτρόπως

147 1686 315 1719 δεικνύοντος
325 1687 422 1715 ἑαυτοῦ
437 1688 491 1723 (‘22)
503 1688 552 1723 τὴν
570 1687 694 1723 θεότητα,
714 1688 762 1715 καὶ
788 1688 931 1723 εὐαγγελι-

150 1732 264 1768 ζομένου
281 1735 347 1760 πᾶσι
361 1734 480 1769 Πατέρα,
497 1734 571 1760 οὐδὲν
593 1732 683 1770 ἦττον,
700 1734 794 1769 ὥσπερ
808 1735 846 1765 είς
869 1734 930 1760 κέν-

150 1787 202 1814 τρα
221 1779 402 1811 λακτίζοντες,
424 1779 564 1814 ἀντέλεγον
584 1781 680 1806 ἐκεῖνοι
705 1779 930 1815 μωρολογοῦντες,

150 1824 194 1850 ἵνα
211 1825 289 1860 μόνον
304 1825 374 1853 κατὰ
385 1816 434 1862 τὴν
448 1825 521 1852 θείαν
530 1825 676 1861 παροιμίαν
690 1825 839 1860 προφάσεις
854 1827 932 1859 “spcu-

151 1871 289 1906 ρίσκοντες
305 1871 457 1907 χωρίσωσιν
471 1871 582 1903 ἑαυτοὺς
593 1871 647 1898 ἀπὸ
660 1871 709 1906 τῆς
723 1871 849 1906 ἀληθείας
864 1871 930 1906 (25).

982 268 1047 300 dixi,
1064 267 1191 302 nequitiae
1207 267 1333 294 imitatio.
1349 265 1488 300 Siquidem
1503 263 1670 297 Iudaicum
1684 271 1699 292 a
1716 272 1764 292 ve-

982 315 1061 342 ritate
1072 314 1203 346 convicti,
1219 313 1313 340 oculos
1327 316 1421 339 contra
1436 319 1496 339 eam
1511 311 1635 339 attollere
1648 318 1702 339 non
1717 318 1764 338 va-

982 362 1079 394 lerent,
1089 360 1243 396 huiusmodi
1260 358 1527 394 interrogatiunculis
1537 366 1566 386 se
1576 358 1741 394 obtegebant
1754 368 1761 386 :

983 407 1060 440 Quod
1083 413 1110 434 tu
1136 407 1202 441 facit
1229 406 1333 440 signum
1360 410 1388 431 tt!
1411 405 1545 432 videamus
1570 410 1594 432 ei
1624 405 1762 432 credamus

983 454 1053 480 tibi!
1067 453 1138 486 Quid
1164 453 1281 488 operaria
1301 452 1346 478 ιιι
1369 452 1530 486 Quanquam
1558 455 1596 479 tot
1616 452 1692 486 signa
1716 451 1763 479 ﬁe-

984 505 1055 533 rettt,
1070 505 1096 526 lll
1112 501 1195 527 etiam
1213 499 1263 534 ipsi
1276 503 1438 532 cogerentur
1458 499 1549 525 dicere
1570 507 1576 525 :
1601 497 1671 531 Quid
1692 497 1763 533 faci-

982 554 1050 579 mus,
1063 547 1126 580 quia
1145 545 1186 572 hic
1201 545 1276 571 homo
1294 544 1377 571 multa
1387 545 1462 579 signa
1473 544 1537 578 facit
1551 543 1593 570 ὀἳ
1610 543 1678 571 Nam
1693 551 1765 571 mor-

984 593 1021 618 tui
1052 592 1248 623 excitabantur,
1281 589 1369 617 claudi
1402 589 1597 623 ambulabant,
1635 589 1763 617 videbant

983 638 1057 668 caci.
1075 637 1170 671 Ieprosi
1182 635 1377 671 purgabantur,
1404 642 1473 669 aqua
1496 635 1651 662 mutabatur
1672 635 1699 662 in
1719 635 1764 662 vi-

981 691 1058 715 num,
1074 687 1100 709 et
1117 683 1235 717 quinque
1247 681 1361 716 panibus
1380 681 1498 716 quinque
1518 680 1602 708 millia
1622 681 1762 708 hominum

982 733 1045 756 sunt
1057 728 1180 756 saturati.
1198 727 1266 754 llinc
1280 734 1374 755 omnes
1393 721 1510 761 quidem
1521 725 1664 754 Dominum
1677 726 1763 754 admi-

983 775 1114 801 rabantur
1129 778 1157 802 et
1173 773 1333 804 adorabunt,
1351 772 1562 806 fatebanturque
1587 772 1614 799 in
1636 772 1694 807 ipso
1716 771 1763 800 im-

982 821 1048 854 pleri
1063 820 1229 855 prophetias,
1242 827 1357 854 eumque
1372 819 1454 846 Deum
1473 824 1500 846 et
1515 818 1612 846 Filium
1632 818 1678 847 Dei
1689 826 1760 847 esse.

982 867 1039 894 Soli
1062 871 1151 894 autem
1174 864 1314 898 Pharisazi,
1340 865 1448 892 tametsi
1467 865 1523 892 sole
1542 864 1659 893 clariora
1682 870 1762 893 erant

982 913 1068 948 signa,
1088 911 1263 939 nihilominus
1276 917 1404 946 tanquam
1417 911 1535 945 imperiti
1555 912 1762 939 murmurabaut

981 963 1010 986 et
1027 959 1135 985 aiebant
1149 968 1155 985 ι
1178 957 1267 991 Quare
1290 961 1319 984 tu
1334 957 1410 984 homo
1425 965 1483 984 cum
1498 958 1545 990 sis,
1570 958 1635 990 facit
1651 957 1762 992 ιείριιιηι

983 1002 1065 1031 Deum
1076 1003 1098 1019 "
1110 1004 1121 1030 '!
1134 1003 1213 1030 Stulti
1229 1003 1350 1038 proiecto
1364 1011 1483 1038 vereque
1496 1008 1585 1030 mente
1600 1003 1674 1034 (περὶ,
1693 1011 1763 1038 quos

981 1049 1087 1077 scilicet
1106 1049 1195 1084 potius
1209 1048 1247 1076 ita
1260 1048 1334 1083 loqui
1355 1048 1492 1076 decuisset
1507 1057 1512 1075 :
1530 1047 1629 1082 Quare,
1645 1053 1672 1075 tu
1692 1047 1764 1075 Deus

982 1103 1042 1122 cum
1063 1095 1111 1127 sis.
1133 1095 1214 1122 homo
1237 1095 1325 1122 factus
1351 1094 1404 1122 es?
1425 1095 1557 1130 siquidem
1586 1094 1668 1121 Deum
1686 1093 1762 1122 illum

982 1149 1043 1169 esse
1056 1149 1136 1176 opera
1150 1141 1208 1176 ipsa
1222 1141 1411 1168 ostendebant.
1427 1140 1466 1167 Ita
1482 1140 1554 1167 enim
1579 1139 1616 1166 illi
1632 1144 1660 1167 et
1673 1138 1763 1167 Patris

983 1187 1174 1223 benignitatem
1189 1186 1305 1215 fuissent
1320 1187 1453 1220 venerati,
1468 1191 1495 1214 et
1507 1187 1580 1215 illius
1594 1187 1694 1214 factam
1716 1194 1764 1214 no-

982 1233 1031 1261 stri
1056 1240 1136 1261 causa
1160 1233 1390 1268 dispensationem
1412 1240 1464 1260 non
1480 1233 1698 1267 potuissentnon
1716 1232 1764 1259 ad-

982 1279 1088 1306 mirari.
1114 1278 1213 1306 Verum
1236 1283 1339 1306 tantum
1367 1278 1460 1306 aberat
1482 1282 1511 1305 ut
1532 1277 1559 1305 id
1583 1277 1715 1310 dicerent,
1734 1281 1766 1304 ut.

982 1325 1063 1352 etiam
1076 1332 1126 1352 nec
1140 1332 1201 1359 qua:
1215 1323 1316 1351 ﬁebant
1329 1323 1428 1351 vellent
1448 1323 1540 1350 videre
1552 1332 1560 1356 ;
1576 1323 1631 1356 vel,
1651 1322 1675 1350 si
1689 1322 1764 1350 vide-

982 1370 1048 1398 bant
1074 1371 1222 1406 (necenim
1240 1370 1290 1398 ista
1306 1374 1433 1405 poterant
1457 1378 1510 1397 non
1532 1369 1647 1405 videre),
1669 1375 1765 1396 rursus

983 1413 1016 1440 ad
1031 1413 1112 1441 aliam
1126 1413 1318 1448 confugiebant
1335 1413 1486 1449 querelam.
1507 1413 1561 1440 Cur
1577 1412 1708 1446 Sabbato,
1723 1413 1750 1440 in

982 1459 1122 1494 quiebant,
1138 1459 1316 1494 paralyticum
1332 1467 1424 1492 sanas,
1446 1465 1474 1487 et
1497 1459 1586 1487 visum
1607 1467 1680 1487 οτι»εο
1699 1463 1764 1486 nato

983 1505 1105 1533 restituis
1123 1505 1166 1532 "7
1182 1505 1244 1533 Haec
1264 1510 1355 1533 autem
1377 1505 1507 1540 speciosa:
1527 1506 1659 1533 duntaxat
1675 1512 1765 1533 causa

947 1567 968 1595 ο
983 1556 1073 1583 erant,
1093 1551 1217 1586 nihilque
1236 1551 1320 1583 aliud,
1349 1551 1402 1579 nisi
1427 1558 1532 1578 merum
1564 1558 1698 1578 murmur.
1723 1550 1763 1577 Illi

982 1598 1054 1625 enitn
1068 1598 1150 1625 etiam
1165 1605 1225 1625 cum
1239 1597 1299 1624 aliis
1311 1596 1406 1625 diebus
1423 1596 1550 1624 Dominus
1572 1603 1679 1623 omnem
1693 1603 1764 1623 mor-

984 1642 1045 1670 bum
1056 1647 1084 1670 et
1099 1642 1282 1670 inﬁrmitatem
1295 1647 1416 1674 sanaret,
1432 1650 1508 1670 more
1522 1642 1602 1670 solito
1615 1649 1764 1677 conquere-

984 1688 1092 1721 bantur,
1114 1689 1314 1723 malebanlque,
1340 1688 1479 1717 Beelzebul
1500 1697 1562 1715 eum
1586 1687 1762 1723 appellantes,

985 1733 1010 1761 in
1027 1734 1175 1768 impietatis
1192 1735 1374 1769 suspicionem
1399 1734 1503 1764 venire.
1531 1742 1611 1768 quam
1626 1732 1764 1768 propriatn

985 1779 1106 1814 abjicere
1117 1780 1277 1814 nequitiam.
1291 1780 1360 1808 Hinc
1373 1781 1437 1808 licet
1450 1780 1576 1808 Salvator
1592 1779 1676 1808 variis
1694 1779 1764 1807 mul-

985 1825 1073 1860 tisque
1095 1826 1182 1854 modis
1204 1834 1280 1854 suant
1306 1827 1364 1861 ipse
1386 1826 1555 1854 divinitatem
1585 1825 1764 1861 patefaceret,

987 1871 1066 1907 165
1089 1871 1230 1907 Patrisque
1251 1873 1432 1908 cognitionem
1455 1880 1549 1901 omnes
1567 1873 1703 1904 edoceret.
1727 1872 1764 1899 illi

151 1917 222 1944 velut
247 1918 272 1945 in
297 1918 422 1946 stimulos
454 1919 628 1946 caleitrantes
651 1919 735 1946 stulte
764 1919 928 1946 blaterantes
960 1919 1196 1954 contradicebant,
1225 1921 1307 1955 idque
1332 1921 1522 1948 tantummodo
1546 1925 1576 1948 ut
1596 1920 1674 1954 juxta
1697 1919 1765 1948 divi-

149 1970 214 1990 nutu
231 1965 401 1998 preverbium
418 1964 441 1980 "
456 1965 615 1998 excogitatis
630 1966 822 1992 occasionibus
841 1973 870 1992 se
890 1966 964 2000 ipsos
979 1973 994 1992 a
1011 1966 1129 1993 veritate
1140 1971 1313 2001 separarent.

185 2008 212 2035 2.
233 2008 351 2035 Ἰουδαῖοι
370 2009 419 2043 μὲν
431 2008 486 2043 (24)
499 2007 545 2035 οὖν
556 2010 580 2035 οἱ
591 2009 651 2036 τότε
666 2010 778 2036 τοιαύτά
790 2010 934 2045 πονηρευό-

150 2063 238 2089 μενοι,
260 2055 305 2080 καὶ
320 2054 480 2090 ἀρνούμενοι
495 2054 540 2080 τὸν
563 2055 674 2090 Κύριον,
698 2055 810 2087 είκότως
829 2055 881 2082 τῶν
903 2064 932 2081 τε

152 2100 239 2134 νόμων
260 2099 305 2126 καὶ
327 2100 375 2134 τῆς
394 2100 461 2135 πρὸς
484 2101 545 2131 τοὺς
559 2101 680 2136 πατέρας
700 2101 864 2134 ἐπαγγελίας
883 2100 934 2134 ἔξω

151 2146 292 2180 γέγονασι·
314 2146 360 2172 καὶ
378 2146 509 2181 Ἀρειανοὶ
525 2146 552 2172 δὲ
566 2145 612 2172 νῦν
628 2146 823 2178 Ίουδαῖζοντες.
838 2147 934 2173 ταύτόν

150 2201 197 2228 μοι
212 2191 319 2218 δοκοῦσι
339 2192 451 2226 πάσχειν
462 2192 499 2227 τῷ
517 2193 627 2227 Καῖάζᾳ
641 2193 686 2218 καὶ
702 2194 757 2224 τοῖς
773 2193 834 2219 τότε
850 2193 934 2229 Φαρι-

151 2239 252 2270 σαίοις·
269 2238 344 2265 οὐδὲν
370 2239 424 2274 γὰρ
445 2239 562 2274 ὁρῶντες
578 2238 687 2272 εὔλογον
702 2238 814 2273 ἔχουσαν
831 2238 934 2265 ἑαυτῶν

147 2286 198 2321 τὴν
214 2286 329 2320 αἳρεσιν,
345 2286 494 2320 προφάσεις
507 2285 659 2312 ἐπινοοῦσι·
680 2285 728 2311 Διὰ
743 2285 768 2310 τί
782 2285 869 2315 τοῦτο,
888 2284 934 2311 καὶ

151 2333 189 2367 μὴ
204 2332 282 2358 τοῦτο
297 2331 450 2367 γέγραπται
463 2340 469 2363 ;
485 2332 538 2358 Καὶ
553 2332 590 2366 μή
606 2340 646 2358 τοι
659 2331 812 2366 θαυμάσῃς,
833 2331 857 2356 εἱ
884 2339 933 2356 τοι·

150 2378 220 2405 αὔτα
235 2377 282 2405 νῦν
295 2378 481 2413 μηχανῶνται’
501 2378 558 2409 μετ’
567 2377 655 2411 ὀλίγον
666 2377 719 2412 γὰρ
732 2377 778 2402 καὶ
792 2377 831 2407 εἰς
842 2376 934 2411 ὕϐρεις

150 2424 380 2459 ἐκτραπήσονται,
411 2423 458 2449 καὶ
485 2423 553 2458 μετὰ
569 2422 653 2449 ταῦτα
679 2422 728 2457 τὴν
752 2421 868 2456 σπείραν
886 2421 933 2447 καὶ

149 2470 194 2496 cm
212 2469 408 2506 (9.5)χιλίαρχον
419 2468 624 2504 ἀιτειλὴειόυιιιν⁸
641 2469 669 2494 ὲν
677 2467 780 2499 τούτοις
796 2467 850 2503 γάρ
861 2467 934 2492 ἐστιν

149 2515 239 2543 αὐτῶν
253 2517 270 2551 ἡ
282 2515 397 2543 δοκοῦσα
413 2515 541 2546 σύστασις
560 2514 609 2549 τῆς
629 2513 796 2544 κακοδοξίας.
815 2512 866 2539 Τὸν
881 2511 934 2546 γὰρ

187 2598 210 2614 ⁸³
225 2598 303 2626 Joan.
325 2606 362 2630 vt,
379 2598 423 2625 30.
461 2597 484 2613 ’°
498 2597 575 2624 Joan.
596 2605 633 2629 st,
646 2597 690 2624 ‘57.
729 2597 750 2612 "
764 2595 843 2623 Joan.
861 2603 889 2628 ι,
902 2595 944 2623 35.

186 2668 244 2702 (20)
260 2667 325 2703 Reg.
340 2667 480 2703 λαμπρὸτε
485 2676 540 2703 ρονἶ

189 2699 245 2739 (ει)
263 2699 511 2738 Ιιιι’τεε.ἐι’8ιιεῖ1.
523 2702 592 2729 Editi
610 2709 675 2728 vero
689 2701 817 2728 mendose
830 2699 932 2728 addunt

150 2746 211 2765 την.

167 2739 242 2807 ﬂigi)
259 2772 304 2800 Sic
317 2772 384 2807 Reg.
399 2772 450 2799 Alii
471 2779 535 2799 vero
548 2776 574 2798 et
591 2770 667 2802 editi,
683 2769 777 2807 αὑτοῦ.

197 2774 242 2807 ‘22)
259 2774 304 2800 Sic
317 2774 384 2807 Reg.
399 2774 450 2799 Alii
471 2779 535 2799 vero
548 2776 574 2798 et
591 2774 667 2802 editi,
683 2774 777 2797 αὐτου.

186 2774 243 2843 ἓῖὅ)
262 2807 312 2837 Hic
324 2807 421 2843 alludit
441 2807 471 2843 S.
487 2807 651 2843 Athanasius
666 2806 699 2832 ad
718 2804 932 2843 Pro_v.)tv'ttt,_1_:

153 2839 307 2878 Προφάσεις
329 2842 489 2878 ζητείνάνὴρ
509 2840 671 2878 βουλόμενος
691 2839 855 2878 χωρίζεσθαι
879 2840 934 2878 ἀπὸ

153 2851 307 2904 υὸοφασεις
329 2851 404 2878 ςητει
420 2851 489 2878 ανηρ
511 2851 671 2876 ΡουΛομενος
691 2851 855 2875 χωριεεσυαι
879 2851 932 2866 απτ]

153 2886 172 2913 φ
200 2887 247 2906 ων.
261 2878 289 2906 ld
302 2881 355 2910 est,
369 2882 398 2904 ut
413 2877 493 2905 habet
509 2876 633 2910 Vulgata,
653 2876 804 2903 occasiones
826 2876 932 2910 quierit,

309 2923 446 2954 Parnm.
471 2923 530 2956 Gn.
555 2922 657 2953 XXV.

1018 2010 1046 2037 2.
1062 2010 1154 2045 Itaque
1171 2010 1254 2038 Judaei
1265 2029 1272 2042 ,
1287 2010 1332 2045 qui
1352 2016 1404 2038 tam
1416 2011 1536 2045 improbe
1555 2010 1695 2037 Dominum
1716 2018 1765 2038 ne-

984 2056 1093 2090 gabant,
1119 2056 1179 2088 jure
1195 2057 1290 2084 merito
1304 2061 1331 2084 et
1347 2056 1434 2090 legum
1456 2060 1483 2083 et
1496 2056 1616 2083 omnium
1639 2064 1700 2091 quae
1714 2056 1767 2083 Pa-

985 2100 1072 2128 tribus
1089 2102 1220 2134 promissa
1251 2101 1326 2127 luere
1343 2106 1469 2135 expertes
1487 2100 1550 2128 facti
1568 2107 1641 2128 sunt.
1669 2101 1764 2128 Ariani

986 2153 1060 2177 vero,
1073 2146 1117 2180 qui
1135 2145 1242 2173 Judzeos
1253 2145 1490 2176 hodieimitantur,
1503 2145 1612 2180 Caiphae
1630 2149 1658 2172 et
1671 2144 1767 2173 Phari-

986 2199 1101 2218 saeorum
1129 2192 1195 2218 mihi
1221 2192 1348 2219 videntur
1363 2199 1423 2219 esse
1439 2191 1508 2218 haud
1525 2189 1684 2219 dissimiles.
1699 2190 1766 2218 Cum

987 2237 1057 2264 enim
1069 2245 1146 2264 suam
1167 2237 1289 2264 haeresim
1307 2237 1372 2264 nihil
1385 2237 1456 2272 quod
1480 2237 1577 2264 rationi
1601 2237 1638 2263 sit
1653 2243 1766 2264 consen-

989 2287 1095 2309 taneum
1121 2283 1260 2310 continere
1278 2283 1396 2315 videant,
1417 2282 1573 2310 occasiones
1587 2281 1689 2316 pariter
1703 2288 1768 2308 cou-

987 2329 1100 2363 lingunt,
1112 2337 1172 2356 cutn
1184 2329 1236 2356 hoc
1255 2333 1334 2362 pacto
1349 2329 1533 2362 interrogant:
1547 2327 1602 2355 Cur
1615 2327 1664 2354 hoc
1678 2327 1768 2361 potius

985 2382 1066 2409 quatn
1084 2374 1149 2402 illud
1180 2375 1308 2409 scriptum
1340 2373 1398 2400 est?
1422 2373 1520 2401 Verum
1550 2380 1584 2399 ne
1606 2372 1713 2399 mireris
1745 2372 1768 2398 si

986 2428 1058 2447 nunc
1078 2420 1114 2446 ita
1133 2427 1162 2447 se
1177 2424 1283 2454 gerant,
1306 2419 1438 2453 siquidem
1452 2419 1523 2445 haud
1537 2418 1622 2445 multo
1644 2423 1705 2453 post
1723 2418 1767 2444 iu-

987 2470 1076 2492 turum
1090 2471 1131 2492 est
1143 2470 1172 2492 ut
1185 2465 1264 2492 iidem
1277 2465 1310 2491 ad
1324 2464 1439 2498 injurias
1452 2472 1511 2492 sese
1525 2468 1706 2495 convertant;
1722 2463 1769 2490 de-

987 2512 1104 2545 indcque
1126 2511 1266 2538 cohortem
1277 2516 1304 2537 et
1318 2511 1454 2538 tribunum
1464 2509 1542 2536 nobis
1553 2509 1767 2536 minitabuntur:

985 2596 1008 2611 "
1022 2595 1100 2622 Joan.
1115 2603 1139 2627 v,
1154 2595 1186 2622 i0
1199 2604 1206 2627 ;
1220 2602 1258 2627 Ix,
1273 2594 1315 2620 16.

979 2663 1090 2699 quivult
1106 2663 1224 2689 recedere
1240 2662 1272 2699 alt
1286 2662 1383 2688 amico.
1401 2660 1562 2699 Sic‘nempe
1579 2659 1674 2699 Ariant
1689 2658 1767 2699 vanis

981 2695 1037 2727 suis
1051 2699 1169 2732 querelis
1184 2698 1343 2724 occasiones
1356 2696 1514 2731 quaerebant
1529 2700 1583 2721 uta
1600 2695 1716 2721 veritate
1731 2701 1772 2720 re-

982 2735 1133 2803 “$5,335.
1155 2767 1255 2801 Regius
1272 2774 1322 2803 nis.
1333 2766 1407 2803 Editi
1422 2772 1487 2803 vero
1504 2769 1531 2803 ct
1552 2763 1672 2803 alii,_p.§_v
1688 2763 1754 2803 γάρ.

1018 2799 1074 2838 (‘25)
1095 2802 1140 2829 Sic
1153 2810 1185 2828 ex
1197 2799 1255 2828 ints.
1274 2801 1358 2834 Regio
1372 2800 1588 2828 etnentlavimus.
1607 2799 1660 2825 Alii
1676 2802 1770 2825 autem

983 2844 1010 2868 et
1025 2839 1101 2870 editi,
1116 2838 1175 2873 τήν,
1193 2838 1271 2864 ntettd
1307 2844 1333 2863 ε.

1576 2913 1613 2944 ιι
