  <div class='ocr_page' id='page_1' title='image "/cluster/home/n/w/nwhite01/storage/ocr_20150623/25/njp.32101010944591/495.png"; bbox 0 0 2031 3048; ppageno 0'>
   <div class='ocr_carea' id='block_1_1' title="bbox 270 132 322 159">
    <p class='ocr_par' dir='ltr' id='par_1_1' title="bbox 270 132 322 159">
     <span class='ocr_line' id='line_1_1' title="bbox 270 132 322 159; baseline -0.019 0"><span class='ocrx_word' id='word_1_1' title='bbox 270 132 322 159; x_wconf 63' lang='grc' dir='ltr'><strong>ιῖτ</strong></span> 
     </span>
    </p>
   </div>
   <div class='ocr_carea' id='block_1_2' title="bbox 551 125 1585 156">
    <p class='ocr_par' dir='ltr' id='par_1_2' title="bbox 551 125 1585 156">
     <span class='ocr_line' id='line_1_2' title="bbox 551 125 1585 156; baseline -0.003 0"><span class='ocrx_word' id='word_1_2' title='bbox 551 129 582 156; x_wconf 91' lang='lat' dir='ltr'><strong>S.</strong></span> <span class='ocrx_word' id='word_1_3' title='bbox 601 128 788 156; x_wconf 72' lang='lat' dir='ltr'><strong>ATHANASH</strong></span> <span class='ocrx_word' id='word_1_4' title='bbox 807 129 882 156; x_wconf 83' lang='lat' dir='ltr'><strong>OPP.</strong></span> <span class='ocrx_word' id='word_1_5' title='bbox 903 129 992 156; x_wconf 79' lang='lat' dir='ltr'><strong>PARS</strong></span> <span class='ocrx_word' id='word_1_6' title='bbox 1005 129 1033 155; x_wconf 92' lang='grc' dir='ltr'><strong>-Ι.</strong></span> <span class='ocrx_word' id='word_1_7' title='bbox 1051 143 1086 148; x_wconf 96' lang='grc'><strong><em>-</em></strong></span> <span class='ocrx_word' id='word_1_8' title='bbox 1105 127 1290 155; x_wconf 75' lang='lat' dir='ltr'><strong>HISTORICA</strong></span> <span class='ocrx_word' id='word_1_9' title='bbox 1311 126 1353 153; x_wconf 74' lang='lat' dir='ltr'><strong>E’I‘</strong></span> <span class='ocrx_word' id='word_1_10' title='bbox 1375 125 1585 154; x_wconf 76' lang='lat' dir='ltr'><strong>DOGMATICA.</strong></span> 
     </span>
    </p>
   </div>
   <div class='ocr_carea' id='block_1_3' title="bbox 1835 125 1889 152">
    <p class='ocr_par' dir='ltr' id='par_1_3' title="bbox 1835 125 1889 152">
     <span class='ocr_line' id='line_1_3' title="bbox 1835 125 1889 152; baseline 0 0"><span class='ocrx_word' id='word_1_11' title='bbox 1835 125 1889 152; x_wconf 57' lang='grc' dir='ltr'><strong>ΕΒ</strong></span> 
     </span>
    </p>
   </div>
   <div class='ocr_carea' id='block_1_4' title="bbox 272 183 1049 223">
    <p class='ocr_par' dir='ltr' id='par_1_4' title="bbox 272 188 1049 223">
     <span class='ocr_line' id='line_1_4' title="bbox 272 188 1049 223; baseline -0.004 -6"><span class='ocrx_word' id='word_1_12' title='bbox 272 191 314 217; x_wconf 89' lang='lat' dir='ltr'><strong>his</strong></span> <span class='ocrx_word' id='word_1_13' title='bbox 338 189 408 216; x_wconf 89' lang='lat' dir='ltr'><strong>enim</strong></span> <span class='ocrx_word' id='word_1_14' title='bbox 436 193 490 216; x_wconf 87' lang='lat' dir='ltr'><strong>tota</strong></span> <span class='ocrx_word' id='word_1_15' title='bbox 508 188 632 215; x_wconf 88' lang='lat' dir='ltr'><strong>innititur</strong></span> <span class='ocrx_word' id='word_1_16' title='bbox 659 195 785 223; x_wconf 86' lang='lat' dir='ltr'><strong>perversa</strong></span> <span class='ocrx_word' id='word_1_17' title='bbox 800 188 905 215; x_wconf 93' lang='lat' dir='ltr'><strong>illorum</strong></span> <span class='ocrx_word' id='word_1_18' title='bbox 918 188 1049 216; x_wconf 76' lang='lat' dir='ltr'><strong>doctrina.</strong></span> 
     </span>
    </p>
   </div>
   <div class='ocr_carea' id='block_1_5' title="bbox 1100 183 1891 223">
    <p class='ocr_par' dir='ltr' id='par_1_5' title="bbox 1101 183 1891 221">
     <span class='ocr_line' id='line_1_5' title="bbox 1101 183 1891 221; baseline -0.005 -8"><span class='ocrx_word' id='word_1_19' title='bbox 1101 186 1147 213; x_wconf 80' lang='grc' dir='ltr'>τοῦ</span> <span class='ocrx_word' id='word_1_20' title='bbox 1166 186 1233 213; x_wconf 85' lang='grc' dir='ltr'><strong>Θεοῦ</strong></span> <span class='ocrx_word' id='word_1_21' title='bbox 1251 186 1334 220; x_wconf 74' lang='grc' dir='ltr'>Λόγον</span> <span class='ocrx_word' id='word_1_22' title='bbox 1347 185 1518 221; x_wconf 78' lang='grc' dir='ltr'><strong>ἀρνούμενοι,</strong></span> <span class='ocrx_word' id='word_1_23' title='bbox 1541 185 1653 216; x_wconf 78' lang='grc' dir='ltr'><strong>εἰκότως</strong></span> <span class='ocrx_word' id='word_1_24' title='bbox 1668 184 1714 210; x_wconf 74' lang='grc' dir='ltr'><strong>καὶ</strong></span> <span class='ocrx_word' id='word_1_25' title='bbox 1731 183 1810 217; x_wconf 77' lang='grc' dir='ltr'>λόγου</span> <span class='ocrx_word' id='word_1_26' title='bbox 1824 192 1891 210; x_wconf 87' lang='grc' dir='ltr'>παν-</span> 
     </span>
    </p>
   </div>
   <div class='ocr_carea' id='block_1_6' title="bbox 270 233 1049 270">
    <p class='ocr_par' dir='ltr' id='par_1_6' title="bbox 270 233 1049 270">
     <span class='ocr_line' id='line_1_6' title="bbox 270 233 1049 270; baseline -0.003 -8"><span class='ocrx_word' id='word_1_27' title='bbox 270 235 372 270; x_wconf 74' lang='lat' dir='ltr'><strong>Nempe</strong></span> <span class='ocrx_word' id='word_1_28' title='bbox 383 239 524 270; x_wconf 77' lang='lat' dir='ltr'><strong>postquam</strong></span> <span class='ocrx_word' id='word_1_29' title='bbox 538 234 583 261; x_wconf 87' lang='lat' dir='ltr'><strong>Dei</strong></span> <span class='ocrx_word' id='word_1_30' title='bbox 597 234 713 262; x_wconf 86' lang='lat' dir='ltr'><strong>Verbum</strong></span> <span class='ocrx_word' id='word_1_31' title='bbox 728 236 785 262; x_wconf 88' lang='lat' dir='ltr'><strong>sive</strong></span> <span class='ocrx_word' id='word_1_32' title='bbox 803 236 936 262; x_wconf 88' lang='lat' dir='ltr'><strong>rationem</strong></span> <span class='ocrx_word' id='word_1_33' title='bbox 951 233 1049 268; x_wconf 88' lang='lat' dir='ltr'><strong>rejece-</strong></span> 
     </span>
    </p>
   </div>
   <div class='ocr_carea' id='block_1_7' title="bbox 269 279 1050 315">
    <p class='ocr_par' dir='ltr' id='par_1_7' title="bbox 269 279 1050 315">
     <span class='ocr_line' id='line_1_7' title="bbox 269 279 1050 315; baseline -0.001 -8"><span class='ocrx_word' id='word_1_34' title='bbox 269 286 346 313; x_wconf 87' lang='lat' dir='ltr'><strong>runt,</strong></span> <span class='ocrx_word' id='word_1_35' title='bbox 373 280 549 308; x_wconf 84' lang='lat' dir='ltr'><strong>meritissimo</strong></span> <span class='ocrx_word' id='word_1_36' title='bbox 562 281 635 308; x_wconf 91' lang='lat' dir='ltr'><strong>omni</strong></span> <span class='ocrx_word' id='word_1_37' title='bbox 647 288 766 315; x_wconf 86' lang='lat' dir='ltr'><strong>prorsus</strong></span> <span class='ocrx_word' id='word_1_38' title='bbox 783 281 889 308; x_wconf 79' lang='lat' dir='ltr'><strong>ratione</strong></span> <span class='ocrx_word' id='word_1_39' title='bbox 911 285 974 307; x_wconf 89' lang='lat' dir='ltr'><strong>sunt</strong></span> <span class='ocrx_word' id='word_1_40' title='bbox 996 279 1050 313; x_wconf 88' lang='lat' dir='ltr'><strong>pri-</strong></span> 
     </span>
    </p>
   </div>
   <div class='ocr_carea' id='block_1_8' title="bbox 270 325 1049 360">
    <p class='ocr_par' dir='ltr' id='par_1_8' title="bbox 270 325 1049 360">
     <span class='ocr_line' id='line_1_8' title="bbox 270 325 1049 360; baseline 0.001 -9"><span class='ocrx_word' id='word_1_41' title='bbox 270 325 337 352; x_wconf 87' lang='lat' dir='ltr'><strong>vati.</strong></span> <span class='ocrx_word' id='word_1_42' title='bbox 353 325 418 358; x_wconf 62' lang='lat' dir='ltr'><strong>Qua“:</strong></span> <span class='ocrx_word' id='word_1_43' title='bbox 436 325 543 360; x_wconf 90' lang='lat' dir='ltr'><strong>quidem</strong></span> <span class='ocrx_word' id='word_1_44' title='bbox 558 333 618 353; x_wconf 89' lang='lat' dir='ltr'><strong>cum</strong></span> <span class='ocrx_word' id='word_1_45' title='bbox 632 325 696 352; x_wconf 89' lang='lat' dir='ltr'><strong>mibi</strong></span> <span class='ocrx_word' id='word_1_46' title='bbox 717 325 824 360; x_wconf 92' lang='lat' dir='ltr'><strong>penitus</strong></span> <span class='ocrx_word' id='word_1_47' title='bbox 834 329 926 352; x_wconf 86' lang='lat' dir='ltr'><strong>essent</strong></span> <span class='ocrx_word' id='word_1_48' title='bbox 938 331 1049 359; x_wconf 88' lang='lat' dir='ltr'><strong>perspe-</strong></span> 
     </span>
    </p>
   </div>
   <div class='ocr_carea' id='block_1_9' title="bbox 270 370 1050 406">
    <p class='ocr_par' dir='ltr' id='par_1_9' title="bbox 270 370 1050 406">
     <span class='ocr_line' id='line_1_9' title="bbox 270 370 1050 406; baseline -0.001 -7"><span class='ocrx_word' id='word_1_49' title='bbox 270 376 324 403; x_wconf 87' lang='lat' dir='ltr'><strong>cta,</strong></span> <span class='ocrx_word' id='word_1_50' title='bbox 343 370 408 398; x_wconf 82' lang='lat' dir='ltr'><strong>nihil</strong></span> <span class='ocrx_word' id='word_1_51' title='bbox 426 371 547 405; x_wconf 88' lang='lat' dir='ltr'><strong>profecto</strong></span> <span class='ocrx_word' id='word_1_52' title='bbox 560 371 612 399; x_wconf 88' lang='lat' dir='ltr'><strong>illis</strong></span> <span class='ocrx_word' id='word_1_53' title='bbox 627 372 836 406; x_wconf 83' lang='lat' dir='ltr'><strong>respondissem.</strong></span> <span class='ocrx_word' id='word_1_54' title='bbox 863 371 962 399; x_wconf 86' lang='lat' dir='ltr'><strong>Verum</strong></span> <span class='ocrx_word' id='word_1_55' title='bbox 987 373 1050 406; x_wconf 86' lang='lat' dir='ltr'><strong>quia</strong></span> 
     </span>
    </p>
   </div>
   <div class='ocr_carea' id='block_1_10' title="bbox 271 415 1049 452">
    <p class='ocr_par' dir='ltr' id='par_1_10' title="bbox 271 415 1049 452">
     <span class='ocr_line' id='line_1_10' title="bbox 271 415 1049 452; baseline 0.003 -10"><span class='ocrx_word' id='word_1_56' title='bbox 271 421 315 443; x_wconf 93' lang='lat' dir='ltr'><strong>tua</strong></span> <span class='ocrx_word' id='word_1_57' title='bbox 326 415 451 444; x_wconf 88' lang='lat' dir='ltr'><strong>Charitas</strong></span> <span class='ocrx_word' id='word_1_58' title='bbox 464 424 494 443; x_wconf 88' lang='lat' dir='ltr'><strong>ea</strong></span> <span class='ocrx_word' id='word_1_59' title='bbox 512 424 571 451; x_wconf 66' lang='lat' dir='ltr'><strong>qum</strong></span> <span class='ocrx_word' id='word_1_60' title='bbox 583 417 609 444; x_wconf 94' lang='lat' dir='ltr'><strong>in</strong></span> <span class='ocrx_word' id='word_1_61' title='bbox 626 417 729 452; x_wconf 88' lang='lat' dir='ltr'><strong>synodo</strong></span> <span class='ocrx_word' id='word_1_62' title='bbox 750 423 809 444; x_wconf 88' lang='lat' dir='ltr'><strong>acta</strong></span> <span class='ocrx_word' id='word_1_63' title='bbox 830 423 894 444; x_wconf 90' lang='lat' dir='ltr'><strong>sunt</strong></span> <span class='ocrx_word' id='word_1_64' title='bbox 919 417 989 445; x_wconf 83' lang='lat' dir='ltr'><strong>seire</strong></span> <span class='ocrx_word' id='word_1_65' title='bbox 1016 425 1049 444; x_wconf 81' lang='lat' dir='ltr'><strong>ex</strong></span> 
     </span>
    </p>
   </div>
   <div class='ocr_carea' id='block_1_11' title="bbox 270 460 1050 495">
    <p class='ocr_par' dir='ltr' id='par_1_11' title="bbox 270 460 1050 495">
     <span class='ocr_line' id='line_1_11' title="bbox 270 460 1050 495; baseline 0.005 -8"><span class='ocrx_word' id='word_1_66' title='bbox 270 468 313 488; x_wconf 87' lang='lat' dir='ltr'><strong>me</strong></span> <span class='ocrx_word' id='word_1_67' title='bbox 323 460 416 493; x_wconf 87' lang='lat' dir='ltr'><strong>voluit,</strong></span> <span class='ocrx_word' id='word_1_68' title='bbox 431 469 485 488; x_wconf 85' lang='lat' dir='ltr'><strong>rem</strong></span> <span class='ocrx_word' id='word_1_69' title='bbox 500 461 602 489; x_wconf 88' lang='lat' dir='ltr'><strong>diutius</strong></span> <span class='ocrx_word' id='word_1_70' title='bbox 617 462 689 489; x_wconf 89' lang='lat' dir='ltr'><strong>nolui</strong></span> <span class='ocrx_word' id='word_1_71' title='bbox 704 462 825 495; x_wconf 71' lang='lat' dir='ltr'><strong>differre,</strong></span> <span class='ocrx_word' id='word_1_72' title='bbox 847 464 892 491; x_wconf 86' lang='lat' dir='ltr'><strong>sed</strong></span> <span class='ocrx_word' id='word_1_73' title='bbox 910 464 1050 491; x_wconf 78' lang='lat' dir='ltr'><strong>confestim</strong></span> 
     </span>
    </p>
   </div>
   <div class='ocr_carea' id='block_1_12' title="bbox 269 507 1051 543">
    <p class='ocr_par' dir='ltr' id='par_1_12' title="bbox 269 507 1051 543">
     <span class='ocr_line' id='line_1_12' title="bbox 269 507 1051 543; baseline 0.006 -13"><span class='ocrx_word' id='word_1_74' title='bbox 269 512 329 539; x_wconf 77' lang='lat' dir='ltr'><strong>quae</strong></span> <span class='ocrx_word' id='word_1_75' title='bbox 342 510 405 532; x_wconf 90' lang='lat' dir='ltr'><strong>tunc</strong></span> <span class='ocrx_word' id='word_1_76' title='bbox 419 511 493 539; x_wconf 79' lang='lat' dir='ltr'><strong>gesta</strong></span> <span class='ocrx_word' id='word_1_77' title='bbox 510 511 575 533; x_wconf 89' lang='lat' dir='ltr'><strong>sunt</strong></span> <span class='ocrx_word' id='word_1_78' title='bbox 589 513 651 534; x_wconf 84' lang='lat' dir='ltr'><strong>nota</strong></span> <span class='ocrx_word' id='word_1_79' title='bbox 676 507 740 539; x_wconf 85' lang='lat' dir='ltr'><strong>feci,</strong></span> <span class='ocrx_word' id='word_1_80' title='bbox 767 509 914 543; x_wconf 84' lang='lat' dir='ltr'><strong>paucisque</strong></span> <span class='ocrx_word' id='word_1_81' title='bbox 941 509 1051 535; x_wconf 86' lang='lat' dir='ltr'><strong>demon-</strong></span> 
     </span>
    </p>
   </div>
   <div class='ocr_carea' id='block_1_13' title="bbox 269 553 1050 588">
    <p class='ocr_par' dir='ltr' id='par_1_13' title="bbox 269 553 1050 588">
     <span class='ocr_line' id='line_1_13' title="bbox 269 553 1050 588; baseline 0.006 -11"><span class='ocrx_word' id='word_1_82' title='bbox 269 553 351 578; x_wconf 82' lang='lat' dir='ltr'><strong>stravi</strong></span> <span class='ocrx_word' id='word_1_83' title='bbox 369 559 450 585; x_wconf 87' lang='lat' dir='ltr'><strong>quam</strong></span> <span class='ocrx_word' id='word_1_84' title='bbox 465 559 481 578; x_wconf 88' lang='lat' dir='ltr'><strong>a</strong></span> <span class='ocrx_word' id='word_1_85' title='bbox 494 557 565 579; x_wconf 86' lang='lat' dir='ltr'><strong>recta</strong></span> <span class='ocrx_word' id='word_1_86' title='bbox 581 553 631 580; x_wconf 87' lang='lat' dir='ltr'><strong>(ide</strong></span> <span class='ocrx_word' id='word_1_87' title='bbox 645 553 738 588; x_wconf 89' lang='lat' dir='ltr'><strong>procul</strong></span> <span class='ocrx_word' id='word_1_88' title='bbox 754 555 790 580; x_wconf 86' lang='lat' dir='ltr'><strong>sit</strong></span> <span class='ocrx_word' id='word_1_89' title='bbox 807 554 907 581; x_wconf 81' lang='lat' dir='ltr'><strong>Ariana</strong></span> <span class='ocrx_word' id='word_1_90' title='bbox 927 555 1050 587; x_wconf 69' lang='lat' dir='ltr'><strong>hmresis,</strong></span> 
     </span>
    </p>
   </div>
   <div class='ocr_carea' id='block_1_14' title="bbox 267 594 1050 635">
    <p class='ocr_par' dir='ltr' id='par_1_14' title="bbox 267 594 1050 635">
     <span class='ocr_line' id='line_1_14' title="bbox 267 594 1050 635; baseline 0.005 -12"><span class='ocrx_word' id='word_1_91' title='bbox 267 597 389 631; x_wconf 84' lang='lat' dir='ltr'><strong>nihilque</strong></span> <span class='ocrx_word' id='word_1_92' title='bbox 405 597 478 624; x_wconf 90' lang='lat' dir='ltr'><strong>aliud</strong></span> <span class='ocrx_word' id='word_1_93' title='bbox 490 597 548 625; x_wconf 89' lang='lat' dir='ltr'><strong>illos</strong></span> <span class='ocrx_word' id='word_1_94' title='bbox 562 598 614 625; x_wconf 88' lang='lat' dir='ltr'><strong>nisi</strong></span> <span class='ocrx_word' id='word_1_95' title='bbox 626 606 692 625; x_wconf 91' lang='lat' dir='ltr'><strong>vana</strong></span> <span class='ocrx_word' id='word_1_96' title='bbox 705 594 802 635; x_wconf 61' lang='lat' dir='ltr'><strong>ellugia</strong></span> <span class='ocrx_word' id='word_1_97' title='bbox 813 599 995 627; x_wconf 83' lang='lat' dir='ltr'><strong>comminisci.</strong></span> <span class='ocrx_word' id='word_1_98' title='bbox 1010 597 1050 627; x_wconf 88' lang='lat' dir='ltr'><strong>Tu</strong></span> 
     </span>
    </p>
   </div>
   <div class='ocr_carea' id='block_1_15' title="bbox 267 643 1049 677">
    <p class='ocr_par' dir='ltr' id='par_1_15' title="bbox 267 643 1049 677">
     <span class='ocr_line' id='line_1_15' title="bbox 267 643 1049 677; baseline 0.005 -8"><span class='ocrx_word' id='word_1_99' title='bbox 267 650 361 677; x_wconf 88' lang='lat' dir='ltr'><strong>porro,</strong></span> <span class='ocrx_word' id='word_1_100' title='bbox 385 643 556 677; x_wconf 84' lang='lat' dir='ltr'><strong>cbarissitne,</strong></span> <span class='ocrx_word' id='word_1_101' title='bbox 577 644 638 672; x_wconf 87' lang='lat' dir='ltr'><strong>vide</strong></span> <span class='ocrx_word' id='word_1_102' title='bbox 654 651 743 672; x_wconf 91' lang='lat' dir='ltr'><strong>annon</strong></span> <span class='ocrx_word' id='word_1_103' title='bbox 773 645 809 672; x_wconf 88' lang='lat' dir='ltr'><strong>ita</strong></span> <span class='ocrx_word' id='word_1_104' title='bbox 825 653 853 674; x_wconf 86' lang='lat' dir='ltr'><strong>se</strong></span> <span class='ocrx_word' id='word_1_105' title='bbox 883 653 927 673; x_wconf 88' lang='lat' dir='ltr'><strong>res</strong></span> <span class='ocrx_word' id='word_1_106' title='bbox 940 646 1049 673; x_wconf 85' lang='lat' dir='ltr'><strong>habeat.</strong></span> 
     </span>
    </p>
   </div>
   <div class='ocr_carea' id='block_1_16' title="bbox 267 687 1050 724">
    <p class='ocr_par' dir='ltr' id='par_1_16' title="bbox 267 687 1050 724">
     <span class='ocr_line' id='line_1_16' title="bbox 267 687 1050 724; baseline 0.006 -10"><span class='ocrx_word' id='word_1_107' title='bbox 267 687 334 714; x_wconf 79' lang='lat' dir='ltr'><strong>Nam</strong></span> <span class='ocrx_word' id='word_1_108' title='bbox 349 687 370 715; x_wconf 90' lang='lat' dir='ltr'><strong>si</strong></span> <span class='ocrx_word' id='word_1_109' title='bbox 384 688 426 715; x_wconf 86' lang='lat' dir='ltr'><strong>his</strong></span> <span class='ocrx_word' id='word_1_110' title='bbox 446 688 496 723; x_wconf 91' lang='lat' dir='ltr'><strong>ipsi</strong></span> <span class='ocrx_word' id='word_1_111' title='bbox 512 689 650 716; x_wconf 82' lang='lat' dir='ltr'><strong>conﬁdunt</strong></span> <span class='ocrx_word' id='word_1_112' title='bbox 677 697 737 724; x_wconf 75' lang='lat' dir='ltr'><strong>quae</strong></span> <span class='ocrx_word' id='word_1_113' title='bbox 760 695 869 718; x_wconf 91' lang='lat' dir='ltr'><strong>auctore</strong></span> <span class='ocrx_word' id='word_1_114' title='bbox 886 695 912 718; x_wconf 92' lang='lat' dir='ltr'><strong>et</strong></span> <span class='ocrx_word' id='word_1_115' title='bbox 934 691 1050 719; x_wconf 87' lang='lat' dir='ltr'><strong>semina-</strong></span> 
     </span>
    </p>
   </div>
   <div class='ocr_carea' id='block_1_17' title="bbox 268 733 1050 772">
    <p class='ocr_par' dir='ltr' id='par_1_17' title="bbox 268 733 1050 772">
     <span class='ocr_line' id='line_1_17' title="bbox 268 733 1050 772; baseline 0.005 -12"><span class='ocrx_word' id='word_1_116' title='bbox 268 738 325 761; x_wconf 91' lang='lat' dir='ltr'><strong>tore</strong></span> <span class='ocrx_word' id='word_1_117' title='bbox 341 733 446 761; x_wconf 88' lang='lat' dir='ltr'><strong>diabolo</strong></span> <span class='ocrx_word' id='word_1_118' title='bbox 458 741 584 768; x_wconf 83' lang='lat' dir='ltr'><strong>perverse</strong></span> <span class='ocrx_word' id='word_1_119' title='bbox 594 735 794 770; x_wconf 83' lang='lat' dir='ltr'><strong>excogitavere,</strong></span> <span class='ocrx_word' id='word_1_120' title='bbox 808 741 922 771; x_wconf 81' lang='lat' dir='ltr'><strong>purgent</strong></span> <span class='ocrx_word' id='word_1_121' title='bbox 935 744 964 765; x_wconf 87' lang='lat' dir='ltr'><strong>se</strong></span> <span class='ocrx_word' id='word_1_122' title='bbox 975 737 1050 772; x_wconf 89' lang='lat' dir='ltr'><strong>prius</strong></span> 
     </span>
    </p>
   </div>
   <div class='ocr_carea' id='block_1_18' title="bbox 267 778 1049 815">
    <p class='ocr_par' dir='ltr' id='par_1_18' title="bbox 267 778 1049 815">
     <span class='ocr_line' id='line_1_18' title="bbox 267 778 1049 815; baseline 0.008 -11"><span class='ocrx_word' id='word_1_123' title='bbox 267 778 300 805; x_wconf 90' lang='lat' dir='ltr'><strong>de</strong></span> <span class='ocrx_word' id='word_1_124' title='bbox 317 778 371 805; x_wconf 86' lang='lat' dir='ltr'><strong>illis</strong></span> <span class='ocrx_word' id='word_1_125' title='bbox 396 779 536 806; x_wconf 88' lang='lat' dir='ltr'><strong>erroribus</strong></span> <span class='ocrx_word' id='word_1_126' title='bbox 560 784 670 814; x_wconf 82' lang='lat' dir='ltr'><strong>propter</strong></span> <span class='ocrx_word' id='word_1_127' title='bbox 685 788 754 815; x_wconf 91' lang='lat' dir='ltr'><strong>quos</strong></span> <span class='ocrx_word' id='word_1_128' title='bbox 777 782 898 809; x_wconf 57' lang='lat' dir='ltr'><strong>haeretici</strong></span> <span class='ocrx_word' id='word_1_129' title='bbox 924 787 986 810; x_wconf 92' lang='lat' dir='ltr'><strong>sunt</strong></span> <span class='ocrx_word' id='word_1_130' title='bbox 1001 782 1049 810; x_wconf 92' lang='lat' dir='ltr'><strong>de-</strong></span> 
     </span>
    </p>
   </div>
   <div class='ocr_carea' id='block_1_19' title="bbox 266 824 1047 860">
    <p class='ocr_par' dir='ltr' id='par_1_19' title="bbox 266 824 1047 860">
     <span class='ocr_line' id='line_1_19' title="bbox 266 824 1047 860; baseline 0.006 -9"><span class='ocrx_word' id='word_1_131' title='bbox 266 824 371 857; x_wconf 87' lang='lat' dir='ltr'><strong>clarati,</strong></span> <span class='ocrx_word' id='word_1_132' title='bbox 387 833 419 852; x_wconf 89' lang='lat' dir='ltr'><strong>ac</strong></span> <span class='ocrx_word' id='word_1_133' title='bbox 436 825 532 852; x_wconf 77' lang='lat' dir='ltr'><strong>deinde</strong></span> <span class='ocrx_word' id='word_1_134' title='bbox 547 833 607 860; x_wconf 62' lang='lat' dir='ltr'><strong>quae</strong></span> <span class='ocrx_word' id='word_1_135' title='bbox 622 832 717 854; x_wconf 91' lang='lat' dir='ltr'><strong>contra</strong></span> <span class='ocrx_word' id='word_1_136' title='bbox 734 835 763 854; x_wconf 89' lang='lat' dir='ltr'><strong>se</strong></span> <span class='ocrx_word' id='word_1_137' title='bbox 778 828 887 855; x_wconf 85' lang='lat' dir='ltr'><strong>decreta</strong></span> <span class='ocrx_word' id='word_1_138' title='bbox 913 833 975 856; x_wconf 87' lang='lat' dir='ltr'><strong>sunt</strong></span> <span class='ocrx_word' id='word_1_139' title='bbox 987 849 994 860; x_wconf 87' lang='lat'><strong>,</strong></span> <span class='ocrx_word' id='word_1_140' title='bbox 1025 828 1047 856; x_wconf 88' lang='lat' dir='ltr'><strong>si</strong></span> 
     </span>
    </p>
   </div>
   <div class='ocr_carea' id='block_1_20' title="bbox 1101 225 1889 267">
    <p class='ocr_par' dir='ltr' id='par_1_20' title="bbox 1101 225 1889 267">
     <span class='ocr_line' id='line_1_20' title="bbox 1101 225 1889 267; baseline 0 -9"><span class='ocrx_word' id='word_1_141' title='bbox 1101 233 1146 263; x_wconf 83' lang='grc' dir='ltr'>τός</span> <span class='ocrx_word' id='word_1_142' title='bbox 1161 233 1228 258; x_wconf 82' lang='grc' dir='ltr'>εἰσιν</span> <span class='ocrx_word' id='word_1_143' title='bbox 1250 232 1358 267; x_wconf 81' lang='grc' dir='ltr'>ἔρημοι.</span> <span class='ocrx_word' id='word_1_144' title='bbox 1378 232 1469 258; x_wconf 81' lang='grc' dir='ltr'>Ταῦτα</span> <span class='ocrx_word' id='word_1_145' title='bbox 1484 231 1549 266; x_wconf 81' lang='grc' dir='ltr'>γοῦν</span> <span class='ocrx_word' id='word_1_146' title='bbox 1573 231 1659 263; x_wconf 73' lang='grc' dir='ltr'>εἰδὼς,</span> <span class='ocrx_word' id='word_1_147' title='bbox 1684 225 1758 258; x_wconf 76' lang='grc' dir='ltr'>οὐδὲν</span> <span class='ocrx_word' id='word_1_148' title='bbox 1778 231 1811 258; x_wconf 78' lang='grc' dir='ltr'><strong>ἂν</strong></span> <span class='ocrx_word' id='word_1_149' title='bbox 1831 230 1889 266; x_wconf 77' lang='grc'><strong>(2.6)</strong></span> 
     </span>
    </p>
   </div>
   <div class='ocr_carea' id='block_1_21' title="bbox 1101 274 1888 312">
    <p class='ocr_par' dir='ltr' id='par_1_21' title="bbox 1101 274 1888 312">
     <span class='ocr_line' id='line_1_21' title="bbox 1101 274 1888 312; baseline 0.001 -10"><span class='ocrx_word' id='word_1_150' title='bbox 1101 277 1292 312; x_wconf 77' lang='grc' dir='ltr'><strong>ἀπεκρινάμην</strong></span> <span class='ocrx_word' id='word_1_151' title='bbox 1326 277 1464 312; x_wconf 79' lang='grc' dir='ltr'>ἐρωτῶσιν</span> <span class='ocrx_word' id='word_1_152' title='bbox 1488 277 1616 309; x_wconf 77' lang='grc' dir='ltr'>ἐκείνοις·</span> <span class='ocrx_word' id='word_1_153' title='bbox 1643 276 1735 311; x_wconf 79' lang='grc' dir='ltr'>ἐπειδὴ</span> <span class='ocrx_word' id='word_1_154' title='bbox 1763 276 1791 303; x_wconf 83' lang='grc' dir='ltr'><strong>δὲ</strong></span> <span class='ocrx_word' id='word_1_155' title='bbox 1816 274 1833 312; x_wconf 78' lang='grc' dir='ltr'>ἡ</span> <span class='ocrx_word' id='word_1_156' title='bbox 1855 278 1888 312; x_wconf 84' lang='grc' dir='ltr'>σὴ</span> 
     </span>
    </p>
   </div>
   <div class='ocr_carea' id='block_1_22' title="bbox 1101 322 1888 358">
    <p class='ocr_par' dir='ltr' id='par_1_22' title="bbox 1101 322 1888 358">
     <span class='ocr_line' id='line_1_22' title="bbox 1101 322 1888 358; baseline -0.001 -9"><span class='ocrx_word' id='word_1_157' title='bbox 1101 323 1225 354; x_wconf 80' lang='grc' dir='ltr'>Διάθεσις</span> <span class='ocrx_word' id='word_1_158' title='bbox 1233 323 1355 358; x_wconf 77' lang='grc' dir='ltr'>ἀπῄτησε</span> <span class='ocrx_word' id='word_1_159' title='bbox 1367 323 1466 357; x_wconf 83' lang='grc' dir='ltr'>γνῶναι</span> <span class='ocrx_word' id='word_1_160' title='bbox 1481 323 1514 349; x_wconf 77' lang='grc' dir='ltr'>τὰ</span> <span class='ocrx_word' id='word_1_161' title='bbox 1523 324 1551 349; x_wconf 82' lang='grc' dir='ltr'>ὲν</span> <span class='ocrx_word' id='word_1_162' title='bbox 1565 324 1597 358; x_wconf 84' lang='grc' dir='ltr'>τῇ</span> <span class='ocrx_word' id='word_1_163' title='bbox 1610 323 1711 357; x_wconf 80' lang='grc' dir='ltr'><strong>συνόδῳ</strong></span> <span class='ocrx_word' id='word_1_164' title='bbox 1721 322 1888 358; x_wconf 77' lang='grc' dir='ltr'><strong>πραχθέντα,</strong></span> 
     </span>
    </p>
   </div>
   <div class='ocr_carea' id='block_1_23' title="bbox 1100 367 1888 404">
    <p class='ocr_par' dir='ltr' id='par_1_23' title="bbox 1100 367 1888 404">
     <span class='ocr_line' id='line_1_23' title="bbox 1100 367 1888 404; baseline 0 -10"><span class='ocrx_word' id='word_1_165' title='bbox 1100 369 1149 403; x_wconf 73' lang='grc' dir='ltr'><strong>οὐχ</strong></span> <span class='ocrx_word' id='word_1_166' title='bbox 1161 368 1342 404; x_wconf 77' lang='grc' dir='ltr'><strong>ὑπερεθέμην,</strong></span> <span class='ocrx_word' id='word_1_167' title='bbox 1371 369 1429 396; x_wconf 81' lang='grc' dir='ltr'>ἀλλ’</span> <span class='ocrx_word' id='word_1_168' title='bbox 1450 369 1540 402; x_wconf 73' lang='grc' dir='ltr'>εὐθὺς,</span> <span class='ocrx_word' id='word_1_169' title='bbox 1557 369 1594 400; x_wconf 80' lang='grc' dir='ltr'>ὡς</span> <span class='ocrx_word' id='word_1_170' title='bbox 1611 368 1672 395; x_wconf 81' lang='grc' dir='ltr'>τότε</span> <span class='ocrx_word' id='word_1_171' title='bbox 1693 369 1798 402; x_wconf 82' lang='grc' dir='ltr'>γέγονε,</span> <span class='ocrx_word' id='word_1_172' title='bbox 1812 367 1888 403; x_wconf 78' lang='grc' dir='ltr'><strong>δεδή-</strong></span> 
     </span>
    </p>
   </div>
   <div class='ocr_carea' id='block_1_24' title="bbox 1102 413 1886 450">
    <p class='ocr_par' dir='ltr' id='par_1_24' title="bbox 1102 413 1886 450">
     <span class='ocr_line' id='line_1_24' title="bbox 1102 413 1886 450; baseline 0.001 -11"><span class='ocrx_word' id='word_1_173' title='bbox 1102 413 1188 446; x_wconf 83' lang='grc' dir='ltr'>λωκα,</span> <span class='ocrx_word' id='word_1_174' title='bbox 1201 413 1290 446; x_wconf 73' lang='grc' dir='ltr'>δείξας</span> <span class='ocrx_word' id='word_1_175' title='bbox 1303 414 1336 440; x_wconf 77' lang='grc' dir='ltr'><strong>δι’</strong></span> <span class='ocrx_word' id='word_1_176' title='bbox 1357 414 1453 449; x_wconf 83' lang='grc' dir='ltr'><strong>ὀλίγων</strong></span> <span class='ocrx_word' id='word_1_177' title='bbox 1477 414 1539 440; x_wconf 85' lang='grc' dir='ltr'>ὅσον</span> <span class='ocrx_word' id='word_1_178' title='bbox 1552 413 1679 445; x_wconf 72' lang='grc' dir='ltr'>εὐσεϐοῦς</span> <span class='ocrx_word' id='word_1_179' title='bbox 1699 415 1855 450; x_wconf 73' lang='grc' dir='ltr'>φρονήσεως</span> <span class='ocrx_word' id='word_1_180' title='bbox 1869 413 1886 448; x_wconf 82' lang='grc' dir='ltr'><strong>ἡ</strong></span> 
     </span>
    </p>
   </div>
   <div class='ocr_carea' id='block_1_25' title="bbox 1107 458 1887 496">
    <p class='ocr_par' dir='ltr' id='par_1_25' title="bbox 1107 458 1887 496">
     <span class='ocr_line' id='line_1_25' title="bbox 1107 458 1887 496; baseline -0.001 -10"><span class='ocrx_word' id='word_1_181' title='bbox 1107 458 1232 495; x_wconf 76' lang='grc' dir='ltr'>’Δρειανὴ</span> <span class='ocrx_word' id='word_1_182' title='bbox 1256 459 1360 496; x_wconf 77' lang='grc' dir='ltr'>αἵρεσις</span> <span class='ocrx_word' id='word_1_183' title='bbox 1389 460 1542 496; x_wconf 74' lang='grc' dir='ltr'><strong>ἐστέρηται,</strong></span> <span class='ocrx_word' id='word_1_184' title='bbox 1566 460 1612 486; x_wconf 80' lang='grc' dir='ltr'>καὶ</span> <span class='ocrx_word' id='word_1_185' title='bbox 1639 459 1718 494; x_wconf 87' lang='grc' dir='ltr'>μόνον</span> <span class='ocrx_word' id='word_1_186' title='bbox 1734 459 1887 494; x_wconf 80' lang='grc' dir='ltr'><strong>προφάσεις</strong></span> 
     </span>
    </p>
   </div>
   <div class='ocr_carea' id='block_1_26' title="bbox 1101 504 1887 540">
    <p class='ocr_par' dir='ltr' id='par_1_26' title="bbox 1101 504 1887 540">
     <span class='ocr_line' id='line_1_26' title="bbox 1101 504 1887 540; baseline 0.001 -10"><span class='ocrx_word' id='word_1_187' title='bbox 1101 504 1272 531; x_wconf 83' lang='grc' dir='ltr'>πλάττονται.</span> <span class='ocrx_word' id='word_1_188' title='bbox 1286 504 1386 531; x_wconf 83' lang='grc' dir='ltr'><strong>Σκόπει</strong></span> <span class='ocrx_word' id='word_1_189' title='bbox 1399 505 1427 531; x_wconf 81' lang='grc' dir='ltr'><strong>δὲ</strong></span> <span class='ocrx_word' id='word_1_190' title='bbox 1439 505 1485 531; x_wconf 74' lang='grc' dir='ltr'><strong>καὶ</strong></span> <span class='ocrx_word' id='word_1_191' title='bbox 1500 506 1542 538; x_wconf 71' lang='grc' dir='ltr'><strong>σὺ,</strong></span> <span class='ocrx_word' id='word_1_192' title='bbox 1557 505 1690 540; x_wconf 79' lang='grc' dir='ltr'>ἀγαπητὲ,</span> <span class='ocrx_word' id='word_1_193' title='bbox 1709 506 1732 531; x_wconf 83' lang='grc' dir='ltr'>εἰ</span> <span class='ocrx_word' id='word_1_194' title='bbox 1750 505 1787 540; x_wconf 85' lang='grc' dir='ltr'>μὴ</span> <span class='ocrx_word' id='word_1_195' title='bbox 1801 505 1887 536; x_wconf 73' lang='grc' dir='ltr'>οὕτως</span> 
     </span>
    </p>
   </div>
   <div class='ocr_carea' id='block_1_27' title="bbox 1101 550 1887 588">
    <p class='ocr_par' dir='ltr' id='par_1_27' title="bbox 1101 550 1887 588">
     <span class='ocr_line' id='line_1_27' title="bbox 1101 550 1887 588; baseline 0.001 -11"><span class='ocrx_word' id='word_1_196' title='bbox 1101 551 1167 587; x_wconf 77' lang='grc' dir='ltr'>ἔχει.</span> <span class='ocrx_word' id='word_1_197' title='bbox 1180 552 1212 578; x_wconf 80' lang='grc' dir='ltr'><strong>Εἰ</strong></span> <span class='ocrx_word' id='word_1_198' title='bbox 1228 551 1373 588; x_wconf 74' lang='grc' dir='ltr'>θαρροῦσιν</span> <span class='ocrx_word' id='word_1_199' title='bbox 1390 550 1429 584; x_wconf 83' lang='grc' dir='ltr'>οἷς</span> <span class='ocrx_word' id='word_1_200' title='bbox 1455 552 1569 588; x_wconf 77' lang='grc' dir='ltr'><strong>ἐφεῦρον</strong></span> <span class='ocrx_word' id='word_1_201' title='bbox 1590 553 1667 579; x_wconf 79' lang='grc' dir='ltr'>αὐτοὶ</span> <span class='ocrx_word' id='word_1_202' title='bbox 1693 554 1801 584; x_wconf 79' lang='grc' dir='ltr'><strong>κακοῖς,</strong></span> <span class='ocrx_word' id='word_1_203' title='bbox 1828 553 1887 578; x_wconf 81' lang='grc' dir='ltr'>ἐπι-</span> 
     </span>
    </p>
   </div>
   <div class='ocr_carea' id='block_1_28' title="bbox 1102 598 1886 634">
    <p class='ocr_par' dir='ltr' id='par_1_28' title="bbox 1102 598 1886 634">
     <span class='ocr_line' id='line_1_28' title="bbox 1102 598 1886 634; baseline -0.001 -9"><span class='ocrx_word' id='word_1_204' title='bbox 1102 599 1262 634; x_wconf 79' lang='grc' dir='ltr'>σπείραντος</span> <span class='ocrx_word' id='word_1_205' title='bbox 1287 599 1377 630; x_wconf 81' lang='grc' dir='ltr'>αὐτοῖς</span> <span class='ocrx_word' id='word_1_206' title='bbox 1400 598 1446 625; x_wconf 78' lang='grc' dir='ltr'>τοῦ</span> <span class='ocrx_word' id='word_1_207' title='bbox 1467 598 1589 625; x_wconf 78' lang='grc' dir='ltr'>διαῧόλου</span> <span class='ocrx_word' id='word_1_208' title='bbox 1603 599 1652 634; x_wconf 85' lang='grc' dir='ltr'>τὴν</span> <span class='ocrx_word' id='word_1_209' title='bbox 1668 598 1886 634; x_wconf 69' lang='grc' dir='ltr'>κακοφροσύνην,</span> 
     </span>
    </p>
   </div>
   <div class='ocr_carea' id='block_1_29' title="bbox 1100 641 1887 680">
    <p class='ocr_par' dir='ltr' id='par_1_29' title="bbox 1100 641 1887 680">
     <span class='ocr_line' id='line_1_29' title="bbox 1100 641 1887 680; baseline -0.003 -9"><span class='ocrx_word' id='word_1_210' title='bbox 1100 645 1334 679; x_wconf 82' lang='grc' dir='ltr'>ἀπολογείσθωσαν</span> <span class='ocrx_word' id='word_1_211' title='bbox 1349 644 1412 680; x_wconf 72' lang='grc' dir='ltr'>περὶ</span> <span class='ocrx_word' id='word_1_212' title='bbox 1429 641 1466 671; x_wconf 85' lang='grc' dir='ltr'>ὦν</span> <span class='ocrx_word' id='word_1_213' title='bbox 1480 644 1657 679; x_wconf 72' lang='grc' dir='ltr'>ἐγκληθέντες</span> <span class='ocrx_word' id='word_1_214' title='bbox 1688 643 1887 679; x_wconf 71' lang='grc' dir='ltr'>ἀπεδείχθησαν</span> 
     </span>
    </p>
   </div>
   <div class='ocr_carea' id='block_1_30' title="bbox 1100 689 1885 727">
    <p class='ocr_par' dir='ltr' id='par_1_30' title="bbox 1100 689 1885 727">
     <span class='ocr_line' id='line_1_30' title="bbox 1100 689 1885 727; baseline -0.001 -10"><span class='ocrx_word' id='word_1_215' title='bbox 1100 691 1242 727; x_wconf 70' lang='grc' dir='ltr'>αἱρετικοὶ,</span> <span class='ocrx_word' id='word_1_216' title='bbox 1255 691 1302 717; x_wconf 76' lang='grc' dir='ltr'><strong>καὶ</strong></span> <span class='ocrx_word' id='word_1_217' title='bbox 1313 691 1374 717; x_wconf 83' lang='grc' dir='ltr'>τότε</span> <span class='ocrx_word' id='word_1_218' title='bbox 1386 690 1478 717; x_wconf 64' lang='grc' dir='ltr'>λοιπον</span> <span class='ocrx_word' id='word_1_219' title='bbox 1492 689 1683 722; x_wconf 74' lang='grc' dir='ltr'><strong>αἰτιάσθωσαν,</strong></span> <span class='ocrx_word' id='word_1_220' title='bbox 1704 691 1729 716; x_wconf 88' lang='grc' dir='ltr'>εἰ</span> <span class='ocrx_word' id='word_1_221' title='bbox 1749 689 1885 721; x_wconf 78' lang='grc' dir='ltr'>δύνανται,</span> 
     </span>
    </p>
   </div>
   <div class='ocr_carea' id='block_1_31' title="bbox 1098 735 1887 771">
    <p class='ocr_par' dir='ltr' id='par_1_31' title="bbox 1098 735 1887 771">
     <span class='ocr_line' id='line_1_31' title="bbox 1098 735 1887 771; baseline -0.001 -9"><span class='ocrx_word' id='word_1_222' title='bbox 1098 735 1133 763; x_wconf 73' lang='grc' dir='ltr'><strong>τὰ</strong></span> <span class='ocrx_word' id='word_1_223' title='bbox 1145 737 1204 762; x_wconf 82' lang='grc' dir='ltr'>κατ’</span> <span class='ocrx_word' id='word_1_224' title='bbox 1215 736 1302 762; x_wconf 80' lang='grc' dir='ltr'>αὐτῶν</span> <span class='ocrx_word' id='word_1_225' title='bbox 1317 736 1458 771; x_wconf 79' lang='grc' dir='ltr'>ὁρισθέντα</span> <span class='ocrx_word' id='word_1_226' title='bbox 1468 744 1474 750; x_wconf 81' lang='lat'>&#39;</span> <span class='ocrx_word' id='word_1_227' title='bbox 1493 735 1579 766; x_wconf 69' lang='grc' dir='ltr'>οὐδεὶς</span> <span class='ocrx_word' id='word_1_228' title='bbox 1609 735 1663 771; x_wconf 77' lang='grc' dir='ltr'>γὰρ</span> <span class='ocrx_word' id='word_1_229' title='bbox 1685 735 1821 770; x_wconf 72' lang='grc' dir='ltr'>ἐλεγχθεὶς</span> <span class='ocrx_word' id='word_1_230' title='bbox 1840 735 1887 762; x_wconf 69' lang='grc' dir='ltr'><strong>ἐπὶ</strong></span> 
     </span>
    </p>
   </div>
   <div class='ocr_carea' id='block_1_32' title="bbox 1100 781 1886 817">
    <p class='ocr_par' dir='ltr' id='par_1_32' title="bbox 1100 781 1886 817">
     <span class='ocr_line' id='line_1_32' title="bbox 1100 781 1886 817; baseline -0.001 -9"><span class='ocrx_word' id='word_1_231' title='bbox 1100 782 1171 817; x_wconf 76' lang='grc' dir='ltr'>φόνῳ</span> <span class='ocrx_word' id='word_1_232' title='bbox 1184 782 1230 809; x_wconf 74' lang='grc' dir='ltr'><strong>καὶ</strong></span> <span class='ocrx_word' id='word_1_233' title='bbox 1249 782 1355 817; x_wconf 80' lang='grc' dir='ltr'><strong>μοιχείᾳ</strong></span> <span class='ocrx_word' id='word_1_234' title='bbox 1379 781 1448 817; x_wconf 75' lang='grc' dir='ltr'>μετὰ</span> <span class='ocrx_word' id='word_1_235' title='bbox 1472 781 1520 817; x_wconf 81' lang='grc' dir='ltr'>τὴν</span> <span class='ocrx_word' id='word_1_236' title='bbox 1540 781 1615 817; x_wconf 87' lang='grc' dir='ltr'>δίκην</span> <span class='ocrx_word' id='word_1_237' title='bbox 1643 781 1734 817; x_wconf 87' lang='grc' dir='ltr'>χώραν</span> <span class='ocrx_word' id='word_1_238' title='bbox 1756 781 1811 816; x_wconf 76' lang='grc' dir='ltr'>ἔχει</span> <span class='ocrx_word' id='word_1_239' title='bbox 1835 782 1886 817; x_wconf 82' lang='grc' dir='ltr'><strong>τὴν</strong></span> 
     </span>
    </p>
   </div>
   <div class='ocr_carea' id='block_1_33' title="bbox 1099 827 1886 863">
    <p class='ocr_par' dir='ltr' id='par_1_33' title="bbox 1099 827 1886 863">
     <span class='ocr_line' id='line_1_33' title="bbox 1099 827 1886 863; baseline 0 -9"><span class='ocrx_word' id='word_1_240' title='bbox 1099 829 1234 862; x_wconf 66' lang='grc' dir='ltr'>ἀπόφασιν</span> <span class='ocrx_word' id='word_1_241' title='bbox 1246 829 1290 854; x_wconf 75' lang='grc' dir='ltr'>τοῦ</span> <span class='ocrx_word' id='word_1_242' title='bbox 1311 828 1452 863; x_wconf 70' lang='grc' dir='ltr'>κρίναντος</span> <span class='ocrx_word' id='word_1_243' title='bbox 1471 827 1622 858; x_wconf 84' lang='grc' dir='ltr'>αἰτιᾶσθαι,</span> <span class='ocrx_word' id='word_1_244' title='bbox 1635 827 1679 853; x_wconf 76' lang='grc' dir='ltr'><strong>διὰ,</strong></span> <span class='ocrx_word' id='word_1_245' title='bbox 1699 828 1724 853; x_wconf 88' lang='grc' dir='ltr'><strong>τί</strong></span> <span class='ocrx_word' id='word_1_246' title='bbox 1741 827 1777 862; x_wconf 81' lang='grc' dir='ltr'><strong>μὴ</strong></span> <span class='ocrx_word' id='word_1_247' title='bbox 1788 827 1886 859; x_wconf 55' lang='grc' dir='ltr'>οὕτως»</span> 
     </span>
    </p>
   </div>
   <div class='ocr_carea' id='block_1_34' title="bbox 265 871 1049 909">
    <p class='ocr_par' dir='ltr' id='par_1_34' title="bbox 265 871 1049 905">
     <span class='ocr_line' id='line_1_34' title="bbox 265 871 1049 905; baseline 0.006 -8"><span class='ocrx_word' id='word_1_248' title='bbox 265 871 369 905; x_wconf 78' lang='lat' dir='ltr'><strong>possint</strong></span> <span class='ocrx_word' id='word_1_249' title='bbox 377 871 565 899; x_wconf 73' lang='lat' dir='ltr'><strong>criminentur.</strong></span> <span class='ocrx_word' id='word_1_250' title='bbox 581 872 666 900; x_wconf 88' lang='lat' dir='ltr'><strong>Nemo</strong></span> <span class='ocrx_word' id='word_1_251' title='bbox 677 873 748 900; x_wconf 89' lang='lat' dir='ltr'><strong>enim</strong></span> <span class='ocrx_word' id='word_1_252' title='bbox 763 873 902 902; x_wconf 80' lang='lat' dir='ltr'><strong>homicidii</strong></span> <span class='ocrx_word' id='word_1_253' title='bbox 914 880 961 902; x_wconf 87' lang='lat' dir='ltr'><strong>aut</strong></span> <span class='ocrx_word' id='word_1_254' title='bbox 975 875 1049 902; x_wconf 88' lang='lat' dir='ltr'><strong>adul-</strong></span> 
     </span>
    </p>
   </div>
   <div class='ocr_carea' id='block_1_35' title="bbox 1100 871 1887 909">
    <p class='ocr_par' dir='ltr' id='par_1_35' title="bbox 1101 872 1887 909">
     <span class='ocr_line' id='line_1_35' title="bbox 1101 872 1887 909; baseline -0.003 -9"><span class='ocrx_word' id='word_1_255' title='bbox 1101 874 1157 901; x_wconf 80' lang='grc' dir='ltr'>ἀλλ’</span> <span class='ocrx_word' id='word_1_256' title='bbox 1171 874 1282 905; x_wconf 80' lang='grc' dir='ltr'>ἐκείνως</span> <span class='ocrx_word' id='word_1_257' title='bbox 1307 874 1430 909; x_wconf 79' lang='grc' dir='ltr'>ὲλάλησε.</span> <span class='ocrx_word' id='word_1_258' title='bbox 1452 873 1536 899; x_wconf 76' lang='grc' dir='ltr'>Τοῦτο</span> <span class='ocrx_word' id='word_1_259' title='bbox 1555 872 1608 908; x_wconf 81' lang='grc' dir='ltr'>γὰρ</span> <span class='ocrx_word' id='word_1_260' title='bbox 1623 873 1672 899; x_wconf 80' lang='grc' dir='ltr'>οὐκ.</span> <span class='ocrx_word' id='word_1_261' title='bbox 1691 872 1827 908; x_wconf 79' lang='grc' dir='ltr'>ἐλευθεροῖ</span> <span class='ocrx_word' id='word_1_262' title='bbox 1839 873 1887 899; x_wconf 78' lang='grc' dir='ltr'>τὸν</span> 
     </span>
    </p>
   </div>
   <div class='ocr_carea' id='block_1_36' title="bbox 266 916 1047 953">
    <p class='ocr_par' dir='ltr' id='par_1_36' title="bbox 266 916 1047 953">
     <span class='ocr_line' id='line_1_36' title="bbox 266 916 1047 953; baseline 0.006 -10"><span class='ocrx_word' id='word_1_263' title='bbox 266 916 327 944; x_wconf 89' lang='lat' dir='ltr'><strong>terii</strong></span> <span class='ocrx_word' id='word_1_264' title='bbox 341 917 480 944; x_wconf 81' lang='lat' dir='ltr'><strong>convictus</strong></span> <span class='ocrx_word' id='word_1_265' title='bbox 491 916 536 952; x_wconf 85' lang='lat' dir='ltr'><strong>jus</strong></span> <span class='ocrx_word' id='word_1_266' title='bbox 551 918 642 952; x_wconf 82' lang='lat' dir='ltr'><strong>habet,</strong></span> <span class='ocrx_word' id='word_1_267' title='bbox 658 924 719 953; x_wconf 87' lang='lat' dir='ltr'><strong>post</strong></span> <span class='ocrx_word' id='word_1_268' title='bbox 730 919 872 953; x_wconf 83' lang='lat' dir='ltr'><strong>judicium,</strong></span> <span class='ocrx_word' id='word_1_269' title='bbox 885 921 1047 948; x_wconf 89' lang='lat' dir='ltr'><strong>sententiam</strong></span> 
     </span>
    </p>
   </div>
   <div class='ocr_carea' id='block_1_37' title="bbox 264 962 1048 999">
    <p class='ocr_par' dir='ltr' id='par_1_37' title="bbox 264 962 1048 999">
     <span class='ocr_line' id='line_1_37' title="bbox 264 962 1048 999; baseline 0.008 -11"><span class='ocrx_word' id='word_1_270' title='bbox 264 962 364 997; x_wconf 85' lang='lat' dir='ltr'><strong>judicis</strong></span> <span class='ocrx_word' id='word_1_271' title='bbox 377 963 549 995; x_wconf 85' lang='lat' dir='ltr'><strong>criminandi,</strong></span> <span class='ocrx_word' id='word_1_272' title='bbox 563 972 612 990; x_wconf 89' lang='lat' dir='ltr'><strong>cur</strong></span> <span class='ocrx_word' id='word_1_273' title='bbox 636 972 732 999; x_wconf 84' lang='lat' dir='ltr'><strong>nempe</strong></span> <span class='ocrx_word' id='word_1_274' title='bbox 748 973 799 992; x_wconf 89' lang='lat' dir='ltr'><strong>non</strong></span> <span class='ocrx_word' id='word_1_275' title='bbox 817 966 857 992; x_wconf 88' lang='lat' dir='ltr'><strong>sic</strong></span> <span class='ocrx_word' id='word_1_276' title='bbox 872 967 918 994; x_wconf 86' lang='lat' dir='ltr'><strong>sed</strong></span> <span class='ocrx_word' id='word_1_277' title='bbox 944 967 984 994; x_wconf 90' lang='lat' dir='ltr'><strong>sic</strong></span> <span class='ocrx_word' id='word_1_278' title='bbox 1010 967 1048 994; x_wconf 89' lang='lat' dir='ltr'><strong>lo-</strong></span> 
     </span>
    </p>
   </div>
   <div class='ocr_carea' id='block_1_38' title="bbox 265 1006 1049 1045">
    <p class='ocr_par' dir='ltr' id='par_1_38' title="bbox 265 1006 1049 1045">
     <span class='ocr_line' id='line_1_38' title="bbox 265 1006 1049 1045; baseline 0.004 -9"><span class='ocrx_word' id='word_1_279' title='bbox 265 1014 346 1036; x_wconf 85' lang='lat' dir='ltr'><strong>cutus</strong></span> <span class='ocrx_word' id='word_1_280' title='bbox 362 1008 453 1036; x_wconf 89' lang='lat' dir='ltr'><strong>fuerit.</strong></span> <span class='ocrx_word' id='word_1_281' title='bbox 468 1006 592 1044; x_wconf 79' lang='lat' dir='ltr'><strong>Namque</strong></span> <span class='ocrx_word' id='word_1_282' title='bbox 604 1009 630 1037; x_wconf 90' lang='lat' dir='ltr'><strong>id</strong></span> <span class='ocrx_word' id='word_1_283' title='bbox 643 1017 715 1043; x_wconf 88' lang='lat' dir='ltr'><strong>eum,</strong></span> <span class='ocrx_word' id='word_1_284' title='bbox 732 1011 776 1045; x_wconf 90' lang='lat' dir='ltr'><strong>qui</strong></span> <span class='ocrx_word' id='word_1_285' title='bbox 793 1011 875 1038; x_wconf 89' lang='lat' dir='ltr'><strong>fuerit</strong></span> <span class='ocrx_word' id='word_1_286' title='bbox 890 1013 1049 1039; x_wconf 87' lang='lat' dir='ltr'><strong>condemna-</strong></span> 
     </span>
    </p>
   </div>
   <div class='ocr_carea' id='block_1_39' title="bbox 266 1055 1047 1093">
    <p class='ocr_par' dir='ltr' id='par_1_39' title="bbox 266 1055 1047 1093">
     <span class='ocr_line' id='line_1_39' title="bbox 266 1055 1047 1093; baseline 0.004 -11"><span class='ocrx_word' id='word_1_287' title='bbox 266 1059 319 1087; x_wconf 82' lang='lat' dir='ltr'><strong>tus,</strong></span> <span class='ocrx_word' id='word_1_288' title='bbox 330 1055 442 1083; x_wconf 90' lang='lat' dir='ltr'><strong>minime</strong></span> <span class='ocrx_word' id='word_1_289' title='bbox 455 1055 622 1089; x_wconf 83' lang='lat' dir='ltr'><strong>liberaverit,</strong></span> <span class='ocrx_word' id='word_1_290' title='bbox 635 1057 682 1083; x_wconf 90' lang='lat' dir='ltr'><strong>sed</strong></span> <span class='ocrx_word' id='word_1_291' title='bbox 693 1057 783 1091; x_wconf 83' lang='lat' dir='ltr'><strong>potius</strong></span> <span class='ocrx_word' id='word_1_292' title='bbox 791 1057 851 1092; x_wconf 86' lang='lat' dir='ltr'><strong>ejus</strong></span> <span class='ocrx_word' id='word_1_293' title='bbox 860 1057 937 1092; x_wconf 89' lang='lat' dir='ltr'><strong>culpa</strong></span> <span class='ocrx_word' id='word_1_294' title='bbox 953 1058 1047 1093; x_wconf 86' lang='lat' dir='ltr'><strong>hujus-</strong></span> 
     </span>
    </p>
   </div>
   <div class='ocr_carea' id='block_1_40' title="bbox 265 1101 1047 1138">
    <p class='ocr_par' dir='ltr' id='par_1_40' title="bbox 265 1101 1047 1138">
     <span class='ocr_line' id='line_1_40' title="bbox 265 1101 1047 1138; baseline 0.004 -11"><span class='ocrx_word' id='word_1_295' title='bbox 265 1101 337 1128; x_wconf 90' lang='lat' dir='ltr'><strong>modi</strong></span> <span class='ocrx_word' id='word_1_296' title='bbox 359 1101 512 1128; x_wconf 87' lang='lat' dir='ltr'><strong>temeritate</strong></span> <span class='ocrx_word' id='word_1_297' title='bbox 523 1105 553 1127; x_wconf 89' lang='lat' dir='ltr'><strong>et</strong></span> <span class='ocrx_word' id='word_1_298' title='bbox 569 1101 682 1128; x_wconf 86' lang='lat' dir='ltr'><strong>audacia</strong></span> <span class='ocrx_word' id='word_1_299' title='bbox 698 1107 821 1135; x_wconf 79' lang='lat' dir='ltr'><strong>augetur.</strong></span> <span class='ocrx_word' id='word_1_300' title='bbox 837 1102 875 1129; x_wconf 88' lang='lat' dir='ltr'><strong>Illi</strong></span> <span class='ocrx_word' id='word_1_301' title='bbox 891 1111 957 1138; x_wconf 81' lang='lat' dir='ltr'><strong>ergo</strong></span> <span class='ocrx_word' id='word_1_302' title='bbox 971 1104 1047 1130; x_wconf 90' lang='lat' dir='ltr'><strong>simi-</strong></span> 
     </span>
    </p>
   </div>
   <div class='ocr_carea' id='block_1_41' title="bbox 265 1145 1046 1183">
    <p class='ocr_par' dir='ltr' id='par_1_41' title="bbox 265 1145 1046 1183">
     <span class='ocr_line' id='line_1_41' title="bbox 265 1145 1046 1183; baseline 0.005 -11"><span class='ocrx_word' id='word_1_303' title='bbox 265 1145 327 1173; x_wconf 84' lang='lat' dir='ltr'><strong>liter</strong></span> <span class='ocrx_word' id='word_1_304' title='bbox 339 1146 380 1173; x_wconf 83' lang='lat' dir='ltr'><strong>rel</strong></span> <span class='ocrx_word' id='word_1_305' title='bbox 397 1146 541 1173; x_wconf 81' lang='lat' dir='ltr'><strong>ostendant</strong></span> <span class='ocrx_word' id='word_1_306' title='bbox 551 1154 579 1174; x_wconf 90' lang='lat' dir='ltr'><strong>se</strong></span> <span class='ocrx_word' id='word_1_307' title='bbox 590 1147 632 1182; x_wconf 90' lang='lat' dir='ltr'><strong>pie</strong></span> <span class='ocrx_word' id='word_1_308' title='bbox 640 1147 756 1181; x_wconf 86' lang='lat' dir='ltr'><strong>sentire;</strong></span> <span class='ocrx_word' id='word_1_309' title='bbox 773 1148 905 1183; x_wconf 85' lang='lat' dir='ltr'><strong>siquidem</strong></span> <span class='ocrx_word' id='word_1_310' title='bbox 914 1150 1046 1183; x_wconf 86' lang='lat' dir='ltr'><strong>accusati,</strong></span> 
     </span>
    </p>
   </div>
   <div class='ocr_carea' id='block_1_42' title="bbox 265 1191 1045 1229">
    <p class='ocr_par' dir='ltr' id='par_1_42' title="bbox 265 1191 1045 1229">
     <span class='ocr_line' id='line_1_42' title="bbox 265 1191 1045 1229; baseline 0.004 -10"><span class='ocrx_word' id='word_1_311' title='bbox 265 1192 381 1220; x_wconf 87' lang='lat' dir='ltr'><strong>convicti</strong></span> <span class='ocrx_word' id='word_1_312' title='bbox 409 1196 483 1225; x_wconf 88' lang='lat' dir='ltr'><strong>sunt,</strong></span> <span class='ocrx_word' id='word_1_313' title='bbox 510 1199 570 1220; x_wconf 92' lang='lat' dir='ltr'><strong>cum</strong></span> <span class='ocrx_word' id='word_1_314' title='bbox 596 1191 663 1220; x_wconf 88' lang='lat' dir='ltr'><strong>nihil</strong></span> <span class='ocrx_word' id='word_1_315' title='bbox 686 1199 764 1220; x_wconf 86' lang='lat' dir='ltr'><strong>antea</strong></span> <span class='ocrx_word' id='word_1_316' title='bbox 780 1199 871 1222; x_wconf 83' lang='lat' dir='ltr'><strong>essent</strong></span> <span class='ocrx_word' id='word_1_317' title='bbox 885 1196 1045 1229; x_wconf 87' lang='lat' dir='ltr'><strong>conquesti:</strong></span> 
     </span>
    </p>
   </div>
   <div class='ocr_carea' id='block_1_43' title="bbox 264 1239 1046 1274">
    <p class='ocr_par' dir='ltr' id='par_1_43' title="bbox 264 1239 1046 1274">
     <span class='ocr_line' id='line_1_43' title="bbox 264 1239 1046 1274; baseline 0.005 -10"><span class='ocrx_word' id='word_1_318' title='bbox 264 1245 370 1272; x_wconf 66' lang='lat' dir='ltr'><strong>aequum</strong></span> <span class='ocrx_word' id='word_1_319' title='bbox 383 1242 472 1266; x_wconf 81' lang='lat' dir='ltr'><strong>autent</strong></span> <span class='ocrx_word' id='word_1_320' title='bbox 493 1243 535 1266; x_wconf 88' lang='lat' dir='ltr'><strong>est</strong></span> <span class='ocrx_word' id='word_1_321' title='bbox 553 1246 599 1266; x_wconf 87' lang='lat' dir='ltr'><strong>eos</strong></span> <span class='ocrx_word' id='word_1_322' title='bbox 623 1239 669 1274; x_wconf 91' lang='lat' dir='ltr'><strong>qui</strong></span> <span class='ocrx_word' id='word_1_323' title='bbox 684 1245 855 1272; x_wconf 88' lang='lat' dir='ltr'><strong>accusantur,</strong></span> <span class='ocrx_word' id='word_1_324' title='bbox 881 1240 948 1267; x_wconf 89' lang='lat' dir='ltr'><strong>nihil</strong></span> <span class='ocrx_word' id='word_1_325' title='bbox 975 1241 1046 1268; x_wconf 86' lang='lat' dir='ltr'><strong>aliud</strong></span> 
     </span>
    </p>
   </div>
   <div class='ocr_carea' id='block_1_44' title="bbox 265 1282 1047 1318">
    <p class='ocr_par' dir='ltr' id='par_1_44' title="bbox 265 1282 1047 1318">
     <span class='ocr_line' id='line_1_44' title="bbox 265 1282 1047 1318; baseline 0.004 -8"><span class='ocrx_word' id='word_1_326' title='bbox 265 1290 346 1318; x_wconf 75' lang='lat' dir='ltr'><strong>agere</strong></span> <span class='ocrx_word' id='word_1_327' title='bbox 362 1291 441 1318; x_wconf 88' lang='lat' dir='ltr'><strong>quam</strong></span> <span class='ocrx_word' id='word_1_328' title='bbox 454 1288 483 1310; x_wconf 93' lang='lat' dir='ltr'><strong>ut</strong></span> <span class='ocrx_word' id='word_1_329' title='bbox 492 1291 520 1311; x_wconf 90' lang='lat' dir='ltr'><strong>se</strong></span> <span class='ocrx_word' id='word_1_330' title='bbox 532 1284 687 1312; x_wconf 83' lang='lat' dir='ltr'><strong>defendant.</strong></span> <span class='ocrx_word' id='word_1_331' title='bbox 700 1282 750 1312; x_wconf 61' lang='lat' dir='ltr'><strong>Vel</strong></span> <span class='ocrx_word' id='word_1_332' title='bbox 763 1286 784 1311; x_wconf 88' lang='lat' dir='ltr'><strong>si</strong></span> <span class='ocrx_word' id='word_1_333' title='bbox 805 1285 941 1312; x_wconf 82' lang='lat' dir='ltr'><strong>sordidata</strong></span> <span class='ocrx_word' id='word_1_334' title='bbox 954 1287 1047 1313; x_wconf 84' lang='lat' dir='ltr'><strong>convi-</strong></span> 
     </span>
    </p>
   </div>
   <div class='ocr_carea' id='block_1_45' title="bbox 265 1329 1047 1365">
    <p class='ocr_par' dir='ltr' id='par_1_45' title="bbox 265 1329 1047 1365">
     <span class='ocr_line' id='line_1_45' title="bbox 265 1329 1047 1365; baseline 0.005 -10"><span class='ocrx_word' id='word_1_335' title='bbox 265 1329 302 1356; x_wconf 88' lang='lat' dir='ltr'><strong>cti</strong></span> <span class='ocrx_word' id='word_1_336' title='bbox 321 1329 504 1361; x_wconf 85' lang='lat' dir='ltr'><strong>conscientia,</strong></span> <span class='ocrx_word' id='word_1_337' title='bbox 534 1337 610 1356; x_wconf 84' lang='lat' dir='ltr'><strong>suam</strong></span> <span class='ocrx_word' id='word_1_338' title='bbox 632 1330 797 1363; x_wconf 84' lang='lat' dir='ltr'><strong>impietatem</strong></span> <span class='ocrx_word' id='word_1_339' title='bbox 823 1336 983 1365; x_wconf 82' lang='lat' dir='ltr'><strong>agnoscunt,</strong></span> <span class='ocrx_word' id='word_1_340' title='bbox 1014 1340 1047 1359; x_wconf 90' lang='lat' dir='ltr'><strong>ne</strong></span> 
     </span>
    </p>
   </div>
   <div class='ocr_carea' id='block_1_46' title="bbox 266 1375 1046 1411">
    <p class='ocr_par' dir='ltr' id='par_1_46' title="bbox 266 1375 1046 1411">
     <span class='ocr_line' id='line_1_46' title="bbox 266 1375 1046 1411; baseline 0.004 -10"><span class='ocrx_word' id='word_1_341' title='bbox 266 1376 347 1410; x_wconf 83' lang='lat' dir='ltr'><strong>igitur</strong></span> <span class='ocrx_word' id='word_1_342' title='bbox 362 1375 470 1410; x_wconf 88' lang='lat' dir='ltr'><strong>culpent</strong></span> <span class='ocrx_word' id='word_1_343' title='bbox 493 1383 552 1409; x_wconf 77' lang='lat' dir='ltr'><strong>qua:</strong></span> <span class='ocrx_word' id='word_1_344' title='bbox 578 1375 714 1410; x_wconf 77' lang='lat' dir='ltr'><strong>ignorant,</strong></span> <span class='ocrx_word' id='word_1_345' title='bbox 729 1384 763 1403; x_wconf 89' lang='lat' dir='ltr'><strong>ne</strong></span> <span class='ocrx_word' id='word_1_346' title='bbox 787 1375 857 1404; x_wconf 85' lang='lat' dir='ltr'><strong>forte</strong></span> <span class='ocrx_word' id='word_1_347' title='bbox 875 1377 924 1410; x_wconf 87' lang='lat' dir='ltr'><strong>ipsi</strong></span> <span class='ocrx_word' id='word_1_348' title='bbox 948 1377 1046 1411; x_wconf 75' lang='lat' dir='ltr'><strong>duplex</strong></span> 
     </span>
    </p>
   </div>
   <div class='ocr_carea' id='block_1_47' title="bbox 264 1420 1047 1458">
    <p class='ocr_par' dir='ltr' id='par_1_47' title="bbox 264 1420 1047 1458">
     <span class='ocr_line' id='line_1_47' title="bbox 264 1420 1047 1458; baseline 0.004 -11"><span class='ocrx_word' id='word_1_349' title='bbox 264 1421 327 1448; x_wconf 83' lang='lat' dir='ltr'><strong>inde</strong></span> <span class='ocrx_word' id='word_1_350' title='bbox 336 1420 434 1448; x_wconf 86' lang='lat' dir='ltr'><strong>malum</strong></span> <span class='ocrx_word' id='word_1_351' title='bbox 448 1429 538 1449; x_wconf 87' lang='lat' dir='ltr'><strong>secum</strong></span> <span class='ocrx_word' id='word_1_352' title='bbox 548 1422 677 1455; x_wconf 77' lang='lat' dir='ltr'><strong>referant,</strong></span> <span class='ocrx_word' id='word_1_353' title='bbox 691 1423 835 1457; x_wconf 87' lang='lat' dir='ltr'><strong>impietatis</strong></span> <span class='ocrx_word' id='word_1_354' title='bbox 846 1422 926 1450; x_wconf 91' lang='lat' dir='ltr'><strong>simul</strong></span> <span class='ocrx_word' id='word_1_355' title='bbox 937 1429 964 1450; x_wconf 86' lang='lat' dir='ltr'><strong>et</strong></span> <span class='ocrx_word' id='word_1_356' title='bbox 975 1424 1047 1458; x_wconf 74' lang='lat' dir='ltr'><strong>igno-</strong></span> 
     </span>
    </p>
   </div>
   <div class='ocr_carea' id='block_1_48' title="bbox 229 1455 1046 1501">
    <p class='ocr_par' dir='ltr' id='par_1_48' title="bbox 229 1455 1046 1501">
     <span class='ocr_line' id='line_1_48' title="bbox 229 1455 1046 1501; baseline 0.004 -10"><span class='ocrx_word' id='word_1_357' title='bbox 229 1455 239 1462; x_wconf 60' lang='grc'>’</span> <span class='ocrx_word' id='word_1_358' title='bbox 265 1466 360 1493; x_wconf 73' lang='lat' dir='ltr'><strong>rantiae</strong></span> <span class='ocrx_word' id='word_1_359' title='bbox 374 1465 469 1492; x_wconf 86' lang='lat' dir='ltr'><strong>merito</strong></span> <span class='ocrx_word' id='word_1_360' title='bbox 480 1466 662 1494; x_wconf 83' lang='lat' dir='ltr'><strong>condemnati.</strong></span> <span class='ocrx_word' id='word_1_361' title='bbox 679 1455 745 1493; x_wconf 80' lang='lat' dir='ltr'><strong>Rem</strong></span> <span class='ocrx_word' id='word_1_362' title='bbox 760 1467 850 1501; x_wconf 93' lang='lat' dir='ltr'><strong>potius</strong></span> <span class='ocrx_word' id='word_1_363' title='bbox 865 1455 1046 1494; x_wconf 53' lang='lat' dir='ltr'><strong>studiose-ex-</strong></span> 
     </span>
    </p>
   </div>
   <div class='ocr_carea' id='block_1_49' title="bbox 264 1510 1046 1546">
    <p class='ocr_par' dir='ltr' id='par_1_49' title="bbox 264 1510 1046 1546">
     <span class='ocr_line' id='line_1_49' title="bbox 264 1510 1046 1546; baseline 0.005 -11"><span class='ocrx_word' id='word_1_364' title='bbox 264 1510 394 1544; x_wconf 82' lang='lat' dir='ltr'><strong>pendant,</strong></span> <span class='ocrx_word' id='word_1_365' title='bbox 410 1514 439 1536; x_wconf 91' lang='lat' dir='ltr'><strong>ut</strong></span> <span class='ocrx_word' id='word_1_366' title='bbox 450 1510 503 1543; x_wconf 89' lang='lat' dir='ltr'><strong>his,</strong></span> <span class='ocrx_word' id='word_1_367' title='bbox 515 1518 574 1546; x_wconf 79' lang='lat' dir='ltr'><strong>qure</strong></span> <span class='ocrx_word' id='word_1_368' title='bbox 589 1512 662 1545; x_wconf 90' lang='lat' dir='ltr'><strong>prius</strong></span> <span class='ocrx_word' id='word_1_369' title='bbox 674 1511 842 1543; x_wconf 87' lang='lat' dir='ltr'><strong>nesciebant,</strong></span> <span class='ocrx_word' id='word_1_370' title='bbox 858 1512 986 1546; x_wconf 81' lang='lat' dir='ltr'><strong>cognitis,</strong></span> <span class='ocrx_word' id='word_1_371' title='bbox 1001 1513 1046 1539; x_wconf 87' lang='lat' dir='ltr'><strong>im-</strong></span> 
     </span>
    </p>
   </div>
   <div class='ocr_carea' id='block_1_50' title="bbox 1101 918 1886 957">
    <p class='ocr_par' dir='ltr' id='par_1_50' title="bbox 1101 918 1886 957">
     <span class='ocr_line' id='line_1_50' title="bbox 1101 918 1886 957; baseline -0.005 -9"><span class='ocrx_word' id='word_1_372' title='bbox 1101 921 1238 957; x_wconf 81' lang='grc' dir='ltr'>κριθέντα,</span> <span class='ocrx_word' id='word_1_373' title='bbox 1253 921 1320 948; x_wconf 87' lang='grc' dir='ltr'><strong>ἀλλά</strong></span> <span class='ocrx_word' id='word_1_374' title='bbox 1330 921 1375 948; x_wconf 79' lang='grc' dir='ltr'><strong>καὶ</strong></span> <span class='ocrx_word' id='word_1_375' title='bbox 1390 920 1488 955; x_wconf 78' lang='grc' dir='ltr'>μᾶλλον</span> <span class='ocrx_word' id='word_1_376' title='bbox 1504 919 1586 946; x_wconf 82' lang='grc' dir='ltr'>αὐτοῦ</span> <span class='ocrx_word' id='word_1_377' title='bbox 1598 919 1627 945; x_wconf 84' lang='grc' dir='ltr'>τὸ</span> <span class='ocrx_word' id='word_1_378' title='bbox 1641 919 1765 954; x_wconf 74' lang='grc' dir='ltr'>ἔγκλημα</span> <span class='ocrx_word' id='word_1_379' title='bbox 1778 918 1821 944; x_wconf 72' lang='grc' dir='ltr'><strong>διὰ</strong></span> <span class='ocrx_word' id='word_1_380' title='bbox 1836 919 1886 954; x_wconf 73' lang='grc' dir='ltr'>τὴν</span> 
     </span>
    </p>
   </div>
   <div class='ocr_carea' id='block_1_51' title="bbox 1101 963 1888 1003">
    <p class='ocr_par' dir='ltr' id='par_1_51' title="bbox 1101 963 1888 1003">
     <span class='ocr_line' id='line_1_51' title="bbox 1101 963 1888 1003; baseline -0.004 -10"><span class='ocrx_word' id='word_1_381' title='bbox 1101 967 1264 1003; x_wconf 77' lang='grc' dir='ltr'>προπέτειαν</span> <span class='ocrx_word' id='word_1_382' title='bbox 1278 968 1325 994; x_wconf 76' lang='grc' dir='ltr'><strong>καὶ</strong></span> <span class='ocrx_word' id='word_1_383' title='bbox 1335 966 1383 1002; x_wconf 82' lang='grc' dir='ltr'>τὴν</span> <span class='ocrx_word' id='word_1_384' title='bbox 1398 966 1498 1000; x_wconf 88' lang='grc' dir='ltr'>τόλμαν</span> <span class='ocrx_word' id='word_1_385' title='bbox 1523 965 1679 998; x_wconf 81' lang='grc' dir='ltr'>ἐπαυξάνει.</span> <span class='ocrx_word' id='word_1_386' title='bbox 1707 963 1812 991; x_wconf 80' lang='grc' dir='ltr'>Οὐκοῦν</span> <span class='ocrx_word' id='word_1_387' title='bbox 1838 964 1888 991; x_wconf 82' lang='grc' dir='ltr'><strong>καὶ</strong></span> 
     </span>
    </p>
   </div>
   <div class='ocr_carea' id='block_1_52' title="bbox 1100 1005 1882 1048">
    <p class='ocr_par' dir='ltr' id='par_1_52' title="bbox 1100 1005 1882 1048">
     <span class='ocr_line' id='line_1_52' title="bbox 1100 1005 1882 1048; baseline -0.006 -9"><span class='ocrx_word' id='word_1_388' title='bbox 1100 1011 1202 1048; x_wconf 73' lang='grc' dir='ltr'>οὗτοιῆ</span> <span class='ocrx_word' id='word_1_389' title='bbox 1223 1011 1404 1039; x_wconf 82' lang='grc' dir='ltr'>δεικνύτωσαν</span> <span class='ocrx_word' id='word_1_390' title='bbox 1428 1011 1458 1037; x_wconf 82' lang='grc' dir='ltr'>τὸ</span> <span class='ocrx_word' id='word_1_391' title='bbox 1475 1011 1602 1046; x_wconf 75' lang='grc' dir='ltr'>φρόνημα</span> <span class='ocrx_word' id='word_1_392' title='bbox 1628 1005 1732 1036; x_wconf 79' lang='grc' dir='ltr'>ἑαυτῶν</span> <span class='ocrx_word' id='word_1_393' title='bbox 1753 1008 1882 1040; x_wconf 79' lang='grc' dir='ltr'>εὐσεὸἑς·</span> 
     </span>
    </p>
   </div>
   <div class='ocr_carea' id='block_1_53' title="bbox 1100 1049 1886 1094">
    <p class='ocr_par' dir='ltr' id='par_1_53' title="bbox 1100 1049 1886 1094">
     <span class='ocr_line' id='line_1_53' title="bbox 1100 1049 1886 1094; baseline -0.004 -10"><span class='ocrx_word' id='word_1_394' title='bbox 1100 1058 1332 1094; x_wconf 79' lang='grc' dir='ltr'>κατηγορηθέντες</span> <span class='ocrx_word' id='word_1_395' title='bbox 1363 1057 1417 1092; x_wconf 82' lang='grc' dir='ltr'><strong>γὰρ</strong></span> <span class='ocrx_word' id='word_1_396' title='bbox 1442 1056 1625 1091; x_wconf 51' lang='grc' dir='ltr'>ἠλέγχθτγσαν,</span> <span class='ocrx_word' id='word_1_397' title='bbox 1651 1049 1681 1082; x_wconf 81' lang='grc' dir='ltr'>οὺ</span> <span class='ocrx_word' id='word_1_398' title='bbox 1711 1055 1886 1090; x_wconf 64' lang='grc' dir='ltr'>μεμψάμενοι</span> 
     </span>
    </p>
   </div>
   <div class='ocr_carea' id='block_1_54' title="bbox 1100 1101 1885 1139">
    <p class='ocr_par' dir='ltr' id='par_1_54' title="bbox 1100 1101 1885 1139">
     <span class='ocr_line' id='line_1_54' title="bbox 1100 1101 1885 1139; baseline -0.005 -9"><span class='ocrx_word' id='word_1_399' title='bbox 1100 1104 1245 1139; x_wconf 85' lang='grc' dir='ltr'>πρότερον·</span> <span class='ocrx_word' id='word_1_400' title='bbox 1268 1104 1314 1131; x_wconf 68' lang='grc' dir='ltr'><strong>καὶ</strong></span> <span class='ocrx_word' id='word_1_401' title='bbox 1336 1103 1439 1130; x_wconf 82' lang='grc' dir='ltr'>δίκαιόν</span> <span class='ocrx_word' id='word_1_402' title='bbox 1456 1104 1513 1128; x_wconf 75' lang='grc' dir='ltr'>ἐστι</span> <span class='ocrx_word' id='word_1_403' title='bbox 1531 1102 1592 1133; x_wconf 68' lang='grc' dir='ltr'>τοὺς</span> <span class='ocrx_word' id='word_1_404' title='bbox 1613 1101 1783 1132; x_wconf 81' lang='grc' dir='ltr'>αἱτιαθέντας</span> <span class='ocrx_word' id='word_1_405' title='bbox 1802 1101 1885 1136; x_wconf 71' lang='grc' dir='ltr'>μηδὲν</span> 
     </span>
    </p>
   </div>
   <div class='ocr_carea' id='block_1_55' title="bbox 1100 1145 1887 1187">
    <p class='ocr_par' dir='ltr' id='par_1_55' title="bbox 1100 1145 1887 1186">
     <span class='ocr_line' id='line_1_55' title="bbox 1100 1145 1887 1186; baseline -0.008 -10"><span class='ocrx_word' id='word_1_406' title='bbox 1100 1150 1190 1186; x_wconf 71' lang='grc' dir='ltr'>ἕτερον</span> <span class='ocrx_word' id='word_1_407' title='bbox 1203 1151 1287 1176; x_wconf 79' lang='grc' dir='ltr'>ποιεῖν</span> <span class='ocrx_word' id='word_1_408' title='bbox 1303 1149 1319 1184; x_wconf 87' lang='grc' dir='ltr'>ἢ</span> <span class='ocrx_word' id='word_1_409' title='bbox 1333 1147 1523 1182; x_wconf 81' lang='grc' dir='ltr'>ἀπολογεῖσθαι</span> <span class='ocrx_word' id='word_1_410' title='bbox 1537 1156 1543 1161; x_wconf 91' lang='grc'><strong>·</strong></span> <span class='ocrx_word' id='word_1_411' title='bbox 1560 1147 1576 1182; x_wconf 80' lang='grc' dir='ltr'>ἢ</span> <span class='ocrx_word' id='word_1_412' title='bbox 1591 1148 1614 1172; x_wconf 89' lang='grc' dir='ltr'>εἰ</span> <span class='ocrx_word' id='word_1_413' title='bbox 1628 1147 1656 1172; x_wconf 84' lang='grc' dir='ltr'><strong>τὸ</strong></span> <span class='ocrx_word' id='word_1_414' title='bbox 1669 1145 1785 1177; x_wconf 74' lang='grc' dir='ltr'>συνειδὸς</span> <span class='ocrx_word' id='word_1_415' title='bbox 1796 1145 1887 1180; x_wconf 77' lang='grc' dir='ltr'>ἔχουσι</span> 
     </span>
    </p>
   </div>
   <div class='ocr_carea' id='block_1_56' title="bbox 1101 1191 1886 1231">
    <p class='ocr_par' dir='ltr' id='par_1_56' title="bbox 1101 1191 1886 1231">
     <span class='ocr_line' id='line_1_56' title="bbox 1101 1191 1886 1231; baseline -0.008 -9"><span class='ocrx_word' id='word_1_416' title='bbox 1101 1195 1231 1231; x_wconf 66' lang='grc' dir='ltr'>ῥυπαρὸν,</span> <span class='ocrx_word' id='word_1_417' title='bbox 1248 1195 1294 1221; x_wconf 75' lang='grc' dir='ltr'><strong>καὶ</strong></span> <span class='ocrx_word' id='word_1_418' title='bbox 1308 1195 1453 1230; x_wconf 75' lang='grc' dir='ltr'>συνορῶσιν</span> <span class='ocrx_word' id='word_1_419' title='bbox 1471 1193 1581 1224; x_wconf 70' lang='grc' dir='ltr'>ἑαυτοὺς</span> <span class='ocrx_word' id='word_1_420' title='bbox 1595 1191 1768 1222; x_wconf 74' lang='grc' dir='ltr'>ἀσεῧοῦντας,</span> <span class='ocrx_word' id='word_1_421' title='bbox 1788 1191 1825 1226; x_wconf 77' lang='grc' dir='ltr'>μὴ</span> <span class='ocrx_word' id='word_1_422' title='bbox 1849 1192 1886 1217; x_wconf 75' lang='grc' dir='ltr'><strong>αἱ·</strong></span> 
     </span>
    </p>
   </div>
   <div class='ocr_carea' id='block_1_57' title="bbox 1099 1237 1887 1274">
    <p class='ocr_par' dir='ltr' id='par_1_57' title="bbox 1099 1237 1887 1274">
     <span class='ocr_line' id='line_1_57' title="bbox 1099 1237 1887 1274; baseline -0.006 -7"><span class='ocrx_word' id='word_1_423' title='bbox 1099 1241 1252 1267; x_wconf 78' lang='grc' dir='ltr'>τιάσθωσαν</span> <span class='ocrx_word' id='word_1_424' title='bbox 1278 1240 1295 1267; x_wconf 81' lang='grc' dir='ltr'>ἃ</span> <span class='ocrx_word' id='word_1_425' title='bbox 1325 1240 1477 1274; x_wconf 78' lang='grc' dir='ltr'>ἀγνοοῦσιν,</span> <span class='ocrx_word' id='word_1_426' title='bbox 1506 1239 1549 1265; x_wconf 82' lang='grc' dir='ltr'><strong>ἵνα</strong></span> <span class='ocrx_word' id='word_1_427' title='bbox 1567 1239 1604 1274; x_wconf 83' lang='grc' dir='ltr'>μὴ</span> <span class='ocrx_word' id='word_1_428' title='bbox 1633 1237 1679 1264; x_wconf 75' lang='grc' dir='ltr'><strong>καὶ</strong></span> <span class='ocrx_word' id='word_1_429' title='bbox 1709 1237 1816 1263; x_wconf 73' lang='grc' dir='ltr'>διπλοῦν</span> <span class='ocrx_word' id='word_1_430' title='bbox 1838 1245 1887 1262; x_wconf 80' lang='grc' dir='ltr'>κα-</span> 
     </span>
    </p>
   </div>
   <div class='ocr_carea' id='block_1_58' title="bbox 1100 1283 1886 1321">
    <p class='ocr_par' dir='ltr' id='par_1_58' title="bbox 1100 1283 1886 1321">
     <span class='ocr_line' id='line_1_58' title="bbox 1100 1283 1886 1321; baseline -0.006 -8"><span class='ocrx_word' id='word_1_431' title='bbox 1100 1285 1145 1313; x_wconf 75' lang='grc' dir='ltr'>κδν</span> <span class='ocrx_word' id='word_1_432' title='bbox 1163 1286 1228 1321; x_wconf 77' lang='lat'><strong>(:27),</strong></span> <span class='ocrx_word' id='word_1_433' title='bbox 1244 1286 1368 1317; x_wconf 76' lang='grc' dir='ltr'>ἀσεϐείας</span> <span class='ocrx_word' id='word_1_434' title='bbox 1382 1286 1506 1320; x_wconf 79' lang='grc' dir='ltr'>ἔγκλημα</span> <span class='ocrx_word' id='word_1_435' title='bbox 1518 1285 1564 1311; x_wconf 76' lang='grc' dir='ltr'><strong>καὶ</strong></span> <span class='ocrx_word' id='word_1_436' title='bbox 1581 1283 1755 1314; x_wconf 77' lang='grc' dir='ltr'>ἀπαιδευσίας</span> <span class='ocrx_word' id='word_1_437' title='bbox 1773 1283 1886 1317; x_wconf 75' lang='grc' dir='ltr'>ἀπενέγ-</span> 
     </span>
    </p>
   </div>
   <div class='ocr_carea' id='block_1_59' title="bbox 1099 1329 1884 1368">
    <p class='ocr_par' dir='ltr' id='par_1_59' title="bbox 1099 1329 1884 1368">
     <span class='ocr_line' id='line_1_59' title="bbox 1099 1329 1884 1368; baseline -0.006 -9"><span class='ocrx_word' id='word_1_438' title='bbox 1099 1341 1199 1359; x_wconf 86' lang='grc' dir='ltr'>κωνται</span> <span class='ocrx_word' id='word_1_439' title='bbox 1211 1332 1322 1368; x_wconf 70' lang='grc' dir='ltr'>μέμψιν.</span> <span class='ocrx_word' id='word_1_440' title='bbox 1339 1332 1554 1364; x_wconf 77' lang='grc' dir='ltr'>Ἐξεταζέτωσαν</span> <span class='ocrx_word' id='word_1_441' title='bbox 1563 1331 1590 1356; x_wconf 75' lang='grc' dir='ltr'><em>δὲ</em></span> <span class='ocrx_word' id='word_1_442' title='bbox 1601 1330 1701 1365; x_wconf 74' lang='grc' dir='ltr'>μᾶλλον</span> <span class='ocrx_word' id='word_1_443' title='bbox 1717 1329 1884 1364; x_wconf 59' lang='grc' dir='ltr'>φιλομαθῶς,</span> 
     </span>
    </p>
   </div>
   <div class='ocr_carea' id='block_1_60' title="bbox 1099 1375 1886 1413">
    <p class='ocr_par' dir='ltr' id='par_1_60' title="bbox 1099 1375 1886 1413">
     <span class='ocr_line' id='line_1_60' title="bbox 1099 1375 1886 1413; baseline -0.004 -9"><span class='ocrx_word' id='word_1_444' title='bbox 1099 1379 1142 1410; x_wconf 78' lang='grc' dir='ltr'><strong>ἶν’,</strong></span> <span class='ocrx_word' id='word_1_445' title='bbox 1158 1378 1312 1412; x_wconf 75' lang='grc' dir='ltr'>ἐπιγνόντες</span> <span class='ocrx_word' id='word_1_446' title='bbox 1323 1378 1340 1404; x_wconf 77' lang='grc' dir='ltr'>ἃ</span> <span class='ocrx_word' id='word_1_447' title='bbox 1352 1378 1482 1413; x_wconf 76' lang='grc' dir='ltr'>πρότερον</span> <span class='ocrx_word' id='word_1_448' title='bbox 1495 1377 1618 1412; x_wconf 75' lang='grc' dir='ltr'>ἠγνόουν,</span> <span class='ocrx_word' id='word_1_449' title='bbox 1636 1376 1821 1410; x_wconf 67' lang='grc' dir='ltr'>ἀπονίψωνται</span> <span class='ocrx_word' id='word_1_450' title='bbox 1836 1375 1886 1406; x_wconf 66' lang='grc' dir='ltr'><strong>τὰς</strong></span> 
     </span>
    </p>
   </div>
   <div class='ocr_carea' id='block_1_61' title="bbox 1099 1420 1886 1456">
    <p class='ocr_par' dir='ltr' id='par_1_61' title="bbox 1099 1420 1886 1456">
     <span class='ocr_line' id='line_1_61' title="bbox 1099 1420 1886 1456; baseline -0.005 -7"><span class='ocrx_word' id='word_1_451' title='bbox 1099 1422 1201 1449; x_wconf 80' lang='grc' dir='ltr'>ἑαυτῶν</span> <span class='ocrx_word' id='word_1_452' title='bbox 1217 1422 1324 1453; x_wconf 75' lang='grc' dir='ltr'>ἀσεϐεῖς</span> <span class='ocrx_word' id='word_1_453' title='bbox 1339 1422 1421 1453; x_wconf 76' lang='grc' dir='ltr'>ἀκοὰς</span> <span class='ocrx_word' id='word_1_454' title='bbox 1435 1421 1474 1456; x_wconf 76' lang='grc' dir='ltr'><strong>τῷ</strong></span> <span class='ocrx_word' id='word_1_455' title='bbox 1496 1422 1543 1456; x_wconf 79' lang='grc' dir='ltr'>τῆς</span> <span class='ocrx_word' id='word_1_456' title='bbox 1568 1420 1694 1456; x_wconf 72' lang='grc' dir='ltr'>ἀληθείας</span> <span class='ocrx_word' id='word_1_457' title='bbox 1717 1420 1816 1455; x_wconf 75' lang='grc' dir='ltr'>νάματι</span> <span class='ocrx_word' id='word_1_458' title='bbox 1837 1420 1886 1446; x_wconf 67' lang='grc' dir='ltr'>καὶ</span> 
     </span>
    </p>
   </div>
   <div class='ocr_carea' id='block_1_62' title="bbox 1098 1466 1886 1504">
    <p class='ocr_par' dir='ltr' id='par_1_62' title="bbox 1098 1466 1886 1504">
     <span class='ocr_line' id='line_1_62' title="bbox 1098 1466 1886 1504; baseline -0.005 -9"><span class='ocrx_word' id='word_1_459' title='bbox 1098 1471 1154 1500; x_wconf 88' lang='grc' dir='ltr'>τοῖς</span> <span class='ocrx_word' id='word_1_460' title='bbox 1170 1469 1219 1504; x_wconf 77' lang='grc' dir='ltr'>τῆς</span> <span class='ocrx_word' id='word_1_461' title='bbox 1237 1468 1377 1500; x_wconf 72' lang='grc' dir='ltr'>εὐσεϐείας</span> <span class='ocrx_word' id='word_1_462' title='bbox 1401 1468 1541 1503; x_wconf 75' lang='grc' dir='ltr'>δόγμασιν.</span> <span class='ocrx_word' id='word_1_463' title='bbox 1558 1466 1636 1492; x_wconf 80' lang='grc' dir='ltr'><strong>Ὁῦτω</strong></span> <span class='ocrx_word' id='word_1_464' title='bbox 1660 1466 1713 1501; x_wconf 80' lang='grc' dir='ltr'><strong>γὰρ</strong></span> <span class='ocrx_word' id='word_1_465' title='bbox 1732 1466 1779 1492; x_wconf 73' lang='grc' dir='ltr'>καὶ</span> <span class='ocrx_word' id='word_1_466' title='bbox 1801 1466 1829 1491; x_wconf 81' lang='grc' dir='ltr'>ἐν</span> <span class='ocrx_word' id='word_1_467' title='bbox 1851 1467 1886 1501; x_wconf 73' lang='grc' dir='ltr'>τῇ</span> 
     </span>
    </p>
   </div>
   <div class='ocr_carea' id='block_1_63' title="bbox 1099 1511 1824 1548">
    <p class='ocr_par' dir='ltr' id='par_1_63' title="bbox 1099 1511 1824 1548">
     <span class='ocr_line' id='line_1_63' title="bbox 1099 1511 1824 1548; baseline -0.007 -7"><span class='ocrx_word' id='word_1_468' title='bbox 1099 1514 1168 1541; x_wconf 82' lang='grc' dir='ltr'>κατὰ</span> <span class='ocrx_word' id='word_1_469' title='bbox 1185 1515 1301 1541; x_wconf 73' lang='grc' dir='ltr'>Νίκαιαν</span> <span class='ocrx_word' id='word_1_470' title='bbox 1317 1514 1416 1548; x_wconf 73' lang='grc' dir='ltr'>συνόδῳ</span> <span class='ocrx_word' id='word_1_471' title='bbox 1429 1514 1523 1547; x_wconf 77' lang='grc' dir='ltr'>γέγονε</span> <span class='ocrx_word' id='word_1_472' title='bbox 1535 1514 1592 1544; x_wconf 83' lang='grc' dir='ltr'>τοῖς</span> <span class='ocrx_word' id='word_1_473' title='bbox 1609 1512 1670 1546; x_wconf 71' lang='grc' dir='ltr'>περὶ</span> <span class='ocrx_word' id='word_1_474' title='bbox 1687 1511 1824 1537; x_wconf 73' lang='grc' dir='ltr'>Εὑσέϐιον.</span> 
     </span>
    </p>
   </div>
   <div class='ocr_carea' id='block_1_64' title="bbox 264 1556 1885 1594">
    <p class='ocr_par' dir='ltr' id='par_1_64' title="bbox 264 1556 1885 1594">
     <span class='ocr_line' id='line_1_64' title="bbox 264 1556 1885 1594; baseline 0.001 -12"><span class='ocrx_word' id='word_1_475' title='bbox 264 1556 324 1590; x_wconf 82' lang='lat' dir='ltr'><strong>pias</strong></span> <span class='ocrx_word' id='word_1_476' title='bbox 339 1563 402 1583; x_wconf 89' lang='lat' dir='ltr'><strong>suas</strong></span> <span class='ocrx_word' id='word_1_477' title='bbox 414 1563 493 1583; x_wconf 86' lang='lat' dir='ltr'><strong>aures</strong></span> <span class='ocrx_word' id='word_1_478' title='bbox 505 1556 627 1584; x_wconf 83' lang='lat' dir='ltr'><strong>veritatis</strong></span> <span class='ocrx_word' id='word_1_479' title='bbox 641 1557 711 1584; x_wconf 92' lang='lat' dir='ltr'><strong>unda</strong></span> <span class='ocrx_word' id='word_1_480' title='bbox 726 1561 753 1584; x_wconf 90' lang='lat' dir='ltr'><strong>et</strong></span> <span class='ocrx_word' id='word_1_481' title='bbox 773 1556 884 1592; x_wconf 87' lang='lat' dir='ltr'><strong>pietatis</strong></span> <span class='ocrx_word' id='word_1_482' title='bbox 910 1557 1045 1593; x_wconf 78' lang='lat' dir='ltr'><strong>dogmatis</strong></span> <span class='ocrx_word' id='word_1_483' title='bbox 1064 1560 1300 1593; x_wconf 65' lang='lat' dir='ltr'><strong>pOSsintabluere.</strong></span> <span class='ocrx_word' id='word_1_484' title='bbox 1336 1560 1382 1587; x_wconf 88' lang='lat' dir='ltr'><strong>Sic</strong></span> <span class='ocrx_word' id='word_1_485' title='bbox 1411 1560 1492 1594; x_wconf 81' lang='lat' dir='ltr'><strong>igitur</strong></span> <span class='ocrx_word' id='word_1_486' title='bbox 1511 1559 1537 1585; x_wconf 95' lang='lat' dir='ltr'><strong>in</strong></span> <span class='ocrx_word' id='word_1_487' title='bbox 1558 1558 1666 1585; x_wconf 72' lang='lat' dir='ltr'><strong>Nit‘tcna</strong></span> <span class='ocrx_word' id='word_1_488' title='bbox 1691 1559 1794 1593; x_wconf 81' lang='lat' dir='ltr'><strong>synodo</strong></span> <span class='ocrx_word' id='word_1_489' title='bbox 1821 1561 1885 1592; x_wconf 72' lang='lat' dir='ltr'><strong>erga</strong></span> 
     </span>
    </p>
   </div>
   <div class='ocr_carea' id='block_1_65' title="bbox 264 1602 600 1631">
    <p class='ocr_par' dir='ltr' id='par_1_65' title="bbox 264 1602 600 1631">
     <span class='ocr_line' id='line_1_65' title="bbox 264 1602 600 1631; baseline 0.006 -2"><span class='ocrx_word' id='word_1_490' title='bbox 264 1602 434 1630; x_wconf 84' lang='lat' dir='ltr'><strong>Eusebianos</strong></span> <span class='ocrx_word' id='word_1_491' title='bbox 448 1607 537 1630; x_wconf 86' lang='lat' dir='ltr'><strong>actum</strong></span> <span class='ocrx_word' id='word_1_492' title='bbox 548 1609 600 1631; x_wconf 87' lang='lat' dir='ltr'><strong>est.</strong></span> 
     </span>
    </p>
   </div>
   <div class='ocr_carea' id='block_1_66' title="bbox 299 1648 1083 1685">
    <p class='ocr_par' dir='ltr' id='par_1_66' title="bbox 299 1648 1083 1685">
     <span class='ocr_line' id='line_1_66' title="bbox 299 1648 1083 1685; baseline 0.003 -9"><span class='ocrx_word' id='word_1_493' title='bbox 299 1649 326 1676; x_wconf 78' lang='grc'><strong>5.</strong></span> <span class='ocrx_word' id='word_1_494' title='bbox 347 1648 383 1676; x_wconf 90' lang='lat' dir='ltr'><strong>Ut</strong></span> <span class='ocrx_word' id='word_1_495' title='bbox 398 1654 476 1677; x_wconf 87' lang='lat' dir='ltr'><strong>erant</strong></span> <span class='ocrx_word' id='word_1_496' title='bbox 496 1649 523 1676; x_wconf 91' lang='lat' dir='ltr'><strong>in</strong></span> <span class='ocrx_word' id='word_1_497' title='bbox 548 1657 594 1676; x_wconf 89' lang='lat' dir='ltr'><strong>sua</strong></span> <span class='ocrx_word' id='word_1_498' title='bbox 613 1649 752 1685; x_wconf 87' lang='lat' dir='ltr'><strong>impietate</strong></span> <span class='ocrx_word' id='word_1_499' title='bbox 771 1651 934 1685; x_wconf 84' lang='lat' dir='ltr'><strong>pertinaces,</strong></span> <span class='ocrx_word' id='word_1_500' title='bbox 952 1651 1046 1679; x_wconf 90' lang='lat' dir='ltr'><strong>molie-</strong></span> <span class='ocrx_word' id='word_1_501' title='bbox 1063 1658 1083 1685; x_wconf 76' lang='grc' dir='ltr'><strong>ο</strong></span> 
     </span>
    </p>
   </div>
   <div class='ocr_carea' id='block_1_67' title="bbox 265 1695 1048 1731">
    <p class='ocr_par' dir='ltr' id='par_1_67' title="bbox 265 1695 1048 1731">
     <span class='ocr_line' id='line_1_67' title="bbox 265 1695 1048 1731; baseline 0.003 -9"><span class='ocrx_word' id='word_1_502' title='bbox 265 1695 417 1730; x_wconf 83' lang='lat' dir='ltr'><strong>banturque</strong></span> <span class='ocrx_word' id='word_1_503' title='bbox 428 1703 489 1723; x_wconf 91' lang='lat' dir='ltr'><strong>cum</strong></span> <span class='ocrx_word' id='word_1_504' title='bbox 503 1696 560 1730; x_wconf 92' lang='lat' dir='ltr'><strong>ipso</strong></span> <span class='ocrx_word' id='word_1_505' title='bbox 573 1697 626 1723; x_wconf 90' lang='lat' dir='ltr'><strong>Deo</strong></span> <span class='ocrx_word' id='word_1_506' title='bbox 639 1704 768 1731; x_wconf 77' lang='lat' dir='ltr'><strong>pugnare,</strong></span> <span class='ocrx_word' id='word_1_507' title='bbox 785 1697 821 1724; x_wconf 91' lang='lat' dir='ltr'><strong>ita</strong></span> <span class='ocrx_word' id='word_1_508' title='bbox 832 1704 892 1731; x_wconf 65' lang='lat' dir='ltr'><strong>quae</strong></span> <span class='ocrx_word' id='word_1_509' title='bbox 905 1696 938 1724; x_wconf 86' lang='lat' dir='ltr'><strong>ab</strong></span> <span class='ocrx_word' id='word_1_510' title='bbox 951 1697 991 1724; x_wconf 85' lang='lat' dir='ltr'><strong>eis</strong></span> <span class='ocrx_word' id='word_1_511' title='bbox 1007 1697 1048 1724; x_wconf 87' lang='lat' dir='ltr'><strong>di-</strong></span> 
     </span>
    </p>
   </div>
   <div class='ocr_carea' id='block_1_68' title="bbox 269 1741 1045 1778">
    <p class='ocr_par' dir='ltr' id='par_1_68' title="bbox 269 1741 1045 1778">
     <span class='ocr_line' id='line_1_68' title="bbox 269 1741 1045 1778; baseline 0.001 -10"><span class='ocrx_word' id='word_1_512' title='bbox 269 1741 402 1768; x_wconf 85' lang='lat' dir='ltr'><strong>cebantur</strong></span> <span class='ocrx_word' id='word_1_513' title='bbox 426 1741 503 1776; x_wconf 87' lang='lat' dir='ltr'><strong>plena</strong></span> <span class='ocrx_word' id='word_1_514' title='bbox 518 1746 596 1769; x_wconf 91' lang='lat' dir='ltr'><strong>erant</strong></span> <span class='ocrx_word' id='word_1_515' title='bbox 614 1742 769 1776; x_wconf 82' lang='lat' dir='ltr'><strong>impietatis.</strong></span> <span class='ocrx_word' id='word_1_516' title='bbox 795 1742 918 1778; x_wconf 85' lang='lat' dir='ltr'><strong>Episcopi</strong></span> <span class='ocrx_word' id='word_1_517' title='bbox 943 1746 1045 1775; x_wconf 87' lang='lat' dir='ltr'><strong>autem,</strong></span> 
     </span>
    </p>
   </div>
   <div class='ocr_carea' id='block_1_69' title="bbox 266 1787 1047 1823">
    <p class='ocr_par' dir='ltr' id='par_1_69' title="bbox 266 1787 1047 1823">
     <span class='ocr_line' id='line_1_69' title="bbox 266 1787 1047 1823; baseline 0.003 -9"><span class='ocrx_word' id='word_1_518' title='bbox 266 1787 311 1821; x_wconf 82' lang='lat' dir='ltr'><strong>qui</strong></span> <span class='ocrx_word' id='word_1_519' title='bbox 331 1788 443 1814; x_wconf 88' lang='lat' dir='ltr'><strong>trecenti</strong></span> <span class='ocrx_word' id='word_1_520' title='bbox 470 1788 530 1823; x_wconf 90' lang='lat' dir='ltr'><strong>plus</strong></span> <span class='ocrx_word' id='word_1_521' title='bbox 549 1788 638 1815; x_wconf 87' lang='lat' dir='ltr'><strong>minus</strong></span> <span class='ocrx_word' id='word_1_522' title='bbox 650 1794 846 1822; x_wconf 85' lang='lat' dir='ltr'><strong>convenerant,</strong></span> <span class='ocrx_word' id='word_1_523' title='bbox 862 1794 1002 1816; x_wconf 81' lang='lat' dir='ltr'><strong>mansuete</strong></span> <span class='ocrx_word' id='word_1_524' title='bbox 1016 1796 1047 1816; x_wconf 84' lang='lat' dir='ltr'><strong>ac</strong></span> 
     </span>
    </p>
   </div>
   <div class='ocr_carea' id='block_1_70' title="bbox 268 1834 1048 1869">
    <p class='ocr_par' dir='ltr' id='par_1_70' title="bbox 268 1834 1048 1869">
     <span class='ocr_line' id='line_1_70' title="bbox 268 1834 1048 1869; baseline 0.001 -9"><span class='ocrx_word' id='word_1_525' title='bbox 268 1834 476 1868; x_wconf 87' lang='lat' dir='ltr'><strong>perhumaniter</strong></span> <span class='ocrx_word' id='word_1_526' title='bbox 490 1834 524 1861; x_wconf 89' lang='lat' dir='ltr'><strong>ab</strong></span> <span class='ocrx_word' id='word_1_527' title='bbox 548 1834 601 1861; x_wconf 87' lang='lat' dir='ltr'><strong>illis</strong></span> <span class='ocrx_word' id='word_1_528' title='bbox 626 1834 808 1868; x_wconf 86' lang='lat' dir='ltr'><strong>postularunt,</strong></span> <span class='ocrx_word' id='word_1_529' title='bbox 835 1838 865 1861; x_wconf 90' lang='lat' dir='ltr'><strong>ut</strong></span> <span class='ocrx_word' id='word_1_530' title='bbox 881 1835 915 1861; x_wconf 89' lang='lat' dir='ltr'><strong>de</strong></span> <span class='ocrx_word' id='word_1_531' title='bbox 929 1835 971 1862; x_wconf 91' lang='lat' dir='ltr'><strong>his</strong></span> <span class='ocrx_word' id='word_1_532' title='bbox 987 1842 1048 1869; x_wconf 68' lang='lat' dir='ltr'><strong>qua:</strong></span> 
     </span>
    </p>
   </div>
   <div class='ocr_carea' id='block_1_71' title="bbox 267 1879 1047 1914">
    <p class='ocr_par' dir='ltr' id='par_1_71' title="bbox 267 1879 1047 1914">
     <span class='ocr_line' id='line_1_71' title="bbox 267 1879 1047 1914; baseline 0 -8"><span class='ocrx_word' id='word_1_533' title='bbox 267 1879 394 1906; x_wconf 87' lang='lat' dir='ltr'><strong>dicebant</strong></span> <span class='ocrx_word' id='word_1_534' title='bbox 407 1879 539 1906; x_wconf 88' lang='lat' dir='ltr'><strong>rationem</strong></span> <span class='ocrx_word' id='word_1_535' title='bbox 557 1879 713 1912; x_wconf 84' lang='lat' dir='ltr'><strong>redderent,</strong></span> <span class='ocrx_word' id='word_1_536' title='bbox 729 1880 842 1914; x_wconf 70' lang='lat' dir='ltr'><strong>piasque</strong></span> <span class='ocrx_word' id='word_1_537' title='bbox 855 1879 984 1907; x_wconf 82' lang='lat' dir='ltr'><strong>afferrent</strong></span> <span class='ocrx_word' id='word_1_538' title='bbox 1000 1880 1047 1906; x_wconf 87' lang='lat' dir='ltr'><strong>de-</strong></span> 
     </span>
    </p>
   </div>
   <div class='ocr_carea' id='block_1_72' title="bbox 266 1924 1047 1961">
    <p class='ocr_par' dir='ltr' id='par_1_72' title="bbox 266 1924 1047 1961">
     <span class='ocr_line' id='line_1_72' title="bbox 266 1924 1047 1961; baseline 0.001 -10"><span class='ocrx_word' id='word_1_539' title='bbox 266 1924 487 1952; x_wconf 85' lang='lat' dir='ltr'><strong>monstrationes.</strong></span> <span class='ocrx_word' id='word_1_540' title='bbox 499 1924 548 1958; x_wconf 85' lang='lat' dir='ltr'><strong>Qui</strong></span> <span class='ocrx_word' id='word_1_541' title='bbox 561 1930 588 1951; x_wconf 96' lang='lat' dir='ltr'><strong>ut</strong></span> <span class='ocrx_word' id='word_1_542' title='bbox 599 1925 643 1951; x_wconf 76' lang='lat' dir='ltr'><strong>vix</strong></span> <span class='ocrx_word' id='word_1_543' title='bbox 656 1924 728 1959; x_wconf 90' lang='lat' dir='ltr'><strong>loqui</strong></span> <span class='ocrx_word' id='word_1_544' title='bbox 739 1930 889 1959; x_wconf 68' lang='lat' dir='ltr'><strong>creperum,</strong></span> <span class='ocrx_word' id='word_1_545' title='bbox 899 1925 1047 1961; x_wconf 80' lang='lat' dir='ltr'><strong>dignissimi</strong></span> 
     </span>
    </p>
   </div>
   <div class='ocr_carea' id='block_1_73' title="bbox 266 1970 1048 2006">
    <p class='ocr_par' dir='ltr' id='par_1_73' title="bbox 266 1970 1048 2006">
     <span class='ocr_line' id='line_1_73' title="bbox 266 1970 1048 2006; baseline 0.001 -9"><span class='ocrx_word' id='word_1_546' title='bbox 266 1970 317 1997; x_wconf 91' lang='lat' dir='ltr'><strong>visi</strong></span> <span class='ocrx_word' id='word_1_547' title='bbox 330 1970 432 1997; x_wconf 90' lang='lat' dir='ltr'><strong>suntab</strong></span> <span class='ocrx_word' id='word_1_548' title='bbox 444 1971 568 1997; x_wconf 89' lang='lat' dir='ltr'><strong>omnibus</strong></span> <span class='ocrx_word' id='word_1_549' title='bbox 579 1971 625 2005; x_wconf 91' lang='lat' dir='ltr'><strong>qui</strong></span> <span class='ocrx_word' id='word_1_550' title='bbox 636 1971 900 2004; x_wconf 87' lang='lat' dir='ltr'><strong>condemnarentur;</strong></span> <span class='ocrx_word' id='word_1_551' title='bbox 914 1971 963 2006; x_wconf 88' lang='lat' dir='ltr'><strong>ipsi</strong></span> <span class='ocrx_word' id='word_1_552' title='bbox 977 1972 1048 1999; x_wconf 91' lang='lat' dir='ltr'><strong>enim</strong></span> 
     </span>
    </p>
   </div>
   <div class='ocr_carea' id='block_1_74' title="bbox 266 2016 1046 2052">
    <p class='ocr_par' dir='ltr' id='par_1_74' title="bbox 266 2016 1046 2052">
     <span class='ocr_line' id='line_1_74' title="bbox 266 2016 1046 2052; baseline 0.001 -9"><span class='ocrx_word' id='word_1_553' title='bbox 266 2016 337 2043; x_wconf 87' lang='lat' dir='ltr'><strong>inter</strong></span> <span class='ocrx_word' id='word_1_554' title='bbox 350 2023 379 2043; x_wconf 88' lang='lat' dir='ltr'><strong>se</strong></span> <span class='ocrx_word' id='word_1_555' title='bbox 393 2016 605 2049; x_wconf 85' lang='lat' dir='ltr'><strong>altercabantur,</strong></span> <span class='ocrx_word' id='word_1_556' title='bbox 621 2017 766 2052; x_wconf 81' lang='lat' dir='ltr'><strong>agnitaque</strong></span> <span class='ocrx_word' id='word_1_557' title='bbox 781 2025 836 2045; x_wconf 65' lang='lat' dir='ltr'><strong>sua:</strong></span> <span class='ocrx_word' id='word_1_558' title='bbox 858 2018 968 2045; x_wconf 69' lang='lat' dir='ltr'><strong>haeresis</strong></span> <span class='ocrx_word' id='word_1_559' title='bbox 982 2017 1046 2044; x_wconf 87' lang='lat' dir='ltr'><strong>futi-</strong></span> 
     </span>
    </p>
   </div>
   <div class='ocr_carea' id='block_1_75' title="bbox 267 2061 1050 2096">
    <p class='ocr_par' dir='ltr' id='par_1_75' title="bbox 267 2061 1050 2096">
     <span class='ocr_line' id='line_1_75' title="bbox 267 2061 1050 2096; baseline 0.001 -8"><span class='ocrx_word' id='word_1_560' title='bbox 267 2061 343 2088; x_wconf 85' lang='lat' dir='ltr'><strong>litate</strong></span> <span class='ocrx_word' id='word_1_561' title='bbox 361 2062 427 2087; x_wconf 80' lang='lat' dir='ltr'><strong>muti</strong></span> <span class='ocrx_word' id='word_1_562' title='bbox 443 2062 648 2095; x_wconf 82' lang='lat' dir='ltr'><strong>permanebant,</strong></span> <span class='ocrx_word' id='word_1_563' title='bbox 662 2067 688 2088; x_wconf 91' lang='lat' dir='ltr'><strong>et</strong></span> <span class='ocrx_word' id='word_1_564' title='bbox 710 2069 758 2089; x_wconf 87' lang='lat' dir='ltr'><strong>suo</strong></span> <span class='ocrx_word' id='word_1_565' title='bbox 785 2062 892 2089; x_wconf 89' lang='lat' dir='ltr'><strong>silentio</strong></span> <span class='ocrx_word' id='word_1_566' title='bbox 917 2069 1050 2096; x_wconf 62' lang='lat' dir='ltr'><strong>perversar</strong></span> 
     </span>
    </p>
   </div>
   <div class='ocr_carea' id='block_1_76' title="bbox 267 2107 1048 2142">
    <p class='ocr_par' dir='ltr' id='par_1_76' title="bbox 267 2107 1048 2142">
     <span class='ocr_line' id='line_1_76' title="bbox 267 2107 1048 2142; baseline -0.003 -8"><span class='ocrx_word' id='word_1_567' title='bbox 267 2107 408 2134; x_wconf 74' lang='lat' dir='ltr'><strong>sententia:</strong></span> <span class='ocrx_word' id='word_1_568' title='bbox 421 2107 613 2141; x_wconf 90' lang='lat' dir='ltr'><strong>turpitudinem</strong></span> <span class='ocrx_word' id='word_1_569' title='bbox 629 2107 791 2134; x_wconf 86' lang='lat' dir='ltr'><strong>fatebantur.</strong></span> <span class='ocrx_word' id='word_1_570' title='bbox 808 2107 899 2142; x_wconf 88' lang='lat' dir='ltr'><strong>Itaque</strong></span> <span class='ocrx_word' id='word_1_571' title='bbox 920 2107 1048 2142; x_wconf 89' lang='lat' dir='ltr'><strong>episcopi,</strong></span> 
     </span>
    </p>
   </div>
   <div class='ocr_carea' id='block_1_77' title="bbox 267 2151 1048 2188">
    <p class='ocr_par' dir='ltr' id='par_1_77' title="bbox 267 2151 1048 2188">
     <span class='ocr_line' id='line_1_77' title="bbox 267 2151 1048 2188; baseline -0.003 -8"><span class='ocrx_word' id='word_1_572' title='bbox 267 2153 408 2180; x_wconf 88' lang='lat' dir='ltr'><strong>vocabulis</strong></span> <span class='ocrx_word' id='word_1_573' title='bbox 424 2160 485 2188; x_wconf 74' lang='lat' dir='ltr'><strong>qua:</strong></span> <span class='ocrx_word' id='word_1_574' title='bbox 500 2151 537 2179; x_wconf 89' lang='lat' dir='ltr'><strong>illi</strong></span> <span class='ocrx_word' id='word_1_575' title='bbox 550 2153 698 2180; x_wconf 87' lang='lat' dir='ltr'><strong>commenti</strong></span> <span class='ocrx_word' id='word_1_576' title='bbox 713 2158 790 2179; x_wconf 89' lang='lat' dir='ltr'><strong>erant</strong></span> <span class='ocrx_word' id='word_1_577' title='bbox 805 2153 938 2185; x_wconf 86' lang='lat' dir='ltr'><strong>rescissis,</strong></span> <span class='ocrx_word' id='word_1_578' title='bbox 955 2161 1048 2180; x_wconf 80' lang='lat' dir='ltr'><strong>sanam</strong></span> 
     </span>
    </p>
   </div>
   <div class='ocr_carea' id='block_1_78' title="bbox 268 2198 1048 2232">
    <p class='ocr_par' dir='ltr' id='par_1_78' title="bbox 268 2198 1048 2232">
     <span class='ocr_line' id='line_1_78' title="bbox 268 2198 1048 2232; baseline -0.003 -5"><span class='ocrx_word' id='word_1_579' title='bbox 268 2203 295 2227; x_wconf 87' lang='lat' dir='ltr'><strong>et</strong></span> <span class='ocrx_word' id='word_1_580' title='bbox 314 2198 527 2226; x_wconf 85' lang='lat' dir='ltr'><strong>ecclesiasticam</strong></span> <span class='ocrx_word' id='word_1_581' title='bbox 547 2198 626 2226; x_wconf 80' lang='lat' dir='ltr'><strong>fidem</strong></span> <span class='ocrx_word' id='word_1_582' title='bbox 643 2199 773 2226; x_wconf 74' lang='lat' dir='ltr'><strong>adversus</strong></span> <span class='ocrx_word' id='word_1_583' title='bbox 802 2198 860 2226; x_wconf 87' lang='lat' dir='ltr'><strong>illos</strong></span> <span class='ocrx_word' id='word_1_584' title='bbox 889 2205 1048 2232; x_wconf 63' lang='lat' dir='ltr'><strong>exposuere,</strong></span> 
     </span>
    </p>
   </div>
   <div class='ocr_carea' id='block_1_79' title="bbox 268 2243 1050 2278">
    <p class='ocr_par' dir='ltr' id='par_1_79' title="bbox 268 2243 1050 2278">
     <span class='ocr_line' id='line_1_79' title="bbox 268 2243 1050 2278; baseline -0.003 -7"><span class='ocrx_word' id='word_1_585' title='bbox 268 2244 311 2271; x_wconf 88' lang='lat' dir='ltr'><strong>cui</strong></span> <span class='ocrx_word' id='word_1_586' title='bbox 325 2252 386 2271; x_wconf 91' lang='lat' dir='ltr'><strong>cum</strong></span> <span class='ocrx_word' id='word_1_587' title='bbox 410 2251 505 2271; x_wconf 89' lang='lat' dir='ltr'><strong>omnes</strong></span> <span class='ocrx_word' id='word_1_588' title='bbox 519 2243 755 2278; x_wconf 85' lang='lat' dir='ltr'><strong>subscripsissent,</strong></span> <span class='ocrx_word' id='word_1_589' title='bbox 774 2243 917 2270; x_wconf 86' lang='lat' dir='ltr'><strong>Eusebiani</strong></span> <span class='ocrx_word' id='word_1_590' title='bbox 941 2250 1050 2277; x_wconf 88' lang='lat' dir='ltr'><strong>quoque</strong></span> 
     </span>
    </p>
   </div>
   <div class='ocr_carea' id='block_1_80' title="bbox 268 2288 1050 2325">
    <p class='ocr_par' dir='ltr' id='par_1_80' title="bbox 268 2288 1050 2325">
     <span class='ocr_line' id='line_1_80' title="bbox 268 2288 1050 2325; baseline -0.003 -8"><span class='ocrx_word' id='word_1_591' title='bbox 268 2290 311 2317; x_wconf 88' lang='lat' dir='ltr'><strong>his</strong></span> <span class='ocrx_word' id='word_1_592' title='bbox 321 2290 386 2325; x_wconf 90' lang='lat' dir='ltr'><strong>ipsis</strong></span> <span class='ocrx_word' id='word_1_593' title='bbox 399 2289 536 2317; x_wconf 87' lang='lat' dir='ltr'><strong>vocabulis</strong></span> <span class='ocrx_word' id='word_1_594' title='bbox 549 2297 609 2324; x_wconf 70' lang='lat' dir='ltr'><strong>qum</strong></span> <span class='ocrx_word' id='word_1_595' title='bbox 626 2297 696 2316; x_wconf 89' lang='lat' dir='ltr'><strong>nunc</strong></span> <span class='ocrx_word' id='word_1_596' title='bbox 715 2289 916 2323; x_wconf 87' lang='lat' dir='ltr'><strong>reprehendunt</strong></span> <span class='ocrx_word' id='word_1_597' title='bbox 932 2288 1050 2316; x_wconf 88' lang='lat' dir='ltr'><strong>subseri-</strong></span> 
     </span>
    </p>
   </div>
   <div class='ocr_carea' id='block_1_81' title="bbox 1135 1648 1887 1684">
    <p class='ocr_par' dir='ltr' id='par_1_81' title="bbox 1135 1648 1887 1684">
     <span class='ocr_line' id='line_1_81' title="bbox 1135 1648 1887 1684; baseline -0.003 -8"><span class='ocrx_word' id='word_1_598' title='bbox 1135 1651 1162 1678; x_wconf 76' lang='grc'><strong>5.</strong></span> <span class='ocrx_word' id='word_1_599' title='bbox 1197 1650 1241 1681; x_wconf 79' lang='grc' dir='ltr'>Ὠς</span> <span class='ocrx_word' id='word_1_600' title='bbox 1265 1649 1446 1683; x_wconf 66' lang='grc' dir='ltr'>ἐφιλονεῖκουν</span> <span class='ocrx_word' id='word_1_601' title='bbox 1476 1648 1646 1681; x_wconf 72' lang='grc' dir='ltr'>ἀσεϐοῦντες,</span> <span class='ocrx_word' id='word_1_602' title='bbox 1675 1648 1722 1675; x_wconf 74' lang='grc' dir='ltr'>καὶ</span> <span class='ocrx_word' id='word_1_603' title='bbox 1744 1648 1887 1684; x_wconf 81' lang='grc' dir='ltr'>θεομαχεῖν</span> 
     </span>
    </p>
   </div>
   <div class='ocr_carea' id='block_1_82' title="bbox 1097 1693 1887 1732">
    <p class='ocr_par' dir='ltr' id='par_1_82' title="bbox 1097 1693 1887 1732">
     <span class='ocr_line' id='line_1_82' title="bbox 1097 1693 1887 1732; baseline -0.001 -9"><span class='ocrx_word' id='word_1_604' title='bbox 1097 1696 1266 1732; x_wconf 78' lang='grc' dir='ltr'>ἐπεχείρουν,</span> <span class='ocrx_word' id='word_1_605' title='bbox 1281 1695 1315 1722; x_wconf 80' lang='grc' dir='ltr'>τὰ</span> <span class='ocrx_word' id='word_1_606' title='bbox 1328 1696 1378 1730; x_wconf 75' lang='grc' dir='ltr'><strong>μὲν</strong></span> <span class='ocrx_word' id='word_1_607' title='bbox 1392 1695 1524 1730; x_wconf 74' lang='grc' dir='ltr'>λεγόμενα</span> <span class='ocrx_word' id='word_1_608' title='bbox 1537 1695 1599 1730; x_wconf 75' lang='grc' dir='ltr'>παρ’</span> <span class='ocrx_word' id='word_1_609' title='bbox 1615 1695 1703 1721; x_wconf 84' lang='grc' dir='ltr'>αὐτῶν</span> <span class='ocrx_word' id='word_1_610' title='bbox 1715 1695 1840 1726; x_wconf 74' lang='grc' dir='ltr'>ἀσεϐείας</span> <span class='ocrx_word' id='word_1_611' title='bbox 1851 1693 1887 1730; x_wconf 80' lang='grc' dir='ltr'>ἦν</span> 
     </span>
    </p>
   </div>
   <div class='ocr_carea' id='block_1_83' title="bbox 1099 1739 1886 1779">
    <p class='ocr_par' dir='ltr' id='par_1_83' title="bbox 1099 1739 1886 1779">
     <span class='ocr_line' id='line_1_83' title="bbox 1099 1739 1886 1779; baseline -0.003 -10"><span class='ocrx_word' id='word_1_612' title='bbox 1099 1743 1198 1779; x_wconf 81' lang='grc' dir='ltr'>μεστά·</span> <span class='ocrx_word' id='word_1_613' title='bbox 1215 1744 1239 1769; x_wconf 80' lang='grc' dir='ltr'>οἱ</span> <span class='ocrx_word' id='word_1_614' title='bbox 1253 1742 1281 1768; x_wconf 80' lang='grc' dir='ltr'>δὲ</span> <span class='ocrx_word' id='word_1_615' title='bbox 1295 1741 1465 1772; x_wconf 71' lang='grc' dir='ltr'>συνελθόντες</span> <span class='ocrx_word' id='word_1_616' title='bbox 1480 1742 1624 1767; x_wconf 79' lang='grc' dir='ltr'>ἐπίσκοποι</span> <span class='ocrx_word' id='word_1_617' title='bbox 1651 1739 1738 1776; x_wconf 69' lang='grc' dir='ltr'>(ἦσαν</span> <span class='ocrx_word' id='word_1_618' title='bbox 1762 1741 1790 1768; x_wconf 84' lang='grc' dir='ltr'><strong>δὲ</strong></span> <span class='ocrx_word' id='word_1_619' title='bbox 1804 1741 1886 1767; x_wconf 80' lang='grc' dir='ltr'>πλέον</span> 
     </span>
    </p>
   </div>
   <div class='ocr_carea' id='block_1_84' title="bbox 1097 1786 1887 1825">
    <p class='ocr_par' dir='ltr' id='par_1_84' title="bbox 1097 1786 1887 1825">
     <span class='ocr_line' id='line_1_84' title="bbox 1097 1786 1887 1825; baseline -0.003 -9"><span class='ocrx_word' id='word_1_620' title='bbox 1097 1789 1114 1825; x_wconf 83' lang='grc' dir='ltr'>ἢ</span> <span class='ocrx_word' id='word_1_621' title='bbox 1127 1789 1236 1816; x_wconf 77' lang='grc' dir='ltr'>ἔλασσον</span> <span class='ocrx_word' id='word_1_622' title='bbox 1251 1788 1416 1824; x_wconf 75' lang='grc' dir='ltr'>τριακόσιοι)</span> <span class='ocrx_word' id='word_1_623' title='bbox 1438 1788 1531 1822; x_wconf 80' lang='grc' dir='ltr'>πράως</span> <span class='ocrx_word' id='word_1_624' title='bbox 1545 1786 1591 1813; x_wconf 77' lang='grc' dir='ltr'>καὶ</span> <span class='ocrx_word' id='word_1_625' title='bbox 1606 1787 1802 1823; x_wconf 78' lang='grc' dir='ltr'>φιλανθρώπως</span> <span class='ocrx_word' id='word_1_626' title='bbox 1815 1787 1887 1822; x_wconf 60' lang='grc' dir='ltr'>ἀπῄλ</span> 
     </span>
    </p>
   </div>
   <div class='ocr_carea' id='block_1_85' title="bbox 1097 1830 1888 1868">
    <p class='ocr_par' dir='ltr' id='par_1_85' title="bbox 1097 1830 1888 1868">
     <span class='ocr_line' id='line_1_85' title="bbox 1097 1830 1888 1868; baseline -0.004 -7"><span class='ocrx_word' id='word_1_627' title='bbox 1097 1843 1159 1861; x_wconf 87' lang='grc' dir='ltr'>τουν</span> <span class='ocrx_word' id='word_1_628' title='bbox 1182 1835 1278 1866; x_wconf 76' lang='grc' dir='ltr'>αὐτοὺς</span> <span class='ocrx_word' id='word_1_629' title='bbox 1298 1833 1361 1868; x_wconf 67' lang='grc' dir='ltr'>περὶ</span> <span class='ocrx_word' id='word_1_630' title='bbox 1387 1830 1423 1859; x_wconf 84' lang='grc' dir='ltr'><strong>ὧν</strong></span> <span class='ocrx_word' id='word_1_631' title='bbox 1442 1832 1533 1866; x_wconf 73' lang='grc' dir='ltr'>ἔλεγον</span> <span class='ocrx_word' id='word_1_632' title='bbox 1548 1832 1645 1858; x_wconf 79' lang='grc' dir='ltr'>διδόναι</span> <span class='ocrx_word' id='word_1_633' title='bbox 1659 1831 1737 1866; x_wconf 85' lang='grc' dir='ltr'>λόγον</span> <span class='ocrx_word' id='word_1_634' title='bbox 1758 1833 1804 1858; x_wconf 70' lang='grc' dir='ltr'><strong>καὶ</strong></span> <span class='ocrx_word' id='word_1_635' title='bbox 1819 1833 1888 1858; x_wconf 67' lang='grc' dir='ltr'>ἀποε</span> 
     </span>
    </p>
   </div>
   <div class='ocr_carea' id='block_1_86' title="bbox 1097 1876 1888 1913">
    <p class='ocr_par' dir='ltr' id='par_1_86' title="bbox 1097 1876 1888 1913">
     <span class='ocr_line' id='line_1_86' title="bbox 1097 1876 1888 1913; baseline -0.005 -6"><span class='ocrx_word' id='word_1_636' title='bbox 1097 1880 1192 1913; x_wconf 76' lang='grc' dir='ltr'>δείξεις</span> <span class='ocrx_word' id='word_1_637' title='bbox 1206 1876 1335 1911; x_wconf 74' lang='grc' dir='ltr'>εὐσεεεῖς.</span> <span class='ocrx_word' id='word_1_638' title='bbox 1357 1879 1400 1910; x_wconf 87' lang='grc' dir='ltr'>Ὠς</span> <span class='ocrx_word' id='word_1_639' title='bbox 1418 1878 1444 1904; x_wconf 81' lang='grc' dir='ltr'><strong>δὲ</strong></span> <span class='ocrx_word' id='word_1_640' title='bbox 1460 1878 1507 1904; x_wconf 71' lang='grc' dir='ltr'>καὶ</span> <span class='ocrx_word' id='word_1_641' title='bbox 1531 1878 1609 1912; x_wconf 83' lang='grc' dir='ltr'>μόνον</span> <span class='ocrx_word' id='word_1_642' title='bbox 1628 1878 1807 1913; x_wconf 73' lang='grc' dir='ltr'>φθεγγόμενοι</span> <span class='ocrx_word' id='word_1_643' title='bbox 1824 1886 1888 1903; x_wconf 79' lang='grc' dir='ltr'>κατ-</span> 
     </span>
    </p>
   </div>
   <div class='ocr_carea' id='block_1_87' title="bbox 1099 1923 1886 1960">
    <p class='ocr_par' dir='ltr' id='par_1_87' title="bbox 1099 1923 1886 1960">
     <span class='ocr_line' id='line_1_87' title="bbox 1099 1923 1886 1960; baseline -0.004 -8"><span class='ocrx_word' id='word_1_644' title='bbox 1099 1926 1286 1960; x_wconf 80' lang='grc' dir='ltr'>εγινώσκοντο,</span> <span class='ocrx_word' id='word_1_645' title='bbox 1305 1925 1351 1951; x_wconf 67' lang='grc' dir='ltr'><strong>καὶ</strong></span> <span class='ocrx_word' id='word_1_646' title='bbox 1369 1924 1435 1959; x_wconf 78' lang='grc' dir='ltr'>πρὸς</span> <span class='ocrx_word' id='word_1_647' title='bbox 1455 1924 1568 1955; x_wconf 74' lang='grc' dir='ltr'>ἐαυτοῦς</span> <span class='ocrx_word' id='word_1_648' title='bbox 1597 1923 1763 1959; x_wconf 78' lang='grc' dir='ltr'>διεμάχοντο,</span> <span class='ocrx_word' id='word_1_649' title='bbox 1786 1924 1886 1959; x_wconf 76' lang='grc' dir='ltr'>πολλὴν</span> 
     </span>
    </p>
   </div>
   <div class='ocr_carea' id='block_1_88' title="bbox 1098 1969 1886 2007">
    <p class='ocr_par' dir='ltr' id='par_1_88' title="bbox 1098 1969 1886 2007">
     <span class='ocr_line' id='line_1_88' title="bbox 1098 1969 1886 2007; baseline -0.004 -9"><span class='ocrx_word' id='word_1_650' title='bbox 1098 1971 1214 2007; x_wconf 81' lang='grc' dir='ltr'>ὁρῶντες</span> <span class='ocrx_word' id='word_1_651' title='bbox 1239 1972 1288 2005; x_wconf 80' lang='grc' dir='ltr'>τῆς</span> <span class='ocrx_word' id='word_1_652' title='bbox 1311 1970 1415 1996; x_wconf 75' lang='grc' dir='ltr'>ἑαυτῶν</span> <span class='ocrx_word' id='word_1_653' title='bbox 1447 1970 1577 2005; x_wconf 81' lang='grc' dir='ltr'>αἱρέσεως</span> <span class='ocrx_word' id='word_1_654' title='bbox 1607 1969 1663 2005; x_wconf 71' lang='lat'><strong>(28)</strong></span> <span class='ocrx_word' id='word_1_655' title='bbox 1686 1969 1735 2004; x_wconf 82' lang='grc' dir='ltr'><strong>τὴν</strong></span> <span class='ocrx_word' id='word_1_656' title='bbox 1758 1970 1886 2006; x_wconf 80' lang='grc' dir='ltr'>ἀπορίαν,</span> 
     </span>
    </p>
   </div>
   <div class='ocr_carea' id='block_1_89' title="bbox 1099 2011 1888 2052">
    <p class='ocr_par' dir='ltr' id='par_1_89' title="bbox 1099 2011 1888 2052">
     <span class='ocr_line' id='line_1_89' title="bbox 1099 2011 1888 2052; baseline -0.004 -10"><span class='ocrx_word' id='word_1_657' title='bbox 1099 2017 1207 2052; x_wconf 82' lang='grc' dir='ltr'>ἀχανεῖς</span> <span class='ocrx_word' id='word_1_658' title='bbox 1223 2017 1272 2051; x_wconf 75' lang='grc' dir='ltr'><strong>μὲν</strong></span> <span class='ocrx_word' id='word_1_659' title='bbox 1287 2015 1380 2050; x_wconf 73' lang='grc' dir='ltr'>ἔμενον</span> <span class='ocrx_word' id='word_1_660' title='bbox 1391 2011 1473 2047; x_wconf 80' lang='grc' dir='ltr'>οὗτοι,</span> <span class='ocrx_word' id='word_1_661' title='bbox 1486 2016 1533 2041; x_wconf 69' lang='grc' dir='ltr'><strong>καλ⁸</strong></span> <span class='ocrx_word' id='word_1_662' title='bbox 1548 2015 1591 2042; x_wconf 72' lang='grc' dir='ltr'><strong>διὰ</strong></span> <span class='ocrx_word' id='word_1_663' title='bbox 1602 2015 1650 2050; x_wconf 81' lang='grc' dir='ltr'>τῆς</span> <span class='ocrx_word' id='word_1_664' title='bbox 1665 2014 1769 2049; x_wconf 76' lang='grc' dir='ltr'>σιωπῆς</span> <span class='ocrx_word' id='word_1_665' title='bbox 1782 2014 1888 2049; x_wconf 83' lang='grc' dir='ltr'>ὠμολὸ-</span> 
     </span>
    </p>
   </div>
   <div class='ocr_carea' id='block_1_90' title="bbox 1099 2054 1886 2097">
    <p class='ocr_par' dir='ltr' id='par_1_90' title="bbox 1099 2054 1886 2097">
     <span class='ocr_line' id='line_1_90' title="bbox 1099 2054 1886 2097; baseline -0.004 -9"><span class='ocrx_word' id='word_1_666' title='bbox 1099 2070 1163 2096; x_wconf 85' lang='grc' dir='ltr'>γουν</span> <span class='ocrx_word' id='word_1_667' title='bbox 1177 2062 1225 2097; x_wconf 79' lang='grc' dir='ltr'><strong>τὴν</strong></span> <span class='ocrx_word' id='word_1_668' title='bbox 1243 2060 1288 2086; x_wconf 74' lang='grc' dir='ltr'><strong>ἐπὶ</strong></span> <span class='ocrx_word' id='word_1_669' title='bbox 1302 2062 1334 2095; x_wconf 84' lang='grc' dir='ltr'>τῇ</span> <span class='ocrx_word' id='word_1_670' title='bbox 1354 2058 1497 2096; x_wconf 69' lang='grc' dir='ltr'>κακοδοξίᾳ</span> <span class='ocrx_word' id='word_1_671' title='bbox 1515 2059 1570 2095; x_wconf 73' lang='lat'>(‘29)</span> <span class='ocrx_word' id='word_1_672' title='bbox 1594 2059 1683 2086; x_wconf 79' lang='grc' dir='ltr'>αὐτῶν</span> <span class='ocrx_word' id='word_1_673' title='bbox 1698 2059 1839 2095; x_wconf 79' lang='grc' dir='ltr'>αἰσχύνην.</span> <span class='ocrx_word' id='word_1_674' title='bbox 1854 2054 1886 2086; x_wconf 76' lang='grc' dir='ltr'>σῖ</span> 
     </span>
    </p>
   </div>
   <div class='ocr_carea' id='block_1_91' title="bbox 1100 2104 1886 2141">
    <p class='ocr_par' dir='ltr' id='par_1_91' title="bbox 1100 2104 1886 2141">
     <span class='ocr_line' id='line_1_91' title="bbox 1100 2104 1886 2141; baseline -0.005 -7"><span class='ocrx_word' id='word_1_675' title='bbox 1100 2109 1192 2134; x_wconf 84' lang='grc' dir='ltr'>τοίνυν</span> <span class='ocrx_word' id='word_1_676' title='bbox 1220 2107 1372 2137; x_wconf 79' lang='grc' dir='ltr'>ἐπίσκοποι,</span> <span class='ocrx_word' id='word_1_677' title='bbox 1398 2106 1490 2132; x_wconf 68' lang='grc' dir='ltr'>λοιπὸν</span> <span class='ocrx_word' id='word_1_678' title='bbox 1505 2105 1643 2136; x_wconf 74' lang='grc' dir='ltr'>ἀνελόντες</span> <span class='ocrx_word' id='word_1_679' title='bbox 1666 2105 1700 2132; x_wconf 86' lang='grc' dir='ltr'>τὰ</span> <span class='ocrx_word' id='word_1_680' title='bbox 1718 2104 1782 2141; x_wconf 76' lang='grc' dir='ltr'>παρ’</span> <span class='ocrx_word' id='word_1_681' title='bbox 1798 2105 1886 2131; x_wconf 79' lang='grc' dir='ltr'>αὐτῶν</span> 
     </span>
    </p>
   </div>
   <div class='ocr_carea' id='block_1_92' title="bbox 1100 2151 1886 2188">
    <p class='ocr_par' dir='ltr' id='par_1_92' title="bbox 1100 2151 1886 2188">
     <span class='ocr_line' id='line_1_92' title="bbox 1100 2151 1886 2188; baseline -0.004 -9"><span class='ocrx_word' id='word_1_682' title='bbox 1100 2152 1275 2188; x_wconf 78' lang='grc' dir='ltr'>ἐπινοηθέντα</span> <span class='ocrx_word' id='word_1_683' title='bbox 1295 2153 1414 2188; x_wconf 74' lang='grc' dir='ltr'>ῥήματα,</span> <span class='ocrx_word' id='word_1_684' title='bbox 1430 2152 1515 2183; x_wconf 67' lang='grc' dir='ltr'>οὕτως</span> <span class='ocrx_word' id='word_1_685' title='bbox 1527 2152 1648 2184; x_wconf 77' lang='grc' dir='ltr'>ἐξέθεντο</span> <span class='ocrx_word' id='word_1_686' title='bbox 1665 2151 1725 2177; x_wconf 80' lang='grc' dir='ltr'>κατ’</span> <span class='ocrx_word' id='word_1_687' title='bbox 1740 2151 1829 2177; x_wconf 77' lang='grc' dir='ltr'>αὐτῶν</span> <span class='ocrx_word' id='word_1_688' title='bbox 1837 2152 1886 2185; x_wconf 73' lang='grc' dir='ltr'><strong>τὴν</strong></span> 
     </span>
    </p>
   </div>
   <div class='ocr_carea' id='block_1_93' title="bbox 1100 2196 1883 2233">
    <p class='ocr_par' dir='ltr' id='par_1_93' title="bbox 1100 2196 1883 2233">
     <span class='ocr_line' id='line_1_93' title="bbox 1100 2196 1883 2233; baseline -0.003 -8"><span class='ocrx_word' id='word_1_689' title='bbox 1100 2199 1273 2233; x_wconf 80' lang='grc' dir='ltr'>ὑγιαίνουσαν</span> <span class='ocrx_word' id='word_1_690' title='bbox 1290 2200 1336 2225; x_wconf 73' lang='grc' dir='ltr'>καὶ</span> <span class='ocrx_word' id='word_1_691' title='bbox 1353 2198 1579 2233; x_wconf 75' lang='grc' dir='ltr'>ἐκκλησιαστικὴν</span> <span class='ocrx_word' id='word_1_692' title='bbox 1597 2198 1687 2224; x_wconf 86' lang='grc' dir='ltr'>πίστιν</span> <span class='ocrx_word' id='word_1_693' title='bbox 1698 2206 1704 2212; x_wconf 92' lang='grc'><strong>·</strong></span> <span class='ocrx_word' id='word_1_694' title='bbox 1728 2196 1836 2224; x_wconf 70' lang='grc' dir='ltr'>πάντων</span> <span class='ocrx_word' id='word_1_695' title='bbox 1853 2206 1883 2223; x_wconf 79' lang='grc' dir='ltr'><strong>τε</strong></span> 
     </span>
    </p>
   </div>
   <div class='ocr_carea' id='block_1_94' title="bbox 1103 2241 1886 2279">
    <p class='ocr_par' dir='ltr' id='par_1_94' title="bbox 1103 2241 1886 2279">
     <span class='ocr_line' id='line_1_94' title="bbox 1103 2241 1886 2279; baseline -0.004 -9"><span class='ocrx_word' id='word_1_696' title='bbox 1103 2243 1327 2279; x_wconf 62' lang='grc' dir='ltr'>ὑπογραψάντιυν,</span> <span class='ocrx_word' id='word_1_697' title='bbox 1359 2243 1519 2278; x_wconf 53' lang='grc' dir='ltr'>ὑπέγραψαν</span> <span class='ocrx_word' id='word_1_698' title='bbox 1541 2243 1586 2269; x_wconf 67' lang='grc' dir='ltr'><strong>καὶ</strong></span> <span class='ocrx_word' id='word_1_699' title='bbox 1615 2243 1639 2268; x_wconf 76' lang='grc' dir='ltr'>οἱ</span> <span class='ocrx_word' id='word_1_700' title='bbox 1668 2241 1732 2278; x_wconf 69' lang='grc' dir='ltr'>περὶ</span> <span class='ocrx_word' id='word_1_701' title='bbox 1756 2242 1886 2268; x_wconf 72' lang='grc' dir='ltr'><strong>Εὐσέϐιον</strong></span> 
     </span>
    </p>
   </div>
   <div class='ocr_carea' id='block_1_95' title="bbox 1101 2285 1887 2324">
    <p class='ocr_par' dir='ltr' id='par_1_95' title="bbox 1101 2285 1887 2324">
     <span class='ocr_line' id='line_1_95' title="bbox 1101 2285 1887 2324; baseline -0.004 -8"><span class='ocrx_word' id='word_1_702' title='bbox 1101 2289 1204 2321; x_wconf 73' lang='grc' dir='ltr'>τούτοις</span> <span class='ocrx_word' id='word_1_703' title='bbox 1221 2291 1278 2320; x_wconf 84' lang='grc' dir='ltr'>τοῖς</span> <span class='ocrx_word' id='word_1_704' title='bbox 1297 2290 1425 2324; x_wconf 77' lang='grc' dir='ltr'>ῥήμασιν,</span> <span class='ocrx_word' id='word_1_705' title='bbox 1440 2286 1479 2319; x_wconf 82' lang='grc' dir='ltr'><strong>οἷς</strong></span> <span class='ocrx_word' id='word_1_706' title='bbox 1497 2288 1635 2314; x_wconf 81' lang='grc' dir='ltr'>αἰτιῶνται</span> <span class='ocrx_word' id='word_1_707' title='bbox 1650 2287 1696 2314; x_wconf 72' lang='grc' dir='ltr'><strong>νῦν</strong></span> <span class='ocrx_word' id='word_1_708' title='bbox 1711 2285 1796 2314; x_wconf 70' lang='grc' dir='ltr'>οὗτοι·</span> <span class='ocrx_word' id='word_1_709' title='bbox 1814 2287 1887 2321; x_wconf 68' lang='grc' dir='ltr'>λέγω</span> 
     </span>
    </p>
   </div>
   <div class='ocr_carea' id='block_1_96' title="bbox 267 2327 1049 2371">
    <p class='ocr_par' dir='ltr' id='par_1_96' title="bbox 267 2333 1049 2371">
     <span class='ocr_line' id='line_1_96' title="bbox 267 2333 1049 2371; baseline -0.004 -8"><span class='ocrx_word' id='word_1_710' title='bbox 267 2343 359 2371; x_wconf 84' lang='lat' dir='ltr'><strong>psere,</strong></span> <span class='ocrx_word' id='word_1_711' title='bbox 372 2343 468 2370; x_wconf 89' lang='lat' dir='ltr'><strong>nempe</strong></span> <span class='ocrx_word' id='word_1_712' title='bbox 478 2335 550 2370; x_wconf 88' lang='lat' dir='ltr'><strong>quod</strong></span> <span class='ocrx_word' id='word_1_713' title='bbox 562 2335 608 2363; x_wconf 86' lang='lat' dir='ltr'><strong>Dei</strong></span> <span class='ocrx_word' id='word_1_714' title='bbox 621 2335 706 2363; x_wconf 89' lang='lat' dir='ltr'><strong>Filius</strong></span> <span class='ocrx_word' id='word_1_715' title='bbox 717 2342 751 2362; x_wconf 77' lang='lat' dir='ltr'><strong>ex</strong></span> <span class='ocrx_word' id='word_1_716' title='bbox 774 2334 924 2362; x_wconf 83' lang='lat' dir='ltr'><strong>substantia</strong></span> <span class='ocrx_word' id='word_1_717' title='bbox 948 2335 983 2361; x_wconf 87' lang='lat' dir='ltr'><strong>sit</strong></span> <span class='ocrx_word' id='word_1_718' title='bbox 999 2333 1049 2360; x_wconf 88' lang='lat' dir='ltr'><strong>Pa-</strong></span> 
     </span>
    </p>
   </div>
   <div class='ocr_carea' id='block_1_97' title="bbox 1100 2327 1889 2371">
    <p class='ocr_par' dir='ltr' id='par_1_97' title="bbox 1103 2334 1889 2371">
     <span class='ocr_line' id='line_1_97' title="bbox 1103 2334 1889 2371; baseline -0.004 -9"><span class='ocrx_word' id='word_1_719' title='bbox 1103 2336 1135 2371; x_wconf 81' lang='grc' dir='ltr'><strong>ὁὴ</strong></span> <span class='ocrx_word' id='word_1_720' title='bbox 1147 2335 1185 2370; x_wconf 85' lang='grc' dir='ltr'>τῷ</span> <span class='ocrx_word' id='word_1_721' title='bbox 1201 2336 1233 2362; x_wconf 82' lang='grc' dir='ltr'><strong>ἐκ</strong></span> <span class='ocrx_word' id='word_1_722' title='bbox 1246 2335 1294 2369; x_wconf 83' lang='grc' dir='ltr'>τῆς</span> <span class='ocrx_word' id='word_1_723' title='bbox 1310 2335 1402 2366; x_wconf 69' lang='grc' dir='ltr'>οὐςίας</span> <span class='ocrx_word' id='word_1_724' title='bbox 1419 2335 1464 2361; x_wconf 74' lang='grc' dir='ltr'>καὶ</span> <span class='ocrx_word' id='word_1_725' title='bbox 1479 2334 1517 2369; x_wconf 86' lang='grc' dir='ltr'><strong>τῷ</strong></span> <span class='ocrx_word' id='word_1_726' title='bbox 1537 2334 1682 2369; x_wconf 79' lang='grc' dir='ltr'>ὁμοουσίῳ,</span> <span class='ocrx_word' id='word_1_727' title='bbox 1701 2334 1746 2360; x_wconf 75' lang='grc' dir='ltr'><strong>καὶ</strong></span> <span class='ocrx_word' id='word_1_728' title='bbox 1761 2334 1800 2360; x_wconf 81' lang='grc' dir='ltr'>ὅτι</span> <span class='ocrx_word' id='word_1_729' title='bbox 1818 2335 1889 2369; x_wconf 71' lang='grc' dir='ltr'>μήτε</span> 
     </span>
    </p>
   </div>
   <div class='ocr_carea' id='block_1_98' title="bbox 269 2380 1051 2417">
    <p class='ocr_par' dir='ltr' id='par_1_98' title="bbox 269 2380 1051 2417">
     <span class='ocr_line' id='line_1_98' title="bbox 269 2380 1051 2417; baseline -0.003 -9"><span class='ocrx_word' id='word_1_730' title='bbox 269 2383 328 2415; x_wconf 84' lang='lat' dir='ltr'><strong>tris,</strong></span> <span class='ocrx_word' id='word_1_731' title='bbox 344 2383 424 2417; x_wconf 88' lang='lat' dir='ltr'><strong>eique</strong></span> <span class='ocrx_word' id='word_1_732' title='bbox 446 2381 695 2414; x_wconf 86' lang='lat' dir='ltr'><strong>consubstantialis,</strong></span> <span class='ocrx_word' id='word_1_733' title='bbox 719 2386 747 2408; x_wconf 89' lang='lat' dir='ltr'><strong>et.</strong></span> <span class='ocrx_word' id='word_1_734' title='bbox 775 2380 855 2417; x_wconf 78' lang='lat'><strong>166</strong></span> <span class='ocrx_word' id='word_1_735' title='bbox 877 2380 949 2416; x_wconf 87' lang='lat' dir='ltr'><strong>quod</strong></span> <span class='ocrx_word' id='word_1_736' title='bbox 964 2387 1051 2415; x_wconf 87' lang='lat' dir='ltr'><strong>neque</strong></span> 
     </span>
    </p>
   </div>
   <div class='ocr_carea' id='block_1_99' title="bbox 269 2425 1052 2470">
    <p class='ocr_par' dir='ltr' id='par_1_99' title="bbox 269 2425 1052 2470">
     <span class='ocr_line' id='line_1_99' title="bbox 269 2425 1052 2470; baseline -0.003 -16"><span class='ocrx_word' id='word_1_737' title='bbox 269 2436 313 2454; x_wconf 85' lang='lat' dir='ltr'><strong>res</strong></span> <span class='ocrx_word' id='word_1_738' title='bbox 327 2433 430 2459; x_wconf 84' lang='lat' dir='ltr'><strong>creata,</strong></span> <span class='ocrx_word' id='word_1_739' title='bbox 445 2434 494 2454; x_wconf 92' lang='lat' dir='ltr'><strong>nec</strong></span> <span class='ocrx_word' id='word_1_740' title='bbox 511 2427 579 2454; x_wconf 87' lang='lat' dir='ltr'><strong>facta</strong></span> <span class='ocrx_word' id='word_1_741' title='bbox 597 2426 639 2453; x_wconf 89' lang='lat' dir='ltr'><strong>vel</strong></span> <span class='ocrx_word' id='word_1_742' title='bbox 653 2427 760 2454; x_wconf 91' lang='lat' dir='ltr'><strong>condita</strong></span> <span class='ocrx_word' id='word_1_743' title='bbox 771 2427 818 2470; x_wconf 71' lang='lat' dir='ltr'><strong>sit,</strong></span> <span class='ocrx_word' id='word_1_744' title='bbox 835 2426 882 2453; x_wconf 88' lang='lat' dir='ltr'><strong>sed</strong></span> <span class='ocrx_word' id='word_1_745' title='bbox 899 2425 971 2461; x_wconf 88' lang='lat' dir='ltr'><strong>quod</strong></span> <span class='ocrx_word' id='word_1_746' title='bbox 984 2425 1052 2452; x_wconf 84' lang='lat' dir='ltr'><strong>Ver-</strong></span> 
     </span>
    </p>
   </div>
   <div class='ocr_carea' id='block_1_100' title="bbox 270 2470 1051 2506">
    <p class='ocr_par' dir='ltr' id='par_1_100' title="bbox 270 2470 1051 2506">
     <span class='ocr_line' id='line_1_100' title="bbox 270 2470 1051 2506; baseline -0.004 -7"><span class='ocrx_word' id='word_1_747' title='bbox 270 2474 333 2499; x_wconf 90' lang='lat' dir='ltr'><strong>bum</strong></span> <span class='ocrx_word' id='word_1_748' title='bbox 346 2480 377 2499; x_wconf 77' lang='lat' dir='ltr'><strong>ex</strong></span> <span class='ocrx_word' id='word_1_749' title='bbox 388 2472 476 2499; x_wconf 79' lang='lat' dir='ltr'><strong>Patris</strong></span> <span class='ocrx_word' id='word_1_750' title='bbox 487 2472 635 2499; x_wconf 87' lang='lat' dir='ltr'><strong>substantia</strong></span> <span class='ocrx_word' id='word_1_751' title='bbox 647 2472 682 2498; x_wconf 89' lang='lat' dir='ltr'><strong>sit</strong></span> <span class='ocrx_word' id='word_1_752' title='bbox 696 2471 826 2506; x_wconf 81' lang='lat' dir='ltr'><strong>genitum.</strong></span> <span class='ocrx_word' id='word_1_753' title='bbox 844 2471 900 2498; x_wconf 85' lang='lat' dir='ltr'><strong>imo</strong></span> <span class='ocrx_word' id='word_1_754' title='bbox 919 2470 990 2505; x_wconf 91' lang='lat' dir='ltr'><strong>quod</strong></span> <span class='ocrx_word' id='word_1_755' title='bbox 1003 2470 1051 2496; x_wconf 87' lang='lat' dir='ltr'><strong>mi-</strong></span> 
     </span>
    </p>
   </div>
   <div class='ocr_carea' id='block_1_101' title="bbox 270 2514 1050 2552">
    <p class='ocr_par' dir='ltr' id='par_1_101' title="bbox 270 2514 1050 2552">
     <span class='ocr_line' id='line_1_101' title="bbox 270 2514 1050 2552; baseline -0.005 -8"><span class='ocrx_word' id='word_1_756' title='bbox 270 2526 329 2544; x_wconf 86' lang='lat' dir='ltr'><strong>rum</strong></span> <span class='ocrx_word' id='word_1_757' title='bbox 340 2523 389 2549; x_wconf 88' lang='lat' dir='ltr'><strong>est,</strong></span> <span class='ocrx_word' id='word_1_758' title='bbox 409 2518 465 2552; x_wconf 87' lang='lat' dir='ltr'><strong>ipse</strong></span> <span class='ocrx_word' id='word_1_759' title='bbox 489 2518 619 2544; x_wconf 83' lang='lat' dir='ltr'><strong>Eusebius</strong></span> <span class='ocrx_word' id='word_1_760' title='bbox 630 2518 760 2544; x_wconf 60' lang='lat' dir='ltr'><strong>Cursarem</strong></span> <span class='ocrx_word' id='word_1_761' title='bbox 779 2517 804 2543; x_wconf 88' lang='lat' dir='ltr'><strong>in</strong></span> <span class='ocrx_word' id='word_1_762' title='bbox 832 2515 975 2543; x_wconf 63' lang='lat' dir='ltr'><strong>Palaestina</strong></span> <span class='ocrx_word' id='word_1_763' title='bbox 991 2514 1050 2549; x_wconf 88' lang='lat' dir='ltr'><strong>epi-</strong></span> 
     </span>
    </p>
   </div>
   <div class='ocr_carea' id='block_1_102' title="bbox 272 2559 1052 2598">
    <p class='ocr_par' dir='ltr' id='par_1_102' title="bbox 272 2559 1052 2598">
     <span class='ocr_line' id='line_1_102' title="bbox 272 2559 1052 2598; baseline -0.008 -7"><span class='ocrx_word' id='word_1_764' title='bbox 272 2571 376 2598; x_wconf 79' lang='lat' dir='ltr'><strong>scopus,</strong></span> <span class='ocrx_word' id='word_1_765' title='bbox 401 2563 447 2597; x_wconf 90' lang='lat' dir='ltr'><strong>qui</strong></span> <span class='ocrx_word' id='word_1_766' title='bbox 473 2563 558 2597; x_wconf 88' lang='lat' dir='ltr'><strong>pridie</strong></span> <span class='ocrx_word' id='word_1_767' title='bbox 575 2563 722 2592; x_wconf 77' lang='lat' dir='ltr'><strong>restiterat,</strong></span> <span class='ocrx_word' id='word_1_768' title='bbox 747 2567 842 2596; x_wconf 81' lang='lat' dir='ltr'><strong>postea</strong></span> <span class='ocrx_word' id='word_1_769' title='bbox 869 2559 1052 2594; x_wconf 86' lang='lat' dir='ltr'><strong>subscripsit,</strong></span> 
     </span>
    </p>
   </div>
   <div class='ocr_carea' id='block_1_103' title="bbox 273 2607 1053 2643">
    <p class='ocr_par' dir='ltr' id='par_1_103' title="bbox 273 2607 1053 2643">
     <span class='ocr_line' id='line_1_103' title="bbox 273 2607 1053 2643; baseline -0.004 -8"><span class='ocrx_word' id='word_1_770' title='bbox 273 2609 393 2643; x_wconf 76' lang='lat' dir='ltr'><strong>hancque</strong></span> <span class='ocrx_word' id='word_1_771' title='bbox 404 2608 528 2636; x_wconf 55' lang='lat' dir='ltr'><strong>Ecclesia</strong></span> <span class='ocrx_word' id='word_1_772' title='bbox 541 2608 619 2635; x_wconf 83' lang='lat' dir='ltr'><strong>[idem</strong></span> <span class='ocrx_word' id='word_1_773' title='bbox 633 2613 660 2635; x_wconf 91' lang='lat' dir='ltr'><strong>et</strong></span> <span class='ocrx_word' id='word_1_774' title='bbox 675 2608 784 2635; x_wconf 89' lang='lat' dir='ltr'><strong>Patrum</strong></span> <span class='ocrx_word' id='word_1_775' title='bbox 800 2607 967 2635; x_wconf 82' lang='lat' dir='ltr'><strong>traditionem</strong></span> <span class='ocrx_word' id='word_1_776' title='bbox 982 2613 1053 2638; x_wconf 86' lang='lat' dir='ltr'><strong>esse,</strong></span> 
     </span>
    </p>
   </div>
   <div class='ocr_carea' id='block_1_104' title="bbox 309 2665 1050 2702">
    <p class='ocr_par' dir='ltr' id='par_1_104' title="bbox 309 2665 1050 2702">
     <span class='ocr_line' id='line_1_104' title="bbox 309 2665 1050 2702; baseline -0.004 -9"><span class='ocrx_word' id='word_1_777' title='bbox 309 2666 362 2701; x_wconf 67' lang='lat'><strong>(26)</strong></span> <span class='ocrx_word' id='word_1_778' title='bbox 382 2667 418 2693; x_wconf 80' lang='lat' dir='ltr'><strong>Ex</strong></span> <span class='ocrx_word' id='word_1_779' title='bbox 431 2674 482 2693; x_wconf 92' lang='lat' dir='ltr'><strong>ms.</strong></span> <span class='ocrx_word' id='word_1_780' title='bbox 500 2665 566 2702; x_wconf 77' lang='lat' dir='ltr'><strong>Reg.</strong></span> <span class='ocrx_word' id='word_1_781' title='bbox 579 2666 738 2700; x_wconf 87' lang='lat' dir='ltr'><strong>particulam</strong></span> <span class='ocrx_word' id='word_1_782' title='bbox 750 2667 782 2693; x_wconf 76' lang='grc' dir='ltr'><strong>ἄν</strong></span> <span class='ocrx_word' id='word_1_783' title='bbox 794 2665 958 2698; x_wconf 85' lang='lat' dir='ltr'><strong>addidimus,</strong></span> <span class='ocrx_word' id='word_1_784' title='bbox 971 2671 1050 2698; x_wconf 87' lang='lat' dir='ltr'><strong>quam</strong></span> 
     </span>
    </p>
   </div>
   <div class='ocr_carea' id='block_1_105' title="bbox 273 2702 582 2728">
    <p class='ocr_par' dir='ltr' id='par_1_105' title="bbox 273 2702 582 2728">
     <span class='ocr_line' id='line_1_105' title="bbox 273 2702 582 2728; baseline 0.003 -1"><span class='ocrx_word' id='word_1_785' title='bbox 273 2702 316 2727; x_wconf 77' lang='lat' dir='ltr'><strong>alii</strong></span> <span class='ocrx_word' id='word_1_786' title='bbox 329 2708 355 2727; x_wconf 67' lang='lat' dir='ltr'><strong>et</strong></span> <span class='ocrx_word' id='word_1_787' title='bbox 367 2702 430 2727; x_wconf 84' lang='lat' dir='ltr'><strong>editi</strong></span> <span class='ocrx_word' id='word_1_788' title='bbox 445 2702 582 2728; x_wconf 87' lang='lat' dir='ltr'><strong>omittunt.</strong></span> 
     </span>
    </p>
   </div>
   <div class='ocr_carea' id='block_1_106' title="bbox 309 2736 747 2771">
    <p class='ocr_par' dir='ltr' id='par_1_106' title="bbox 309 2736 747 2771">
     <span class='ocr_line' id='line_1_106' title="bbox 309 2736 747 2771; baseline 0.002 -9"><span class='ocrx_word' id='word_1_789' title='bbox 309 2737 365 2770; x_wconf 74' lang='lat'><strong>(-27)</strong></span> <span class='ocrx_word' id='word_1_790' title='bbox 382 2736 473 2762; x_wconf 80' lang='grc' dir='ltr'>Κακόν</span> <span class='ocrx_word' id='word_1_791' title='bbox 488 2738 566 2763; x_wconf 81' lang='lat' dir='ltr'><strong>abest</strong></span> <span class='ocrx_word' id='word_1_792' title='bbox 580 2744 592 2762; x_wconf 90' lang='lat' dir='ltr'><strong>a</strong></span> <span class='ocrx_word' id='word_1_793' title='bbox 612 2737 675 2771; x_wconf 74' lang='lat' dir='ltr'><strong>Reg.</strong></span> <span class='ocrx_word' id='word_1_794' title='bbox 694 2745 747 2763; x_wconf 86' lang='lat' dir='ltr'><strong>ms.</strong></span> 
     </span>
    </p>
   </div>
   <div class='ocr_carea' id='block_1_107' title="bbox 310 2771 769 2806">
    <p class='ocr_par' dir='ltr' id='par_1_107' title="bbox 310 2771 769 2806">
     <span class='ocr_line' id='line_1_107' title="bbox 310 2771 769 2806; baseline 0.002 -9"><span class='ocrx_word' id='word_1_795' title='bbox 310 2772 365 2805; x_wconf 72' lang='lat'><strong>(28)</strong></span> <span class='ocrx_word' id='word_1_796' title='bbox 382 2772 445 2805; x_wconf 72' lang='lat' dir='ltr'><strong>lleg.</strong></span> <span class='ocrx_word' id='word_1_797' title='bbox 462 2771 511 2805; x_wconf 80' lang='grc' dir='ltr'>τῆς</span> <span class='ocrx_word' id='word_1_798' title='bbox 527 2771 657 2806; x_wconf 77' lang='grc' dir='ltr'>αἱρέσεως</span> <span class='ocrx_word' id='word_1_799' title='bbox 670 2772 769 2798; x_wconf 79' lang='grc' dir='ltr'>αὐτῶν.</span> 
     </span>
    </p>
   </div>
   <div class='ocr_carea' id='block_1_108' title="bbox 312 2804 1050 2841">
    <p class='ocr_par' dir='ltr' id='par_1_108' title="bbox 312 2804 1050 2841">
     <span class='ocr_line' id='line_1_108' title="bbox 312 2804 1050 2841; baseline -0.003 -10"><span class='ocrx_word' id='word_1_800' title='bbox 312 2806 366 2838; x_wconf 71' lang='lat'><strong>(&#39;29)</strong></span> <span class='ocrx_word' id='word_1_801' title='bbox 382 2806 426 2832; x_wconf 66' lang='lat' dir='ltr'><strong>Sic</strong></span> <span class='ocrx_word' id='word_1_802' title='bbox 436 2804 513 2840; x_wconf 49' lang='lat' dir='ltr'><strong>Reg},</strong></span> <span class='ocrx_word' id='word_1_803' title='bbox 526 2804 606 2838; x_wconf 76' lang='lat' dir='ltr'><strong>atque</strong></span> <span class='ocrx_word' id='word_1_804' title='bbox 621 2808 656 2832; x_wconf 86' lang='lat' dir='ltr'><strong>ita</strong></span> <span class='ocrx_word' id='word_1_805' title='bbox 676 2808 758 2833; x_wconf 87' lang='lat' dir='ltr'><strong>etiam</strong></span> <span class='ocrx_word' id='word_1_806' title='bbox 772 2806 837 2841; x_wconf 78' lang='lat' dir='ltr'><strong>legit.</strong></span> <span class='ocrx_word' id='word_1_807' title='bbox 850 2805 980 2841; x_wconf 78' lang='lat' dir='ltr'><strong>Nannius.</strong></span> <span class='ocrx_word' id='word_1_808' title='bbox 993 2804 1050 2841; x_wconf 52' lang='lat' dir='ltr'><strong>Cye-</strong></span> 
     </span>
    </p>
   </div>
   <div class='ocr_carea' id='block_1_109' title="bbox 277 2839 1052 2876">
    <p class='ocr_par' dir='ltr' id='par_1_109' title="bbox 277 2839 1052 2876">
     <span class='ocr_line' id='line_1_109' title="bbox 277 2839 1052 2876; baseline 0.001 -10"><span class='ocrx_word' id='word_1_809' title='bbox 277 2843 328 2867; x_wconf 81' lang='lat' dir='ltr'><strong>tert</strong></span> <span class='ocrx_word' id='word_1_810' title='bbox 343 2847 369 2868; x_wconf 87' lang='lat' dir='ltr'><strong>et</strong></span> <span class='ocrx_word' id='word_1_811' title='bbox 390 2841 463 2872; x_wconf 87' lang='lat' dir='ltr'><strong>editi,</strong></span> <span class='ocrx_word' id='word_1_812' title='bbox 488 2841 624 2876; x_wconf 72' lang='grc' dir='ltr'>κενοδοξία</span> <span class='ocrx_word' id='word_1_813' title='bbox 638 2850 643 2867; x_wconf 90' lang='lat'>:</span> <span class='ocrx_word' id='word_1_814' title='bbox 662 2849 690 2868; x_wconf 83' lang='lat' dir='ltr'><strong>ut</strong></span> <span class='ocrx_word' id='word_1_815' title='bbox 710 2847 736 2868; x_wconf 89' lang='lat' dir='ltr'><strong>et</strong></span> <span class='ocrx_word' id='word_1_816' title='bbox 748 2839 810 2876; x_wconf 77' lang='lat' dir='ltr'><strong>legit</strong></span> <span class='ocrx_word' id='word_1_817' title='bbox 825 2840 985 2868; x_wconf 83' lang='lat' dir='ltr'><strong>Ambrosius</strong></span> <span class='ocrx_word' id='word_1_818' title='bbox 1000 2839 1052 2867; x_wconf 74' lang='lat' dir='ltr'><strong>Ca-</strong></span> 
     </span>
    </p>
   </div>
   <div class='ocr_carea' id='block_1_110' title="bbox 1104 2379 1887 2416">
    <p class='ocr_par' dir='ltr' id='par_1_110' title="bbox 1104 2379 1887 2416">
     <span class='ocr_line' id='line_1_110' title="bbox 1104 2379 1887 2416; baseline -0.003 -9"><span class='ocrx_word' id='word_1_819' title='bbox 1104 2381 1245 2416; x_wconf 77' lang='grc' dir='ltr'>κτίσμα,ἦ</span> <span class='ocrx_word' id='word_1_820' title='bbox 1266 2381 1381 2416; x_wconf 79' lang='grc' dir='ltr'>ποίημα,</span> <span class='ocrx_word' id='word_1_821' title='bbox 1405 2381 1472 2415; x_wconf 87' lang='grc' dir='ltr'>μήτε</span> <span class='ocrx_word' id='word_1_822' title='bbox 1500 2379 1553 2405; x_wconf 81' lang='grc' dir='ltr'>τῶν</span> <span class='ocrx_word' id='word_1_823' title='bbox 1566 2379 1686 2415; x_wconf 80' lang='grc' dir='ltr'>γενητῶν</span> <span class='ocrx_word' id='word_1_824' title='bbox 1711 2381 1784 2406; x_wconf 76' lang='grc' dir='ltr'>ἐστιν</span> <span class='ocrx_word' id='word_1_825' title='bbox 1804 2380 1818 2405; x_wconf 82' lang='grc' dir='ltr'><strong>ὁ</strong></span> <span class='ocrx_word' id='word_1_826' title='bbox 1841 2379 1887 2406; x_wconf 72' lang='grc' dir='ltr'>τοῦ</span> 
     </span>
    </p>
   </div>
   <div class='ocr_carea' id='block_1_111' title="bbox 1104 2424 1887 2462">
    <p class='ocr_par' dir='ltr' id='par_1_111' title="bbox 1104 2424 1887 2462">
     <span class='ocr_line' id='line_1_111' title="bbox 1104 2424 1887 2462; baseline -0.003 -10"><span class='ocrx_word' id='word_1_827' title='bbox 1104 2426 1170 2453; x_wconf 81' lang='grc' dir='ltr'>Θεοῦ</span> <span class='ocrx_word' id='word_1_828' title='bbox 1183 2426 1256 2458; x_wconf 74' lang='grc' dir='ltr'>Υἱὸς,</span> <span class='ocrx_word' id='word_1_829' title='bbox 1272 2425 1339 2452; x_wconf 80' lang='grc' dir='ltr'>ἀλλὰ</span> <span class='ocrx_word' id='word_1_830' title='bbox 1349 2425 1469 2460; x_wconf 76' lang='grc' dir='ltr'>γέννημα</span> <span class='ocrx_word' id='word_1_831' title='bbox 1483 2426 1514 2451; x_wconf 78' lang='grc' dir='ltr'>ἐκ</span> <span class='ocrx_word' id='word_1_832' title='bbox 1526 2425 1575 2459; x_wconf 78' lang='grc' dir='ltr'>τῆς</span> <span class='ocrx_word' id='word_1_833' title='bbox 1592 2424 1684 2462; x_wconf 68' lang='grc' dir='ltr'>οὐσίας</span> <span class='ocrx_word' id='word_1_834' title='bbox 1702 2425 1756 2459; x_wconf 78' lang='lat'><strong>(50)</strong></span> <span class='ocrx_word' id='word_1_835' title='bbox 1772 2424 1817 2450; x_wconf 74' lang='grc' dir='ltr'>τοῦ</span> <span class='ocrx_word' id='word_1_836' title='bbox 1830 2425 1887 2450; x_wconf 83' lang='grc' dir='ltr'><strong>Πα-</strong></span> 
     </span>
    </p>
   </div>
   <div class='ocr_carea' id='block_1_112' title="bbox 1104 2468 1889 2506">
    <p class='ocr_par' dir='ltr' id='par_1_112' title="bbox 1104 2468 1889 2506">
     <span class='ocr_line' id='line_1_112' title="bbox 1104 2468 1889 2506; baseline -0.003 -10"><span class='ocrx_word' id='word_1_837' title='bbox 1104 2471 1166 2506; x_wconf 79' lang='grc' dir='ltr'>τρός</span> <span class='ocrx_word' id='word_1_838' title='bbox 1181 2471 1274 2496; x_wconf 72' lang='grc' dir='ltr'>ἐστινὸ</span> <span class='ocrx_word' id='word_1_839' title='bbox 1290 2470 1384 2504; x_wconf 75' lang='grc' dir='ltr'>Λόγος,</span> <span class='ocrx_word' id='word_1_840' title='bbox 1402 2470 1457 2496; x_wconf 63' lang='grc' dir='ltr'>Καὶ</span> <span class='ocrx_word' id='word_1_841' title='bbox 1468 2469 1498 2495; x_wconf 75' lang='grc' dir='ltr'>τό</span> <span class='ocrx_word' id='word_1_842' title='bbox 1513 2478 1544 2503; x_wconf 79' lang='grc' dir='ltr'><strong>γε</strong></span> <span class='ocrx_word' id='word_1_843' title='bbox 1556 2469 1715 2504; x_wconf 74' lang='grc' dir='ltr'>παράδοξον,</span> <span class='ocrx_word' id='word_1_844' title='bbox 1734 2468 1861 2500; x_wconf 71' lang='grc' dir='ltr'>Εὐσέϐιος</span> <span class='ocrx_word' id='word_1_845' title='bbox 1876 2470 1889 2494; x_wconf 70' lang='grc' dir='ltr'>ὁ</span> 
     </span>
    </p>
   </div>
   <div class='ocr_carea' id='block_1_113' title="bbox 1105 2514 1890 2550">
    <p class='ocr_par' dir='ltr' id='par_1_113' title="bbox 1105 2514 1890 2550">
     <span class='ocr_line' id='line_1_113' title="bbox 1105 2514 1890 2550; baseline -0.004 -8"><span class='ocrx_word' id='word_1_846' title='bbox 1105 2516 1157 2542; x_wconf 83' lang='grc' dir='ltr'>ἀπὸ</span> <span class='ocrx_word' id='word_1_847' title='bbox 1169 2516 1335 2549; x_wconf 79' lang='grc' dir='ltr'>Καισαρείας</span> <span class='ocrx_word' id='word_1_848' title='bbox 1361 2515 1408 2550; x_wconf 84' lang='grc' dir='ltr'>τῆς</span> <span class='ocrx_word' id='word_1_849' title='bbox 1425 2514 1617 2549; x_wconf 80' lang='grc' dir='ltr'>Παλαιστίνης.</span> <span class='ocrx_word' id='word_1_850' title='bbox 1633 2515 1678 2541; x_wconf 83' lang='grc' dir='ltr'><strong>καί</strong></span> <span class='ocrx_word' id='word_1_851' title='bbox 1701 2523 1728 2540; x_wconf 87' lang='grc' dir='ltr'><strong>τι</strong></span> <span class='ocrx_word' id='word_1_852' title='bbox 1755 2514 1809 2549; x_wconf 76' lang='grc' dir='ltr'><strong>πρὸ</strong></span> <span class='ocrx_word' id='word_1_853' title='bbox 1825 2515 1890 2548; x_wconf 82' lang='grc' dir='ltr'>μιᾶς</span> 
     </span>
    </p>
   </div>
   <div class='ocr_carea' id='block_1_114' title="bbox 1105 2558 1889 2595">
    <p class='ocr_par' dir='ltr' id='par_1_114' title="bbox 1105 2558 1889 2595">
     <span class='ocr_line' id='line_1_114' title="bbox 1105 2558 1889 2595; baseline -0.003 -9"><span class='ocrx_word' id='word_1_854' title='bbox 1105 2560 1278 2595; x_wconf 85' lang='grc' dir='ltr'>ἀρνούμενος,</span> <span class='ocrx_word' id='word_1_855' title='bbox 1294 2560 1367 2594; x_wconf 80' lang='grc' dir='ltr'>ὅμως</span> <span class='ocrx_word' id='word_1_856' title='bbox 1382 2559 1492 2594; x_wconf 72' lang='grc' dir='ltr'>ὕστερον</span> <span class='ocrx_word' id='word_1_857' title='bbox 1511 2558 1681 2594; x_wconf 69' lang='grc' dir='ltr'>ὑπογράψας,</span> <span class='ocrx_word' id='word_1_858' title='bbox 1702 2559 1839 2585; x_wconf 77' lang='grc' dir='ltr'>ἐπέστειλε</span> <span class='ocrx_word' id='word_1_859' title='bbox 1857 2560 1889 2593; x_wconf 78' lang='grc' dir='ltr'><strong>τῇ</strong></span> 
     </span>
    </p>
   </div>
   <div class='ocr_carea' id='block_1_115' title="bbox 1112 2603 1888 2640">
    <p class='ocr_par' dir='ltr' id='par_1_115' title="bbox 1112 2603 1888 2640">
     <span class='ocr_line' id='line_1_115' title="bbox 1112 2603 1888 2640; baseline -0.001 -9"><span class='ocrx_word' id='word_1_860' title='bbox 1112 2606 1258 2640; x_wconf 70' lang='grc' dir='ltr'>Ἐκκλησία</span> <span class='ocrx_word' id='word_1_861' title='bbox 1277 2606 1383 2637; x_wconf 74' lang='grc' dir='ltr'>ἑαυτοῦ,</span> <span class='ocrx_word' id='word_1_862' title='bbox 1399 2605 1485 2639; x_wconf 82' lang='grc' dir='ltr'>λέγων</span> <span class='ocrx_word' id='word_1_863' title='bbox 1498 2604 1600 2639; x_wconf 82' lang='grc' dir='ltr'>ταύτην</span> <span class='ocrx_word' id='word_1_864' title='bbox 1613 2605 1668 2640; x_wconf 71' lang='lat' dir='ltr'><strong>(5i)</strong></span> <span class='ocrx_word' id='word_1_865' title='bbox 1678 2603 1746 2631; x_wconf 81' lang='grc' dir='ltr'>εἶναι</span> <span class='ocrx_word' id='word_1_866' title='bbox 1759 2605 1808 2639; x_wconf 75' lang='grc' dir='ltr'><strong>τῆς</strong></span> <span class='ocrx_word' id='word_1_867' title='bbox 1824 2603 1888 2630; x_wconf 75' lang='grc' dir='ltr'><strong>Ἐκ-</strong></span> 
     </span>
    </p>
   </div>
   <div class='ocr_carea' id='block_1_116' title="bbox 1107 2662 1894 2697">
    <p class='ocr_par' dir='ltr' id='par_1_116' title="bbox 1107 2662 1894 2697">
     <span class='ocr_line' id='line_1_116' title="bbox 1107 2662 1894 2697; baseline -0.003 -7"><span class='ocrx_word' id='word_1_868' title='bbox 1107 2664 1296 2694; x_wconf 81' lang='lat' dir='ltr'><strong>maldulensis.</strong></span> <span class='ocrx_word' id='word_1_869' title='bbox 1310 2664 1357 2696; x_wconf 85' lang='lat' dir='ltr'><strong>qui</strong></span> <span class='ocrx_word' id='word_1_870' title='bbox 1374 2671 1470 2697; x_wconf 90' lang='lat' dir='ltr'><strong>nempe</strong></span> <span class='ocrx_word' id='word_1_871' title='bbox 1484 2662 1577 2694; x_wconf 80' lang='lat' dir='ltr'><strong>vertit,</strong></span> <span class='ocrx_word' id='word_1_872' title='bbox 1592 2662 1702 2696; x_wconf 72' lang='lat' dir='ltr'><strong>ipsoque</strong></span> <span class='ocrx_word' id='word_1_873' title='bbox 1715 2663 1816 2689; x_wconf 77' lang='lat' dir='ltr'><strong>silentio</strong></span> <span class='ocrx_word' id='word_1_874' title='bbox 1831 2671 1894 2689; x_wconf 83' lang='lat' dir='ltr'><strong>cou-</strong></span> 
     </span>
    </p>
   </div>
   <div class='ocr_carea' id='block_1_117' title="bbox 1106 2699 1835 2732">
    <p class='ocr_par' dir='ltr' id='par_1_117' title="bbox 1106 2699 1835 2732">
     <span class='ocr_line' id='line_1_117' title="bbox 1106 2699 1835 2732; baseline -0.001 -8"><span class='ocrx_word' id='word_1_875' title='bbox 1106 2699 1249 2732; x_wconf 82' lang='lat' dir='ltr'><strong>ﬁtebantur</strong></span> <span class='ocrx_word' id='word_1_876' title='bbox 1268 2699 1458 2731; x_wconf 83' lang='lat' dir='ltr'><strong>turpitudinem</strong></span> <span class='ocrx_word' id='word_1_877' title='bbox 1479 2699 1594 2724; x_wconf 79' lang='lat' dir='ltr'><strong>inaniter</strong></span> <span class='ocrx_word' id='word_1_878' title='bbox 1609 2703 1719 2730; x_wconf 79' lang='lat' dir='ltr'><strong>captata:</strong></span> <span class='ocrx_word' id='word_1_879' title='bbox 1734 2699 1835 2731; x_wconf 70' lang='lat' dir='ltr'><strong>gloriw.</strong></span> 
     </span>
    </p>
   </div>
   <div class='ocr_carea' id='block_1_118' title="bbox 1142 2731 1890 2768">
    <p class='ocr_par' dir='ltr' id='par_1_118' title="bbox 1142 2731 1890 2768">
     <span class='ocr_line' id='line_1_118' title="bbox 1142 2731 1890 2768; baseline -0.001 -9"><span class='ocrx_word' id='word_1_880' title='bbox 1142 2733 1197 2762; x_wconf 72' lang='lat'><strong>(30)</strong></span> <span class='ocrx_word' id='word_1_881' title='bbox 1215 2733 1258 2759; x_wconf 75' lang='lat' dir='ltr'><strong>Sic</strong></span> <span class='ocrx_word' id='word_1_882' title='bbox 1285 2734 1349 2766; x_wconf 76' lang='lat' dir='ltr'><strong>Reg.</strong></span> <span class='ocrx_word' id='word_1_883' title='bbox 1365 2735 1399 2759; x_wconf 86' lang='lat' dir='ltr'><strong>At</strong></span> <span class='ocrx_word' id='word_1_884' title='bbox 1424 2733 1469 2759; x_wconf 85' lang='lat' dir='ltr'><strong>alii</strong></span> <span class='ocrx_word' id='word_1_885' title='bbox 1489 2738 1515 2759; x_wconf 86' lang='lat' dir='ltr'><strong>et</strong></span> <span class='ocrx_word' id='word_1_886' title='bbox 1541 2732 1615 2763; x_wconf 81' lang='lat' dir='ltr'><strong>editi,</strong></span> <span class='ocrx_word' id='word_1_887' title='bbox 1638 2731 1760 2768; x_wconf 76' lang='grc' dir='ltr'>γέννημα</span> <span class='ocrx_word' id='word_1_888' title='bbox 1776 2732 1821 2759; x_wconf 73' lang='grc' dir='ltr'><strong>καὶ</strong></span> <span class='ocrx_word' id='word_1_889' title='bbox 1840 2731 1890 2766; x_wconf 73' lang='grc' dir='ltr'>τῆς</span> 
     </span>
    </p>
   </div>
   <div class='ocr_carea' id='block_1_119' title="bbox 1105 2768 1390 2802">
    <p class='ocr_par' dir='ltr' id='par_1_119' title="bbox 1105 2768 1390 2802">
     <span class='ocr_line' id='line_1_119' title="bbox 1105 2768 1390 2802; baseline 0 -8"><span class='ocrx_word' id='word_1_890' title='bbox 1105 2769 1151 2794; x_wconf 78' lang='grc' dir='ltr'><strong>τοῦ</strong></span> <span class='ocrx_word' id='word_1_891' title='bbox 1168 2769 1224 2794; x_wconf 65' lang='lat' dir='ltr'><strong>lla:</strong></span> <span class='ocrx_word' id='word_1_892' title='bbox 1230 2768 1273 2802; x_wconf 61' lang='lat' dir='ltr'><strong>pb;</strong></span> <span class='ocrx_word' id='word_1_893' title='bbox 1288 2768 1390 2799; x_wconf 75' lang='grc' dir='ltr'>οὐσίας.</span> 
     </span>
    </p>
   </div>
   <div class='ocr_carea' id='block_1_120' title="bbox 1142 2801 1704 2838">
    <p class='ocr_par' dir='ltr' id='par_1_120' title="bbox 1142 2801 1704 2838">
     <span class='ocr_line' id='line_1_120' title="bbox 1142 2801 1704 2838; baseline 0 -9"><span class='ocrx_word' id='word_1_894' title='bbox 1142 2804 1196 2838; x_wconf 83' lang='grc'><strong>(51)</strong></span> <span class='ocrx_word' id='word_1_895' title='bbox 1213 2801 1322 2838; x_wconf 76' lang='grc' dir='ltr'>Ταύτην</span> <span class='ocrx_word' id='word_1_896' title='bbox 1336 2803 1503 2831; x_wconf 82' lang='lat' dir='ltr'><strong>rcstituimus</strong></span> <span class='ocrx_word' id='word_1_897' title='bbox 1517 2810 1549 2830; x_wconf 72' lang='lat' dir='ltr'><strong>ex</strong></span> <span class='ocrx_word' id='word_1_898' title='bbox 1566 2810 1616 2830; x_wconf 89' lang='lat' dir='ltr'><strong>ms.</strong></span> <span class='ocrx_word' id='word_1_899' title='bbox 1638 2801 1704 2837; x_wconf 76' lang='lat' dir='ltr'><strong>Reg.</strong></span> 
     </span>
    </p>
   </div>
  </div>
