2031 3048
164 146 216 175 3‘19

690 147 732 178 DE
939 151 1089 179 NICA'S‘NIE
1109 150 1244 179 SYNODI.

1727 153 1779 180 HO

164 205 278 241 πλησίας
290 207 339 243 τὴν
353 206 444 235 ἆτίστιν
454 210 500 236 καὶ
516 210 570 236 τῶν
580 210 709 247 Πατέρων
720 211 769 246 τὴν
783 211 931 247 «agebam

1002 211 1092 238 missis
1121 211 1155 238 ad
1183 219 1259 238 suam
1286 211 1435 239 Ecclesium
1459 211 1578 244 litteris,
1606 210 1778 247 signiﬁcavit,

164 251 232 278 πᾶσι
253 260 282 278 τε
299 251 422 289 φανερῶς
443 250 604 287 ἐδειξὲνξδτι
624 257 756 292 πρότερον
776 258 947 292 ἐσφάλλοντο,

163 297 210 324 καὶ
225 298 313 333 μάτην
329 299 510 334 ἐφιλονείκουν
535 301 603 337 πρὸς
619 303 669 338 τὴν
685 302 822 338 ἀλήθειαν.
843 303 875 330 Ei
894 304 948 338 γὰρ

164 345 211 370 καὶ
225 345 346 381 ᾐσχύνθη
360 347 419 373 τότε
432 348 545 380 ταύταις
568 350 626 381 ταῖς
652 349 740 381 λέξεσι
768 350 882 386 γράψαι,
901 351 948 377 καὶ

163 390 202 421 ὡς
217 390 348 425 ἠθέλησεν
362 391 442 424 αὐτὸς
455 393 643 429 ἀπελογήσατο
655 396 688 430 τῇ
709 395 866 431 Ἐκκλησία,
881 396 948 423 ἀλλά

163 443 196 469 γε
223 435 267 463 διὰ
287 437 336 472 τῆς
361 438 504 474 ἐπιπολῆς
517 440 547 466 τὸ
560 441 721 474 ὁμοούσιον
737 441 827 468 καὶτὸ
846 442 880 468 ἐκ
895 441 948 476 τῆς

163 480 270 513 οὐσίας
291 482 328 518 μὴ
355 483 551 518 ἀρνησάμενος,
579 486 701 521 φανερῶς
722 486 801 512 τοῦτο
829 488 947 522 σημᾶναι

164 524 296 559 βούλεται.
315 527 369 553 Καὶ
385 528 502 555 πέπονθέ
517 538 542 556 τι
563 530 664 556 δεινόν·
681 531 737 566 (52)
752 531 790 563 ὡς
806 531 861 567 γὰρ
881 533 948 560 ἁπο-

162 570 332 606 λογούμενος,
345 573 518 609 κατηγόρησε
537 575 629 602 λοιπὸν
647 575 701 602 τῶν
724 577 880 612 Ἀρειανῶν,
895 579 945 609 δτι,

162 616 326 652 γράψαντες,
340 619 396 645 Οὐκ
407 617 440 654 ἦν
456 621 470 646 ὁ
485 620 549 652 Υἱὸς
559 622 623 654 πρὶν
640 622 813 658 γεννηθῆναι,
827 624 875 650 οὐκ
889 624 947 659 ἤθε-

162 663 207 690 λον
221 664 301 690 αὑτὸν
312 662 380 690 εἶναι
397 665 457 692 οὐδὲ
477 667 531 702 πρὸ
545 669 594 703 τῆς
610 668 680 694 κατὰ
696 668 784 704 σάρκα
804 670 945 703 γενέσεως.

162 710 217 736 Καὶ
228 710 306 737 τοῦτο
315 708 368 738 οἶδε
382 713 428 738 καὶ
446 713 582 745 Ἀκάκιος.
601 713 634 740 ἂν
643 714 684 750 -μὴ
700 715 747 742 καὶ
763 716 842 747 αὐτὸς
863 715 947 751 φοϐη-

162 755 219 788 θεὶς
236 756 283 783 νῦν
294 757 338 784 διὰ
350 757 396 784 τὸν
410 759 506 794 καιρὸν
521 759 711 795 ὑποκρίνηται,
727 761 774 788 καὶ
794 761 945 798 ἀρνήσηται

160 802 210 837 τὴν
233 802 370 838 ἀλήθειαν.
391 804 528 837 ’Υπὲταξα
543 805 598 840 (55)
616 806 680 839 γοῦν
701 808 730 833 ἐν
751 806 789 842 τῷ
803 807 872 834 τέλει
897 809 946 843 τὴν

161 848 303 884 ἐπιστολὴν
319 850 459 883 Εὐσεϐίου,
475 851 518 878 ἵνα
534 853 566 879 ὲκ
580 853 680 888 ταύτης
692 853 763 889 γνῷς
777 854 830 880 τῶν
847 863 875 881 τε
887 864 945 890 χρι-

162 895 302 930 στομάχων
318 896 442 923 καὶκατὰ
459 898 583 933 περιττὸν
595 899 644 934 τὴν
658 886 784 926 ζᾹκακίου
800 900 866 935 πρὸς
882 886 944 933 τοὺς
960 886 981 914 Β

159 938 263 965 ἑαυτῶν
277 939 451 973 διδασκάλους
466 942 670 979 ἀγνωμοσύνην.

195 1030 221 1057 4.
239 1030 299 1062 Πῶς
318 1031 407 1058 τοίνυν
417 1032 470 1059 ὀὐκ
494 1033 632 1061 ἀδικοῦσιν
648 1031 730 1068 οὗτοι,
749 1036 800 1062 κᾶν
812 1036 943 1071 ἐνθυμού-

160 1085 235 1111 μενοι
249 1077 328 1112 μόνον
346 1078 400 1113 (54)
413 1079 564 1114 ἀντιλέγειν
575 1082 608 1116 τῇ
621 1080 738 1117 τοσαύτῃ
755 1083 801 1108 καὶ
818 1082 943 1117 οὶκουμε-

158 1124 220 1158 νικῇ
240 1123 358 1158 συνόδῳ;
372 1123 434 1156 Πῶς
446 1125 476 1150 οὺ
494 1126 681 1160 παρανομοῦσι
697 1126 849 1161 τολμῶντες
867 1127 943 1153 ἀντι-

157 1167 268 1194 ϐλέπειν
283 1170 339 1201 τοῖς
361 1170 451 1202 καλῶς
477 1171 608 1206 ὁρισθεϊσι
634 1172 704 1198 κατὰ
731 1172 781 1207 τῆς
801 1173 943 1208 ’Λρειανῆς

158 1215 300 1250 αἱρέσεως,
312 1216 359 1242 καὶ
376 1217 607 1252 μαρτυρουμένοις
627 1217 679 1244 ὑπὸ
695 1217 748 1244 τῶν
763 1219 860 1250 αὖτοὺς
877 1219 943 1254 πρό-

157 1262 236 1294 τερον
251 1260 357 1287 ἀσεϐεῖν
371 1261 549 1295 διδαξάντων;
574 1263 604 1289 Εἰ
628 1263 656 1288 δὲ
673 1263 720 1290 καὶ
736 1263 806 1298 μετά
819 1264 850 1290 τὸ
874 1265 941 1292 ὐπο-

156 1305 260 1340 γράψαι
272 1307 449 1340 μετεόάλοντο
472 1308 498 1334 οἱ
514 1309 578 1343 περὶ
594 1309 732 1341 Εὑσὲδιον,
752 1310 799 1336 καὶ
812 1309 849 1341 ὠς
863 1310 942 1342 κύνες

156 1351 197 1381 εἰς
211 1351 241 1377 τὸ
260 1351 323 1378 ῐδιον
342 1352 464 1388 ἐξέραμα
478 1353 529 1388 τῆς
546 1353 671 1386 ἀσεϐείας
685 1354 854 1390 ἐπέστρεψαν
865 1364 871 1370 ”
885 1355 942 1387 πῶς

155 1396 215 1430 οὐχ).
229 1398 385 1432 καὶμᾶλλον
402 1399 470 1431 ἄξιοι
489 1399 583 1434 μίσους
597 1401 621 1425 οἱ
631 1399 678 1426 νῦν
687 1400 880 1435 ἀντιλέγοντες,
889 1402 940 1433 ὅτι,

154 1442 204 1478 τὴν
217 1443 371 1479 ἐλευθερίαν
386 1445 434 1480 τῆς
457 1445 559 1471 ἑαυτῶν
577 1446 666 1481 ψυχῆς
689 1446 778 1478 ἄλλοις
797 1448 939 1483 προπίνον-

156 1497 213 1522 τες,
236 1491 347 1523 τούτους
372 1492 418 1518 καὶ
440 1491 628 1527 καθηγεμόνας
646 1493 695 1528 τῆς
719 1494 849 1530 αἱρέσεως
868 1495 938 1530 ἔχειν

155 1535 290 1563 ἐθέλουσιν
304 1537 370 1572 (55);
384 1537 552 1573 ἀνθρώπους,
565 1538 602 1570 ὼς
619 1537 694 1565 εἶπεν
712 1539 726 1565 ὁ
749 1539 885 1572 Ίάκωῦος,
901 1540 939 1566 δι-

154 1580 256 1616 «mou;
271 1583 317 1608 mi.
332 1583 535 1615 ἀκαταστάτους
550 1583 628 1616 ὄντας
649 1586 677 1611 ὲν
689 1585 788 1617 πάσαις
797 1587 858 1617 ταῖς
870 1586 938 1618 ὁδοῖς

155 1627 254 1657 αὐτῶν,
270 1627 317 1654 καὶ
330 1627 367 1663 μὴ
383 1628 447 1663 μίαν
465 1629 514 1663 μὲν
531 1629 642 1664 ἔχοντας
662 1629 786 1665 γνώμην,
800 1630 894 1658 ἄλλοτε
909 1632 938 1658 δὲ

153 1674 240 1706 ἄλλως
253 1675 509 1711 μεταϐαλλομένους,
525 1678 571 1704 καὶ
587 1678 634 1705 νῦν
661 1679 709 1713 μὲν
728 1680 905 1712 ἐπαινοῦντας
925 1681 938 1706 ὃ

122 1736 130 1760 9
153 1718 271 1752 λέγουσι,
285 1721 343 1754 μετ’
362 1720 449 1755 ὀλίγον
463 1722 492 1748 δὲ
506 1723 638 1757 ψέγοντας
650 1724 717 1759 ὅπερ
732 1725 869 1760 εἰρήκασι,
890 1726 937 1751 καὶ

89 1763 121 1809 ne"
154 1764 235 1790 πάλιν
247 1766 424 1799 ἐπαινοῦντας
438 1768 506 1803 ὅπερ
521 1769 574 1803 πρὸ
586 1769 683 1804 μικροῦ
693 1769 842 1797 διέϐαλλον.
855 1771 938 1796 Τοῦτο

154 1810 192 1840 δὲ,
209 1811 246 1842 ὡς
255 1813 269 1838 ὁ
282 1812 397 1846 Ποιμὴν
411 1814 520 1849 εἴρηκεν
533 1814 599 1850 (56),
614 1814 724 1848 ἔκγονον
737 1816 936 1846 ὲστιδιαῦόλου,

128 1886 131 1888 η
154 1856 200 1882 καὶ
214 1857 342 1892 καπήλων
357 1858 384 1884 δὲ
398 1858 496 1893 μᾶλλον
508 1861 554 1886 καὶ
569 1860 599 1886 οὐ
618 1860 784 1887 διδασκάλων
800 1861 858 1887 ἐστὶ
870 1861 937 1894 γνώ-

83 1890 91 1899 Ι
100 1899 121 1921 ι’
136 1895 141 1900 ’
154 1909 248 1936 ρισμα.
263 1890 340 1929 Ἔστι
349 1890 413 1939 γὰρ,
426 1904 464 1936 ὡς
479 1905 503 1930 οἱ
515 1905 634 1941 Πατέρες
647 1890 880 1941 παραδεδώκασινξ
894 1907 937 1933 ὃν-

152 1956 206 1979 τως
219 1949 385 1982 διδασκαλία,
414 1951 461 1977 καὶ
484 1951 650 1979 διδασκάλων
663 1952 770 1987 ἀληθῶς
782 1954 860 1980 τοῦτο
874 1962 935 1980 τεκ-

153 1995 260 2030 μήριον.
277 1996 308 2022 τὸ
331 1996 365 2022 τὰ
389 1997 457 2023 αὐτὰ
476 1997 601 2032 ἀλλήλοις
619 1998 771 2033 ὁμολογεῖν,
786 1999 833 2026 καὶ
840 1999 877 2034 μὴ
884 2000 935 2034 ἁμ-

152 2040 293 2074 φισὸητεῖν
311 2041 378 2076 μήτε
389 2043 455 2077 πρὸς
467 2043 591 2075 ἑαυτοὺς,
605 2045 672 2079 μήτε
686 2043 753 2079 πρὸς
760 2046 821 2076 τοὺς
833 2045 936 2071 ἑαυτῶν

153 2085 283 2120 πατέρας.
309 2087 340 2113 Οἱ
358 2087 412 2123 γὰρ
431 2089 467 2123 μὴ
489 2088 582 2115 τοῦτον
593 2089 757 2125 διακείμενοι
774 2090 819 2117 τὸν
837 2091 936 2126 τρόπον

112 2151 116 2154 .
153 2132 285 2167 μοχθηροὶ
297 2133 395 2168 μᾶλλον
411 2135 457 2160 καὶ
471 2135 520 2161 οὐκ
530 2135 638 2170 ἀληθεῖς
650 2136 682 2163 ἂν
696 2136 750 2172 (58)
764 2137 885 2164 καλοῖντο
898 2137 936 2164 δι-

151 2178 288 2205 δάσκαλοι,
308 2179 435 2216 "Em
447 2180 522 2214 γοῦν,
536 2182 585 2216 οὺχ
596 2182 786 2216 ὁμολογοῦντες
803 2183 836 2209 τὰ
855 2183 934 2215 αὐτὰ,

999 257 1181 292 omnibusque
1205 261 1296 291 aperte
1325 256 1472 291 declaravit
1498 257 1558 288 illos
1581 257 1657 292 prius
1673 264 1780 285 errasse

999 302 1154 337 frustraque
1173 303 1303 331 adversus
1331 303 1473 331 veritatem
1503 304 1686 332 contendisse.
1705 304 1779 332 Licet

999 347 1070 375 enim
1088 353 1150 376 tunc
1163 356 1224 376 eum
1238 349 1279 376 his
1299 349 1337 376 uti
1353 350 1463 377 vocibus
1478 350 1614 385 puduerit,
1639 354 1721 385 atque
1748 354 1778 377 ut

999 393 1094 427 voluit,
1109 394 1165 428 ipse
1178 402 1206 422 se
1224 394 1351 422 Ecclesia:
1366 395 1549 428 excusaverit,
1570 400 1660 422 tamen
1675 402 1736 422 cum
1750 395 1778 422 in

998 438 1111 472 epistola
1124 446 1204 466 voces
1223 439 1453 466 camubstantialis
1466 444 1493 467 et
1508 447 1540 466 ea:
1558 440 1706 466 substantia
1724 447 1778 468 non

999 484 1192 518 repudiaverit,
1219 484 1281 512 illud
1297 489 1372 512 certe
1396 485 1468 520 quod
1489 485 1606 512 diximus
1628 485 1716 520 palam
1732 490 1777 513 vo-

998 528 1047 556 luit
1063 529 1195 557 indicare.
1218 529 1255 556 Ea
1271 535 1359 557 autem
1374 530 1401 557 in
1416 538 1445 558 re
1455 538 1537 564 grave
1551 530 1679 564 quiddam
1691 530 1715 557 ei
1730 537 1778 557 ac.

998 575 1073 602 cidit.
1086 575 1166 608 Nam,
1181 583 1241 602 cum
1256 583 1285 603 se
1295 575 1377 603 veluti
1391 580 1528 611 purgaret,
1542 576 1657 603 Arianos
1671 576 1778 604 demum

997 621 1221 655 accusavitquod,
1230 628 1292 648 cum
1306 621 1454 648 scriberent
1463 621 1559 649 Filium
1570 628 1622 648 non
1636 621 1718 649 fuisse
1730 629 1778 648 an-

998 672 1105 701 tequam
1119 668 1227 702 genitus
1238 671 1320 700 esset,
1336 661 1411 694 illum
1427 674 1477 694 nec
1495 672 1639 702 antequam
1657 667 1683 694 in
1695 672 1777 695 carne

997 717 1157 739 nasceretur
1170 713 1308 740 exstitisse
1319 713 1462 740 voluerint.
1478 712 1554 745 Quod
1569 720 1636 740 sane
1659 720 1711 740 non
1727 721 1776 748 po-

997 761 1050 784 test
1065 757 1193 792 ignorare
1205 758 1330 791 Acacius,
1343 757 1393 784 nisi
1404 762 1432 784 et
1448 757 1505 792 ipse
1533 765 1603 784 nunc
1631 760 1776 792 prmsenlis

996 803 1125 837 temporis
1135 809 1226 835 causa,
1243 802 1344 829 factum
1361 810 1417 837 pra:
1435 807 1508 829 metu
1531 802 1690 836 dissimulet,
1706 804 1776 830 Veri-

997 852 1133 883 tatemque
1149 852 1236 882 neget.
1255 847 1348 882 Itaque
1360 847 1388 874 in
1403 847 1467 880 line,
1481 846 1583 881 subjeci
1598 847 1705 875 Eusebii
1717 849 1775 882 epi-

994 892 1102 925 stolam,
1131 899 1160 920 ut
1177 892 1279 920 Christi
1296 892 1413 920 hostium
1432 899 1465 919 ac
1481 891 1614 926 insignem
1642 892 1776 927 praecipue

993 939 1085 966 Acacii
1100 939 1125 966 in
1138 946 1201 967 suos
1229 938 1372 974 magistros
1386 937 1528 973 perﬁdiam
1553 945 1586 965 ex
1611 942 1642 965 ea
1672 938 1775 973 liquido

993 992 1149 1020 cognoscas.

1028 1032 1056 1058 4.
1068 1031 1164 1058 Annon
1174 1031 1256 1066 igitur
1270 1031 1307 1059 illi
1323 1030 1491 1066 iniquissime
1503 1031 1624 1066 θεσπιβὶ
1638 1027 1679 1058 Vel
1688 1031 1774 1059 solum

993 1076 1020 1103 in
1036 1077 1155 1103 animum
1174 1076 1390 1104 inducanttanto
1405 1081 1432 1104 et
1442 1076 1563 1112 generali
1591 1071 1705 1105 concilio
1732 1085 1775 1104 re-

993 1122 1129 1150 clamare?
1145 1121 1243 1150 Annon
1269 1122 1392 1150 scelerati
1408 1122 1523 1150 habendi
1538 1127 1602 1150 sunt
1617 1123 1663 1157 qui
1675 1123 1774 1150 adver-

993 1168 1031 1195 sis
1045 1168 1129 1196 oculis
1140 1168 1263 1195 contueri
1275 1168 1374 1195 audent
1387 1175 1419 1195 ea
1432 1176 1492 1203 quae
1507 1174 1579 1196 recte
1586 1173 1680 1196 contra
1692 1169 1773 1196 Aria-

993 1221 1055 1240 nam
1070 1213 1194 1240 haeresim
1208 1214 1317 1240 decreta
1333 1212 1419 1246 fuere,
1430 1212 1457 1241 et
1473 1213 1508 1241 ab
1521 1213 1573 1241 illis
1589 1214 1653 1249 ipsis
1661 1215 1772 1249 probata

993 1264 1064 1290 sunt,
1086 1267 1153 1293 quos
1180 1259 1255 1294 prius
1282 1260 1400 1287 habuere
1435 1260 1581 1294 impietatis
1610 1261 1774 1295 magistros?

992 1305 1066 1337 Quod
1081 1304 1103 1332 si
1113 1304 1265 1338 Eusebiani,
1281 1310 1420 1340 postquam
1428 1305 1654 1340 subscripserunt,
1667 1306 1700 1333 ad
1713 1314 1774 1341 pro-

991 1351 1080 1384 prium
1096 1350 1242 1386 impietatis
1258 1352 1389 1379 vomitum
1406 1352 1478 1380 velut
1501 1361 1584 1381 canes
1611 1359 1750 1382 revertere
1763 1375 1772 1387 ,

991 1403 1081 1423 nonne
1096 1403 1129 1424 eo
1145 1397 1229 1432 magis
1253 1397 1316 1425 odio
1343 1397 1416 1433 digni
1431 1403 1494 1426 sunt
1513 1399 1540 1426 hi
1557 1400 1602 1434 qui
1621 1408 1692 1428 nunc
1706 1408 1773 1428 con-

992 1441 1139 1473 tradicunt,
1159 1442 1231 1476 quod
1247 1449 1356 1469 suarum
1378 1443 1529 1470 animarum
1547 1443 1697 1472 libertatem
1713 1446 1773 1473 aliis

991 1487 1178 1520 propinantes,
1197 1487 1257 1515 illos
1273 1488 1346 1522 ipsos
1361 1488 1444 1516 duces
1462 1489 1575 1516 haresis
1604 1483 1705 1518 habere
1726 1499 1773 1519 ve-

991 1531 1058 1559 lint?
1067 1533 1199 1566 homines,
1214 1538 1241 1560 ul
1251 1533 1462 1566 aitJacobus'".
1474 1535 1593 1570 duplices
1603 1536 1691 1563 :mimo
1699 1541 1726 1564 et
1734 1537 1773 1564 in-

990 1584 1147 1605 constantes
1159 1579 1184 1606 in
1199 1580 1323 1608 onmibus
1337 1580 1388 1606 viis
1400 1580 1467 1613 suis,
1488 1588 1538 1608 nec
1555 1582 1580 1608 in
1596 1590 1646 1608 una
1661 1590 1771 1617 perma-

990 1628 1085 1650 nentes
1097 1625 1240 1657 sententia,
1252 1626 1298 1652 sed
1321 1626 1399 1653 modo
1416 1634 1496 1653 unam
1513 1627 1592 1654 modo
1607 1628 1686 1655 aliam
1714 1637 1771 1656 am-

990 1668 1149 1702 plectentes,
1175 1669 1254 1696 modo
1276 1677 1337 1704 quae
1358 1669 1476 1697 dixerint
1500 1671 1662 1704 laudantes,
1691 1673 1771 1700 modo

990 1713 1174 1747 vituperantes
1205 1715 1310 1747 eadem,
1339 1723 1487 1750 rursusque
1511 1716 1581 1743 idem
1605 1718 1675 1750 quod
1690 1718 1771 1752 paulo

988 1762 1052 1784 ante
1069 1758 1311 1791 reprehendebant,
1329 1761 1510 1795 approbantes
1524 1762 1591 1797 (58).
1609 1762 1636 1790 ld
1651 1771 1726 1795 vero,
1741 1769 1770 1790 ut

989 1805 1027 1830 ait
1040 1803 1149 1837 Pastor,
1172 1806 1278 1832 nonnisi
1299 1813 1314 1832 a
1337 1805 1444 1834 diabolo
1457 1813 1546 1835 ortum
1564 1809 1657 1840 habet,
1670 1817 1770 1844 caupo-

989 1859 1108 1884 numque
1121 1852 1209 1885 potius
1232 1859 1313 1886 quam
1330 1854 1520 1888 magistrorum
1534 1859 1575 1882 est
1589 1855 1703 1891 insigne.
1726 1856 1769 1884 Si-

988 1897 1096 1930 quidem
1112 1904 1174 1924 vera
1191 1898 1234 1925 illa
1247 1899 1370 1926 doctrina
1382 1904 1433 1933 est,
1455 1901 1492 1926 uti
1510 1899 1606 1928 Patres
1622 1901 1768 1932 tradidero,

990 1950 1138 1978 verumque
1152 1944 1291 1972 doctorum
1307 1945 1446 1979 indicium,
1468 1953 1529 1973 cum
1545 1955 1640 1975 omnes
1656 1948 1726 1975 inter
1739 1957 1769 1977 se

988 1989 1173 2022 censentiunt,
1193 1998 1244 2018 non
1270 1997 1358 2019 autem
1380 1992 1421 2020 vel
1439 2000 1529 2020 secum
1557 1993 1598 2020 vel
1624 2001 1684 2021 cum
1711 1996 1769 2022 suis

987 2036 1109 2070 patribus
1129 2036 1243 2071 litigant.
1263 2036 1329 2064 Nam
1345 2038 1392 2072 qui
1423 2045 1476 2065 non
1500 2038 1537 2065 ita
1566 2044 1630 2065 sunt
1658 2039 1745 2067 all'ecti
1760 2061 1767 2071 ,

988 2080 1115 2114 improbi,
1131 2089 1183 2108 non
1202 2082 1258 2108 veri
1286 2083 1409 2110 doctores
1424 2088 1486 2110 sunt
1513 2084 1674 2119 appellandi.
1700 2085 1768 2112 llinc

986 2127 1099 2160 gentiles
1112 2128 1156 2162 qui
1174 2128 1246 2156 inter
1259 2136 1288 2156 se
1303 2137 1355 2156 non
1370 2131 1550 2163 consentiunt,
1567 2132 1613 2159 sed
1627 2132 1767 2165 dissident,

986 2181 1050 2201 vera
1066 2175 1206 2209 privantur
1219 2177 1353 2205 doctrina.
1374 2177 1466 2205 Sancti
1481 2184 1570 2206 autem
1585 2184 1612 2206 et
1630 2180 1674 2213 qui
1694 2181 1767 2207 veri-

151 2222 218 2249 ἀλλὰ
235 2223 280 2250 καὶ
293 2223 359 2258 πρὸς
373 2221 502 2260 Mica;
516 2225 758 2261 ἀμφισϐητοῦντες,
780 2227 830 2253 οὐκ
847 2226 933 2262 ἀληθῆ

991 2221 1051 2248 tatis
1064 2229 1157 2249 revera
1174 2227 1236 2250 sunt
1251 2231 1398 2258 praecones,
1428 2224 1499 2252 inter
1525 2232 1555 2252 se
1578 2227 1744 2252 concordant
1759 2247 1766 2257 ,

148 2268 198 2303 ⁸τὴν
212 2269 383 2296 διδασκαλίαν
401 2270 520 2305 ἔχουσιν·
536 2273 560 2297 οἱ
576 2271 603 2298 δὲ
619 2272 691 2306 ἅγιοι
708 2272 803 2307 καὶτῷ
815 2273 870 2299 δντι
881 2273 931 2308 τῆς
959 2292 969 2299 .

149 2314 278 2348 ἀληθείας
301 2316 420 2350 κήρυκες
437 2316 560 2352 ἀλλήλοις
578 2326 607 2343 τε
626 2318 810 2352 συμφωνοῦσι,
833 2318 881 2344 κα)⁷
901 2319 932 2344 οὐ

147 2358 318 2396 διαφέρονται
336 2361 403 2397 πρὸς
419 2362 542 2394 ἑαυτούς.
556 2363 649 2397 Εἱγὰρ
666 2363 710 2389 καὶ
720 2364 858 2399 διαφόροις
871 2364 934 2399 χρό-

148 2414 203 2437 νοις
220 2408 370 2442 γεγόνασιν,
399 2408 456 2434 ἀλλ’
478 2410 517 2440 εἰς
536 2409 634 2435 ταύτὸν
655 2410 779 2444 ἀλλήλοις
801 2410 931 2445 ὁρμῶσιν,

147 2451 205 2483 ἑνὸς
224 2452 300 2484 ὄντες
314 2453 361 2479 τοῦ
375 2453 442 2480 Θεοῦ
455 2455 601 2489 προφῆται,
616 2455 662 2480 καὶ
672 2455 715 2480 τὸν
733 2455 813 2481 αὑτὸν
826 2455 933 2490 συμφώ.

146 2507 198 2529 νως
214 2499 450 2534 εὐαγγελιζόμενοι
467 2501 561 2534 Λόγον.

182 2557 214 2572 ⁹¹⁴
236 2556 293 2583 Jac.
306 2563 324 2589 t,
343 2557 370 2583 8.

180 2614 236 2648 (52)
256 2613 317 2641 llaec
332 2618 395 2640 sunt
409 2614 464 2647 ipsa
478 2613 584 2641 Eusebii
597 2614 679 2640 verba
695 2620 728 2640 ex
744 2613 803 2648 ejus
815 2610 929 2647 epistola

145 2656 226 2680 quam
257 2649 282 2675 in
315 2650 366 2675 line
393 2649 470 2683 hujus
494 2649 585 2682 aperis
611 2648 706 2680 subjici
745 2649 901 2683 curavimus
923 2657 930 2674 :

145 2683 205 2718 Ἔτι
216 2684 245 2710 τὸ
253 2683 498 2718 ἁναθεματίζεσθαι
506 2683 545 2714 τὸ,
555 2683 614 2716 Πρὸ
626 2684 678 2709 τοῦ
686 2682 866 2717 γεννηθῆναι
874 2684 930 2710 οὐκ

142 2716 243 2755 ﬁrmis:
251 2716 350 2755 ἄτοπον
358 2719 484 2755 ἐνομίσθη
493 2718 531 2755 τῷ
539 2719 612 2754 παρὰ
621 2716 895 2755 πασινὸμολογεῐσθαι
902 2718 932 2744 τὸ

143 2744 334 2781 έῖνάιτδννῖλὶὸν
342 2754 389 2780 τοῦ
400 2744 466 2780 ὸεοῦ
534 2744 584 2788 τῆξ
592 2753 662 2780 κατὰ
669 2744 757 2788 σάρκα
767 2744 930 2788 γεννήσεως.

143 2789 172 2816 1d
187 2795 228 2816 est
242 2798 249 2817 :
272 2789 328 2816 Nec
339 2790 400 2816 item
414 2790 556 2815 absurdum
577 2791 659 2815 visum
679 2793 717 2814 est
741 2789 781 2814 llis
802 2789 905 2814 vocibus
916 2808 924 2819 ,

143 2823 201 2850 Non
218 2829 277 2851 erat
291 2829 435 2858 antequam
462 2825 567 2859 genitus
589 2828 639 2859 est.
661 2823 798 2849 anathema
818 2824 922 2854 dicere,

143 2866 202 2884 tum
219 2867 305 2885 omnes
323 2858 518 2892 (nleanturésse
530 2859 577 2886 Dei
593 2858 706 2890 Filium,
719 2859 871 2892 priusquam
881 2867 923 2884 ae-

143 2897 258 2929 tundunt
269 2903 371 2920 carnem
385 2896 542 2929 gigneretur.

178 2928 234 2964 (55)
249 2927 294 2958 Sic
307 2929 372 2966 Reg.
384 2927 420 2957 Ai
431 2930 476 2958 atii
492 2934 519 2957 et
534 2929 616 2958 editio
636 2928 779 2963 Commcl.,
793 2928 921 2962 ὑπέταξε,

985 2274 1038 2293 non
1062 2267 1227 2296 discordant.
1267 2269 1334 2296 Nam
1353 2269 1415 2296 licet
1433 2269 1547 2297 diversis
1572 2270 1610 2297 illi
1626 2270 1767 2298 ﬂoruerunt

986 2313 1160 2346 temporibus.
1189 2313 1259 2341 idem
1289 2318 1377 2341 tamen
1409 2315 1534 2342 omnibus
1564 2322 1660 2349 scapus
1694 2315 1766 2347 fuit,

985 2359 1083 2393 quippe
1098 2359 1142 2394 qui
1157 2360 1236 2387 unius
1256 2359 1301 2387 Dei
1318 2365 1408 2387 essent
1421 2361 1558 2395 propheta:
1570 2366 1595 2388 et
1608 2361 1678 2388 idem
1692 2369 1765 2388 sum~

986 2413 1029 2432 mo
1045 2412 1176 2434 consensu
1193 2408 1350 2435 nuntiarent
1367 2407 1491 2435 Verbum.

980 2613 1028 2639 sed
1045 2613 1184 2644 mendose.
1203 2617 1232 2640 ut
1243 2612 1342 2644 optime
1355 2613 1480 2640 observat
1495 2611 1702 2639 Felckmannus.

1015 2646 1072 2683 (54)
1089 2646 1135 2683 §ic
1151 2647 1219 2683 Reg.
1236 2646 1287 2674 Alii
1300 2653 1327 2674 et
1342 2648 1406 2674 editi
1424 2648 1502 2683 μόνον
1516 2647 1653 2683 omittunt.

1015 2682 1072 2716 (55)
1090 2681 1155 2716 Reg.
1184 2682 1314 2715 θέλουσιν,
1343 2683 1389 2717 qui
1406 2681 1476 2710 idem
1500 2689 1560 2708 mox
1572 2701 1580 2714 ,
1595 2681 1609 2707 6
1623 2681 1758 2713 Ἰάκωϐος.

981 2716 1049 2744 Ειὶιιί
1067 2718 1080 2743 ὁ
1094 2719 1232 2744 omittunt.

1017 2751 1072 2785 (56)
1087 2751 1172 2778 Verba
1186 2751 1305 2779 Pastoris
1322 2759 1353 2778 ex
1373 2751 1482 2778 homilia
1498 2751 1532 2778 85
1560 2751 1683 2778 Antiochi
1702 2752 1760 2778 lucc

981 2792 1043 2812 sunt
1058 2796 1063 2812 ε
1087 2787 1117 2813 'll
1144 2787 1196 2820 γὰρ
1214 2787 1328 2822 νδιῴυχία.
1343 2788 1465 2822 θυγάτηρ
1485 2787 1542 2812 ἐστὶ
1567 2787 1613 2812 τοῦ
1627 2786 1758 2813 διαϐόλου.

981 2821 1074 2848 Versio
1087 2823 1195 2856 antiqua
1211 2821 1321 2849 Latina:
1334 2821 1436 2849 Etenim
1448 2823 1501 2849 lum,
1513 2822 1643 2848 dubitatio
1657 2822 1710 2855 ﬁlia
1722 2826 1760 2848 εει

977 2856 1085 2882 diaboli.

1012 2892 1067 2924 (57)
1085 2891 1128 2921 Sic
1147 2892 1211 2926 lieg.
1230 2892 1262 2918 At
1278 2893 1340 2919 editi
1354 2899 1379 2923 et
1394 2894 1438 2922 alii
1454 2894 1484 2920 ἄν
1503 2895 1641 2921 omittunt.

1011 2926 1067 2963 (58)
1080 2926 1138 2954 Lib.
1153 2936 1182 2961 ιι,
1199 2928 1288 2964 mand.
1302 2928 1327 2956 9.
