2018 3048
279 148 326 176 ‘5!

564 147 592 174 S.
608 145 891 174 ATHANASll-OPP.
913 146 1002 174 PARS
1024 147 1044 174 1.
1066 163 1099 168 -—
1120 146 1304 175 HISTORICA
1324 148 1368 176 ΕΤ
1388 148 1596 177 DOGMATICA.

1843 150 1898 177 432

314 207 340 234 5.
355 205 422 234 Hinc
436 213 500 242 ergo
514 213 574 240 qua:
589 186 693 240 Mbyses
707 205 809 238 docuit,
828 205 886 232 haec
915 205 1046 232 custodiri

1146 205 1172 232 5.
1189 206 1221 232 ’Δ
1232 205 1296 239 γοῦν
1318 207 1420 242 Μωσῆς
1435 207 1568 239 ἐδίδασκε,
1590 207 1666 234 ταῦθ’
1688 208 1813 244 ’Δὸραὰμ
1829 208 1896 243 ἐφύ-

279 254 412 282 Abraham
428 260 435 280 :
454 261 513 288 qua:
524 259 588 280 vero
600 251 744 279 custodivit
762 251 909 285 Abraham,
930 251 987 278 bzec
1003 250 1060 278 Noe

278 304 305 326 et
320 299 411 326 Enoch
435 302 577 332 perspecta
597 297 761 329 habuerunt,
791 296 836 332 qui
853 296 952 323 munda
965 301 993 323 et
1007 296 1058 323 im-

279 344 376 372 munda
406 348 538 371 noverant
567 344 733 375 discernere,
765 349 797 370 ac
824 342 878 370 Deo
892 342 963 378 grati
992 341 1058 370 lacti

278 389 464 418 sunt.-Eadeln
480 397 589 425 quoque
606 390 753 417 instructus
768 388 890 416 doctrina
901 389 969 417 Abel
985 396 1057 416 mar-

278 437 378 473 tyrium
402 441 443 464 est
467 443 582 470 passus:
597 435 643 470 qui
657 435 765 470 quidem
789 435 846 470 ipse
859 443 890 463 ea
903 436 937 462 ab
953 436 1058 464 Adamo

277 485 425 516 didicerat;
443 483 561 510 Adamns
572 486 660 509 autent
674 482 708 509 ab
723 482 779 516 ipso
794 481 919 515 Domino,
936 481 981 517 qui
994 489 1056 509 cum

276 530 302 558 in
315 530 367 557 line
383 528 542 556 saeculorum
561 528 594 554 ad
607 528 797 554 destruendum
813 533 952 561 peccatum
967 528 1057 555 venis-

275 581 326 608 set.
342 576 380 603 ait
393 575 454 591 ⁹⁸·¹¹
471 583 478 601 :
493 573 554 600 Non
577 574 729 600 mandalum
752 582 844 600 novttm
857 574 891 600 do
913 574 994 606 vobis,
1011 574 1056 601 sed

274 624 426 649 mandatum
443 625 524 652 vetus,
537 620 606 654 quod
620 619 652 646 ab
670 619 747 654 167
759 620 833 646 initio
847 620 959 647 audiuit
975 620 1053 656 (ω’).

275 665 378 693 Idcirco
393 665 486 692 eadem
504 665 538 692 ab
551 672 584 691 eo
600 665 712 691 edoctus
724 665 818 691 beatus
833 665 971 699 apostolus
985 664 1056 692 Pau-

275 711 328 744 lus,
344 719 404 738 cum
420 711 512 737 munia
530 709 712 736 ecclesiastica
742 710 939 744 praescriberet,
968 710 1056 738 noluit

274 757 401 783 diaconos
410 756 546 790 multoque
556 755 643 782 minus
659 755 799 789 episcopos
810 754 942 790 bilingues
952 763 1012 784 esse
1020 756 1052 785 ".

273 802 340 830 Cum
353 807 442 829 autem
457 802 526 829 idem
539 801 649 829 Galatas
659 802 822 836 obiurgaret,
833 801 979 836 generatim
998 809 1054 829 rem

273 850 325 878 hoc
339 850 417 877 modo
441 849 583 877 deﬁnivit:
611 850 642 878 Si
664 851 722 885 quis
743 850 816 876 nobis
840 850 1053 885 evangeliuvm‘l

272 900 368 931 prwler
381 896 408 922 id
423 897 494 931 quod
508 897 656 931 accepistis,
671 896 810 923 anathema
833 897 878 928 sit,
901 898 966 923 sicut
983 904 1052 930 pne-

273 942 328 968 ιίίῑὶ
341 946 364 967 ει
379 942 471 968 iterum
497 942 567 968 dico.
592 941 644 968 Sed
669 941 727 968 licet
753 949 810 973 nos,
829 947 874 968 aut
898 942 1007 977 angelus
1022 943 1054 968 de

272 987 336 1014 malo
353 987 511 1022 evangelise!
536 987 605 1013 vobis
629 993 723 1021 pra-ter
752 988 779 1014 id
794 988 864 1022 quod
895 989 1029 1022 accepistis
1044 1009 1052 1020 ,

271 1032 412 1059 anathema
429 1033 461 1058 sit
479 1031 513 1059 “.
527 1032 591 1064 Qua:
607 1040 667 1059 cum
681 1032 716 1059 ita
734 1032 873 1060 denuntiet
894 1033 1030 1067 apostolus
1042 1052 1050 1064 ,

271 1079 312 1106 vel
331 1078 369 1105 illi
384 1079 466 1113 igitur
477 1078 643 1105 Eusebianos
658 1079 715 1113 qui,
731 1083 834 1106 mutata
843 1080 987 1111 sententia,
999 1079 1051 1106 alia

271 1131 344 1152 nunc
356 1124 452 1151 docent
467 1131 547 1158 quatit
557 1123 654 1158 quibus
667 1123 862 1158 subscripsere,
879 1125 1052 1151 anathemate

271 1170 446 1206 percutiant:
465 1172 512 1196 aut
539 1168 562 1196 si
589 1174 738 1204 agnoscant
756 1174 828 1196 recte
847 1169 907 1196 illos
933 1170 1051 1197 subscri-

270 1214 366 1250 psisse,
382 1215 510 1242 adversus
524 1218 624 1241 tantam
638 1214 769 1249 synodum
795 1214 919 1241 desinant
942 1215 1050 1242 tandem

269 1260 429 1294 obgannire.
449 1260 524 1294 Quod
540 1261 563 1288 si
580 1265 704 1288 neutrum
727 1260 810 1288 velint
825 1268 921 1295 agere,
944 1267 1049 1289 certum

269 1306 320 1333 erit
338 1310 526 1341 argumentum
541 1305 601 1333 illos
614 1306 688 1333 omni
701 1311 783 1334 vento
795 1311 822 1333 et
836 1306 917 1333 llnctu
929 1307 1049 1334 circum-

269 1350 345 1383 ferri,
361 1357 448 1385 neque
471 1351 588 1385 propriis
610 1350 657 1378 sed
681 1350 776 1378 alienis
801 1351 863 1378 duci
881 1352 1022 1379 sententiis
1041 1360 1048 1378 :

268 1396 312 1431 qui
327 1396 350 1423 si
363 1396 431 1423 tales
456 1396 564 1428 fuerint,
580 1403 667 1431 neque
693 1397 774 1423 etiam
789 1404 860 1423 nunc
874 1404 934 1424 cum
958 1397 1050 1432 hujus-

269 1443 339 1470 modi
351 1447 489 1478 opponunt
501 1443 620 1471 rationes
632 1443 684 1470 ulla
701 1443 752 1470 lide
761 1444 831 1478 digni
846 1449 907 1470 sunt
920 1443 1047 1472 habendi.

267 1489 336 1522 Quin
361 1496 425 1524 ergo
441 1489 530 1524 potius
549 1497 580 1517 ea
601 1497 660 1524 qua:
677 1490 803 1525 ignorant
825 1494 932 1517 cessent
955 1490 1049 1518 crimi-

267 1535 326 1562 nari
341 1544 349 1562 :
373 1535 444 1562 forte
459 1535 530 1563 enim
557 1535 621 1570 quid
645 1543 737 1563 verum
749 1535 794 1570 sit,
810 1536 933 1564 nesciunt
945 1537 1048 1564 discer-

267 1587 341 1612 nere,
357 1581 404 1608 sed
429 1581 528 1608 malum
541 1580 667 1615 imperite
680 1589 711 1608 ac
729 1585 830 1608 temere
844 1582 978 1616 appellant
1000 1582 1048 1609 bo-

266 1634 329 1653 tmm
346 1648 352 1659 ,
379 1631 405 1653 et
437 1628 535 1654 bonum
555 1627 655 1654 ntalum
681 1636 688 1655 :
716 1635 838 1654 amarum
879 1627 959 1655 dulce
988 1634 1049 1655 esse

267 1672 443 1704 arbitrantur,
453 1678 480 1700 et
492 1673 570 1701 dulce
584 1681 707 1701 amarum
724 1674 759 1700 ἰ.
775 1674 842 1702 Hinc
856 1678 930 1702 certe
943 1681 1002 1709 quae
1018 1678 1048 1701 ut

266 1719 334 1746 inata
347 1718 466 1752 iudicata
482 1724 546 1747 sunt
559 1724 586 1748 et
597 1721 751 1755 reprobata,
768 1728 798 1748 ea
813 1721 849 1748 illi
871 1721 924 1748 vim
947 1721 1047 1747 habere

265 1765 378 1793 velunt:
405 1772 465 1800 qum
477 1769 566 1793 autem
593 1770 667 1794 recte
689 1771 750 1793 sunt
763 1767 882 1799 decreta,
899 1766 1046 1800 reprelien-

267 1812 329 1838 dere
357 1812 490 1838 nituntur.
518 1811 590 1839 Sane
619 1819 669 1840 nec
694 1811 795 1846 aliquid
810 1811 950 1846 ampliusa
966 1810 1045 1838 nobis

264 1862 337 1884 esset
353 1857 517 1889 addendum,
536 1857 578 1885 vel
595 1857 629 1884 ad
641 1857 685 1884 illa
699 1857 876 1888 defendenda,
891 1856 932 1884 vel
949 1857 981 1883 ad
997 1863 1043 1883 va—

264 1903 306 1929 nis
318 1910 410 1930 eorum
423 1902 573 1930 rationibus
583 1903 812 1937 respondendum;
826 1910 875 1930 nec
884 1902 919 1929 illi
935 1909 1045 1937 quoque

263 1948 351 1974 adhuc
375 1947 504 1974 deberent
529 1949 708 1981 contendere,
724 1949 770 1975 sed
785 1948 873 1982 potius
891 1947 932 1974 liis
948 1955 1043 1974 assen-

263 1993 308 2020 tiri
327 1993 423 2027 quibus
442 2001 497 2020 sua:
510 1993 622 2020 haeresis
632 1994 715 2021 duces
729 1994 924 2028 subscripsere.
951 1998 1041 2028 utpote

262 2039 307 2074 qui
325 2047 377 2066 non
391 2039 525 2073 ignorent,
543 2047 603 2067 eam
617 2048 677 2074 qua:
702 2044 793 2067 secuta
811 2044 853 2067 est
875 2039 1044 2067 Eusebiano~

262 2093 321 2112 rum
339 2085 525 2118 mutationem,
536 2091 690 2120 suspectam
706 2093 737 2113 ac
754 2085 953 2113 fraudulentam
969 2093 1039 2113 esse.

262 2129 337 2162 Quod
351 2130 422 2157 enitn
437 2130 647 2164 subscripserint
661 2135 802 2165 postquam
825 2130 920 2158 saltem
935 2138 964 2158 se
981 2131 1042 2158 bre-

261 2176 330 2203 viter
348 2181 493 2211 potuerunt
506 2176 661 2209 defendere,
693 2177 743 2203 hoc
761 2178 847 2210 ipsum
862 2177 940 2211 plane
960 2181 1041 2204 testa-

1110 250 1218 278 λαττεν·
1247 251 1265 278 ἃ.
1288 251 1316 277 δέ
1337 251 1462 286 Ἀϐραὰμ
1484 251 1626 286 ἐφύλαττε,
1653 253 1740 280 ταῦτα
1766 253 1828 279 Νῶε
1849 254 1898 280 καὶ

1115 295 1201 331 Ἑνὼχ
1214 296 1372 330 ἐγίνωσκον,
1383 297 1566 332 διακρίνοντες
1579 297 1634 332 (59)
1649 297 1758 333 καθαρὰ
1775 298 1822 325 καὶ
1832 298 1898 325 ἀκά-

1109 343 1207 379 θαρτα,
1226 344 1273 370 καὶ
1288 344 1429 380 εὐάρεστοι
1453 345 1591 380 γινόμενοι
1606 343 1644 380 τῷ
1667 344 1735 380 Θεῷ.
1763 344 1818 371 Καὶ
1841 345 1897 381 γὰρ

1107 389 1155 416 καὶ
1165 389 1247 415 ’Δσελ
1266 389 1352 422 οὕτως
1375 390 1576 426 ἐμαρτύρησεν,
1600 390 1781 426 ἐπιστάμενος
1797 390 1895 422 ταῦτα,

1108 435 1180 471 ἅπερ
1194 433 1228 470 ἦν
1244 435 1336 470 μαθὼν
1351 436 1426 472 παρὰ
1439 436 1494 472 (40)
1509 436 1557 463 τοῦ
1572 436 1666 472 Ἀδάμ,
1689 435 1735 462 τοῦ
1750 437 1797 463 καὶ
1813 436 1895 463 αὑτοῦ

1109 481 1239 516 μαθόντος
1262 481 1337 517 παρὰ
1362 482 1475 518 Κυρίου,
1493 482 1523 514 ὃς
1539 483 1596 515 καὶ,
1622 482 1668 509 ἐπὶ
1689 482 1828 518 συντελείᾳ
1841 482 1896 509 τῶν

1107 527 1212 554 αἰώνων
1227 526 1311 554 ἐλθὼν
1336 528 1376 559 είς
1393 527 1520 563 ἀθέτησιν
1535 528 1584 564 τῆς
1607 527 1754 564 ἁμαρτίας,
1781 528 1873 562 ἔλεγεν
1885 536 1892 543 ·

1104 573 1164 600 οὐκ
1177 571 1307 606 ἐντολὴν
1325 572 1433 607 καινὴν
1455 573 1559 608 δίδωμι
1581 573 1662 608 ὑμῖν,
1676 573 1744 601 ἀλλ’
1762 573 1895 606 ἐντολὴν

1106 617 1248 649 παλαιὰν,
1257 617 1298 651 ἦν
1304 617 1455 651 ἠκούσατε
1461 619 1511 646 ἀπ’
1521 617 1616 652 ἀρχῆς
1628 618 1693 655 (40).
1701 619 1750 646 Διὰ
1757 618 1836 646 τοῦτο
1848 619 1894 646 καὶ

1105 663 1119 690 ό
1136 663 1200 699 παρ’
1216 663 1298 690 αὑτοῦ
1316 662 1408 699 μαθὼν
1427 665 1441 691 ό
1461 665 1596 699 μακάριος
1610 664 1756 697 ἀπόστολος
1775 664 1893 696 Παῦλος,

1104 708 1139 735 τὰ
1155 708 1204 744 μὲν
1223 708 1437 743 ὲκκλησιαστικὰ
1451 709 1664 742 διαωπῶν,οὺδέ
1680 709 1818 742 διακόνους
1830 710 1894 745 ἠθέ-

1105 755 1186 790 λησεν
1203 753 1274 782 εἶναι
1289 754 1422 789 διλόγους,
1437 756 1534 790 μήτιγε
1551 755 1608 792 (Μ)
1630 756 1810 788 ἐπισκόπους·
1836 759 1893 789 τοῖς

1104 801 1132 828 δὲ
1146 800 1279 832 Γαλάταις
1290 800 1475 836 ἐπιπλήττων,
1490 801 1649 836 ἀπεφήνατο
1660 801 1774 828 καθόλου
1785 801 1872 836 λέγων
1883 808 1890 816 ·

1105 848 1142 875 ει
1160 856 1206 881 τις
1223 846 1303 882 ὑμᾶς
1323 845 1539 882 εὐαγγελίζεται
1562 849 1630 881 παρ’
1656 847 1672 874 ὃ
1700 848 1891 882 παρελάϐετε,

1070 879 1089 906 Β
1103 879 1234 928 ἀνάθεμα
1243 879 1334 925 ἔστω,
1456 879 1627 927 προείρηκα,
1640 894 1688 920 καὶ
1700 879 1792 922 πιέζειν
1803 879 1892 930 λένωί

1110 939 1197 966 Ἀλλὰ
1210 939 1258 966 καὶ
1274 939 1328 966 ἐὰν
1340 938 1424 973 ἡμεῖς
1436 938 1454 973 ἣ
1472 938 1598 973 ἄγγελος
1612 939 1645 971 ἐξ
1662 939 1792 974 οἰψανοῦ
1806 942 1893 975 εὐαγ-

1103 985 1259 1020 γελίσηται
1292 984 1370 1020 ὑμᾶς
1399 985 1466 1018 παρ’
1491 985 1507 1011 ὃ
1537 985 1728 1019 παρελάὸετε,
1759 985 1892 1021 ἀνάθεμα

1102 1030 1189 1058 ἔστω.
1202 1030 1255 1057 Τοῦ
1271 1030 1360 1057 τοίνυν
1382 1030 1543 1057 Ἀποστόλου
1557 1030 1643 1058 ταῦτα
1663 1032 1798 1066 λέγοντος,
1813 1033 1830 1067 ἢ
1845 1032 1893 1059 καὶ

1101 1074 1174 1104 οὗτοι
1187 1077 1250 1108 τοὺς
1266 1076 1329 1111 περὶ
1344 1076 1472 1104 Εὑσέϐιον
1486 1077 1735 1112 μεταϐαλλομένους
1747 1079 1792 1105 καὶ
1803 1079 1894 1112 λέγον-

1101 1131 1150 1154 τας
1166 1122 1246 1157 ἔτερα
1259 1122 1334 1158 παρὰ
1345 1122 1380 1149 τά
1392 1122 1563 1158 ὑπέγραψαν,
1581 1122 1705 1158 ἀνάθεμα
1719 1123 1890 1150 ποιείτωσαν·

1101 1166 1118 1202 ἢ
1139 1167 1162 1193 εί
1184 1166 1364 1200 γινώσκουσιν
1383 1166 1483 1200 αὐτοὺς
1499 1167 1588 1199 καλῶς
1611 1167 1832 1203 ὑπογράψαντας,
1854 1168 1892 1204 μὴ

1101 1212 1310 1246 γογγυζέτωσαν
1325 1213 1395 1239 κατὰ
1408 1213 1457 1248 τῆς
1481 1213 1646 1249 τηλικαύτης
1670 1214 1789 1240 συνόδου.
1816 1214 1846 1240 Εἰ
1862 1214 1891 1240 δέ

1103 1260 1173 1295 μήτε
1185 1259 1265 1286 τοῦτο
1282 1259 1350 1295 μήτε
1368 1261 1455 1294 ἐκεῖνο
1469 1260 1586 1294 ποιοῦσι,
1596 1260 1671 1296 δῆλοί
1687 1260 1740 1288 alat
1755 1261 1802 1288 καὶ
1813 1260 1892 1288 αὐτοὶ

1101 1305 1182 1332 παντὶ
1193 1304 1288 1340 ἀνέμῳ
1298 1306 1345 1332 καὶ
1359 1305 1471 1333 κλύδωνι
1484 1305 1704 1342 περιφερόμενοι,
1714 1307 1761 1333 καὶ
1779 1307 1816 1341 μὴ
1829 1307 1892 1338 ταῖς

1102 1351 1191 1383 ίδίαις,
1207 1350 1275 1378 ἀλλὰ
1289 1351 1444 1388 ἀλλοτρίαις
1461 1352 1602 1388 ἑλκόμενοι
1623 1352 1746 1388 γνώμαις
1756 1361 1762 1368 ·
1776 1352 1890 1380 τοιοῦτοι

1099 1396 1128 1422 δέ
1141 1396 1297 1429 ὅντες,οὑδέ
1324 1397 1381 1429 νῦν,
1400 1397 1527 1429 τοιαύτας
1550 1398 1760 1434 προϐαλλόμενοι
1782 1397 1890 1433 προφά-

1100 1449 1167 1472 σεις,
1183 1441 1334 1473 ὰξιόπιστοί
1348 1442 1425 1468 εἰσιν.
1442 1441 1524 1469 Ἀλλὰ
1537 1443 1583 1470 καὶ
1600 1443 1777 1469 παυέσθωσαν
1798 1441 1890 1469 αἰτιώ-

1101 1495 1175 1522 μενοι
1187 1486 1205 1514 ἃ
1219 1487 1256 1523 μὴ
1270 1487 1431 1522 γινώσκουσι
1441 1496 1447 1502 ·
1461 1488 1531 1523 τάχα
1544 1488 1571 1515 δέ
1585 1488 1644 1515 ούδέ
1659 1488 1805 1524 διακρίνειν
1818 1488 1888 1514 είδὸ-

1099 1540 1154 1566 τες,
1167 1533 1259 1564 ἁπλῶς
1268 1533 1297 1560 τὸ
1309 1534 1359 1569 μὲν
1374 1534 1490 1570 πονηρὴν
1501 1534 1609 1568 λέγουσι
1620 1535 1711 1567 καλὸν,
1725 1535 1756 1561 τὸ
1768 1535 1796 1561 δέ
1807 1534 1888 1561 καλὸν

1102 1579 1234 1614 πονηρόν·
1256 1579 1303 1606 καὶ
1316 1579 1456 1614 νομίζουσι
1475 1580 1505 1606 τὸ
1526 1580 1575 1615 μὲν
1592 1580 1689 1616 πικρὸν
1706 1578 1776 1607 εἶναι
1791 1579 1887 1614 γλυκὺ,

1102 1625 1131 1652 τὸ
1143 1625 1171 1652 δέ
1187 1625 1272 1659 γλυκὺ
1290 1625 1397 1661 πικρόν.
1420 1626 1528 1661 ’Δμέλει
1543 1626 1577 1652 τὰ
1599 1627 1648 1661 μὲν
1663 1626 1790 1662 κριθέντι
1813 1626 1887 1653 κακὰ

1101 1670 1148 1696 καὶ
1157 1669 1409 1705 άποδοκιμασθέντα
1422 1673 1530 1707 κρατεῖν
1545 1671 1675 1703 ἐθέλουσι,
1696 1672 1731 1698 τὰ
1746 1671 1774 1697 δὲ
1795 1671 1886 1703 καλῶς

1100 1714 1240 1750 ὁρισθέντα
1257 1715 1394 1750 βιάζονται
1419 1716 1580 1743 διαὸάλλειν.
1597 1716 1670 1743 Ἔδει
1697 1716 1746 1752 μὲν
1770 1716 1824 1751 (-52)
1839 1714 1888 1743 οὖν

1101 1759 1164 1795 μήθ’
1179 1761 1251 1796 ἡμᾶς
1271 1760 1311 1787 ἔτι
1328 1761 1388 1788 τινὰ
1405 1761 1506 1788 τούτων
1522 1762 1654 1796 ἀπόλογον
1673 1762 1818 1794 ποιεῖσθαι,
1838 1762 1886 1789 καὶ

1100 1806 1167 1842 πρὸς
1189 1806 1238 1838 τὰς
1259 1807 1376 1842 ματαίας
1395 1807 1484 1834 αὐτῶν
1505 1808 1656 1843 προφάσεις
1678 1807 1884 1843 ἀποκρίνεσθαι,

1100 1852 1161 1887 μήτ’
1174 1852 1293 1883 ἐκείνους
1314 1852 1354 1878 ἔτι
1378 1852 1548 1887 φιλονεικεῖν,
1567 1852 1634 1880 ἀλλὰ
1651 1852 1822 1880 συντίθεσθαι
1843 1851 1885 1884 οἷς

1099 1897 1261 1933 ὑπέγραψαν
1277 1898 1301 1924 οί
1309 1898 1442 1934 ἡγεμόνες
1453 1899 1503 1934 τῆς
1514 1898 1646 1933 αἱρέσεως
1659 1899 1757 1932 αὐτῶν,
1768 1899 1883 1932 εἰδότας,

1097 1943 1134 1974 ὡς
1149 1944 1165 1978 ἡ
1179 1943 1229 1978 μὲν
1245 1943 1314 1978 μετὰ
1328 1944 1414 1971 ταῦτα
1435 1943 1570 1980 μεταϐολὴ
1593 1944 1647 1970 τῶν
1667 1945 1732 1980 περὶ
1754 1944 1885 1971 Εὐσέϐιον

1098 1989 1217 2022 ὕποπτός
1230 1990 1288 2016 ἐστι
1305 1991 1353 2017 καὶ
1368 1991 1522 2026 κακοήθης·
1545 1990 1576 2017 τὸ
1596 1990 1624 2017 δέ
1641 1990 1797 2026 ὑπογράψαι
1814 1991 1883 2026 μετὰ

1095 2033 1126 2060 τὸ
1153 2034 1296 2070 δυνηθῆναι
1322 2035 1373 2062 κᾶν
1396 2035 1427 2062 τὸ
1457 2036 1623 2072 βραχύτατον
1647 2036 1881 2072 ἀπολογήσασθαι,

1095 2079 1174 2106 τοῦτο
1185 2080 1318 2108 δείκνυσιν
1330 2081 1437 2117 άληθῶς
1449 2082 1534 2117 ἀσεϐῆ
1549 2083 1596 2118 τὴν
1611 2082 1749 2118 ’Δρειανὴν
1766 2083 1881 2118 αἵρεσιν.

1095 2126 1151 2152 Καὶ
1167 2125 1220 2161 γὰρ
1235 2127 1266 2153 οὺ
1282 2127 1337 2162 (45)
1356 2128 1488 2164 πρότερον
1509 2128 1679 2164 ὑπέγραψαν,
1697 2130 1722 2155 εἰ
1740 2129 1778 2164 μὴ
1801 2130 1882 2162 κατέ-

1095 2179 1200 2204 γνωσαν
1213 2172 1296 2207 αὐτῆς
1307 2181 1313 2188 ·
1337 2175 1384 2200 καὶ
1397 2174 1427 2201 οὐ
1451 2175 1582 2210 πρότερον
1599 2174 1784 2208 κατέγνωσαν,
1800 2175 1824 2201 εἰ
1842 2174 1881 2210 μὴ

262 2226 304 2248 ιιιι·
320 2229 399 2256 quam
414 2222 495 2256 impia
512 2222 545 2249 sit
559 2222 657 2248 Ariana
675 2222 794 2249 haeresis.
819 2221 874 2250 Nec
891 2223 962 2249 cnitn
977 2223 1041 2250 sub-

1100 2218 1262 2253 πανταχόθεν
1281 2219 1468 2256 ἀπορήσαντες
1488 2220 1670 2256 ᾐσχύνθησαν.
1687 2222 1767 2247 ’Ὥστε
1783 2221 1813 2247 τὸ
1833 2229 1881 2256 με,

260 2266 443 2300 scripsissent,
459 2267 510 2293 nisi
529 2267 605 2301 prius
626 2266 696 2293 illam
720 2267 844 2294 haeresim
861 2268 1040 2295 condemnas-

259 2317 330 2342 sent.
344 2319 392 2338 nec
412 2312 652 2346 condemnassent,
672 2313 722 2341 nisi
748 2320 795 2341 eos
814 2314 932 2348 undique
959 2314 1038 2341 ιιωεὶ-

260 2362 346 2384 tantes
373 2358 458 2392 pudor
479 2358 512 2386 ad
531 2358 556 2385 id
587 2359 718 2394 agendum
739 2359 881 2394 coegisset.
904 2358 1038 2392 Quocirca

260 2402 365 2430 illorum
389 2405 574 2437 commutatio,
593 2405 702 2432 evidens
719 2409 761 2432 est
783 2405 912 2432 indicimn
928 2413 984 2433 sua:
1010 2405 1037 2432 in

258 2448 396 2483 impietate
407 2449 572 2477 defendenda
588 2450 751 2485 pertinaciae.
764 2449 826 2478 lllos
849 2451 940 2486 igitur,
959 2452 1037 2478 sicuti

258 2493 358 2520 dictum
374 2499 425 2527 est,
440 2500 579 2529 prtestaret
592 2496 750 2529 quiescere:
765 2502 858 2522 verum
873 2495 1039 2530 quandoqui‘

1093 2265 1271 2292 ταδάλλεσθαι
1291 2266 1342 2301 τῆς
1368 2267 1408 2298 είς
1433 2267 1560 2294 ἀσέϐειαν
1586 2267 1751 2302 φιλονεικίας
1771 2267 1880 2303 ἔλεγχός

1093 2311 1161 2338 ἐστι.
1190 2311 1236 2338 Διὸ
1259 2312 1312 2338 ἔδει
1330 2313 1389 2348 μὲν,
1407 2313 1534 2349 καθάπερ
1562 2313 1680 2350 εἴρηται,
1699 2314 1744 2340 καὶ
1768 2313 1879 2345 τούτους

1091 2357 1220 2392 ἡρεμείνο
1237 2357 1370 2393 ἐπειδὴδὲ
1385 2358 1467 2384 δεινοὶ
1481 2358 1548 2393 πρὸς
1560 2358 1880 2393 ἀναιηυντίανεὶσὶ,καὶ

1091 2404 1244 2439 νομίζουσιν
1255 2405 1320 2436 ἴσως
1335 2406 1412 2432 αὐτοὶ
1428 2405 1527 2441 μᾶλλον
1544 2406 1656 2432 ἐκείνων
1669 2405 1798 2433 δύνασθαι
1811 2414 1864 2441 προ

1092 2451 1186 2485 στῆναι
1201 2451 1250 2485 τῆς
1264 2450 1419 2487 διαδολικῆς
1438 2451 1538 2487 ταύτης
1554 2451 1695 2483 ἀσεϐείας·
1711 2452 1736 2478 εί
1752 2452 1798 2478 καὶ
1809 2451 1879 2485 φθά-

1092 2504 1141 2528 σας
1155 2496 1199 2522 διὰ
1223 2496 1274 2531 τῆς
1294 2497 1428 2532 προτέρας
1444 2497 1587 2532 ἐπιπολῆς
1613 2497 1668 2532 (44)
1689 2497 1739 2532 τῆς
1762 2497 1830 2532 πρὸς
1852 2497 1881 2523 σὲ

293 2578 349 2598 ’³-¹¹
367 2577 470 2606 lJoan.
491 2586 520 2611 ιι,
541 2578 566 2605 7.
613 2578 659 2604 "l
676 2578 746 2605 Tim.
762 2586 802 2612 ιιι,
816 2578 843 2605 8.
881 2578 973 2606 "Gal.
993 2586 1011 2611 ι,
1025 2579 1042 2606 9

1133 2579 1162 2615 ’⁸,
1171 2579 1222 2606 lsa.
1237 2586 1262 2611 ν,
1275 2579 1320 2606 20.

289 2657 346 2693 (59)
354 2657 430 2693 iReg.
437 2677 444 2689 ,
459 2656 657 2693 διακρίναντες.

290 2691 344 2728 (60)
354 2692 391 2728 Ita
403 2694 446 2720 hic
459 2697 487 2728 et
500 2691 561 2719 mox
578 2692 656 2728 Reg”
670 2691 778 2728 ubi‘alii
790 2697 818 2719 et
831 2692 908 2723 editi.
920 2692 984 2728 ams.

289 2725 358 2762 (40‘)
371 2727 433 2754 Hinc
448 2735 463 2754 ιι
476 2727 579 2762 Joanne
597 2725 699 2760 scripta
715 2725 744 2753 ὃ.
754 2727 918 2762 élltanasius
927 2727 1035 2754 Christo

254 2761 447 2790 aceominodat.
463 2762 546 2789 Verba
561 2761 672 2788 Joannis
685 2767 747 2787 sunt
760 2761 808 2796 Ep.
829 2762 849 2793 Ι,
863 2770 923 2796 cap.
947 2770 976 2790 tt.
997 2762 1012 2788 7
1027 2771 1035 2791 :

252 2799 307 2824 υὺκ
322 2797 430 2832 ἐντολὴν
450 2796 544 2832 καινὴν
556 2797 653 2832 γράφω
673 2797 753 2832 ὑμῖν,
769 2797 824 2823 ἀλλ’
846 2796 955 2832 ἐντολὴν
980 2806 1031 2823 πα-

250 2833 312 2858 αιάν
323 2833 357 2867 ἢν
367 2831 442 2866 ἔχετε
458 2833 504 2858 ἀπ’
524 2831 611 2867 ἀρχῆς
622 2841 628 2846 ·
640 2832 656 2866 ἡ
670 2831 762 2867 ἐντολὴ
774 2833 790 2866 ἡ
808 2832 910 2859 παλαιά
926 2831 1000 2858 ἔστιν
1016 2833 1030 2858 ό

249 2867 310 2901 όγος
329 2865 358 2893 ὃν
369 2865 501 2902 ﬁmum
519 2865 673 2902 ἀπίάρχῆς.
683 2865 745 2894 Non
758 2865 914 2895 niuiulutum
934 2875 1027 2895 novum

1092 2658 1177 2684 scribo
1189 2659 1272 2690 vobis,
1290 2658 1335 2685 sed
1348 2658 1500 2685 mandatum
1514 2662 1584 2684 velut
1602 2658 1672 2692 quod
1688 2658 1818 2685 habuisti:
1848 2659 1880 2684 ab

1092 2693 1185 2720 initio:
1200 2694 1355 2720 mandatum
1380 2698 1452 2719 ιιειιιι
1463 2697 1500 2719 ut
1516 2693 1619 2718 verbum
1634 2694 1704 2726 quod
1715 2694 1838 2721 audistis.

1126 2727 1181 2760 (Al)
1198 2728 1242 2755 Sic
1260 2728 1325 2762 ltcg.
1341 2727 1411 2754 Editi
1425 2735 1490 2754 vero
1503 2732 1530 2754 et
1543 2727 1732 2763 ξιΙιί,μήτοιγε.

1125 2763 1181 2797 (42)
1199 2764 1243 2790 Sic
1257 2763 1323 2796 Reg.
1338 2762 1471 2790 Atcteteri
1480 2767 1507 2789 et
1520 2762 1584 2789 editi
1598 2762 1648 2797 μέν
1661 2764 1790 2791 omittunt

1125 2798 1181 2834 (ιδ)
1207 2798 1285 2834 Deest
1304 2798 1334 2823 οὺ
1366 2798 1392 2823 in
1416 2797 1482 2824 edit.
1506 2797 1636 2834 Commel.
1661 2803 1687 2826 et
1713 2798 1739 2826 iu
1756 2799 1874 2834 septimo

1085 2831 1258 2859 Fulcluuanui
1278 2833 1465 2867 manuscriplo
1477 2833 1579 2859 codice.

1122 2866 1176 2903 (Η)
1191 2867 1248 2895 Non
1259 2867 1312 2902 jam
1323 2872 1413 2896 exstat
1422 2866 1487 2896 haec
1501 2867 1624 2903 cpistola.
