2018 3048
223 175 226 179 -
267 158 320 188 I35

267 217 330 244 dum
345 215 477 248 dictitant,
491 216 551 244 talis
567 218 623 245 fore
635 219 826 253 praecognitus,
837 219 915 246 simul
927 224 956 247 ut
967 224 1046 247 natus
1060 224 1082 251 Α

268 266 319 294 est.
331 262 393 288 Filii
409 270 505 289 nomen
523 263 655 298 bnjusque
666 265 782 292 nominis
796 266 877 292 decus
893 265 1044 300 acceperit:

267 313 357 335 tamen
375 308 439 335 nihil
467 308 538 335 inter
552 317 613 336 eum
631 315 659 336 et
687 310 748 337 illos
772 311 896 338 intererit
918 311 964 345 qui
987 315 1048 345 post

266 353 322 387 ipsa
333 360 413 393 opera
429 355 522 382 eodem
540 355 649 387 nomine
661 362 724 383 sunt
740 357 851 392 dignati,
868 357 984 392 quandiu
993 358 1046 385 sci-

266 398 328 429 licet
340 399 397 433 ipse
409 407 468 427 eam
486 401 617 428 duntaxat
630 402 664 429 ob
679 409 788 429 causam
815 402 884 430 ﬁlius
909 410 968 430 esse
989 403 1045 430 exi-

266 445 432 474 stimabitur.
452 446 556 473 Etenim
572 448 670 480 Adam,
682 449 727 482 qui
743 449 857 483 gratiam
874 449 952 476 initio
970 456 1045 476 acce-

266 495 352 531 perat,
366 492 500 529 simulque
516 500 547 520 ac
564 499 642 521 natus
655 500 697 522 est
715 495 740 521 in
755 495 880 530 paradiso
904 495 953 522 iuit
967 495 1036 522 collo

265 541 352 568 catus,
369 537 436 564 nihil
448 537 592 566 diﬂ'erebat
612 540 644 567 ab
656 540 758 572 Enoch,
779 541 823 574 qui
838 541 943 568 nonnisi
958 540 1049 574 aliquo

264 588 406 623 postquam
423 589 502 612 natus
516 590 559 613 est
582 590 713 620 tempore,
734 594 793 614 cum
811 587 864 614 Deo
881 586 1048 622 placuisset,

264 629 409 658 translatus
421 631 480 664 fuit,
496 640 583 667 neque
607 633 671 660 item
691 634 725 661 ab
736 634 864 669 Apostolo
879 634 923 668 qui
942 638 969 660 et
987 633 1045 667 ipse

263 681 324 717 post
340 682 414 705 recte
428 678 498 705 facta
515 679 540 705 in
558 679 711 714 paradisum
735 685 777 707 est
797 684 905 715 raptus;
923 680 976 706 imo
994 685 1043 706 nec

549 159 577 188 s.
595 152 983 190 ΑτιιΑΝΑειιᾞίιΡΪΡΑιιε
1000 161 1022 190 t-.
1043 179 1077 183 —
1094 160 1278 190 HISTORICA
1297 160 1346 188 ET
1360 159 1571 189 DOGMATICA.

1848 159 1884 186 36

1097 219 1222 255 γενέσθαι
1244 219 1353 254 δέχηται
1366 218 1397 244 τό
1411 227 1440 244 τε
1456 218 1540 252 ὄνομα
1560 216 1606 242 καὶ
1621 216 1669 251 τὴν
1690 215 1734 242 τοῦ
1751 216 1885 251 ὀνόματος

1099 266 1191 298 δόξαν·
1206 265 1261 292 ἀλλ’
1276 265 1352 292 οὐδὲν
1367 265 1459 291 διοίσει
1476 264 1529 290 τῶν
1542 263 1609 298 μετὰ
1631 262 1679 294 τὰς
1692 262 1804 296 πράξεις
1816 263 1885 297 λαμ-

1100 312 1234 338 ϐανόντων
1254 311 1284 337 τὸ
1306 311 1406 345 ονομα,
1426 310 1477 341 ἕως
1496 309 1565 335 οὕτω
1588 309 1634 335 καὶ
1647 309 1727 339 αὐτὸς
1743 308 1799 339 υἱὸς
1814 306 1884 335 εἶναι

1101 356 1317 393 μεμαρτύρηται.
1342 355 1396 383 Καὶ
1418 355 1472 390 γὰρ
1499 354 1592 390 Ἀδὰμ,
1614 354 1812 389 προλαμϐάνων
1833 355 1882 389 τὴν

1099 404 1188 439 χάριν,
1212 403 1259 430 καὶ
1282 402 1339 437 ἅμα
1361 401 1398 436 τῷ
1418 401 1541 435 γενέσθαι
1570 399 1658 431 τεθεὶς
1678 399 1707 426 ἐν
1730 399 1769 434 τῷ
1792 408 1881 435 παραι-

1098 449 1187 483 δείσῳ,
1201 448 1276 474 οὐδὲν
1287 447 1427 483 διήνεγκεν
1458 446 1519 473 οὔτε
1548 445 1594 472 τοῦ
1632 446 1736 480 Ἑνὼχ,
1768 445 1797 476 ὃς
1815 445 1883 480 μετὰ

1099 493 1192 528 χρόνον
1206 492 1256 527 τῆς
1273 492 1406 526 γενέσεως
1420 491 1604 526 εὐαρεστήσας
1625 489 1722 524 μετέϐη
1734 509 1741 518 ,
1762 488 1824 515 οὕτε
1836 489 1883 514 τοῦ

1105 538 1264 565 Ἀποστόλου
1283 539 1328 564 καί
1343 537 1425 563 αὐτοῦ
1444 537 1511 571 μετὰ
1526 537 1575 568 τὰς
1588 535 1701 572 πράξεις
1715 535 1885 570 ἀρπαγέντος

1100 585 1139 616 είς
1151 584 1196 610 τὸν
1212 583 1384 618 παράδεισον,
1400 583 1524 609 ἀλλὀὑδὲ
1540 582 1585 609 τοῦ
1599 591 1663 608 ποτε
1675 581 1784 618 λῃστοῦ,
1798 581 1827 612 ὃς
1841 581 1884 606 διὰ

1097 630 1147 664 τὴν
1156 629 1298 665 ὁμολογίαν
1316 628 1479 663 ἐπαγγελίαν
1491 628 1585 655 ἔλασεν
1600 628 1680 658 εὐθὺς
1699 628 1738 659 είς
1759 627 1806 656 τὸν
1831 634 1884 652 πι-

1097 675 1218 710 ράδεισον
1235 674 1354 700 ἔσεσθαι.

262 723 343 753 etiam
357 725 392 752 ab
407 725 452 752 illo
467 726 581 759 latrone,
595 728 638 754 cui
650 728 685 754 ob
707 727 906 755 confessionem
930 726 1093 762 promissum
1109 727 1149 749 est
1170 723 1254 756 ipsum
1273 722 1400 748 continuo
1415 721 1439 747 in
1455 720 1580 755 paradiso
1595 719 1724 747 futurum.

298 770 325 797 7.
341 768 442 796 Verum
458 770 501 797 his
513 770 549 797 illi
565 772 740 798 vehementer
765 773 863 806 pressi,
885 773 954 799 idem
977 771 1046 798 forte
1063 772 1084 800 B

263 815 419 850 responsuri
447 820 520 847 sunt.
535 817 606 850 quod
622 824 693 851 szepe
720 817 912 844 erubescentes
936 816 1045 844 dictita-

262 867 344 896 runt:
361 872 370 888 ι
387 862 425 889 Ita
442 863 617 897 intelligimus
633 863 731 890 Filium
753 866 833 891 rebus
847 864 952 891 ueteris
968 868 1040 891 ante-

263 908 370 941 cellere,
385 909 491 936 ettideo
508 908 678 943 Unigenitum
695 909 757 942 dici,
780 911 851 943 quod
869 910 926 944 ipse
942 909 1015 936 solus
1030 919 1044 936 a

263 953 320 981 solo
333 952 388 980 Deo
402 953 489 981 factus
512 954 558 986 sit,
579 959 677 982 caetera
704 962 767 982 vero
793 956 882 982 omnia
896 963 909 980 a
929 955 982 982 Deo
999 962 1045 989 per

261 999 360 1034 Filium
382 998 549 1026 sintcreata.
563 1009 571 1025 I
590 999 667 1032 Quis,
686 1007 788 1035 quaeso,
810 1000 918 1027 stultam
935 1001 1004 1027 hanc
1019 1004 1045 1027 et

262 1051 358 1071 novam
378 1045 569 1079 cogitationem
587 1044 663 1071 vobis
678 1045 828 1080 suggessit,
853 1051 884 1072 ut
907 1045 1044 1072 aliirmetis

264 1091 351 1118 solum
368 1091 463 1125 Filium
478 1091 511 1118 ab
528 1092 585 1129 ipso
597 1091 653 1118 solo
675 1091 755 1120 Patre
768 1092 868 1119 factum
881 1091 974 1126 fuisse,
993 1100 1044 1119 em-

264 1139 321 1161 tera
337 1142 399 1162 vero
411 1136 501 1162 omnia
517 1143 564 1170 per
578 1135 676 1163 Filium
708 1141 838 1171 tanquam
859 1145 907 1172 per
926 1137 1043 1164 admini-

261 1185 347 1207 strum
367 1180 449 1209 fuisse
462 1182 611 1216 producta?
624 1181 652 1209 Si
670 1183 743 1209 enim
759 1190 814 1217 prae
828 1183 986 1210 lassitudine
997 1191 1042 1210 so-

261 1225 316 1252 lum
332 1225 429 1254 Filium
442 1227 560 1262 potuisse
573 1235 588 1254 a
603 1227 659 1255 Deo
681 1229 791 1263 produci
807 1228 893 1255 velitis
907 1237 913 1256 :
932 1229 988 1256 haec
1011 1230 1043 1256 de

261 1271 316 1298 Deo
345 1273 466 1306 cogitare
489 1273 600 1309 impium
625 1282 690 1301 sane
719 1275 814 1307 fuerit,
839 1275 956 1302 maxime
981 1283 1041 1302 cum

261 1316 356 1343 Isaiam
366 1317 497 1344 dicentem
509 1319 673 1345 audierimus
686 1327 692 1345 :
703 1318 771 1346 Deus
782 1319 962 1354 senzpilernus.
974 1320 1042 1347 Deus

259 1362 459 1396 quicomtrurit
476 1364 600 1390 terminus
623 1369 711 1395 terras,
729 1373 779 1390 non
794 1365 890 1392 esuriat
906 1374 985 1400 neque
1001 1366 1041 1391 la-

260 1408 372 1442 borabit,
384 1416 429 1435 nec
441 1413 479 1436 est
491 1410 657 1444 investigatio
676 1411 814 1444 sapientia:
826 1411 883 1446 ejus
901 1411 934 1437 ³⁸.
951 1411 1041 1446 Siqui-

260 1454 320 1483 dem
335 1454 393 1489 i-pse
408 1455 495 1489 potius
512 1456 595 1481 robur
609 1455 729 1490 impertit
744 1441 937 1488 esurieiitibus,
954 1461 981 1482 et
991 1441 1040 1490 per
1055 1441 1076 1470 ο

260 1507 337 1532 suum
355 1499 472 1534 Verbum
491 1501 647 1528 laborantes
665 1506 780 1530 recreat.
806 1501 853 1528 Sin
878 1509 942 1529 vero
970 1501 1040 1529 indi-

259 1553 341 1581 gnum
355 1546 444 1581 seipso
461 1553 521 1573 esse
536 1547 651 1580 putavit,
667 1554 698 1573 ea
725 1555 754 1574 se
768 1547 874 1575 ellicere
897 1556 956 1582 quae
983 1554 1044 1583 post

259 1593 356 1626 Filium
385 1598 448 1619 sunt
466 1593 596 1627 producta
609 1612 616 1623 .
643 1593 669 1620 id
685 1594 766 1620 etiam
785 1595 886 1628 absque
905 1596 1043 1630 impietate

259 1638 311 1665 dici
326 1645 378 1665 non
393 1642 491 1672 potest.
504 1637 558 1665 Nec
573 1639 643 1665 enim
658 1643 701 1666 est
716 1639 742 1665 in
763 1638 818 1666 Deo
831 1641 967 1674 superbia,
996 1643 1042 1677 qui

258 1689 286 1713 et
301 1684 357 1718 ipse
376 1691 436 1711 cum
452 1683 536 1711 Iacob
557 1684 583 1711 in
602 1683 748 1720 Egyptum
771 1685 908 1718 profectus
933 1692 984 1719 est,
1013 1679 1044 1714 et

258 1734 368 1764 propter
382 1729 518 1757 Abraham
531 1730 606 1757 Sane
621 1739 702 1758 causa
718 1731 874 1765 Abimelech
889 1733 1041 1768 castigavit.

258 1776 304 1810 qui
323 1776 392 1803 idem
410 1784 469 1803 cum
489 1776 590 1812 Moyse,
608 1778 716 1805 tametsi
732 1778 851 1810 homine,
868 1787 899 1806 os
913 1781 946 1806 ad
959 1787 989 1807 os
1001 1780 1041 1806 ln-

257 1822 401 1856 quebatur,
417 1827 445 1849 et
459 1823 486 1849 in
501 1828 619 1850 montem
633 1823 696 1850 Sina
715 1824 865 1851 descendit:
882 1833 914 1852 ac
927 1826 1043 1861 denique

257 1868 365 1895 occulta
382 1869 468 1902 gratia
492 1876 544 1903 qua
575 1870 701 1904 populum
720 1871 833 1904 adjuvit,
852 1871 952 1898 devicit
966 1872 1045 1900 Ama:

257 1913 308 1941 lec.
327 1913 427 1941 Verum
444 1914 510 1942 falsa
525 1916 580 1943 haec
594 1921 657 1943 sunt
673 1924 732 1951 qua;
743 1918 920 1951 propngnatis
940 1929 945 1944 :
959 1919 1042 1953 siqui-

258 1959 318 1987 dem
335 1959 390 1993 ipu
403 1959 464 1994 fecit
482 1969 528 1987 nos
540 1966 564 1987 et
576 1969 627 1987 non
643 1962 692 1995 ipsi
705 1970 752 1989 nos
761 1963 794 1988 ’⁵.
809 1962 867 1996 Ipse
877 1968 918 1990 est
934 1965 978 1998 qui
996 1972 1043 1998 per

258 2014 336 2033 suum
354 2007 470 2034 Verbum
486 2009 574 2035 omnia
592 2013 619 2036 et
632 2016 714 2043 parva
733 2013 760 2035 et
773 2017 868 2044 magna
885 2010 968 2038 fecit:
993 2018 1042 2039 nec

255 2060 302 2086 {es
312 2057 418 2083 creatas
438 2053 479 2081 fas
495 2060 536 2081 est
550 2054 672 2082 dividere
688 2055 724 2082 ita
741 2060 770 2082 ut
785 2056 907 2088 dicatur,
922 2057 974 2084 hoc
991 2056 1042 2084 Pa-

1132 769 1158 794 7.
1183 767 1252 793 Ἀλλ’
1272 769 1301 793 ὲν
1327 766 1432 797 τούτοις
1458 766 1616 800 διωκόμενοι
1644 765 1766 798 λέξουσιν
1790 764 1854 796 ἴσως
1870 764 1885 790 ὃ

1097 813 1227 844 πολλάκις
1244 813 1367 846 λέγοντες
1386 811 1559 847 ᾐσχύνθησαν
1570 819 1577 824 ·
1609 820 1618 835 ι
1634 810 1712 836 Οὕτω
1737 808 1884 844 νομίζομεν

1095 861 1141 885 τὸν
1159 860 1221 885 Υἱὸν
1249 859 1328 885 πλέον
1349 858 1420 893 ἔχειν
1443 857 1517 892 παρὰ
1539 857 1572 883 τὰ
1591 856 1667 888 ἄλλα,
1688 856 1735 882 καὶ
1750 856 1794 882 διὰ
1806 855 1885 881 τοῦτο

1095 907 1234 941 Μονογενῆ
1249 905 1386 940 λέγεσθαι,
1411 905 1450 931 ὅτι
1472 904 1549 939 μόνος
1567 903 1615 938 μὲν
1632 903 1712 934 αὐτὸς
1730 903 1781 929 ὑπὸ
1803 902 1884 938 μόνου

1095 952 1141 979 τοῦ
1161 953 1228 978 θεοῦ
1254 952 1358 985 γέγονε,
1380 950 1412 976 τὰ
1433 950 1454 976 δ’
1471 949 1537 976 ἄλλα
1554 950 1641 976 πάντα
1657 949 1732 984 παρὰ
1752 948 1798 975 τοῦ
1816 949 1884 976 Θεοῦ

1094 999 1138 1026 διὰ
1161 999 1206 1026 τοῦ
1222 998 1287 1024 Υεοῦ
1308 997 1449 1033 ἐκτίσθη.»
1472 996 1520 1028 Τίς
1545 996 1598 1031 ἄρα
1624 995 1726 1030 ταύτην
1747 996 1811 1030 ὑμῖν
1833 996 1884 1030 τὴν

1096 1045 1189 1081 μωρὰν
1211 1044 1259 1070 καὶ
1282 1045 1376 1079 καινὴν
1394 1042 1514 1069 ἐπίνοιαν
1536 1041 1680 1074 ὑπέϐαλεν,
1704 1042 1748 1068 ἵνα
1770 1042 1882 1075 εἴπητε”

1095 1092 1145 1117 Τὸν
1163 1091 1211 1126 μὲν
1225 1091 1288 1117 Υὶὺν
1306 1091 1384 1126 μόνον
1409 1089 1488 1125 μόνος
1503 1090 1518 1115 ὁ
1530 1088 1624 1124 Πατὴρ
1641 1088 1810 1123 αὺτούργησε
1822 1108 1830 1120 ,
1849 1088 1886 1114 τὰ

1093 1137 1115 1163 δ’
1127 1137 1194 1164 ἄλλα
1205 1137 1293 1164 πάντα
1309 1136 1353 1163 διὰ
1368 1136 1414 1162 τοῦ
1429 1134 1491 1161 Υίοῦ
1507 1134 1617 1169 γέγονεν
1634 1134 1670 1166 ὡς
1686 1134 1718 1160 δι’
1728 1133 1864 1169 ὺπουργοῦ
1877 1142 1883 1164 ;

1094 1184 1124 1210 Εἰ
1142 1184 1191 1218 μὲν
1207 1183 1261 1218 γὰρ
1282 1182 1325 1209 διὰ
1342 1182 1371 1208 τὺ
1389 1182 1503 1216 κάμνειν
1525 1179 1645 1216 ἠρκέσθη
1668 1179 1746 1215 μόνον
1770 1180 1884 1214 αὐτουρ-

1095 1229 1178 1264 γῆσαι
1195 1230 1240 1255 τὸν
1254 1229 1316 1254 Υἱὺν
1344 1229 1358 1255 ὁ
1378 1228 1454 1259 Θεὸς,
1475 1227 1508 1253 τὰ
1528 1227 1549 1252 δ’
1565 1227 1630 1254 ἄλλα
1656 1226 1764 1252 οὐκέτιο
1786 1225 1883 1256 ἀσεϐὲς

1093 1275 1204 1301 τοιαῦτα
1232 1275 1296 1312 περὶ
1321 1274 1368 1300 τοῦ
1394 1273 1461 1300 Θεοῦ
1486 1273 1651 1307 λογίζεσθαι,
1685 1272 1800 1307 μάλιστα
1819 1272 1884 1302 τοὺς

1091 1321 1259 1353 ἀκούσαντας
1276 1321 1385 1347 Ἡσαΐου
1403 1320 1543 1353 λέγοντος
1558 1319 1628 1351 Θεὸς
1640 1317 1766 1351 αἰώνιος,
1780 1317 1851 1350 Θεὸς
1866 1319 1883 1344 ό

1092 1367 1322 1400 κατασκευάσας
1332 1367 1367 1393 τὰ
1378 1366 1454 1400 ἄκρα
1465 1365 1520 1399 τῆς
1531 1364 1594 1400 γῆς,
1605 1366 1640 1392 σὺ
1652 1364 1799 1397 πεινάσει,
1811 1363 1883 1390 οὐδὲ

1093 1414 1231 1441 κοπιίὶσει
1239 1414 1305 1448 (Si).
1313 1413 1382 1440 σὺδέ
1392 1404 1476 1447 ἐστιν
1482 1412 1635 1446 ἑξεύρεσις
1643 1410 1698 1444 τῆς
1708 1410 1882 1445 φρονήσεως

1093 1460 1196 1487 αὐτοῦ.
1211 1460 1266 1486 Καὶ
1286 1459 1340 1494 γὰρ
1362 1459 1462 1494 μᾶλλον
1479 1458 1559 1489 αὐτὸς
1572 1459 1628 1489 τοῖς
1646 1457 1759 1483 πεινῶσι
1775 1456 1881 1482 δίδωσιν

1096 1505 1181 1540 ἰσχὺν,
1198 1504 1245 1531 καὶ
1258 1504 1302 1530 διὰ
1318 1503 1363 1530 τοῦ
1377 1504 1463 1537 Λόγου
1479 1502 1560 1529 αὑτοῦ
1574 1502 1630 1537 (52)
1651 1503 1713 1533 τοὺς
1730 1501 1882 1536 κάμνοντας

1093 1551 1236 1577 ἀναπαύει.
1269 1551 1300 1576 Εἰ
1320 1550 1349 1576 δὲ
1373 1550 1410 1581 ὼς
1435 1550 1561 1576 ταπεινὸν
1576 1548 1730 1584 ἀπηξίωσεν
1745 1549 1825 1579 αὐτὸς
1847 1547 1881 1574 τὰ

1095 1596 1164 1632 μετὰ
1181 1596 1226 1622 τὸν
1241 1596 1306 1622 Υἱὸν
1320 1596 1504 1631 αὐτουργῆσαι
1515 1616 1521 1627 ,
1540 1595 1585 1622 καὶ
1603 1595 1682 1621 τοῦτο
1703 1595 1751 1629 μὲν
1772 1594 1880 1625 ἀσεϐές.

1093 1643 1149 1669 Οὐκ
1162 1642 1220 1669 ἐστι
1233 1642 1285 1678 γὰρ
1302 1642 1386 1677 τύφος
1400 1643 1428 1669 ἐν
1441 1642 1480 1677 τῷ
1495 1641 1553 1677 Θεῷ
1567 1662 1573 1674 ,
1591 1642 1620 1674 ὃς
1636 1650 1667 1675 γε
1685 1633 1752 1676 μετὰ
1765 1641 1812 1667 τοῦ
1830 1641 1882 1667 Ἰα-

1093 1688 1149 1715 κὼϐ
1161 1689 1200 1720 εἰς
1210 1688 1347 1723 Αἴγυπτον
1359 1688 1522 1723 κατέρχεται
1532 1688 1578 1714 καὶ
1590 1687 1633 1714 διὰ
1645 1687 1694 1723 μὲν
1703 1687 1749 1714 τὸν
1757 1687 1882 1722 ’Δὸραὰμ

1091 1734 1244 1771 διορθοῦται
1269 1735 1314 1761 τὸν
1337 1734 1480 1770 Ἀϐιμέλεχ
1507 1734 1587 1769 χάριν
1600 1734 1650 1769 τῆς
1668 1733 1785 1769 Σάρρας,
1801 1733 1838 1768 τῷ
1852 1733 1880 1759 δὲ

1093 1782 1195 1817 Μωῦσῇ
1215 1781 1348 1818 ἀνθρώπῳ
1365 1780 1421 1806 ὄντι
1441 1781 1528 1815 στόμα
1545 1779 1614 1806 κατὰ
1629 1780 1715 1814 στόμα
1732 1779 1815 1810 λαλεῖ,
1833 1780 1881 1805 καὶ

1092 1829 1130 1859 εἰς
1143 1828 1191 1862 μὲν
1206 1827 1236 1853 τὸ
1244 1829 1308 1854 Σινᾶ
1317 1828 1379 1863 ὄρος
1394 1827 1563 1862 κατέρχεται,
1579 1826 1618 1861 τῷ
1627 1826 1654 1852 δὲ
1668 1826 1723 1862 λαῷ
1740 1826 1882 1862 συνεπολές

1094 1883 1138 1909 μει
1155 1874 1275 1910 κρυφαία
1292 1874 1382 1909 χάριτι
1399 1873 1443 1900 τὸν
1462 1868 1594 1909 ’Ᾱμαλὴκε
1610 1873 1746 1899 Ψεύδεσθε
1764 1873 1792 1899 δὲ
1806 1874 1880 1908 ὅμως

1093 1921 1139 1947 καὶ
1153 1921 1232 1948 τοῦτο
1245 1921 1370 1954 λέγοντες
1382 1929 1389 1935 ·
1403 1920 1499 1956 Αὐτὸς
1512 1921 1566 1955 γὰρ
1578 1920 1723 1954 ἐποίησεν
1733 1919 1822 1955 ἡμᾶς,
1831 1920 1880 1947 καὶ

1092 1967 1149 2001 οὐχ
1175 1967 1274 2001 ἡμεῖς·
1294 1966 1374 2000 αὐτὸς
1394 1966 1423 1993 τέ
1445 1966 1518 1992 ἐστιν
1534 1967 1548 1993 ὁ
1568 1966 1611 1997 διὰ
1626 1966 1672 1992 τοῦ
1694 1967 1779 2001 Λόγου
1799 1966 1879 1993 αὐτοῦ

1091 2012 1125 2039 τὰ
1140 2013 1227 2040 πάντα
1244 2013 1278 2039 τά
1299 2021 1327 2038 τε
1348 2012 1434 2048 μικρὰ
1447 2012 1495 2039 καὶ
1511 2012 1545 2039 τὰ
1563 2012 1668 2047 μεγάλα
1685 2014 1817 2048 ποιήσας·
1834 2013 1880 2039 καὶ

1091 2058 1141 2084 οὐκ
1165 2058 1223 2084 ἔστι
1247 2057 1343 2084 διελεῖν
1364 2057 1413 2093 τὴν
1433 2058 1532 2089 κτίσιν,
1553 2057 1623 2084 ὥστε
1640 2059 1726 2084 εἰπεῖν
1739 2058 1817 2084 τοῦτο
1831 2059 1879 2094 μὲν

257 2098 316 2133 tris,
332 2098 395 2126 illud
409 2099 469 2126 Filii
485 2107 546 2127 esse
559 2109 565 2126 :
581 2107 673 2128 verum
687 2101 775 2128 omnia
790 2106 853 2128 sunt
867 2103 945 2133 unius

1093 2103 1139 2130 τοῦ
1154 2104 1270 2141 Πατρὸςι
1292 2103 1370 2130 τοῦτο
1386 2103 1414 2130 δὲ
1432 2103 1479 2129 τοῦ
1493 2102 1557 2130 Υίοῦ
1571 2111 1578 2117 ⁸
1595 2102 1653 2129 ἀλλ’
1668 2103 1726 2135 ἑνός
1741 2104 1798 2130 ἐστι
1812 2103 1879 2130 Θεοῦ

257 2145 316 2178 Dei,
333 2145 379 2180 qui
394 2146 503 2180 proprio
521 2146 610 2174 Verbo
632 2152 762 2181 tanquam
781 2156 859 2180 manu
876 2149 972 2180 utitur,
998 2155 1040 2175 at—

257 2199 309 2227 que
320 2192 411 2218 omnia
428 2193 454 2219 in
480 2200 512 2219 eo
528 2192 605 2224 facit,
619 2198 648 2219 ut
668 2193 726 2227 ipse
739 2193 808 2220 Deus
831 2194 873 2221 his
888 2195 978 2222 verbis
992 2195 1040 2222 do-

257 2229 320 2264 cet:
337 2236 433 2270 Manus
450 2246 508 2264 mea
531 2238 592 2272 fecit
616 2239 670 2265 hwc
693 2240 782 2265 omnia
809 2240 842 2267 “.
859 2239 929 2270 Idem
955 2240 1037 2267 etiam

256 2283 350 2317 didicit
363 2288 390 2311 et
399 2284 491 2312 docuit
503 2284 604 2311 Paulus
621 2293 628 2310 :
650 2283 734 2317 Unus,
746 2284 843 2319 inquit,
861 2285 931 2312 Deus
944 2294 976 2313 ea:
986 2294 1037 2320 quo

256 2329 356 2360 omnia,
383 2334 407 2356 et
433 2337 501 2356 unus
527 2329 654 2356 Dominus
669 2329 746 2357 Jestu
766 2329 888 2358 Christus
901 2339 948 2366 per
963 2321 1037 2366 quam

256 2375 347 2403 omnia
357 2375 390 2401 ".
400 2375 458 2410 ipse
473 2375 556 2411 igitur
566 2379 593 2402 et
604 2381 711 2411 semper
724 2381 752 2404 et
765 2377 965 2413 nunc~imperat
976 2378 1038 2411 soli,

255 2425 284 2447 et
304 2421 445 2449 exoritur:
464 2421 581 2453 nubibus
603 2422 737 2457 praecipit,
755 2427 783 2450 et
806 2423 833 2450 in
859 2431 941 2450 unam
960 2428 1040 2452 terrae

254 2471 360 2501 partem
376 2466 551 2498 effunduntur
565 2477 573 2496 :
587 2475 646 2503 qua:
656 2473 745 2496 autem
762 2477 813 2496 non
826 2469 964 2504 irrigatur,
987 2470 1040 2497 sic-

255 2517 342 2539 catur.
369 2512 449 2540 Jubet
469 2514 594 2541 similiter
628 2519 727 2541 terram
746 2514 849 2542 fructus
881 2516 980 2549 edere,
1012 2521 1040 2543 et

253 2556 399 2586 Jeremiam
417 2559 443 2585 in
459 2565 536 2587 utero
554 2559 663 2587 format.
681 2560 708 2587 Si
733 2568 813 2594 porro
826 2561 882 2588 haec
895 2569 967 2589 nunc
982 2562 1039 2596 ipse

254 2603 347 2637 eﬂicit,
358 2604 466 2632 dubium
477 2610 551 2633 certe
563 2613 614 2633 non
630 2606 743 2640 estquin
759 2606 815 2641 ipse
830 2607 911 2633 etiam
931 2606 965 2636 ab
987 2607 1037 2633 ini-

255 2649 293 2682 tio
310 2650 448 2684 indignanti
476 2659 506 2682 se
527 2659 579 2678 non
600 2653 735 2686 putaverit
753 2652 842 2679 omnia
858 2660 905 2687 per
920 2652 1036 2680 Verbum

290 2729 312 2745 "
326 2729 377 2756 lsa.
396 2737 439 2762 XL,
456 2730 501 2757 28.
540 2731 563 2746 ’³
577 2730 648 2759 Psal.
664 2739 738 2764 xcux,
758 2733 786 2759 3.
824 2733 846 2748 ²¹
862 2734 911 2761 lsa.
927 2741 999 2766 vat,
1019 2734 1046 2760 2.

292 2823 348 2858 (51)
363 2822 430 2848 Οὐδὲ
443 2822 570 2860 κοπιάσει
586 2824 663 2860 abest
679 2831 699 2860 Va
729 2823 849 2853 Felckm.
866 2826 979 2860 septimo
997 2834 1041 2854 co-

257 2858 318 2889 dice
334 2864 481 2894 aliunymo,
499 2863 526 2884 et
538 2858 570 2884 ab
586 2858 651 2884 edit.
665 2859 794 2887 (lounucl.

1090 2149 1128 2180 ὡς
1154 2150 1226 2184 χειρὶ
1251 2149 1394 2184 χρωμένου
1419 2148 1457 2184 τῷ
1485 2149 1542 2184 ἰδίῳ
1555 2148 1644 2184 Λόγῳ,
1673 2149 1720 2175 καὶ
1748 2150 1778 2175 ἐν
1806 2148 1880 2183 αὑτῷ

1091 2194 1229 2226 ποιοῦντος
1254 2194 1288 2221 τὰ
1309 2195 1408 2226 πάντα.
1433 2194 1487 2221 Καὶ
1507 2194 1578 2221 τοῦτ’
1595 2194 1676 2226 αὐτὸς
1704 2195 1753 2230 μὲν
1776 2195 1790 2220 ὁ
1812 2194 1878 2226 Θεὸς

1088 2239 1195 2270 δεικνὺς
1207 2239 1299 2274 ἔλεγεν
1309 2249 1317 2256 ·
1330 2239 1364 2267 Ἡ
1378 2240 1442 2274 χείρ
1452 2249 1512 2274 μου
1522 2240 1648 2274 ἐποίησε
1662 2240 1755 2267 ταῦτα
1766 2242 1876 2271 πάντα·

1090 2285 1104 2312 ὁ
1118 2285 1145 2312 δὲ
1169 2285 1274 2317 Παῦλος
1294 2285 1374 2312 τοῦτο
1389 2285 1482 2321 μαθὼν
1501 2286 1654 2313 ὲδιδασκεν⁸
1670 2285 1722 2319 Εἷς
1743 2287 1829 2320 Θεὸς,
1844 2287 1878 2321 ἐξ

1092 2330 1127 2359 οὗ
1143 2332 1178 2358 τὰ
1194 2331 1301 2364 πάντα,
1315 2332 1365 2358 καὶ
1379 2329 1423 2365 εἷς
1439 2332 1545 2366 Κύριος
1561 2332 1676 2366 Ἰησοῦς
1691 2332 1827 2367 Χριστὸς,
1840 2333 1878 2359 δι’

1093 2376 1128 2406 οὗ
1145 2378 1180 2404 τὰ
1196 2377 1303 2405 πάντα.
1318 2378 1403 2410 Αὐτὸς
1419 2378 1543 2412 γοῦνεάεὶ
1560 2378 1605 2404 καὶ
1622 2377 1669 2404 νῦν
1684 2378 1758 2412 λέγει
1774 2377 1812 2414 τῷ
1829 2378 1877 2413 μὲν

1089 2424 1168 2460 ἡλίῳ,
1184 2425 1231 2452 καὶ
1245 2424 1393 2456 ἀνατέλλει,
1409 2425 1469 2456 ταῖς
1479 2424 1507 2450 δὲ
1518 2423 1642 2459 νεφέλαις
1657 2424 1819 2456 ἐντέλλεται,
1831 2425 1878 2460 καὶ

1090 2469 1180 2507 βρέχει
1202 2470 1248 2496 ἐπὶ
1271 2470 1335 2505 μίαν
1364 2469 1474 2505 μερίδα·
1499 2471 1541 2504 ἐφ’
1554 2470 1586 2504 ἢν
1605 2469 1633 2497 δὲ
1653 2470 1684 2496 οὐ
1703 2470 1811 2505 βρέχει,
1829 2470 1877 2505 ξη-

1089 2516 1218 2551 ραίνεται.
1248 2516 1304 2542 Καὶ
1322 2516 1371 2550 τὴν
1395 2516 1443 2551 μὲν
1470 2515 1522 2550 γῆν
1545 2515 1650 2542 κελεύει
1673 2517 1735 2547 τοὺς
1754 2517 1877 2552 καρποὺς

1091 2557 1254 2595 ἀποδιδόναι,
1268 2562 1314 2588 τὸν
1335 2561 1363 2588 δὲ
1380 2561 1514 2597 Ἰερεμίαν
1535 2562 1565 2588 ὲν
1583 2563 1616 2598 τῇ
1642 2563 1729 2598 κοιλίᾳ
1752 2562 1879 2598 πλάττειε

1091 2609 1122 2635 Εἰ
1138 2608 1166 2634 δὲ
1181 2607 1266 2635 ταῦτα
1278 2607 1327 2635 νῦν
1345 2609 1425 2640 αὐτὸς
1441 2609 1529 2640 ποιεῖ,
1549 2608 1599 2634 οὐκ
1621 2608 1694 2634 ἔστιν
1715 2607 1879 2643 ἀμφίϐολον,Δ

1089 2654 1130 2680 ὅτι
1156 2655 1202 2681 καὶ
1225 2654 1297 2681 κατὰ
1316 2653 1364 2689 τὴν
1386 2653 1472 2690 ἀρχὴν
1496 2654 1546 2680 οὐκ
1565 2653 1720 2689 ἀπηξίωσεν
1745 2653 1824 2686 αὐτὸς
1841 2654 1878 2687 τα

1085 2734 1106 2749 ’⁷
1123 2733 1132 2760 1
1146 2734 1208 2761 Cor.
1223 2741 1281 2765 vtlt,
1311 2733 1338 2760 6.

1117 2825 1189 2866 ’(52)
1204 2825 1274 2866 Reg:
1296 2825 1340 2852 διὰ
1354 2825 1400 2852 τοῦ
1417 2826 1504 2866 ᾼόγου
1520 2826 1628 2860 ἑαυτοῦ,
1645 2832 1673 2854 ut
1687 2832 1713 2854 et
1728 2826 1795 2853 inira
1810 2832 1873 2854 ante

1097 2861 1129 2886 τὰ
1145 2861 1232 2894 πάντα
1246 2862 1278 2888 τά
1298 2869 1325 2887 τε
1346 2861 1440 2896 μικρά,
1456 2866 1510 2892 etc,
