2018 3048
164 153 216 182 457

695 153 740 180 DE
761 154 933 183 DECRETIS
953 154 1103 182 NICA‘INIE
1125 152 1258 183 SYNODI.‘

1739 151 1809 200 tas"

163 210 251 237 πάντα
274 209 319 237 διὰ
336 210 383 237 τοῦ
399 209 487 246 Λεὸγου
505 211 632 247 ποιῆσαι·
652 212 721 248 μέρη
741 212 796 248 γὰρ
817 212 872 239 τῶν
886 212 953 239 ὅλων

1008 212 1095 241 facere
1118 214 1238 249 :quippe
1264 221 1324 241 cum
1341 213 1393 242 ista
1415 221 1507 242 rerum
1525 208 1718 242 'unirersarum
1741 215 1795 243 sint

163 256 222 282 ἐστὶ
236 256 330 284 ταῦτα.

198 305 225 332 8.
246 306 278 332 Εἰ
301 306 329 332 δὲ
351 306 392 333 ὅτι
415 307 451 342 μὴ
469 307 579 334 ἐδύνατο
596 307 629 334 τὰ
650 307 731 334 λοιπὰ
745 308 883 344 κτίσμα-τα
904 308 954 343 τῆς

162 348 281 387 ὰῖιρὰτου
294 352 382 387 χειρὸς
392 352 437 379 τοῦ
449 354 595 389 ἀγεννήτου
608 354 662 390 (55)
681 355 730 390 τὴν
746 355 876 390 ἐργασίαν
889 354 954 390 βασ-

163 397 252 429 τάΞαι,
269 398 371 433 μόνοςό
388 399 451 431 Υἱὸς
470 400 522 426 ὑπὸ
544 400 625 435 μόνου
650 400 696 427 τοῦ
711 400 777 427 Θεοῦ
798 401 902 435 γέγονε,
920 400 955 427 τὰ

162 443 185 469 δ’
195 443 261 469 ἄλλα
275 443 313 475 ὡς
331 443 364 470 δι’
382 444 519 481 ὑπουργοῦ
532 446 579 472 κα)⁴
594 445 690 480 βοηθοῦ
704 446 751 472 τοῦ
765 446 830 472 Υίοῦ
843 446 952 480 γέγονε·

164 490 211 516 καὶ
220 489 299 516 τοῦτο
308 490 361 526 γὰρ
370 491 506 527 Ἀστέριος
517 493 532 518 ὁ
543 492 628 524 θύσας
638 493 764 528 ἔγραψεν·
781 494 795 519 ὁ
806 494 834 520 δὲ
846 494 954 529 Ἀρειος

166 536 345 571 μεταγράψας
365 536 464 564 δέδωκε
550 540 606 570 τοῖς
622 539 696 570 ἰδίοις
709 547 715 554 ·
734 539 780 565 καὶ
802 539 892 565 λοιπὸν
916 539 954 571 ὡς

164 581 279 616 καλάμῳ
296 581 487 618 τεθραυσμένῳ
509 583 627 619 χρῶνται
645 583 684 618 τῷ
708 584 833 619 ρηματίῳ
855 583 952 618 τούτῳ,

164 626 324 659 ἀγνοοῦντες
345 627 376 653 τὸ
395 628 424 653 ἐν
445 627 519 663 αὐτῷ
542 628 642 664 σαθρὸν
668 630 692 655 οἱ
715 630 897 665 παράφρονες.
923 630 953 655 Ei

164 671 217 706 γὰρ
231 671 362 697 ἀδύνατον
378 669 411 707 ἦν
426 672 459 699 τὰ
476 673 577 708 γενητὰ
599 674 730 708 βασι-ἆξαι
747 675 795 710 τὴν
813 676 891 710 χεῖρα
907 675 953 701 τοῦ

162 716 229 743 Θεοῦ
244 726 250 731 ·
269 717 326 744 ἐστι
349 717 378 744 δὲ
401 718 460 745 καθ’
479 719 550 754 ὑμᾶς
569 720 582 746 ὁ
604 719 666 751 Υἱὸς
681 717 721 752 εἷς
744 720 797 747 τῶν
815 721 952 755 γενητῶν

164 763 222 795 πῶς
235 764 317 795 αὐτὸς
331 763 450 800 ἠδυνήθη
465 765 591 799 γενέσθαι
609 766 683 801 παρὰ
704 767 784 801 μόνου
804 766 850 793 τοῦ
866 766 933 793 Θεοῦ
946 775 952 799 ;

163 811 217 836 Καὶ
231 811 255 836 εί
273 811 315 837 ἴνα
329 810 364 836 τὰ
377 811 478 847 γενητὰ
489 812 613 848 γένηται,
630 813 739 847 μεσίτου
754 813 848 847 γέγονε
864 814 952 849 χρεία,

161 856 274 891 γενητὸς
292 857 320 883 δὲ
335 856 395 883 καθ’
413 858 484 892 ὑμᾶς
498 859 570 886 ἐστιν
583 860 597 885 ὁ
609 858 674 890 Υἱός
686 867 692 874 ’
710 858 764 885 ἔδει
782 860 829 885 καὶ
843 859 895 894 πρὸ
907 860 955 885 αὺ-

161 902 211 930 τοῦ
227 903 309 937 μέσον
321 903 382 929 τινὰ
399 901 479 936 εἶναι,
494 904 538 930 ἵνα
549 903 644 939 κτισθῇ
657 913 663 918 ·
678 904 724 930 τοῦ
737 904 766 931 δὲ
783 905 893 939 μεσίτου
903 905 955 932 πά-

164 948 206 975 λιν
226 949 272 975 καὶ
296 949 379 975 αὑτοῦ
402 949 549 985 κτίσματος
574 950 760 985 τυγχάνοντος,
783 950 896 987 ἄραρεν,
914 951 954 978 ὅτι

164 995 288 1026 κάκεῖνος
301 995 388 1021 ἐδέετο
401 996 510 1030 μεσίτου
522 996 614 1030 ἐτέρου
626 995 694 1031 πρὸς
706 996 754 1031 τὴν
771 996 837 1022 ἰδίαν
857 996 956 1023 σύστα-

164 1049 216 1066 σιν.
235 1040 292 1067 Κᾶν
304 1048 346 1072 τις
363 1041 441 1067 ἄλλον
458 1041 599 1077 ἐπινοήσῃ,
621 1043 812 1077 προεπινοήσει
826 1042 870 1068 τὸν
884 1043 956 1068 ὲκεί-

162 1095 209 1112 νου
229 1086 351 1121 μεσίτην,
366 1086 435 1112 ὥστε
451 1086 498 1113 καὶ
508 1087 548 1118 εἰς
561 1087 673 1123 ἄπειρον
686 1088 820 1114 ἐκπεσεῖν.
836 1087 914 1114 Οὕτω
927 1088 956 1115 δὲ

165 1132 207 1158 ἀεὶ
221 1131 266 1158 τοῦ
284 1132 392 1167 μεσίτου
410 1131 575 1167 ζητουμένου
588 1152 594 1163 ,
611 1132 670 1159 οὐδὲ
692 1134 708 1168 ἡ
726 1132 813 1164 κτίσις
829 1133 956 1168 συστῆναι

164 1176 309 1212 δυνήσεται
327 1177 371 1204 διὰ
395 1178 425 1204 τὸ
449 1177 486 1213 μὴ
499 1178 639 1210 δύνασθαι,
663 1179 701 1210 ὠς
722 1178 831 1212 λέγετε,
857 1178 957 1214 μηδένα

164 1221 219 1247 τῶν
233 1222 354 1256 γενητῶν
368 1221 500 1256 βαστάξαι
514 1224 563 1257 τὴν
579 1223 696 1258 ἄκρατον
708 1224 786 1258 χεῖρα
800 1222 846 1249 τοῦ
857 1224 956 1258 ἀγενή-

163 1277 210 1294 του
229 1268 295 1303 (55).
319 1269 350 1295 El
369 1268 408 1300 δὲ,
429 1269 460 1295 τὸ
485 1269 585 1295 ἄτοπον
609 1269 687 1295 τοῦτο
713 1268 889 1304 συνορῶντες,
908 1269 957 1304 ἆρ-

164 1313 244 1348 χεσθε
261 1314 360 1348 λέγειν,
378 1315 418 1340 ὅτι
433 1315 447 1340 ὁ
463 1314 535 1346 Υἱὸς,
549 1315 652 1349 κτίσμα
671 1313 719 1346 ὦν,
738 1315 829 1346 ἱκανὸς
846 1315 956 1348 γέγονεν

163 1359 234 1386 ὥστε
253 1359 305 1386 ὑπὸ
325 1360 370 1386 τοῦ
394 1360 526 1396 ἀγενήτου
545 1359 601 1395 (56)
628 1360 753 1394 γενέσθαι
765 1369 772 1375 ·
789 1360 818 1392 ἐξ
834 1360 956 1396 ἀνάγκης

163 1404 211 1430 καὶ
227 1404 260 1430 τὰ
282 1404 349 1431 ἄλλα
366 1405 454 1431 πάντα
466 1425 473 1437 ,
492 1405 592 1440 γενητὰ
615 1405 688 1437 ὄντα,
706 1406 806 1432 δυνατὰ
828 1403 862 1441 ἦν
881 1407 957 1442 παρὰ

163 1449 210 1476 τοῦ
226 1451 357 1486 ἀγενήτου
372 1451 592 1486 αὐτουργηοῆναι
614 1451 670 1486 (57)
683 1461 688 1466 ε
711 1452 813 1487 κτίσμα
827 1453 880 1488 γὰρ
895 1453 955 1479 καθ’

164 1496 236 1531 ὑμᾶς
254 1498 394 1529 κάκεῖνος,
414 1497 507 1532 ὥσπερ
522 1495 568 1524 οῦν
589 1498 636 1524 καὶ
651 1497 735 1524 ταῦτα
751 1498 856 1530 πάντα,
879 1498 953 1525 ἔστι·

165 1542 212 1569 καὶ.
228 1543 341 1578 περιττὴ
361 1543 452 1570 λοιπὸν
472 1543 520 1570 τοῦ
536 1544 623 1578 Λόγου
646 1545 662 1579 ή
685 1544 791 1578 γένεσις
816 1544 886 1571 κατὰ
907 1545 956 1580 τὴν

164 1586 249 1622 ἀσεϐῆ
270 1588 316 1613 καὶ
343 1588 437 1623 μωρὰν
458 1588 535 1623 ὑμῶν
559 1589 689 1622 ἐπίνοιαν,
709 1589 863 1625 αὐτάρκους
882 1589 957 1621 ὄντος

165 1632 212 1659 τοῦ
229 1633 294 1659 Θεοῦ
313 1634 348 1660 τὰ
364 1634 452 1660 πάντα
475 1634 647 1669 αὐτουργεῖν,
668 1635 775 1661 πάντων
791 1644 821 1661 τε
836 1635 889 1661 τῶν
909 1643 955 1668 γε-

165 1678 255 1712 νητῶν
276 1678 432 1714 δυναμένων
453 1678 501 1714 τὴν
518 1667 636 1714 ἄκρατον
662 1681 739 1714 χεῖρα
761 1679 891 1714 βαστάξαι
910 1667 956 1706 τοῦ
971 1667 992 1695 C

167 1724 245 1751 Θεοῦ.
273 1725 399 1760 Ἀνοὴτου
421 1725 452 1761 δὴ
474 1725 557 1760 οὔσης
574 1725 663 1751 αὐτῶν
680 1726 730 1759 τῆς
747 1726 873 1760 τοιαύτης
894 1734 959 1761 φρε-

167 1770 341 1802 νοϐλαϐείας,
366 1770 465 1806 ἴδωμεν
487 1772 511 1796 εἰ
532 1771 568 1806 μὴ
594 1772 640 1797 καὶ
663 1771 694 1798 τὸ
713 1771 857 1806 λεγόμενον
882 1771 959 1798 τοῦτο

167 1816 221 1842 τῶν
237 1816 343 1843 ἁσεὸὠν
368 1817 398 1843 τὸ
426 1817 545 1852 σόφισμα
570 1817 650 1843 πλέον
676 1817 729 1844 τῶν
755 1817 841 1844 ἄλλων
870 1818 958 1845 αὐτῶν

167 1862 335 1898 ἀλογώτερον
352 1863 512 1898 ἀναφανείη.
540 1863 624 1898 Ἀδὰμ
645 1863 724 1898 μόνος
746 1863 798 1890 ὑπὸ
818 1863 897 1899 μόνου
912 1864 958 1890 τοῦ

167 1909 235 1936 Θεοῦ
260 1909 304 1936 διὰ
328 1909 375 1936 τοῦ
391 1910 476 1944 Λόγου
491 1910 616 1945 γέγονεν’
640 1910 697 1937 ἀλλ’
711 1911 760 1936 οὐκ
785 1912 813 1936 ὲν
828 1910 866 1945 τῷ
880 1911 959 1937 πάλιν

166 1956 212 1982 τὸν
233 1956 318 1992 Ἀδὰμ
343 1956 423 1982 πλέον
442 1965 468 1982 τι
490 1956 543 1983 τῶν
568 1957 678 1983 πάντων
701 1957 851 1991 ἀνθρώπων
876 1957 957 1991 ἔχειν,

168 2000 184 2036 ἥ
203 2000 340 2036 διαφέρειν
356 2001 410 2027 τῶν
437 2002 495 2036 μετ’
511 2001 592 2028 αὐτὸν
608 2001 641 2027 ἄν
661 2010 702 2033 τις
726 2003 847 2037 φήσειεν,
870 2003 894 2028 εί
913 2001 959 2037 μό-

167 2055 211 2078 νος
231 2046 279 2082 μὲν
299 2046 379 2078 αὐτὸς
401 2047 453 2073 ὑπὸ
477 2047 557 2081 μόνου
579 2046 626 2073 τοῦ
647 2046 714 2073 Θεοῦ
739 2048 886 2083 πεποίηται
907 2049 956 2074 καὶ

168 2092 331 2124 πέπλασται,
353 2094 434 2128 ἡμεῖς
453 2093 480 2120 δὲ
505 2093 604 2124 πάντες
633 2094 665 2120 ὲκ
682 2093 728 2119 τοῦ
752 2093 836 2129 Ἀδὰμ
857 2094 957 2128 γεννώ-

169 2138 249 2173 μεθα,
272 2139 318 2164 καὶ
343 2139 413 2166 κατὰ
435 2139 558 2174 διαδοχὴν
580 2138 627 2165 τοῦ
651 2138 745 2172 γένους
765 2139 956 2174 συνιστάμεοα,

169 2185 221 2216 ἕως
242 2185 320 2220 μόνον
339 2185 386 2212 καὶ
406 2185 487 2217 αὐτὸς
511 2186 543 2212 ὲκ
562 2185 614 2220 γῆς
633 2185 766 2221 ἐπλάσθη,
791 2186 837 2212 καὶ
860 2186 896 2221 μὴ
920 2185 958 2212 ὢν

172 2230 314 2266 πρότερον,
327 2230 438 2266 ὕστερον
450 2230 569 2264 γέγονεν.

201 2322 229 2349 9.
245 2322 275 2348 Ei
295 2322 323 2348 δὲ
340 2323 387 2349 καὶ
406 2322 486 2349 πλέον
502 2331 543 2355 τις
557 2323 596 2358 τῷ
618 2323 825 2359 πρωτοπλάστῳ
840 2322 897 2358 δοίη
913 2323 956 2349 διὰ
973 2341 994 2368 D

168 2367 199 2393 ’ὦ
214 2367 396 2403 κατηξιῶσθαι
412 2369 460 2404 τῆς
475 2368 523 2394 τοῦ
541 2368 608 2395 Θεοῦ
626 2370 716 2404 χειρὸς
739 2368 820 2395 αὐτόν
832 2376 838 2382 '
861 2368 916 2394 ἀλλ’
929 2369 957 2394 ἐν

168 2415 234 2448 τιμῇ
247 2414 293 2439 καὶ
310 2413 346 2449 μὴ
359 2415 392 2449 τῇ
410 2414 489 2448 φύσει
509 2414 540 2441 τὸ
556 2415 636 2441 πλέον
653 2415 694 2447 είς
708 2415 789 2442 αὑτὸν
806 2415 820 2440 ὀ
838 2413 957 2445 τοιοῦτος

169 2459 326 2492 λογιζέσθω.
352 2459 399 2485 Ἐκ
416 2461 468 2495 γῆς
484 2460 538 2496 γὰρ
554 2461 664 2494 γέγονεν
675 2482 682 2494 ,
700 2460 794 2496 ὥσπερ
818 2460 865 2486 καὶ
886 2460 955 2486 πάν-

169 2512 214 2536 τες
226 2513 233 2520 ο
251 2505 298 2531 καὶ
317 2506 334 2540 ἡ
356 2506 416 2540 χεὶρ
435 2505 462 2532 δὲ
477 2507 493 2541 ἡ
511 2506 637 2533 πλάσασα
648 2507 709 2533 τότε
728 2506 773 2532 τὸν
797 2505 892 2541 Ἀδὰμ,
910 2507 957 2532 καὶ

169 2550 225 2584 (58)
243 2548 311 2584 αὕτη
335 2550 382 2576 καὶ
404 2549 451 2576 νῦν
471 2550 523 2576 καὶ
534 2551 577 2576 ἀεὶ
590 2551 653 2582 τοὺς
675 2551 732 2586 μετ’
751 2550 852 2576 ἐκεῖνον
877 2550 956 2576 πάλιν

207 2636 263 2672 (53)
283 2636 328 2663 Sic
338 2644 431 2673 omnes
443 2644 508 2664 mss.
520 2641 547 2664 et
568 2638 657 2673 editi;
679 2639 724 2664 sed
747 2637 887 2673 legendum
913 2645 953 2668 est

170 2672 320 2712 ι’ῖιγενήτου,¹
342 2677 370 2698 ιιι
388 2672 512 2712 demet-ps
536 2673 616 2712 habet
644 2672 742 2712 Regius
770 2672 864 2702 Codex.
889 2676 956 2712 Vide

171 2716 230 2745 qua:
246 2707 272 2733 in
289 2707 471 2745 admonitione
487 2710 541 2745 ttae
550 2707 583 2735 de
605 2714 637 2735 re
654 2708 780 2742 diximus,
800 2715 826 2737 et
840 2719 900 2745 qua:
915 2711 956 2738 in-

171 2743 211 2769 ira
229 2745 355 2768 notantur
369 2742 402 2769 ad
420 2749 493 2768 num.
508 2742 553 2769 9.8.

208 2777 264 2811 (54)
284 2775 363 2810 Reg.,
379 2776 558 2813 μεταδέόῳκε.
568 2777 653 2805 Porro
660 2778 784 2806 Asterius
797 2779 829 2806 de
844 2787 897 2813 quo
911 2780 955 2807 hic

172 2813 261 2853 agitur
272 2832 279 2842 ,
298 2819 329 2838 ex
344 2813 466 2853 sophista
483 2812 660 2853 Christianus
672 2814 767 2846 factus,
794 2812 957 2853 persecutio.-

174 2847 214 2874 nis
228 2852 350 2883 tempore
366 2847 444 2874 idolis
460 2847 616 2879 iuunolavit,
635 2848 759 2883 idemque
784 2847 874 2882 postea
891 2849 958 2876 utul-

175 2887 214 2910 tos
227 2882 308 2910 libros
322 2890 370 2918 pro
379 2883 670 2911 contirtuamlaAriana
685 2882 780 2912 haircsi
796 2885 955 2919 composuit.

1007 265 1108 295 partes.

1043 309 1070 336 8.
1092 309 1139 337 Sin
1155 315 1246 337 autem
1264 310 1327 344 quia
1342 317 1386 337 res
1406 309 1465 337 alia:
1481 314 1580 337 creatae
1606 309 1741 337 actionem
1755 309 1796 336 in-

1005 355 1081 382 victa:
1096 362 1148 382 non
1161 354 1223 382 facti
1240 362 1335 382 manus
1352 355 1423 382 ferre
1447 363 1498 383 non
1513 355 1646 388 valerem,
1663 355 1736 382 solus
1747 354 1794 381 Fi-

1005 400 1058 427 lius
1070 407 1084 426 a
1099 400 1156 427 solo
1172 399 1225 427 Deo
1237 405 1279 427 est
1298 401 1397 432 factus,
1417 408 1460 427 res
1478 408 1542 427 vero
1560 400 1619 428 alia-
1636 408 1682 435 per
1696 399 1794 427 Filium

1005 449 1132 479 tanquam
1161 445 1313 471 ministrum
1342 448 1369 471 et
1399 444 1547 478 adjutorem
1575 445 1654 472 factae
1675 450 1748 475 sunt,
1765 449 1795 471 ut

1006 491 1116 525 scripsit
1133 490 1257 517 Asterius
1279 490 1322 524 qui
1347 490 1425 518 idolis
1448 490 1697 525 immolavit,quod
1723 489 1792 517 idem

1006 537 1195 571 transcriptum
1211 537 1291 563 Arius
1308 537 1363 564 suis
1383 537 1504 568 tradidit,
1520 544 1573 573 quo
1599 537 1691 572 utique
1713 543 1796 564 voca-

1005 583 1068 610 bulo
1083 588 1211 617 tanquam
1233 583 1338 610 calamo
1355 588 1483 617 quassato
1501 588 1630 616 utuntur,
1647 590 1699 611 nec
1718 583 1794 610 stulti

1005 626 1064 660 ejus
1080 631 1227 661 agnoscunt
1242 626 1408 654 futililatem.
1428 627 1456 654 Si
1481 627 1552 654 enim
1572 635 1614 654 res
1633 627 1711 655 factae
1734 635 1794 654 ma-

1005 678 1069 697 num
1087 671 1132 698 Dei
1149 671 1222 698 ferre
1239 679 1291 698 non
1310 676 1445 705 poterant,
1468 673 1524 706 ipse
1539 677 1627 699 autem
1642 672 1726 700 Filius
1742 680 1794 699 una

1005 721 1057 748 est,
1083 721 1112 742 ut
1138 717 1254 749 sentitis,
1269 725 1302 744 ex
1330 718 1408 744 rebus
1422 717 1499 744 factis
1515 725 1522 750 ;
1540 718 1676 751 quomodo
1698 718 1754 751 ipse
1778 725 1794 744 a

1005 763 1062 789 solo
1081 762 1135 790 Deo
1150 763 1207 790 ﬁeri
1226 763 1333 799 potuit?
1347 763 1375 791 Si
1400 764 1463 791 item
1479 767 1508 791 ut
1532 771 1577 791 res
1598 763 1674 791 facta:
1687 764 1794 795 ﬁerent,

1005 806 1166 834 iutermedio
1179 808 1301 842 adjutore
1320 816 1387 843 opus
1402 807 1464 840 fuit,
1480 812 1508 834 et
1528 807 1622 840 Filius,
1636 811 1665 833 ut
1682 807 1794 841 putatis,

1007 851 1093 878 factus
1109 858 1214 886 quoque
1235 853 1291 887 ipse
1304 858 1366 880 est:
1382 853 1502 887 profecto
1523 859 1633 879 necesse
1647 851 1727 878 etiam
1744 851 1795 877 l‘uit

1007 896 1193 924 intermedium
1210 897 1325 932 aliquem
1342 903 1404 925 ante
1420 905 1480 925 eum
1491 898 1586 929 fuisse,
1603 903 1632 924 ut
1643 901 1792 929 crearetur,

1006 943 1050 977 qui
1069 943 1126 976 ipse
1143 943 1330 976 intermetlius,
1345 952 1405 971 eum
1421 951 1464 971 res
1480 948 1571 971 creata
1588 950 1696 978 quoque
1708 947 1792 974 esset,

1007 989 1059 1016 alio
1075 990 1139 1016 item
1155 990 1315 1017 intermedio
1330 990 1361 1017 ad
1374 990 1413 1017 sui
1431 989 1645 1024 procreationem
1662 996 1729 1023 opus
1742 988 1792 1015 ha-

1008 1035 1099 1062 buisse
1113 1043 1166 1063 non
1183 1036 1317 1063 immerito
1333 1036 1477 1063 videbitur.
1488 1035 1516 1061 Si
1530 1034 1591 1068 quis
1608 1039 1696 1061 autent
1711 1033 1793 1060 alium

1007 1081 1201 1116 excogitaverit
1217 1082 1418 1114 intermedium,
1432 1080 1501 1108 alius
1514 1088 1607 1107 rursus
1619 1080 1795 1107 intermedius

1007 1131 1116 1160 propter
1132 1126 1205 1152 illtun
1223 1126 1304 1152 alium
1325 1126 1376 1152 erit
1388 1126 1536 1160 tingendus,
1550 1130 1631 1159 atque
1643 1125 1678 1152 ila
1691 1125 1716 1151 in
1733 1124 1794 1151 iuli-

1008 1171 1092 1198 nitum
1107 1171 1273 1198 delabemur.
1299 1170 1395 1204 Porro,
1414 1172 1476 1198 dum
1502 1171 1538 1198 ita
1553 1163 1729 1197 intermedius
1745 1170 1794 1196 ali-

1007 1217 1067 1252 quis
1083 1225 1190 1252 semper
1210 1217 1372 1252 requiretur,
1384 1222 1457 1245 certe
1481 1225 1524 1244 res
1548 1222 1646 1244 creatae
1667 1217 1792 1243 constitui

1007 1271 1060 1291 non
1080 1268 1216 1298 poterunt,
1245 1264 1476 1298 quandoquidem,
1491 1269 1520 1290 ut
1541 1262 1735 1295 dicitis,rnulla
1753 1270 1795 1288 res

1007 1309 1076 1337 facta
1097 1309 1168 1337 l‘erre
1186 1310 1257 1337 valet
1280 1310 1407 1337 invictam
1426 1318 1478 1337 non
1492 1309 1556 1336 facti
1581 1317 1701 1336 manum.
1718 1308 1795 1341 Quod

1007 1355 1029 1383 si
1048 1356 1073 1383 id
1091 1356 1236 1383 absurdum
1251 1364 1311 1384 esse
1336 1357 1532 1392 iutelligentes,
1550 1356 1738 1390 respondeatis
1750 1355 1796 1382 Fi-

1006 1402 1071 1428 lium
1087 1402 1152 1429 licet
1174 1407 1294 1430 creatum
1315 1403 1435 1437 potuisse
1453 1411 1467 1430 a
1493 1402 1640 1433 uon.l‘acto
1660 1402 1728 1434 ﬁeri,
1750 1409 1797 1428 ne-

1007 1454 1081 1474 cesse
1097 1453 1139 1475 est
1158 1448 1239 1474 etiam
1260 1449 1414 1476 concedatis
1427 1449 1493 1475 alias
1510 1456 1553 1476 res
1573 1455 1667 1477 omnes
1680 1455 1739 1483 qua:
1754 1446 1798 1474 fa-

1006 1497 1057 1519 cta:
1085 1497 1156 1526 sunt,
1176 1493 1294 1527 potuisse
1320 1501 1334 1520 a
1355 1501 1406 1520 non
1424 1493 1496 1520 facto
1519 1493 1670 1528 procreari,
1697 1493 1797 1527 quippe

1007 1545 1068 1564 cunt
1083 1538 1139 1572 ipse
1150 1538 1233 1565 Filius
1249 1540 1396 1566 secundum
1411 1546 1458 1565 vos
1469 1539 1504 1565 sit
1518 1546 1624 1573 quoque
1639 1546 1682 1565 res
1691 1544 1794 1570 creata,

1008 1589 1036 1610 ut
1053 1588 1078 1611 et
1095 1592 1137 1611 res
1154 1592 1248 1612 omnes
1266 1589 1380 1613 cmterte.
1396 1584 1530 1612 Praeterea
1549 1593 1583 1612 et
1600 1585 1682 1619 impio
1693 1589 1720 1611 et
1733 1584 1797 1611 stul-

1010 1628 1036 1657 ιδ
1057 1630 1209 1664 hujusmodi
1236 1637 1325 1659 vestro
1352 1637 1506 1659 commento
1529 1632 1651 1666 sequitur
1674 1632 1796 1659 inutilem

1009 1682 1068 1701 esse
1085 1675 1161 1702 Verbi
1181 1677 1382 1710 generationem
1395 1697 1402 1709 ,
1422 1682 1527 1709 cumlet
1546 1677 1617 1704 Deus
1640 1678 1729 1704 omnia
1749 1685 1798 1712 per

1009 1721 1124 1754 scipsum
1141 1723 1259 1755 poluerit
1282 1721 1398 1754 allicere,
1415 1727 1441 1749 et
1464 1730 1508 1749 res
1521 1730 1614 1750 omnes
1634 1722 1711 1750 iactu:
1725 1723 1796 1750 iuvi-

1008 1772 1079 1794 ctam
1093 1767 1138 1793 Dei
1152 1775 1260 1794 manum
1272 1767 1342 1794 ferre
1355 1769 1500 1802 potuerint.
1512 1768 1614 1803 Itaque,
1628 1776 1688 1796 cum
1704 1769 1795 1803 inepta

1009 1820 1041 1840 ac
1070 1812 1153 1840 futilis
1176 1813 1211 1840 sit
1239 1814 1296 1841 haec
1319 1814 1423 1842 illorum
1443 1815 1522 1848 ratio,
1539 1816 1723 1849 expendamus
1747 1822 1796 1842 an-

1010 1868 1061 1886 uou
1076 1859 1148 1887 aliud
1162 1860 1304 1894 impiorum
1318 1861 1455 1896 sophisma
1465 1861 1546 1887 etiam
1559 1862 1643 1896 magis
1656 1869 1735 1896 quam
1745 1869 1798 1888 caa-

1010 1910 1073 1933 tera:
1097 1906 1215 1940 ipsorum
1239 1907 1351 1940 argutia:
1373 1906 1517 1933 absurdum
1544 1906 1688 1934 videbitur.
1708 1906 1794 1933 Adam

1008 1951 1081 1979 solus
1096 1959 1110 1978 a
1131 1951 1189 1978 solo
1219 1951 1272 1978 Dco
1295 1960 1343 1986 per
1367 1952 1483 1979 Verbum
1512 1952 1599 1979 factus
1625 1957 1666 1979 est
1680 1961 1687 1979 :
1703 1960 1796 1979 verum

1009 2006 1087 2025 nemo
1098 1998 1198 2026 idcirco
1216 1998 1313 2025 dixerit
1324 1998 1456 2024 Adatuum
1477 1997 1579 2035 aliquid
1594 1997 1709 2032 amplius
1720 2003 1799 2024 caete-

1009 2045 1046 2072 ris
1064 2044 1216 2072 hominibus
1238 2045 1348 2076 habere,
1370 2044 1412 2070 vel
1432 2051 1446 2070 a
1463 2044 1578 2078 posteris
1596 2043 1713 2076 dill’erre,
1728 2044 1798 2078 quod

1009 2091 1066 2125 ipse
1082 2091 1189 2125 quidem
1205 2091 1278 2119 solus
1289 2099 1303 2116 a
1318 2090 1375 2117 solo
1389 2090 1442 2117 Deo
1459 2090 1548 2117 iactus
1561 2095 1587 2117 et
1599 2090 1731 2117 formatus
1752 2090 1797 2121 sit,

1008 2143 1058 2163 nos
1074 2140 1164 2163 autem
1179 2143 1273 2164 omnes
1286 2144 1319 2163 ex
1335 2136 1456 2168 Adamo,
1472 2142 1601 2170 perpetua
1618 2136 1798 2170 generiscon-

1010 2183 1169 2215 tinuatioue,
1185 2190 1328 2210 nascantur
1349 2187 1375 2210 et
1392 2190 1568 2217 procreemur
1583 2190 1590 2208 :
1608 2182 1725 2216 quandiu
1742 2182 1797 2208 sci-

1009 2227 1071 2255 licet
1083 2232 1189 2255 certum
1207 2229 1260 2255 erit
1280 2228 1366 2262 ipsum
1383 2227 1465 2255 etiam
1489 2235 1522 2254 ex
1551 2231 1623 2254 terra
1650 2227 1797 2254 formatum

1007 2281 1078 2305 esse,
1093 2279 1119 2305 et
1130 2274 1174 2308 qui
1187 2280 1265 2301 antea
1284 2281 1337 2300 non
1359 2278 1441 2306 esset,
1455 2278 1546 2307 postea
1561 2272 1653 2300 fuisse.

1047 2319 1073 2346 9.
1089 2319 1165 2352 Quod
1183 2319 1204 2346 si
1220 2319 1308 2354 primo
1322 2319 1427 2352 parenti
1445 2318 1545 2352 aliquid
1564 2318 1669 2345 caneris
1683 2317 1798 2352 amplius

1011 2367 1130 2393 tribuere
1143 2365 1235 2398 libeat,
1251 2365 1295 2399 qui
1313 2371 1410 2399 nempe
1431 2364 1465 2390 ita
1482 2363 1546 2391 felix
1565 2363 1616 2390 fuit
1634 2368 1662 2390 ut
1678 2363 1723 2390 Dei
1741 2371 1798 2390 tua—

1011 2421 1045 2439 nu
1058 2412 1239 2440 formaretur:
1254 2419 1346 2438 verum
1360 2411 1430 2438 istud
1443 2410 1558 2445 amplius
1580 2409 1607 2436 in
1623 2409 1726 2436 honore
1744 2418 1796 2437 non

1011 2459 1037 2486 in
1058 2464 1152 2485 natura
1166 2457 1314 2485 consistere
1334 2457 1534 2492 intelligendum
1554 2461 1605 2484 est.
1628 2456 1750 2491 Namque
1764 2464 1797 2483 ex

1012 2511 1081 2532 terra
1097 2505 1183 2531 factus
1201 2509 1252 2536 est,
1270 2509 1299 2530 ut
1315 2504 1358 2530 alii
1375 2512 1469 2532 omnes
1484 2513 1490 2531 :
1504 2509 1530 2531 et
1549 2511 1643 2531 manus
1661 2512 1720 2538 qum
1736 2509 1798 2530 luuc

1011 2551 1140 2578 Adamuut
1158 2549 1293 2582 formavit,
1306 2550 1362 2583 ipsa
1376 2554 1403 2576 et
1430 2558 1500 2578 nunc
1526 2555 1552 2577 et
1576 2558 1683 2585 semper
1704 2558 1798 2577 omnes

1010 2637 1074 2666 Vide
1088 2638 1193 2666 Socrat.
1220 2637 1324 2664 Histor.
1339 2637 1430 2664 ecclea.
1466 2637 1514 2665 lib.
1535 2645 1590 2669 t,c.
1606 2637 1640 2664 36
1664 2643 1692 2665 et
1705 2637 1797 2665 Philo-

1009 2679 1094 2707 slorg.
1107 2674 1152 2700 lib.
1170 2681 1201 2704 ιι,
1217 2681 1289 2699 num.
1304 2673 1347 2698 15.

1046 2706 1102 2742 (55)
1117 2709 1194 2743 lieg.,
1208 2708 1352 2742 ἁγενήτου.
1368 2706 1463 2734 Caneri
1475 2708 1586 2743 elcditi,
1603 2708 1761 2743 ἀγεννήτου.

1043 2744 1098 2777 (56)
1118 2742 1183 2778 Reg.
1200 2749 1227 2771 et
1245 2743 1336 2776 Basil.,
1352 2743 1494 2778 ἀγενήτου.
1509 2742 1578 2770 Editi
1595 2748 1622 2771 et
1636 2743 1753 2771 Felcknt.
1771 2743 1798 2776 7,

1007 2779 1166 2805 ἆγεννήτου.

1046 2781 1155 2805 εννήτου
1160 2797 1166 2804 .

1027 2787 1166 2814 γεννητου.

1045 2814 1100 2847 (5,7)
1121 2813 1199 2845 Reg,
1215 2812 1357 2848 ἀγενήτου,
1377 2818 1419 2844 et.
1438 2814 1652 2849 ὑπουρνηοῆιαι,
1673 2813 1742 2842 Editi
1769 2816 1797 2840 ct

1010 2849 1072 2888 alti:~
1081 2848 1238 2888 ᾁγεννήτου,
1248 2853 1286 2888 et,
1303 2849 1524 2888 α-ςιτουργηθῆναι

1047 2884 1102 2920 (38)
1123 2884 1176 2910 Καιὶ
1196 2884 1269 2911 :tcht
1285 2891 1299 2911 a
1316 2884 1410 2919 Regio.
