2018 3048
258 113 311 140 £39

541 120 571 150 ε.
589 123 774 155 ATHANASI‘I
793 126 858 155 OPP
885 127 973 156 PARS
989 129 1009 156 Ι.
1029 145 1065 152 —
1082 129 1266 162 HISTORICA
1284 133 1329 162 ΕΓ
1347 135 1556 165 DOGMATICA.

1821 143 1876 171 ιιιο

259 173 320 208 eiut
330 178 453 211 posteros
467 177 564 206 format
580 187 612 208 ac
633 184 778 216 componit.
794 183 822 212 Id
843 185 898 220 ipse
917 185 985 214 Deus
1004 194 1027 213 ιι.

262 218 402 236 Ian-nl...
424 227 452 236 ..ι
467 224 540 236 .._:....
555 227 643 236 ~-A._s
671 227 692 236 J-
715 229 731 236 -.
780 229 798 236 η
817 230 822 235 .
989 232 995 236 .

1090 189 1201 218 πλάττει
1218 192 1264 218 καὶ
1286 193 1482 230 διασυνίσιιησι.
1507 197 1562 224 Καὶ
1586 196 1664 225 τοῦτο
1685 200 1698 227 6
1716 200 1782 232 Θεὸς
1792 203 1875 236 αὐτὸς

258 218 414 254 Jeremiam,
424 227 453 250 ut
467 224 541 257 prius
554 227 654 259 monui,
667 227 734 255 dixit
750 237 758 257 :
774 218 933 266 Prius—quum
948 237 972 259 te
982 232 1037 266 [or-

258 273 357 293 marem
374 268 401 294 in
413 273 495 302 utero,
514 271 572 297 novi
584 275 609 299 te
629 273 663 300 ’³.
680 273 717 301 De
733 276 856 304 omnibus
875 282 963 304 autem
977 278 1036 306 aliis

257 311 315 339 ait:
330 311 426 340 Manus
445 322 501 342 mea
524 316 585 350 fecit
610 318 664 346 htcc
685 322 772 348 omnia
783 323 816 349 ⁸⁸.
834 323 866 350 Ει
883 331 975 352 rursus
991 333 1037 359 per

256 356 351 384 Isaiam
371 366 378 383 :
393 357 458 386 Ηωσ
470 361 534 388 dicit
551 363 678 392 Dominus
694 367 773 402 17o
788 369 834 403 qui
847 370 954 398 redemit
973 356 998 398 te
1013 376 1037 398 et

253 401 351 434 format
363 408 388 430 te
406 405 434 432 in
449 411 530 435 utero.
540 408 596 444 Ego
612 410 738 439 Dominus
813 416 900 442 omnia
913 417 1036 450 perﬁcio:

253 448 358 475 extendi
370 450 463 478 caelum
475 453 546 480 solut
561 459 585 481 et
599 456 712 484 stabiliri
725 464 820 486 terram
829 460 861 486 ’°.
873 448 955 488 David
970 470 1037 497 quo-

254 500 307 526 que
321 495 364 522 cui
380 496 429 524 ista
448 505 499 525 non
524 499 652 533 latebant.
669 504 781 532 canebat
799 514 806 533 :
821 505 916 534 Manus
937 495 989 535 tuti:
999 509 1037 542 fe-

253 545 344 566 cerunt
360 549 410 575 me,
433 549 458 570 et
481 543 657 578 formaverunt
682 557 722 576 me
733 550 765 577 ³¹.
782 551 814 578 Et
839 552 862 579 is
879 554 954 588 cujus
980 555 1036 582 bare

253 585 323 618 apud
341 585 437 615 Isaiam
458 589 582 625 leguntur
592 594 671 621 verba
694 603 699 620 :
716 595 760 623 Sic
773 597 835 624 dicit
847 585 982 632 Dominus,
991 601 1035 636 qui

253 629 376 662 formavit
389 641 430 660 me
440 642 472 661 es:
486 640 559 663 utero
569 646 668 665 servum
684 641 735 668 sibi
747 642 784 675 ",
803 643 873 671 idem
896 645 976 672 etiam
998 647 1035 673 si-

251 674 371 708 gniﬁcat.
394 678 485 714 Itaque
507 682 573 709 nihil
591 691 606 710 a
624 686 702 713 nobis
723 674 817 715 natura
847 689 1034 722 dil'l'eret,Iicet

252 727 303 748 nos
330 726 450 758 tempore
472 730 666 766 antecesserit,
690 734 807 768 qltandiu
829 736 964 763 constabit
986 744 1035 764 nos

251 772 346 795 omnes
360 772 453 796 cadent
469 779 549 799 manu
569 777 696 803 constitui
715 783 742 805 et
756 779 877 808 formari.
896 781 924 808 Si
943 781 1032 817 igitur.

251 818 268 837 ο
280 812 385 846 Ariani,
397 821 486 844 vestra
502 818 558 846 hanc
571 825 613 848 est
623 821 656 849 de
666 822 735 850 Filio
751 825 795 852 Dei
809 812 1032 859 seuteutia,illum

252 864 349 893 nempe
361 860 401 888 sic
416 862 497 890 etiam
517 866 675 898 productum
692 874 717 896 et
732 869 832 898 factum
847 871 931 900 fuisse
944 881 951 899 :
968 873 1034 901 nihil
1049 868 1070 895 Β

250 904 398 933 secundum
415 914 462 935 vos
476 909 546 938 inter
557 913 662 946 eumjet
680 914 758 947 alios,
775 917 846 950 quod
861 918 893 944 ad
909 923 1032 946 naturam

249 950 378 984 pertinet,
394 953 528 988 intererit,
547 958 609 985 dum
625 959 729 988 scilicet
742 963 912 991 couteudetis
933 965 1031 999 ipsum,

250 1002 311 1023 cum
328 1003 405 1025 antea
426 1006 478 1026 non
503 1008 586 1035 esset,
608 1009 698 1038 postea
720 1005 815 1041 fuisse,
831 1013 912 1043 atque
926 1011 1031 1038 nonnisi

249 1041 285 1068 ob
301 1042 426 1071 virtutem
442 1046 522 1082 hujus
535 1049 651 1078 nominis
669 1053 783 1086 gratiam
797 1053 824 1080 in
849 1055 890 1082 sui
907 1063 1031 1090 procrea-

248 1086 322 1114 tioue
340 1088 486 1119 obtinuisse
497 1112 504 1126 ,
531 1093 661 1128 siquidem
680 1096 725 1124 ille
741 1105 809 1125 unus
823 1086 929 1135 quoque
942 1109 973 1129 ex
989 1103 1030 1129 his

248 1136 290 1159 est
305 1132 338 1160 de
351 1134 457 1168 quibus,
470 1141 499 1164 ut
515 1139 623 1172 quidem
647 1142 758 1175 putatis,
781 1132 897 1178 Spiritus
921 1151 1031 1175 sanctus

247 1175 275 1202 in
286 1177 399 1207 Psalmis
412 1181 451 1208 ait
463 1189 471 1209 :
487 1182 547 1217 Ipse
560 1185 638 1218 dixit,
650 1191 674 1212 et
690 1187 762 1221 facta
773 1175 843 1221 sit—nt,
859 1190 913 1221 ipse
921 1192 1030 1218 manda-

247 1223 293 1256 vit,
313 1230 337 1251 et
353 1231 440 1254 creata
461 1234 522 1256 sunt
537 1230 569 1257 ³³.
588 1230 653 1264 Quis
667 1232 756 1268 itaque
774 1234 819 1261 ille
837 1241 880 1263 est
895 1237 940 1264 cui
961 1237 1031 1266 Deus

247 1270 384 1298 mandavit
406 1277 435 1300 ut
455 1279 480 1301 et
503 1275 560 1309 ipse
580 1279 739 1305 crearetur?
757 1279 822 1306 Nam
842 1288 904 1310 esse
924 1289 1029 1318 oportet

247 1312 364 1344 Verbum
378 1318 419 1345 cui
442 1319 511 1347 Deus
524 1323 644 1356 mandat,
653 1328 680 1351 et
694 1325 720 1352 in
733 1333 787 1360 quo
798 1335 840 1355 res
848 1327 924 1355 factae
934 1312 1028 1358 crean-

246 1363 300 1387 tur.
313 1360 392 1396 Atqui
405 1362 476 1390 aliud
492 1364 607 1393 Verbum
623 1368 741 1397 indicare
760 1378 812 1398 non
831 1373 1028 1409 potestis,pr:e-

247 1410 288 1432 ter
298 1405 362 1434 illud
377 1409 447 1442 quod
465 1412 580 1446 negatis,
599 1413 649 1441 nisi
666 1414 735 1443 forte
749 1405 845 1444 novum
859 1405 1028 1446 adhuccom-

245 1455 365 1478 mentum
378 1453 483 1487 placeat
496 1458 659 1492 excogitare.
675 1459 713 1487 Ita
736 1466 787 1494 est,
802 1462 936 1497 inquiunt,
953 1465 1024 1492 inve-

246 1498 334 1526 nimus
354 1500 443 1534 (idem
471 1503 597 1531 nimirum
627 1508 697 1541 quod
722 1508 785 1536 olim
807 1510 841 1537 ab
867 1511 1025 1540 Eusebiauis

243 1588 306 1622 quid
324 1590 384 1618 aliis
398 1593 511 1628 amplius
531 1594 629 1624 habere
645 1603 673 1625 et
688 1598 859 1635 Unigenitum
875 1603 927 1630 dici
951 1604 1024 1631 arbi-

243 1639 357 1668 tramur,
373 1637 436 1671 quia
463 1639 536 1667 solus
554 1640 611 1675 ipse
638 1642 726 1671 Patris
749 1649 792 1672 est
813 1647 955 1682 particeps,
980 1656 1024 1676 res

241 1685 331 1708 autem
346 1681 405 1710 alia
421 1691 515 1713 omnes
530 1685 589 1714 Filii
602 1692 664 1715 sunt
679 1689 832 1725 participes.
851 1701 861 1718 ›
883 1681 929 1721 Sic
942 1694 1024 1728 igitur

241 1726 278 1753 illi
296 1727 323 1754 in
335 1729 508 1759 immulandis
520 1733 707 1770 variandisque
724 1736 812 1764 verbis
832 1746 884 1766 non
902 1747 979 1768 secus
991 1749 1022 1769 ac

241 1773 375 1803 coloribus
390 1776 522 1805 laborant.
539 1779 638 1807 Verum
652 1781 678 1808 id
696 1781 761 1809 nihil
775 1783 901 1818 impediet
917 1788 1022 1821 quenti-

240 1828 291 1849 nus
301 1823 473 1852 ostendamus
487 1825 547 1853 illos
564 1833 626 1858 vere
652 1827 743 1856 inania
763 1836 796 1857 ex
816 1835 886 1858 terra
900 1832 974 1868 loqui
987 1833 1021 1868 ³⁵³,

239 1868 349 1903 suisque
360 1870 568 1905 cogitationibus
583 1877 710 1908 tauquam
727 1875 753 1902 in
771 1876 828 1904 luto
842 1878 964 1906 volutari.

273 1913 317 1941 IO.
329 1915 473 1944 Enimvero
485 1918 507 1944 si
523 1918 566 1946 ille
582 1919 626 1947 Dei
642 1920 727 1949 Filius
748 1927 775 1950 et
795 1931 844 1952 nos
861 1923 920 1952 Filii
938 1926 1022 1961 ipsius

238 1958 285 1986 ﬁlii
300 1961 506 1998 appellaremur,
524 1965 663 1999 probabile
677 1972 749 1996 esset
763 1968 868 1999 illonam
884 1958 1022 2001 commen-

239 2009 294 2032 Ium
312 2014 319 2032 :
340 2007 398 2042 sed,
413 2009 434 2036 si
447 2002 495 2037 nos
510 2011 590 2038 etiam
607 2012 690 2047 ipsius
702 2014 763 2052 Dei,
776 2017 852 2052 cujus
865 2018 908 2045 ille
920 2024 960 2046 est
975 2020 1020 2047 Fi-

238 2051 299 2083 lius.
323 2052 371 2080 lilii
397 2054 521 2088 dicimur,
555 2063 628 2086 certe
652 2050 736 2094 liquet
758 2050 904 2090 nosveliam
932 2065 1018 2092 Patris

235 2096 381 2131 participes
399 2106 472 2131 esse,
485 2100 581 2135 quippe
600 2103 644 2137 qui
666 2104 738 2132 dicat
760 2112 767 2132 :
787 2105 870 2134 Filios
895 2110 972 2143 genui
994 2114 1017 2136 et

234 2142 393 2170 excitavi".
414 2144 441 2172 Si
455 2146 526 2173 enim
549 2147 633 2182 ipsius
647 2150 791 2186 participes
812 2161 864 2179 non
885 2142 1016 2186 essemus.

1093 235 1130 270 τῷ
1151 237 1200 271 μὲν
1219 238 1344 274 Ἱερεμίᾳ,
1367 240 1405 272 ὡς
1419 243 1558 276 προεῖπον,
1583 244 1663 278 φησι·
1682 245 1741 279 Πρὸ
1766 247 1819 274 τοῦ

1091 283 1205 310 πλάσαι
1219 291 1255 310 σε
1268 285 1303 311 ὲν
1321 287 1436 319 κοιλίᾳ,
1450 287 1610 322 ἐπίσταμαι
1625 297 1676 316 σε·
1692 291 1755 326 περὶ
1767 291 1794 318 δὲ
1818 293 1874 320 τῶν

1089 328 1198 355 πάντων
1209 329 1299 364 ἔλεγεν
1307 339 1313 345 ·
1324 331 1358 358 Ἠ
1369 332 1434 366 χείρ
1449 342 1505 367 μου
1517 334 1640 368 ἐποίησε
1652 336 1745 364 ταῦτα
1763 337 1870 365 πάντα.

1089 375 1144 402 Καὶ
1165 376 1243 403 πάλιν
1256 376 1299 404 διὰ
1314 377 1422 405 Ἦσαϊου
1438 380 1519 414 φησίν
1528 389 1536 395 ·
1547 381 1629 408 Οὕτω
1643 381 1723 417 λέγει
1737 384 1842 418 Κύριος
1855 386 1873 412 ό

1088 421 1289 456 λυτρούμενός
1302 431 1338 450 σε
1352 424 1401 451 καὶ
1416 425 1565 452 πλάσσων
1578 433 1615 454 σε
1627 427 1662 454 ἐν
1674 428 1784 462 κοιλίᾳ·
1802 429 1871 464 Ἐγὼ

1089 468 1195 501 Κίιριος
1207 469 1224 494 ὁ
1235 469 1390 496 συντελῶν
1402 470 1510 504 πάντα,
1527 472 1659 504 ἐξέτεινα
1673 474 1728 501 τὸν
1742 475 1872 509 οὐρανὸν

1086 513 1188 546 μόνος,
1203 513 1252 540 καὶ
1265 514 1432 549 ἐστερέωσα
1446 517 1503 550 τὴν
1515 517 1584 552 γῆν.
1605 519 1634 546 '0
1649 519 1677 547 δὲ
1693 520 1776 546 Δαὸὶδ
1792 521 1869 548 τοῦτο

1088 557 1228 591 γινώσκων
1239 559 1352 594 ἔψαλλεν
1361 569 1367 575 ·
1378 563 1412 588 Αἱ
1425 562 1521 596 χεῷές
1531 572 1589 590 σσυ
1601 564 1749 599 ἐποίησάν
1758 575 1806 600 με,
1820 567 1869 594 καὶ

1087 603 1226 631 ἕπλασάν
1238 613 1286 639 με.
1301 605 1355 632 Καὶ
1373 607 1387 632 6
1401 607 1429 633 ἐν
1444 607 1482 642 τῷ
1494 608 1591 644 Ἡσαΐᾳ
1607 609 1707 643 λέγων·
1725 611 1806 637 οὕτω
1821 611 1870 638 λέ-

1087 658 1130 684 γει
1141 651 1258 685 Κύριος,
1269 653 1286 678 ό
1297 651 1417 686 πλάσας
1428 661 1466 687 με
1475 654 1509 680 ἐκ
1520 655 1635 688 κοιλίας
1645 655 1756 683 δοῦλον
1764 657 1871 689 ἐαυτῷ,

1086 696 1165 723 τοῦτο
1183 697 1319 732 σημαίνει.
1335 699 1438 725 Οὐκοῦν
1456 700 1527 727 κατὰ
1545 701 1594 736 τὴν
1606 701 1686 735 φύσιν
1699 702 1774 729 οὐδὲν
1789 703 1869 738 ἡμῶν

1088 742 1222 779 διαφέρει,
1239 744 1289 771 κᾶν
1307 745 1413 781 προάγῃ
1430 745 1469 781 τῷ
1489 747 1592 782 χρόνῳ,
1616 747 1668 779 ἕως
1687 748 1735 775 καὶ
1750 750 1783 783 τῇ
1797 749 1867 784 αὐτῇ

1088 790 1158 825 χειρὶ
1177 791 1359 826 συνιπάμεθα
1374 792 1420 819 καὶ
1440 792 1586 828 κτιζόμεθα
1600 794 1708 825 πάντες.
1729 794 1760 821 Εἰ
1777 795 1868 821 τοίνυν

1085 835 1181 867 οὕτως.
1195 835 1218 862 ὦ
1237 837 1378 872 Ἀρειανοὶ,
1391 839 1437 865 καὶ
1452 840 1516 874 περὶ
1529 840 1576 866 τοῦ
1588 840 1651 866 Tia-5
1664 840 1710 866 τοῦ
1722 840 1789 867 Θεοῦ
1803 849 1868 876 φρο-

1084 883 1164 915 νεῖτε,
1180 883 1220 913 ὅτι
1248 883 1316 910 οὕτω
1338 885 1385 911 καὶ
1402 885 1482 917 αὐτὸς
1496 886 1598 922 ὑπέστη
1615 886 1660 913 καὶ
1680 887 1804 921 γέγονεν,
1821 887 1867 913 οὺ-

1082 929 1127 956 δὲν
1137 929 1195 956 καθ’
1209 930 1280 966 ὑμᾶς
1293 930 1347 957 τῶν
1362 930 1448 958 ἄλλων
1462 931 1532 958 κατὰ
1543 931 1590 967 τὴν
1606 931 1684 966 φύσιν
1694 932 1799 964 διοίσει,
1813 932 1866 965 ἕως

1083 976 1129 1002 καὶ
1148 976 1228 1008 αὐτὸς
1249 977 1298 1003 οὐκ
1316 975 1361 1012 ἦν,
1386 978 1432 1004 καὶ
1451 977 1562 1011 γέγονε,
1583 979 1629 1005 καὶ
1653 978 1683 1011 ὲξ
1699 979 1800 1014 ἀρετῆς
1818 979 1866 1005 καὶ

1082 1021 1155 1056 αὺτῷ
1180 1022 1339 1057 συνεκτίσθη
1364 1023 1411 1049 τοῦ
1435 1024 1565 1058 ὀνόματος
1586 1024 1604 1059 ἡ
1626 1024 1716 1059 χάρις.
1743 1022 1790 1056 Εἷς
1808 1025 1864 1060 γάρ

1081 1067 1138 1093 ἐστι
1154 1068 1200 1094 καὶ
1219 1068 1300 1099 αὐτὸς
1314 1069 1359 1103 ἀφ’
1374 1065 1412 1095 ὧν
1426 1068 1518 1103 λέγετε
1529 1069 1595 1104 (59),
1613 1070 1676 1106 περὶ
1694 1066 1730 1096 ὧν
1746 1070 1774 1096 ἐν
1789 1070 1865 1097 Ψαλ-

1082 1112 1142 1145 μοῖς
1152 1111 1182 1137 τὸ
1192 1111 1305 1147 Πνεῦμα
1313 1120 1404 1147 φησιν·
1413 1113 1508 1147 Αὐτὸς
1521 1112 1596 1146 εἷπε,
1608 1114 1657 1141 καὶ
1666 1114 1862 1148 ἐγενήθησαν·

1079 1156 1170 1189 αὐτὸς
1183 1156 1360 1190 ἐνετείλατο,
1370 1159 1419 1186 καὶ
1428 1159 1621 1193 ἐκτίσθησαν.
1630 1161 1679 1192 Τίς
1690 1161 1778 1188 τοίνυν
1790 1162 1864 1188 ἐστὶν

1078 1197 1100 1234 ᾧ
1114 1201 1202 1234 όΘεὺς
1215 1203 1374 1235 ἐνετείλατο,
1390 1205 1432 1231 ἵνα
1449 1205 1496 1231 καὶ
1507 1202 1583 1237 οὗτος
1598 1206 1708 1242 murtei];
1725 1205 1794 1234 εἶναι
1809 1209 1863 1242 γὰρ

1079 1248 1118 1275 δεῖ
1135 1249 1231 1283 Λόγον,
1248 1246 1270 1283 ᾧ
1284 1250 1436 1277 ἐντέλλεται
1451 1253 1466 1278 6
1483 1251 1558 1284 Θεὸς,
1580 1253 1626 1279 καὶ
1646 1254 1674 1279 ὲν
1695 1250 1717 1286 ᾧ
1737 1253 1771 1280 τὰ
1786 1254 1864 1289 ποιήο

1080 1303 1152 1329 ματα
1179 1294 1309 1327 κτίζεται.
1339 1297 1406 1324 Ἀλλ’
1425 1299 1476 1325 οὐκ
1500 1297 1533 1325 ἂν
1554 1298 1639 1333 ἔχοιτε
1662 1299 1746 1331 δεῖξαι
1771 1299 1863 1335 ἕτερον

1079 1342 1143 1376 παρ’
1159 1341 1189 1368 ὃν
1207 1343 1332 1378 ἀρνεῖσθε
1349 1343 1405 1379 (60)
1423 1344 1519 1378 Λόγον,
1543 1346 1566 1372 εἰ
1585 1345 1621 1381 μὴ
1643 1345 1697 1381 ἄρα
1710 1345 1771 1372 τινὰ
1783 1345 1863 1372 πάλιν

1077 1385 1180 1413 ἔννοιαν
1198 1388 1368 1423 ἐπινοήσῃ-ιε.
1395 1389 1450 1415 Καὶ
1471 1388 1535 1425 γὰρ,
1563 1391 1705 1425 φήσουσιν,
1729 1390 1861 1426 εὕρομεν·

1077 1432 1110 1466 ἢν
1128 1441 1192 1459 ποτε
1215 1433 1345 1467 λεγόντων
1366 1434 1412 1460 καὶ
1432 1435 1486 1462 τῶν
1511 1436 1574 1471 περὶ
1591 1435 1720 1462 Εὑσέΰιον
1741 1436 1860 1471 ἥκουσα·

1080 1478 1143 1504 «Διὰ
1153 1477 1231 1504 τοῦτο
1243 1478 1322 1505 πλέον
1334 1479 1388 1505 τῶν
1403 1479 1490 1507 ἄλλων
1504 1480 1576 1515 ἔχειν
1591 1481 1637 1507 τὸν
1650 1480 1698 1507 τοῦ
1709 1481 1775 1508 Θεοῦ
1787 1481 1860 1511 Υἱὸν,

1038 1533 1060 1561 ς
1076 1523 1123 1550 καὶ
1137 1523 1408 1560 λέγεσθαιΜονογενῆ
1425 1526 1519 1553 τοῦτον
1533 1526 1689 1562 νομίζομεν,
1708 1528 1799 1562 ἐπειδὴ
1819 1528 1861 1562 μό-

245 1548 402 1578 usurpatum
418 1547 527 1583 audivi).
546 1558 555 1575 ι
573 1550 675 1579 Idcirco
691 1560 787 1589 nempe
806 1554 853 1582 Dei
864 1555 960 1583 Filium
976 1557 1024 1584 ali-

1077 1578 1121 1601 νος
1139 1570 1187 1605 μὲν
1199 1571 1279 1602 αὐτὸς
1297 1571 1402 1607 μετέχει
1414 1572 1461 1598 τοῦ
1474 1573 1587 1608 [ἰατρὸς.
1603 1573 1637 1600 τὰ
1657 1574 1678 1600 δ’
1692 1573 1758 1600 ἄλλα
1772 1574 1861 1600 πάντα

1076 1615 1123 1642 τοῦ
1141 1615 1205 1642 Υίοῠ
1234 1616 1372 1652 μετέχει.»
1403 1618 1566 1653 Κεκμήκασι
1591 1619 1640 1654 μὲν
1666 1616 1713 1645 οὖν
1739 1619 1788 1654 ἤδη
1812 1627 1860 1654 με-

1075 1662 1266 1697 ταϐαλλόμενοι
1293 1664 1340 1689 καὶ⁸
1370 1663 1597 1698 μεταλλάσσοντες
1621 1664 1656 1691 τὰ
1682 1665 1791 1700 ῥήματα
1820 1665 1859 1696 ὡς

1075 1707 1109 1734 τὰ
1143 1708 1291 1744 χρώματα·
1314 1709 1500 1745 δειχθήσονται
1526 1710 1555 1737 δὲ
1586 1711 1661 1746 ὅμως
1691 1711 1738 1738 καὶ
1760 1711 1856 1743 οὕτως,

1075 1755 1112 1786 ὡς
1125 1756 1149 1781 οι
1167 1755 1222 1790 (61)
1241 1756 1273 1782 ἐκ
1289 1757 1338 1791 τῆς
1351 1757 1401 1791 γῆς
1416 1757 1629 1791 κενολογοῦντες,
1642 1757 1690 1784 καὶ
1705 1757 1857 1793 κυλιόμενοι

1075 1800 1112 1832 ὡς
1127 1801 1155 1827 ἐν
1170 1801 1292 1837 βορϐόρῳ
1308 1803 1368 1834 ταῖς
1382 1802 1461 1835 ἰδίαις
1475 1803 1600 1835 ἐννοίαις.

1109 1937 1151 1965 I0.
1173 1939 1204 1966 El
1225 1939 1274 1974 μὲν
1288 1940 1342 1976 γὰρ
1359 1941 1461 1973 ἐκεῖνος
1477 1941 1526 1977 μὲν
1540 1941 1585 1969 τοῦ
1598 1941 1665 1969 Θεοῦ
1682 1943 1756 1975 Υἱὸς,
1775 1943 1861 1978 ἡμεῖς

1071 1981 1099 2009 δὲ
1115 1982 1162 2010 τοῦ
1176 1983 1239 2011 Υἱοῦ
1255 1985 1307 2011 υἱοὶ
1323 1985 1478 2021 καλούμεθα
1494 1986 1564 2023 (62),
1586 1987 1696 2014 πιθανὸν
1716 1986 1751 2023 ἦν
1765 1988 1855 2015 αὐτῶν

1071 2028 1102 2054 τὸ
1115 2028 1226 2064 πλάσμα
1238 2037 1244 2044 ·
1261 2031 1285 2056 εἰ
1302 2031 1330 2057 δὲ
1346 2031 1393 2058 τοῦ
1408 2032 1475 2058 Θεοῦ
1490 2033 1536 2059 καὶ
1550 2035 1630 2068 ἡμεῖς
1642 2034 1694 2060 υἱοὶ
1709 2034 1852 2069 λεγόμεθα,

1070 2069 1101 2099 οὗ
1113 2075 1158 2101 καὶ
1172 2076 1251 2107 αὐτός
1263 2077 1336 2102 ἐστιν
1344 2077 1420 2109 Υἱός’
1436 2077 1515 2112 δῆλον
1529 2078 1594 2114 (65),
1608 2080 1648 2106 ὅτι
1662 2080 1707 2106 καὶ
1718 2081 1797 2115 ἡμεῖς
1807 2080 1853 2106 τοῦ

1070 2120 1177 2156 Πατρὸς
1194 2121 1344 2157 μετέχομεν
1360 2123 1409 2149 τοῦ
1423 2123 1564 2158 λέγοντος·
1587 2125 1672 2159 Υίοὺς
1687 2126 1852 2160 ἐγέννησα,

1069 2164 1118 2190 καὶ
1138 2165 1256 2199 ὒψωσα.
1278 2167 1310 2193 Ei
1329 2167 1365 2202 μὴ
1381 2167 1435 2203 γὰρ
1453 2169 1612 2204 μετείχομεν
1626 2170 1718 2202 αὐτοῦ,
1735 2171 1784 2197 οὐκ
1798 2171 1857 2197 ελε-

234 2195 288 2216 non
298 2189 409 2224 diceret,
423 2193 520 2226 genui:
534 2193 555 2220 si
573 2198 662 2222 autem
687 2196 743 2231 ipse
759 2198 862 2232 genuit,
878 2207 929 2226 non
949 2200 1016 2228 alius

234 2234 326 2251 ..εει-ιω
358 2237 404 2251 ιυιλ
420 2237 488 2251 μη...
509 2239 563 2251 ι---
582 2240 601 2251 n
621 2246 660 2251 ,με
701 2250 707 2251 ,
729 2248 748 2251 .,
827 2249 831 2251 .
865 2245 906 2251 ι...
920 2246 935 2251 ..

1142 2189 1308 2244 ήέγιέινᾷησα
1324 2189 1348 2225 Τ
1360 2189 1434 2238 τίδὲ
1448 2189 1775 2251 ἕὺτδςὲξέννησενξοῦχ
1791 2217 1852 2242 ἔτε-

233 2234 341 2269 utique,
358 2237 404 2264 sed
419 2237 488 2265 idem
509 2239 565 2273 ipse
582 2240 660 2268 Pater
677 2248 768 2270 noster
793 2249 842 2272 est.
865 2245 936 2273 Nihil
952 2255 1015 2275 vero

232 2277 317 2306 refert
333 2280 355 2308 si
370 2281 483 2317 amplius
499 2283 542 2312 ille
562 2285 661 2320 aliquid
683 2287 791 2322 habeat,
808 2294 835 2317 et
856 2291 959 2324 primus
976 2292 1016 2320 Ia-

231 2330 292 2354 ctus
309 2326 353 2360 sit,
370 2335 470 2364 nosque
484 2330 584 2366 aliquid
601 2332 689 2361 minus
700 2341 779 2368 quam
794 2335 838 2362 ille
854 2335 1013 2369 habeamus,

230 2379 263 2399 ac
277 2377 338 2406 post
366 2374 452 2410 ipsum
477 2376 540 2404 iacti
562 2378 658 2413 simus,
673 2380 816 2408 dummodo
832 2389 926 2410 omnes
940 2383 1013 2417 ejus-

230 2417 290 2444 dem
305 2417 437 2448 fuerimus
451 2423 637 2458 participes,et
649 2424 696 2452 lilii
709 2425 827 2460 ejusdem
845 2427 932 2456 Patris
946 2437 1013 2456 nun-

227 2472 367 2500 eupemur.
387 2467 452 2495 Nam
474 2470 533 2505 plus
559 2473 600 2499 vel
626 2474 714 2501 minus
737 2475 869 2503 diversam
887 2482 1010 2505 naturam

228 2510 339 2540 minime
350 2513 503 2548 signiﬁcat:
521 2517 545 2544 id
561 2518 632 2545 enim
654 2520 705 2547 sibi
720 2521 818 2556 singuli
839 2527 911 2549 recte
932 2522 1010 2552 factis

1069 2264 1124 2291 ρος,
1143 2256 1200 2282 ἀλλ’
1214 2257 1294 2289 αὐτὸς
1316 2259 1393 2293 ἡμῶν
1415 2261 1472 2286 ἐστι
1487 2261 1591 2297 Πατήρ.
1611 2262 1665 2288 Καὶ
1680 2263 1709 2288 οὐ
1730 2263 1851 2299 διαφέρει

1067 2301 1157 2333 πάλιν,
1175 2303 1200 2328 εί
1217 2303 1296 2329 πλέον
1312 2305 1414 2337 ἐκεῖνος
1435 2305 1509 2341 ἔχει,
1535 2307 1582 2333 καὶ
1601 2308 1707 2343 πρῶτον
1721 2309 1832 2343 γέγονεν
1843 2319 1849 2325 ·

1068 2347 1146 2381 ἡμεῖς
1168 2347 1196 2374 δὲ
1219 2350 1242 2375 εί
1265 2349 1375 2377 ἔλαττον
1387 2371 1394 2382 ,
1415 2352 1460 2378 καὶ
1481 2352 1592 2389 ὕστερον
1611 2355 1777 2390 γεγόναμεν,
1797 2356 1851 2388 ἕως

1066 2391 1112 2418 τοῦ
1128 2393 1210 2420 αὐτοῦ
1226 2395 1325 2427 πάντες
1344 2398 1500 2434 μετέχομεν,
1519 2400 1566 2426 καὶ
1580 2399 1626 2426 τοῦ
1648 2401 1728 2427 αὐτοῦ
1746 2402 1851 2438 Πατρὸς

1066 2436 1117 2462 υἱοὶ
1142 2437 1290 2473 λεγόμεθα·
1314 2441 1344 2468 τὺ
1368 2442 1422 2478 γὰρ
1450 2443 1530 2470 πλέον
1551 2445 1597 2471 καὶ
1621 2445 1730 2473 ἔλαττον
1751 2447 1781 2473 οὐ
1799 2436 1850 2483 τὴν

1064 2481 1144 2515 φύσιν
1165 2485 1248 2521 ἄλλην
1265 2487 1416 2515 δείκνυσιν·
1443 2490 1551 2526 ἑκάστῳ
1570 2490 1624 2526 γὰρ
1646 2491 1695 2527 τῆς
1715 2493 1815 2528 ἀρετῆς
1826 2481 1848 2529 ’ἡ

1063 2529 1162 2564 πρᾶξις
1182 2531 1260 2558 τοῦτο
1287 2534 1462 2570 προστίθησι·
1482 2537 1529 2563 καὶ
1547 2537 1561 2563 6
1578 2537 1629 2573 μὲν
1647 2538 1694 2564 ἐπὶ
1716 2538 1780 2565 δέκα
1797 2540 1848 2566 πό-

261 2581 285 2597 “
299 2581 397 2611 Jerem.
413 2592 432 2614 1,
449 2585 475 2612 5.
515 2587 537 2602 ﬂ
550 2586 601 2614 lsa.
615 2596 687 2621 ιχη,
703 2590 731 2617 2,
770 2591 793 2607 ⁸⁸
808 2590 857 2619 Ῑςδ,
874 2601 947 2626 XLIV,
962 2594 1005 2621 24,

262 2616 340 2640 Jnnn.
367 2626 396 2640 ιιι
428 2620 456 2640 Si
510 2622 532 2637 υ
547 2621 586 2640 Ιει.
617 2632 624 2640 .
652 2624 669 2640 ο

1081 2596 1153 2625 Psal.
1166 2601 1308 2632 cxvut,75.
1346 2602 1368 2617 "
1381 2602 1430 2629 lsa.
1449 2611 1522 2636 ms,
1536 2603 1563 2632 5.
1601 2604 1623 2620 ³³
1640 2604 1711 2632 Psal.
1725 2607 1844 2640 unus).

227 2615 248 2630 "
262 2616 341 2644 Joan.
367 2626 407 2651 ιιι,
428 2620 470 2647 5i.
510 2622 532 2637 ³⁸
547 2621 596 2650 Isa.
617 2632 624 2650 l

628 2643 680 2656 ν-.

259 2685 316 2722 (Ξιξ9)
336 2685 401 2722 Reg.
408 2708 414 2719 ,
434 2687 552 2722 λέγεται.

260 2720 327 2769 (-60).
338 2721 414 2769 Heg,
428 2720 503 2759 παρὰ
518 2725 562 2751 τὸν
579 2726 714 2761 ἀρνεῖσθε.
735 2729 772 2758 Id.
789 2730 868 2765 paulo
893 2736 963 2766 post.
976 2729 1010 2769 ἦν

225 2761 299 2783 ποτε.
312 2759 447 2785 mendose.

425 2793 511 2832 οῠτῳς
528 2797 565 2827 ὡς
577 2799 610 2824 oi.
624 2799 675 2827 Alii
687 2805 713 2827 et
725 2800 789 2828 editi
805 2801 842 2832 ὡς
859 2802 996 2830 omittunt.

259 2823 317 2856 ωτι
335 2823 428 2861 3.131.,
446 2823 602 2866 καλοίμέθα.

1099 2699 1155 2738 (ϐῆ)
1175 2700 1220 2738 Sic
1235 2703 1404 2729 scribendum
1420 2710 1555 2738 putamus.
1571 2711 1600 2733 ut
1613 2710 1640 2733 et
1656 2707 1762 2734 videtur
1776 2707 1847 2734 Natt-

1063 2734 1124 2772 nius
1139 2735 1244 2772 legisse,
1261 2738 1305 2772 qui
1322 2739 1402 2765 vertit
1420 2734 1521 2766 'certum
1541 2734 1588 2767 est.
1606 2742 1670 2772 Ileg.
1689 2751 1739 2769 ms.
1767 2743 1846 2769 habet

1062 2769 1144 2812 δηλον
1154 2771 1207 2812 εξτιζ
1221 2769 1383 2812 scd'ahsque
1398 2774 1450 2812 ullo
1461 2781 1574 2812 accentu
1592 2777 1616 2802 in
1638 2769 1725 2812 δῆλον.
1747 2777 1842 2805 Cameri

1063 2809 1090 2831 et
1104 2805 1178 2836 editi,
1193 2806 1323 2840 δηλονότι,
1337 2805 1363 2835 ut
1377 2814 1400 2835 et
1416 2809 1478 2844 legit
1491 2811 1614 2839 Ambros.
1623 2805 1771 2840 Caiualdul.
