2018 3048
135 133 181 162 ιιι

661 144 705 172 DE
725 145 893 174 DECRETIS
911 147 1062 176 ΝΙΕᾹΞΝᾸΞ
1083 147 1220 176 SYNODT.

1694 148 1753 176 ιη’

135 197 212 231 λεων,
235 199 249 225 ὸ
269 198 299 226 δὲ
312 199 358 227 ini.
372 199 454 228 πέντε
468 200 642 229 καθίσταται’
668 203 714 230 καὶ
735 205 759 229 οἱ
785 203 836 239 μὲν
852 204 919 231 καθ-

970 211 1124 240 comparant
1140 214 1146 232 :
1169 211 1250 241 atque
1271 205 1340 233 alius
1359 204 1466 239 quidem
1482 205 1573 233 decem
1594 204 1750 232 civitatibus

136 242 242 275 έζονται
255 244 301 271 ἐπὶ
308 244 411 273 δώδεκα
419 245 538 281 θρόνους.
549 247 686 282 κρίνοντες
695 247 744 280 τὰς
755 248 857 276 δώδεκα
866 258 917 283 φυ-

136 289 185 322 λὰς
198 289 243 316 τοῦ
261 291 382 327 Ἰσραήλ·
400 292 423 318 οἱ
439 291 467 318 δὲ
484 292 627 320 ἀκούουσι·
641 293 739 325 Δεῦτε,
756 296 782 321 οί
795 296 919 329 εὐλογη-

133 335 218 372 μένοι
237 336 289 363 τοῦ
307 338 422 371 Πατρός
437 347 511 372 μου·
528 339 584 371 καὶ,
596 337 650 372 Εὖ,
663 339 754 367 δοῦλε
764 341 855 375 ἀγαθὲ
869 342 917 368 καί

135 379 234 406 πιστέ.
256 381 373 408 Τοιαῦτα
399 382 448 417 μὲν
474 381 520 409 οὖν
536 384 633 410 ἐκεῖνοι
650 385 820 420 φρονοῦντες,
845 386 917 412 εικό-

133 434 186 458 τως
202 426 379 460 φαντάζονται
392 428 511 455 τοιούτου
526 429 590 455 Υίοῦ
602 429 646 455 ἀεὶ
662 430 698 465 μὴ
710 428 779 456 εἶναι
793 431 838 457 τὸν
852 431 918 458 Θεὸν

133 471 253 507 Πατέρα,
278 473 345 508 μηδὲ
365 473 410 500 τὸν
427 474 546 501 τοιοῦτον
559 475 622 502 Υίὸν
646 476 688 502 ἀεὶ
710 474 790 506 εἶναι.
809 477 867 503 ἀλλ’
888 477 918 509 ἐξ

133 517 183 543 οὑκ
203 517 286 544 ὗντων
307 518 408 553 κτίσμα
427 519 606 553 γεγενῆσθαι,
628 521 674 546 καὶ
702 521 738 555 μὴ
760 518 829 547 εἶναι
854 522 918 556 πρὶν

133 563 267 599 γεννηθῇ·
284 563 361 596 ἄλλος
377 565 431 601 γάρ
452 566 525 592 ἐστιν
543 563 620 597 οὗτος
641 567 716 601 παρὰ
732 567 776 593 τὸν
793 567 918 602 ἀληθινὸν

133 609 180 636 τοῦ
197 610 262 637 Θεοῦ
279 611 352 638 Υῐόν.
376 612 482 647 Ἐπειδὴ
498 612 526 639 δὲ
547 613 631 639 ταῦτα
646 613 734 647 λέγειν
754 613 792 640 ἔτι
808 614 918 646 τούτους

133 655 183 682 οὐκ
195 655 268 683 ἐστιν
286 657 384 691 εὐαγές
394 666 400 672 ·
421 658 521 692 μᾶλλον
543 659 597 693 γὰρ
613 659 797 687 Σαδδουκαίων
812 661 858 687 καὶ
870 660 918 688 τοῦ

114 714 117 717 ‹
133 700 312 736 Σαμοσατέως
321 702 378 728 ἐστὶ
391 702 469 729 τοῦτο
481 703 509 729 τὸ
524 704 664 738 φρόνημα·
681 703 768 729 λείπει
781 704 834 739 ἄρα
848 704 919 731 κατὰ

133 746 181 782 τὴν
205 746 300 782 ἑτέραν
322 747 455 780 διάνοιαν,
478 748 538 775 καθ’
564 749 597 785 ἡν
619 749 709 776 Ἰσαὰκ
729 749 776 776 τοῦ
797 749 919 786 Ἀϐραάμ

133 792 207 818 ἐστιν
227 793 293 824 υἱὸς,
318 793 406 827 λέγειν
426 792 493 820 εἶναι
515 795 562 821 καὶ
582 794 627 822 τὸν
643 795 690 821 τοῦ
706 795 772 821 Θεοῦ
785 795 847 822 Υιόν
860 803 866 810 ·
888 796 919 822 τὸ

133 835 187 871 γὰρ
199 835 230 862 ἐκ
243 844 314 869 τινος
328 837 407 872 φύσει
428 838 606 874 γεννώμενον,
625 840 672 866 καὶ
696 840 732 875 μὴ
746 839 844 872 ἔξωθεν
857 841 918 866 ἐπι-

134 881 281 918 κτώμενον,
297 883 353 909 υίὸν
365 881 433 911 οἶδεν
443 886 459 919 ἡ
474 884 565 919 φύσις,
583 885 630 912 καὶ
641 885 718 912 τοῦτο
727 874 777 912 τοῦ
788 886 918 921 ὀνόματός
932 874 954 904 Β

133 928 191 954 ἐστι
211 928 242 954 τὸ
268 930 477 965 σημαινόμενον.
503 929 565 966 Ἆρ’
589 929 635 957 οὖν
658 931 875 967 ἀνθρωποπαθὴς
899 933 915 968 ἡ

134 973 179 1000 τοῦ
198 974 262 1000 Υίοῑ
288 975 431 1010 γέννησις;
457 975 545 1011 (τοῦτο
564 976 619 1012 γὰρ
639 976 703 1009 ἴσως
722 977 780 1004 κατ’
799 977 918 1009 ἐκείνους

135 1019 179 1045 καὶ
204 1020 282 1048 αὐτοὶ
304 1020 461 1057 θελήσουσιν
485 1021 631 1050 ἀντιθεῖναι
653 1023 689 1059 μὴ
709 1024 917 1059 γινώσκοντες.)

134 1064 272 1100 Οὐδαμῶς.
290 1066 326 1093 Οὐ
339 1067 392 1102 γὰρ
405 1067 443 1100 ὡς
457 1067 597 1103 ἅνθρωπος
614 1070 627 1095 ὀ
640 1068 720 1100 Θεόςι
737 1069 798 1096 ἐπεὶ
810 1069 877 1105 μηδὲ
894 1070 918 1096 οἱ

134 1110 270 1147 ἅνθρωποι
283 1112 338 1148 (64)
357 1113 394 1144 ὡς
410 1114 424 1139 ὁ
438 1113 521 1145 Θεός”
543 1115 568 1141 oi.
591 1114 639 1149 μὲν
659 1115 713 1150 γὰρ
733 1115 763 1148 εξ
786 1115 852 1151 ὕλης
872 1115 919 1142 καὶ

135 1156 234 1192 ταύτης
254 1157 337 1193 οὔσης
357 1158 509 1194 παθητικῆς
527 1159 705 1196 ἐκτίσθησαν·
728 1162 742 1187 ὁ
755 1161 782 1188 δὲ
795 1160 861 1192 Θεὸς
874 1160 920 1187 ἀῦ-

134 1208 178 1234 Αος
201 1203 248 1230 καὶ
266 1203 421 1239 ἀσώματος.
446 1205 476 1231 Εἰ
496 1205 524 1231 δὲ
539 1206 566 1232 αἱ
584 1206 663 1233 αὐταὶ
685 1206 771 1239 λέξεις
789 1207 835 1233 ἐπὶ
852 1206 918 1233 Θεοῦ

135 1249 181 1275 καὶ
197 1248 347 1284 ἀνθρώπων
364 1250 392 1276 ἐν
408 1251 467 1282 ταῖς
485 1249 570 1280 θείαις
589 1251 654 1278 ποτε
671 1252 773 1278 κεῖνται
787 1252 919 1287 Γραφαῖς,

134 1295 190 1321 ἀλλ’
216 1295 366 1331 ἀνθρώπων
395 1296 453 1322 ἐστὶ
474 1296 650 1332 διορατικῶν,
679 1299 717 1330 ὡς
736 1298 920 1334 παρήγγειλεν

133 1342 147 1367 ὁ
163 1340 276 1374 Παῦλος,
295 1341 437 1377 προσέχειν
453 1343 486 1378 τῇ
501 1342 661 1378 ἀναγνώσει.
674 1343 722 1369 καὶ
734 1343 804 1370 οὕτω
814 1343 920 1379 διακρί-

134 1395 199 1419 νειν,
218 1388 265 1414 καὶ
279 1388 349 1414 κατὰ
363 1388 412 1423 τὴν
425 1388 540 1415 ἑκάστου
555 1389 608 1415 τῶν
621 1390 826 1424 σημαινομένων
840 1390 921 1424 φύσιν

133 1431 168 1458 τὰ
181 1432 362 1468 γεγραμμένα
382 1433 580 1468 διαγινώσκειν,
603 1434 649 1461 καὶ
669 1434 705 1470 μὴ
728 1435 850 1470 συγχέειν
872 1435 920 1470 τὴν

134 1479 262 1512 διάνοιαν,
282 1479 352 1506 ὥστε
372 1480 408 1507 τὰ
427 1480 474 1507 τοῦ
494 1481 561 1508 Θεοῦ
583 1481 620 1516 μὴ
645 1481 820 1518 ἀνθρωπίνως
839 1482 919 1514 νοεῖν,

136 1525 205 1560 μηδὲ
219 1525 253 1552 τὰ
268 1526 322 1552 τῶν
342 1525 493 1561 ἀνθρώπων
510 1527 547 1558 ὡς
566 1528 630 1562 περὶ
643 1527 710 1554 Θεοῦ
733 1536 798 1554 ποτε
815 1527 919 1561 λογίζε-
932 1541 954 1571 C

135 1571 208 1598 σθαι.
229 1571 313 1600 Τοῦτο
332 1572 385 1607 γάρ
400 1573 458 1598 ὲστι
473 1572 519 1599 τὸν
531 1571 602 1599 οἶνον
616 1573 691 1600 ὕδατι
704 1574 789 1608 μίξαι,
804 1573 919 1609 καὶπῦρ

134 1617 273 1653 ἀλλότριον
294 1617 447 1644 ἐπιϐάλλειν
475 1618 521 1645 ἐπὶ
538 1618 568 1646 τὸ
587 1618 777 1655 θυσιαστήριον
796 1619 832 1654 τῷ
857 1619 921 1656 θείῳ

137 1662 213 1698 πυρί.

171 1708 215 1734 Η.
229 1709 283 1735 Καὶ
299 1707 353 1743 γὰρ
375 1709 422 1735 καὶ
436 1709 449 1735 ὁ
463 1708 528 1740 Θεὸς
545 1708 639 1741 κτίζει,
653 1710 700 1737 καὶ
716 1710 762 1736 ἐπὶ
771 1709 924 1746 ἀνθρώπων

137 1753 163 1780 δὲ
176 1753 206 1781 τὸ
227 1754 328 1787 κτίζειν
346 1754 453 1790 εἴρηται
464 1763 472 1770 '
487 1755 534 1782 καὶ
554 1756 568 1782 ὁ
589 1755 638 1790 μὲν
654 1756 720 1787 Θεὸς
735 1755 772 1782 ὢν
788 1758 859 1783 ἐστι·
880 1757 922 1784 λέ-

136 1808 228 1835 γονται
244 1801 272 1827 δὲ
289 1802 334 1828 καὶ
355 1802 380 1828 οἰ
391 1801 529 1836 ἄνθρωποι
542 1800 620 1833 εἶναι,
635 1803 708 1838 παρὰ
721 1803 787 1829 Θεοῦ
803 1804 923 1830 καὶτοῦ-

136 1855 166 1873 το
181 1846 307 1879 λαόόντες
333 1847 414 1882 ἔχειν.
428 1845 491 1882 Ἆρ’
505 1845 550 1874 οὖν
565 1847 650 1880 οὕτως
671 1850 685 1875 ὁ
705 1849 770 1880 Θεὸς
787 1849 871 1881 κτίζει
886 1850 923 1882 ὡς

135 1892 272 1928 ἄνθρωποι
284 1901 292 1925 ;
306 1893 341 1919 Ἦ
355 1893 440 1925 οὕτως
452 1894 489 1920 ῶν
504 1894 577 1920 ἐστιν
592 1895 629 1926 ὡς
644 1894 785 1930 ἄνθρωπος
797 1904 804 1928 ;
819 1895 864 1931 Μὴ
876 1896 922 1930 γέ-

135 1938 221 1964 vowel
250 1938 338 1970 ἄλλως
351 1938 398 1965 ἐπὶ
412 1938 479 1965 Θεοῦ
496 1938 545 1970 τὰς
572 1939 658 1972 λέξεις
680 1939 861 1975 λαμϐάνομεν,
877 1941 924 1967 καὶ

134 1983 234 2019 ἑτέρως
242 1983 287 2010 ἐπὶ
298 1983 350 2010 τῶν
360 1984 510 2020 ἀνθρώπων
525 1985 624 2017 ταύτας
635 1986 821 2020 διανοούμεθα.
831 1986 858 2013 '0
874 1986 923 2022 μὲν

135 2028 191 2064 νὰρ
206 2029 272 2061 Θεὸς
284 2029 381 2063 κτίζει,
395 2030 484 2057 καλῶν
495 2031 529 2058 τὰ
543 2031 580 2067 μὴ
594 2032 704 2064 ὸνταείς
713 2032 743 2059 τὸ
755 2031 824 2059 εἶναι
835 2053 843 2065 ,
864 2032 923 2059 οὑδ-

136 2074 197 2107 ιψὸς
215 2075 401 2111 ὲπιδεὸμενος”
425 2077 450 2103 οί
473 2076 502 2103 δὲ
520 2077 656 2113 ἄνθρωποι
679 2079 727 2114 τὴν
743 2079 923 2114 ὑποκειμένην

136 2120 202 2155 ὕλην
223 2122 395 2158 ἐργάζονται,
412 2123 555 2159 εὐξάμενοι
575 2124 716 2160 πρότερον,
735 2125 782 2152 καὶ
796 2125 846 2160 τὴν
864 2126 924 2152 ἐπι-

136 2169 242 2204 στήμην
258 2169 305 2195 τοῦ
321 2170 407 2196 ποιεῖν
417 2169 543 2201 λαϐόντες
553 2170 629 2205 παρὰ
641 2171 688 2197 τοῦ
699 2171 788 2198 πάντα
795 2171 925 2207 δημιουρ-

135 2214 268 2249 γήσαντος
283 2214 350 2241 Θεοῦ
367 2214 410 2241 διὰ
429 2215 475 2241 τοῦ
492 2216 556 2242 ἰδίου
571 2217 667 2251 Λόγου.
683 2217 768 2244 ΙΙάλιν
788 2226 817 2243 τε
832 2218 857 2244 οἱ
871 2218 920 2252 μὲν
937 2211 958 2237 D

136 2260 283 2296 ἄνθρωποι,
311 2261 341 2287 οὐ
369 2261 511 2296 δυνάμενοι
528 2262 587 2289 καθ’
600 2263 712 2294 ἑαυτοὺς
727 2263 781 2298 (65)
800 2261 877 2294 εἶναι,
894 2265 922 2290 ὲν

136 2305 211 2341 τόπῳ
224 2306 402 2340 τυγχάνοντες
417 2308 469 2334 εἱσι
483 2309 679 2343 περιεχόμενοι,
698 2309 742 2334 καὶ
759 2309 923 2341 συνεστῶτες

137 2351 167 2377 ὲν
178 2351 217 2386 τῷ
233 2351 279 2378 τοῦ
296 2352 363 2378 Θεοῦ
377 2352 455 2388 Λόγῳ
464 2361 470 2368 ·
485 2354 498 2379 ὁ
509 2353 537 2380 δὲ
547 2353 612 2386 Θεὸς
624 2354 661 2381 ὢν
675 2355 732 2381 ἐστι
747 2354 806 2381 καθ’
818 2355 921 2386 ἑαυτὸν,

139 2397 272 2433 περιέχων
296 2397 331 2424 τὰ
345 2399 443 2431 πάντα,
469 2400 514 2426 καὶ
535 2400 581 2426 ὑπ’
592 2400 698 2432 οὐδενὸς
714 2401 904 2436 περιεχόμενος
915 2410 921 2416 ·

137 2444 186 2470 καὶ
201 2444 229 2470 ὲν
240 2444 307 2470 πᾶσι
319 2445 368 2479 μὲν
382 2445 438 2472 ἔστι
453 2445 522 2472 κατὰ
537 2446 585 2481 τὴν
600 2447 697 2473 ἑαυτοῦ
708 2447 862 2482 ἁγαοότητα
877 2448 924 2474 καὶ

137 2489 262 2524 δύναμιν,
279 2489 331 2523 ἔξω
346 2490 374 2517 δὲ
402 2491 455 2518 τῶν
484 2491 591 2519 πάντων
618 2493 698 2520 πάλιν
719 2494 778 2520 ἐστὶ
791 2493 860 2520 κατὰ
875 2494 923 2529 τὴν

139 2534 207 2561 ίδίαν
222 2535 312 2569 φύσιν.
330 2536 433 2572 Ὥσπερ
450 2535 496 2563 οὖν
514 2538 544 2563 οὐ
568 2538 614 2564 τὸν
630 2539 710 2565 αὐτὸν
724 2538 823 2574 τρόπον
838 2540 862 2565 oi
875 2539 922 2565 ἄν·

137 2580 241 2615 θρωποι
261 2581 398 2614 κτίζουσιν
418 2583 501 2618 ὅνπερ
521 2584 620 2619 τρόπον
633 2586 647 2611 ὁ
661 2584 726 2616 Θεὸς
743 2584 839 2617 κτίζει,
868 2585 921 2612 οὐδ’

138 2626 223 2658 οὕτως
239 2628 308 2654 εἰσὶν
324 2628 347 2654 οἱ
364 2628 500 2663 ἄνθρωποι
515 2629 609 2665 ὥσπερ
626 2631 699 2657 ἐστὶν
711 2631 724 2657 ό
737 2630 802 2663 Θεός
812 2639 818 2646 ·
837 2630 923 2663 οὕτως

137 2673 225 2706 ἄλλως
240 2675 314 2701 ἐστὶν
337 2675 354 2710 ή
381 2673 433 2701 τῶν
457 2674 606 2709 ἀνθρώπων
636 2676 751 2709 γένεσις,
774 2677 820 2703 καὶ
836 2677 922 2709 ἄλλως

171 2751 193 2767 ³⁸
208 2751 272 2787 an.
300 2759 356 2784 xtx,
380 2751 423 2783 i7,
454 2751 494 2778 lii.
532 2751 553 2767 ³⁷
570 2751 662 2778 Matth.
680 2761 733 2780 xtx.
754 2752 799 2779 28.
839 2753 860 2771 ³³
876 2753 969 2781 Matth.
983 2762 1050 2787 xxv,
1075 2753 1119 2781 3i.
1158 2753 1180 2769 '9
1198 2752 1263 2780 ibid.
1280 2752 1326 2779 25.

139 2786 184 2814 22.
224 2786 247 2802 "
262 2786 339 2814 liom.
366 2794 402 2819 tv,
420 2786 463 2813 17.

177 2852 232 2887 (δι)
251 2853 295 2881 Sic
311 2853 375 2889 Reg.
394 2854 444 2882 Alii
460 2862 521 2882 vero
537 2859 561 2882 et
578 2855 650 2887 editi,
661 2855 698 2890 μὴ
711 2855 757 2881 καὶ
773 2855 796 2881 οἱ
812 2855 960 2891 ἄνθρωποι.

969 251 1122 287 praeﬁcitur,
1136 251 1204 279 alius
1218 251 1336 286 quinque
1348 252 1389 284 ";
1406 251 1450 278 alii
1467 251 1561 278 sedent
1572 258 1653 284 super
1670 251 1748 277 sedes

968 298 1120 330 duodecim,
1135 297 1287 332 iudicantes
1300 297 1439 324 duodecim
1461 296 1545 323 tribus
1559 295 1684 327 Israel";
1702 294 1748 321 alii

968 345 1079 372 audiunt
1094 353 1101 371 :
1121 343 1222 374 Venite.
1232 343 1355 370 benedicti
1376 343 1464 370 Patris
1479 343 1528 369 mei
1540 342 1563 358 ³⁸
1576 351 1583 375 ;
1599 346 1626 369 et
1642 351 1647 368 :
1663 343 1747 376 Euge,

968 398 1039 418 serve
1062 391 1125 416 bane
1139 395 1163 417 ct
1183 389 1309 424 ﬁdelis".
1325 388 1391 416 Cum
1415 389 1471 415 haec
1493 388 1572 423 igitur
1589 387 1693 414 illorum
1714 386 1749 413 sit

967 435 1111 467 sententia,
1133 435 1204 469 jure'
1218 433 1313 460 merito
1337 433 1492 460 existimant
1515 432 1666 466 hujttsntodi
1689 431 1748 458 Filii

969 481 1050 509 Deum
1064 488 1115 508 non
1131 487 1239 514 semper
1257 480 1340 507 fuisse
1366 479 1487 510 Patrem,
1504 485 1588 512 neque
1609 477 1687 504 taletn
1704 477 1749 504 Fi-

969 527 1032 554 lium
1052 532 1157 560 semper
1170 524 1262 558 fuisse,
1285 524 1331 552 sed
1351 531 1385 551 ex
1408 523 1493 550 nihilo
1510 531 1570 550 esse
1591 527 1710 549 creatum
1724 527 1749 548 et

969 571 1078 603 factum,
1097 577 1146 597 nec
1161 570 1243 596 fuisse
1266 573 1408 604 antequam
1425 569 1531 603 genitus
1549 572 1619 595 esset
1635 587 1642 599 ,
1664 567 1750 601 siqni-

968 617 1027 644 dem
1044 616 1088 644 ille
1102 616 1170 643 alius
1183 615 1293 642 omnino
1306 619 1347 642 est
1364 622 1378 642 a
1400 622 1464 642 vero
1486 614 1532 641 Dei
1554 613 1633 641 Filio.
1650 612 1748 639 Verum

968 671 1029 691 cttm
1046 663 1102 690 hac
1119 662 1176 689 illos
1199 661 1289 688 dicere
1304 660 1344 688 fas
1366 660 1421 695 iam
1444 667 1496 687 non
1511 661 1557 691 sit,
1573 664 1664 693 utpote
1687 667 1751 686 cum

969 709 1018 736 ista
1034 707 1241 735 Sadducaaornm
1255 709 1342 741 potius
1356 711 1381 734 et
1393 706 1591 734 Samosatensis
1615 705 1669 732 sint
1683 712 1747 739 pro-

969 754 1037 787 pria,
1048 757 1132 780 restat
1146 757 1173 779 ut
1187 752 1241 779 alio
1249 759 1401 786 sensu,quo
1416 751 1540 778 nimirum
1551 751 1623 778 Isaac
1634 750 1752 777 Abrahae

967 805 1007 827 est
1023 800 1101 830 illius,
1117 799 1161 825 Dei
1179 797 1274 824 Filium
1294 805 1353 824 esse
1376 797 1532 824 concedant.
1551 796 1616 824 Nam
1633 797 1703 831 quod
1716 804 1750 823 ex

969 847 1058 881 aliquo
1080 848 1199 881 gignitur
1226 853 1275 872 nec
1298 846 1467 873 extrinsecus
1485 845 1646 876 advehitur,
1667 844 1749 871 tilium

968 900 1026 920 esse
1042 893 1164 926 agnoscit
1190 897 1296 923 natura,
1313 898 1397 925 eaque
1413 895 1454 917 est
1478 890 1584 925 propria
1601 889 1679 924 hujus
1704 897 1752 916 no-

967 939 1049 966 minis
1063 938 1233 973 signiﬁcatio.
1250 937 1315 963 Num
1330 944 1394 971 ergo
1409 936 1467 963 Filii
1482 935 1618 971 generatio
1633 936 1751 963 humano

968 992 1042 1012 more
1056 989 1096 1011 est
1110 983 1303 1018 intelligenda?
1320 982 1410 1018 (Forte
1424 982 1494 1008 enint
1510 982 1534 1009 id
1551 981 1610 1016 ipsi,
1625 987 1653 1009 ut
1669 987 1696 1008 et
1713 982 1750 1009 illi

967 1029 1043 1062 olim,
1054 1030 1138 1063 ignari
1162 1029 1312 1063 reponem.)
1326 1027 1509 1062 Nequaquam.
1527 1027 1581 1054 Nec
1596 1027 1668 1054 enim
1681 1027 1751 1054 Dens

968 1076 1083 1103 hominis
1100 1075 1195 1102 similis
1209 1079 1261 1105 est,
1280 1074 1316 1100 uti
1330 1080 1378 1100 nec
1395 1073 1528 1106 homines,
1543 1073 1600 1101 Dei.
1623 1073 1660 1099 Illi
1680 1073 1750 1100 enim

968 1129 1000 1148 ex
1013 1121 1124 1148 materia
1135 1128 1220 1155 eaque
1235 1120 1336 1155 patibili
1351 1121 1428 1155 171
1445 1125 1507 1147 sunt
1519 1119 1603 1146 creati
1617 1128 1624 1145 :
1640 1123 1666 1145 at
1683 1119 1753 1146 Deus

969 1175 1065 1202 expers
1083 1171 1124 1194 est
1139 1167 1257 1194 materia;
1272 1172 1298 1194 et
1317 1167 1448 1201 corporis.
1465 1165 1541 1199 Quod
1561 1165 1583 1192 si
1596 1165 1697 1192 eaedem
1711 1164 1752 1191 di-

969 1214 1072 1241 ctiones
1084 1213 1137 1241 Deo
1154 1217 1182 1240 et
1199 1213 1351 1240 hominibus
1373 1212 1398 1239 in
1420 1212 1519 1239 divinis
1541 1210 1687 1245 Scripturis
1712 1210 1753 1237 in-

970 1259 1074 1287 terdutn
1097 1259 1294 1289 attribuuntur,
1319 1258 1458 1285 hominum
1483 1262 1524 1284 est
1543 1256 1751 1291 perspicacinm,

969 1309 999 1331 ut
1008 1305 1132 1332 admonet
1144 1303 1279 1335 Paulus“,
1292 1304 1431 1330 attendere
1442 1302 1475 1330 ad
1485 1302 1634 1333 lectionem,
1643 1308 1756 1336 remque

969 1347 1153 1382 perpendere,
1178 1353 1210 1374 ac
1235 1353 1282 1381 pro
1308 1350 1403 1372 natura
1423 1352 1512 1371 rerum
1541 1344 1752 1378 signiﬁcatarum

970 1400 1028 1427 quae
1040 1393 1140 1427 scripta
1156 1397 1218 1419 sunt
1237 1392 1397 1426 diiudicare,
1415 1397 1464 1418 nec
1480 1397 1588 1418 sensum
1607 1389 1755 1417 confundc-l

971 1446 1010 1471 re,
1025 1439 1061 1465 ita
1077 1443 1105 1464 ut
1119 1445 1178 1472 qua)
1193 1438 1225 1464 ad
1243 1437 1325 1464 Deum
1336 1440 1469 1471 spectant.
1480 1436 1597 1462 humano
1610 1435 1688 1462 modo
1701 1442 1753 1462 non

971 1483 1168 1519 intelligantur,
1191 1490 1242 1510 nec
1257 1482 1373 1510 vicissim
1391 1489 1450 1516 quae
1469 1481 1502 1508 ad
1524 1480 1648 1508 homines
1669 1481 1753 1515 perti—

972 1533 1048 1561 nent,
1063 1528 1215 1563 cogitentur
1235 1532 1362 1562 tanquam
1377 1527 1422 1554 Dei
1440 1526 1559 1560 propria.
1578 1524 1606 1553 ld
1624 1525 1695 1552 enim
1712 1528 1754 1552 est.

971 1574 1060 1601 vinum
1074 1581 1133 1600 cum
1151 1580 1220 1607 aqua
1249 1573 1402 1604 miscere",
1428 1572 1599 1606 alienumque
1618 1571 1705 1606 ignem
1720 1571 1753 1598 ad

969 1619 1088 1648 divinum
1101 1620 1187 1654 ignem
1201 1618 1227 1646 in
1240 1618 1317 1645 altari
1331 1619 1483 1645 admovere.

1006 1713 1049 1740 Η.
1063 1711 1171 1739 Scilicet
1189 1715 1216 1738 et
1237 1710 1304 1738 Deus
1318 1714 1402 1742 creat,
1423 1713 1449 1736 et
1463 1709 1496 1737 de
1518 1708 1670 1736 hominibus
1685 1708 1757 1735 idem

971 1765 1077 1793 quoque
1092 1757 1192 1784 dicitur
1207 1764 1215 1782 :
1234 1756 1302 1783 Deus
1316 1756 1379 1782 item
1397 1755 1419 1782 is
1431 1760 1472 1782 est
1486 1754 1530 1788 qui
1552 1758 1594 1781 est
1608 1762 1615 1780 :
1634 1753 1756 1780 homines

971 1803 1096 1830 similiter
1117 1803 1242 1830 dieuntur
1256 1809 1325 1833 csse,
1342 1802 1412 1835 quod
1431 1801 1517 1836 ipsum
1532 1799 1640 1834 quidem
1661 1806 1675 1825 a
1700 1799 1760 1826 Deo

972 1853 1143 1884 acceperunt.
1156 1848 1196 1876 An
1213 1855 1278 1882 ergo
1298 1847 1335 1874 ita
1357 1847 1426 1874 Deus
1441 1851 1525 1879 creat,
1544 1851 1573 1873 ut
1591 1846 1670 1872 homo
1687 1845 1698 1872 Ἰ
1712 1845 1753 1871 An

972 1897 1064 1924 eodem
1082 1895 1161 1923 modo
1172 1899 1284 1928 est,quo
1294 1893 1395 1921 homo?
1415 1893 1522 1920 Minime
1539 1896 1613 1920 certe
1627 1899 1634 1917 :
1648 1891 1695 1918 sed
1706 1891 1756 1918 ali-

974 1946 1014 1970 ter
1027 1942 1077 1969 has
1090 1948 1169 1968 voces
1182 1941 1215 1968 de
1234 1939 1287 1968 Deo
1309 1939 1492 1974 intelligimus,
1513 1938 1591 1966 aliter
1613 1938 1646 1965 de
1666 1937 1756 1965 homi-

973 1988 1061 2015 nibus.
1077 1987 1144 2014 Nam
1163 1986 1232 2014 Deus
1255 1986 1362 2021 quidem
1381 1989 1464 2016 creat,
1481 1992 1512 2012 ea
1524 1991 1583 2020 quae
1607 1991 1659 2011 non
1676 1987 1756 2011 erant

972 2041 1072 2061 vocans
1084 2033 1176 2060 utsint
1185 2032 1217 2065 “,
1226 2032 1353 2066 nullaque
1368 2039 1396 2058 re
1409 2032 1440 2058 ad
1452 2030 1597 2058 creandum
1614 2030 1756 2064 indigens:

975 2080 1097 2107 homines
1110 2086 1175 2106 vero
1197 2086 1248 2105 non
1271 2078 1321 2105 nisi
1347 2077 1465 2111 subjecta
1492 2080 1605 2102 utuntur
1630 2075 1757 2106 materia,

975 2131 1115 2161 postquam
1131 2133 1145 2151 ιι
1165 2125 1219 2152 Deo
1236 2124 1280 2159 qui
1304 2124 1394 2151 omnia
1411 2131 1458 2158 per
1478 2123 1614 2158 propriunt
1630 2121 1756 2156 _Verhum

974 2173 1086 2204 creavit,
1095 2172 1235 2199 srientiam
1248 2176 1369 2198 artemve
1380 2169 1475 2205 agendi
1491 2169 1617 2204 precibus
1631 2168 1756 2195 obtinue-

972 2219 1036 2246 rint.
1050 2217 1181 2245 Prmlerea
1197 2217 1329 2248 homines,
1340 2216 1386 2250 qui
1402 2222 1449 2249 per
1460 2222 1489 2241 se
1503 2213 1625 2248 ipsi'esse
1636 2220 1688 2239 non
1701 2219 1759 2246 pos-

974 2269 1047 2295 sunt,
1077 2263 1138 2290 loco
1161 2261 1432 2294 circumscribuntur,
1460 2259 1582 2294 atquein
1603 2258 1648 2286 Dei
1669 2257 1759 2285 Verbo

973 2309 1124 2336 consistunt
1140 2317 1146 2334 :
1163 2313 1190 2335 at
1207 2308 1276 2335 Deus
1291 2308 1334 2342 qui
1353 2313 1402 2342 per
1418 2314 1446 2333 se
1459 2309 1581 2335 vereest,
1593 2303 1680 2330 omnia
1693 2309 1761 2330 con-

975 2355 1054 2388 tinet,
1068 2359 1095 2382 et
1108 2363 1121 2381 a
1137 2353 1209 2380 nulla
1223 2361 1252 2380 re
1269 2354 1325 2388 ipse
1337 2352 1491 2380 continetur
1508 2350 1555 2378 :in
1574 2349 1701 2376 omnibus
1718 2352 1759 2375 est

976 2409 1023 2428 sua
1039 2401 1160 2428 bonitate
1173 2404 1200 2428 et
1212 2399 1347 2435 potentia;
1360 2403 1387 2426 at
1399 2403 1475 2426 extra
1489 2396 1579 2424 omnia
1595 2400 1636 2423 est
1652 2394 1761 2430 propria

977 2452 1081 2475 natura.
1116 2446 1345 2481 Quemadmodum
1377 2452 1441 2480 ergo
1476 2451 1527 2471 non
1555 2442 1649 2470 eodem
1681 2440 1761 2468 tnodo

975 2498 1069 2522 creant
1081 2493 1218 2525 homines,
1230 2500 1283 2526 quo
1297 2491 1367 2518 Deus
1380 2494 1466 2521 creat,
1489 2496 1538 2516 nec
1565 2487 1658 2515 eodem
1680 2485 1764 2514 modo

976 2544 1038 2566 sunt
1051 2547 1105 2573 quo
1132 2538 1198 2565 ille:
1215 2538 1253 2564 ita
1275 2537 1353 2564 aliter
1378 2540 1557 2571 procreantur
1577 2533 1712 2565 homines,
1732 2537 1760 2559 et

976 2585 1054 2612 aliter
1065 2584 1150 2612 Filius
1165 2592 1198 2611 ex
1224 2584 1303 2612 Patre
1331 2582 1461 2610 nascitur.
1479 2580 1562 2608 Fetus
1581 2579 1654 2607 enim
1678 2578 1761 2606 homi-

977 2638 1051 2663 num,
1066 2635 1156 2664 partes
1171 2629 1369 2662 quodammodo
1384 2631 1448 2656 sunt
1461 2625 1645 2662 gignentium,
1662 2624 1761 2659 quippe

976 2683 1037 2703 cum
1053 2683 1102 2703 nec
1120 2676 1176 2710 ipsa
1187 2682 1329 2709 corporum
1342 2678 1435 2702 natura
1449 2672 1562 2707 simplex
1576 2671 1622 2703 sit,
1639 2670 1685 2697 sed
1709 2669 1760 2696 ilu-

1366 2750 1389 2766 ⁶⁰
1403 2749 1414 2776 l
1429 2749 1492 2777 Cor.
1508 2757 1540 2781 ιι,
1555 2748 1598 2775 15.
1638 2747 1658 2763 ⁸⁸
1674 2746 1725 2774 lsa.
1738 2754 1760 2775 ι.

1009 2854 1064 2890 (65)
1087 2854 1163 2889 Reg,
1178 2853 1237 2880 καθ’
1253 2852 1361 2886 αὐτούς,
1376 2857 1404 2881 et
1418 2853 1497 2888 paulo
1512 2857 1581 2888 post,
1598 2851 1657 2878 καθ’
1671 2847 1763 2877 αὐτόν.
