2018 3048
141 174 196 203 ιιδ

669 169 713 199 DE
731 169 901 198 DECRETIS
921 167 1074 197 NICENAS
1094 159 1229 195 SYNODl.

1704 163 1758 191 ΗΘ

140 231 188 257 τοῦ
204 230 267 257 Υἱοῦ
281 231 414 266 γέννησιν.
442 229 490 262 Τίς
504 229 557 266 γὰρ
571 230 681 257 δύναται
702 231 752 256 κᾶν
768 229 925 263 λογίσασθαι

976 226 1175 261 generationem
1189 229 1288 251 nosme
1305 229 1365 250 esse
1387 220 1514 250 similem.
1533 219 1600 254 Quis
1620 221 1690 248 enim
1716 222 1759 249 uel

143 277 182 312 μὴ
193 275 263 304 εἶναι
279 285 343 303 ποτε
355 276 385 303 τὸ
400 276 579 311 ἀπαύγασμα,
599 276 641 302 ἶνα
657 276 703 302 καὶ
716 275 851 310 τολμήσας
864 274 927 309 εἴπῃ

143 323 181 359 μὴ
197 322 266 351 εἶναι
280 323 324 350 ἀεὶ
337 323 383 349 τὸν
399 323 473 354 Υἱὺν,
490 322 506 357 ἢ
521 323 562 349 ὅτι
576 322 625 348 οὐκ
635 320 668 356 ἦν
679 323 693 348 ὁ
709 321 772 352 Υἱὸς
785 321 848 356 πρὶν
865 328 927 354 γεν-

140 368 209 404 νηθῇ
222 377 230 401 ;
244 368 279 394 Ἦ
295 367 337 400 τίς
348 368 438 399 ἱκανὸς
448 367 544 394 διελεῖν
555 368 609 394 ἀπὸ
619 367 665 394 τοῦ
678 367 753 402 ἡλίου
764 367 795 392 τὸ
807 366 928 400 ιὶπαύγα⁹

140 422 208 449 σμα,
226 413 243 448 ἢ
256 413 304 449 τὴν
323 414 413 449 πηγὴν
428 414 569 449 ἐπινοῆσαι
590 422 652 440 ποτε
667 414 716 448 τῆς
731 412 802 447 ζωῆς
814 412 925 447 ἔρημον.

142 460 185 486 ἵνα
199 459 247 486 καὶ
263 460 355 494 μανεὶς
367 459 442 496 εἴπῃ,
459 459 489 491 ἐξ
505 461 555 486 οὐκ
567 459 650 486 ὄντων
665 460 737 485 ἐστὶν
753 460 768 484 ὁ
781 458 845 489 Υἱὸς
859 459 872 484 ό
888 458 928 483 λέ-

139 515 206 540 γων,
229 506 366 540 Ἐγώεὶμι
380 507 400 540 ἡ
415 506 481 540 ζωὴ,
500 507 518 542 ἢ
534 507 673 542 ἀλλότριος
689 508 738 541 τῆς
757 505 804 532 τοῦ
821 505 929 540 Πατρὸς

141 550 244 582 οὐσίας,
261 551 276 576 ό
291 550 386 584 λέγων,
404 551 430 576 Ὀ
449 551 501 585 ἐμὲ
524 551 658 585 ἑωρακὼς
677 551 787 584 ἑώρακε
803 550 855 576 τὸν
869 551 926 576 Πα-

141 596 228 630 τέρα;
241 595 318 622 Οὕτω
334 596 388 631 γὰρ
403 597 476 631 ἡμᾶς
487 597 510 622 oi
524 597 595 631 ἅγιοι
613 596 767 631 βουλόμενοι
777 597 856 625 νοεῖν,
872 603 926 621 τοι·

141 641 211 669 αὖτα
227 642 274 668 καὶ
290 642 497 677 παραδείγματα
510 642 655 669 δεδώκασι·
672 642 718 668 καὶ
740 642 812 667 ἐστιν
828 641 925 668 ἄτοπον

142 687 264 714 καὶ·λίαν
283 687 388 719 ἀσεϐὲς,
412 687 539 718 τοιαύτας
556 687 670 722 ἐχούσης
689 687 739 721 τῆς
754 686 866 722 Γραφῆς
876 686 926 717 τὰς

141 732 258 763 εἰκόνας,
276 731 306 764 ἐξ
319 731 406 758 ἄλλων
422 732 495 767 ἡμᾶς
513 732 575 767 περὶ
587 731 633 758 τοῦ
647 731 749 767 Κυρίου
763 730 925 757 διανοεῖσθαι

140 778 195 804 τῶν
213 778 280 812 μήτε
297 777 504 813 γεγραμμένων,
530 779 598 813 μήτε
616 777 675 804 τινὰ
693 778 811 804 διάνοιαν
827 779 866 809 εὶς
881 778 926 803 εὑ.

142 822 248 849 σέϐειαν
261 822 386 857 ἑχόντων.

976 272 1142 305 cogitatione
1155 271 1238 304 tingat
1253 276 1304 295 non
1327 275 1388 296 esse
1408 268 1554 303 aliquando
1578 268 1758 301 splendorem,

976 323 1006 344 ut
1019 318 1117 344 audeat
1136 315 1310 348 contendere,
1333 322 1385 342 non
1413 321 1522 348 semper
1548 313 1631 341 fuisse
1649 313 1758 348 Filium,

976 364 1018 391 vel
1033 371 1084 390 non
1103 363 1185 390 fuisse
1194 362 1352 397 priusquam
1370 365 1440 388 esset
1456 360 1584 394 genitus?
1599 360 1651 386 Aut
1667 361 1728 395 quis
1743 367 1759 387 a

977 409 1035 437 sole
1051 409 1219 443 splendorem
1233 407 1381 441 separabit,
1395 411 1443 433 aut
1457 405 1557 432 fontem
1574 405 1629 432 vita
1641 405 1761 438 aliquan-

976 454 1011 481 do
1026 453 1183 480 destitutum
1197 451 1335 485 cogitabit,
1348 455 1376 477 ut
1393 450 1530 477 insaniens
1542 450 1613 476 dicat
1630 456 1661 476 ex
1677 449 1760 476 nihilo

975 505 1037 526 esse
1056 497 1169 530 Filium,
1183 497 1227 530 qui
1244 497 1299 530 ipse
1312 496 1360 526 ait,
1381 494 1436 529 Ego
1454 503 1511 522 sum
1525 495 1576 520 vita
1588 495 1622 526 δ’,
1642 493 1682 520 vel
1698 501 1761 520 eum

975 552 990 571 ι
1003 542 1152 571 substantia
1167 541 1254 568 Patris
1267 548 1328 568 esse
1348 541 1494 570 dirersutu.
1513 539 1557 574 qui
1584 539 1653 566 idem
1676 538 1760 565 dicit:

977 591 1027 623 Qui
1040 598 1081 617 me
1094 589 1244 620 uidet,videt
1260 593 1283 614 et
1298 586 1403 614 Patrem
1417 587 1439 602 ⁵⁰
1450 586 1462 612 ?
1475 585 1607 612 Nimirum
1627 592 1687 611 cum
1703 591 1762 610 san-

975 637 1011 664 cti
1029 636 1087 663 hate
1108 643 1156 662 nos
1170 635 1207 661 ita
1224 633 1372 667 intelligere
1385 631 1494 664 vellent,
1508 631 1585 658 nobis
1608 629 1761 664 huiusmodi

975 681 1096 715 exempla
1111 679 1252 706 tradidere.
1278 678 1377 706 Annon
1395 677 1476 712 igitur
1491 676 1636 703 absurdum
1649 675 1761 710 proinde

975 725 1106 759 valdeque
1126 724 1236 758 impium
1251 723 1411 754 fuerit,cum
1428 723 1476 749 llas
1493 721 1623 754 imagines
1633 725 1660 747 et
1669 726 1762 746 exem-

975 771 1018 806 pla
1043 770 1184 804 Scriptura
1212 767 1363 799 contineat,
1376 775 1426 793 nos
1445 774 1478 793 ex
1504 765 1576 796 aliis,
1596 771 1656 798 quae
1672 771 1760 798 neque

975 817 1076 850 scripta
1103 819 1179 846 sunt.
1203 820 1291 848 neque
1317 813 1349 839 ad
1375 813 1504 846 pietatem
1527 811 1580 838 ullo
1605 810 1683 837 modo
1698 817 1761 843 spec

976 866 1061 892 clam,
1082 860 1187 887 Domini
1202 858 1324 886 notitiam
1337 858 1473 892 inquirere
1486 857 1498 883 ‘1

177 902 219 929 15.
235 902 338 929 Οὐκοῦν
355 902 446 930 λοιπὸν
457 904 619 938 λεγέτωσαν,
632 904 712 930 πόθεν
725 904 780 939 ἄρα
796 904 841 930 καὶ
855 900 925 934 οὗτοι

1012 908 1054 935 15.
1068 906 1127 934 1am
1144 907 1234 939 itaque
1255 905 1436 939 respondeant
1450 903 1584 930 undenem
1607 903 1706 936 edocti,
1719 903 1761 930 vel

143 947 284 983 μαθόντες,
301 948 317 982 ἢ
334 949 406 980 τινος
420 949 509 981 αὐτοῖς
520 949 738 984 παραδεδωκότος
755 948 820 983 (70),
834 949 925 976 τοιαῦ-

140 1001 174 1019 τα
189 994 252 1028 περὶ
267 993 313 1019 τοῦ
333 994 457 1029 Σωτῆρος
467 995 588 1022 ὑπονοεῖν
602 995 730 1030 ἦρξαντο;
749 995 926 1030 Ἀνέγνωμεν,

140 1039 282 1074 φήσουσιν,
299 1039 328 1066 ὲν
351 1040 410 1071 ταῖς
436 1040 616 1075 Παροιμίαις·
644 1041 751 1074 Κύριος
772 1039 873 1066 ἔκτισέ
889 1047 926 1074 με

140 1083 239 1118 ἀρχὴν
252 1084 329 1111 ὁδῶν
341 1084 433 1112 αὐτοῦ
447 1086 491 1118 εἶς
500 1085 571 1120 ἔργα
584 1085 686 1112 αὐτοῦ.
704 1085 757 1112 Καὶ
774 1085 828 1121 γὰρ
844 1086 890 1112 καὶ
901 1086 927 1113 οι

140 1129 205 1165 περὶ
220 1130 349 1156 Εὑσέϐιον
365 1130 442 1156 τοῦτο
461 1130 551 1164 λέγειν
575 1131 693 1162 ἐδόκουν,
712 1132 758 1157 καὶ
777 1131 808 1156 σὺ
821 1131 849 1157 δὲ
861 1131 927 1166 γρά-

141 1184 198 1209 φων
211 1176 357 1211 ἐδήλωσας,
377 1178 417 1203 ὃτι
434 1177 477 1203 διὰ
496 1177 600 1204 πολλῶν
615 1177 663 1213 μὲν
682 1177 844 1211 ἀποδείξεων
861 1179 927 1211 ἀνα-

139 1221 302 1256 τρεπόμενοι
314 1222 359 1248 καὶ
374 1219 446 1249 οὗτοι
462 1223 704 1257 κατεγινώσκοντο,
724 1224 802 1250 τοῦτο
816 1224 844 1251 δὲ
854 1225 926 1260 ὅμως

139 1269 215 1295 αὐτοὶ
227 1268 257 1294 τὸ
275 1269 355 1304 ῥητὸν
374 1269 430 1295 ἄνω
452 1270 498 1295 καὶ
517 1269 592 1296 κάτω
610 1269 812 1304 περιφέροντες.
829 1270 858 1297 ἒν
874 1270 929 1302 τῶν

138 1314 293 1350 κτισμάτων
303 1315 347 1340 τὸν
358 1315 420 1342 Υἰὸν
431 1313 500 1342 εἶναι
511 1315 612 1349 ἔλεγον,
623 1316 670 1341 κα).
676 1317 732 1347 tot;
743 1317 867 1351 γενητοῖς
881 1317 928 1343 αὑ-

138 1360 184 1387 τὸν
210 1361 402 1396 συνηρῐθμουν.
426 1361 505 1387 Ἀλλὰ
521 1361 567 1391 καὶ
594 1361 673 1388 τοῦτο
698 1361 805 1388 δοκοῦσί
826 1371 871 1397 μοι
889 1363 926 1398 μὴ

138 1407 293 1441 νενοηκέναι
304 1407 409 1439 καλῶς·
428 1407 483 1442 ἔχει
496 1407 550 1442 γὰρ
565 1407 614 1442 τὴν
635 1407 752 1440 διάνοιαν
766 1409 864 1442 εὐσεεῆ
882 1409 927 1435 καὶ

138 1452 198 1479 λίαν
212 1452 304 1489 ὀρθὴν,
319 1454 351 1489 ἣν
365 1455 390 1480 εἰ
411 1454 458 1480 καὶ
474 1455 551 1481 αὐτοὶ
573 1455 755 1490 νενοήκεισαν,
769 1455 819 1481 οὐκ
834 1454 866 1481 ἂν
883 1455 928 1482 τὸν

138 1498 240 1534 Κύριον
253 1500 302 1535 τῆς
315 1500 392 1535 δόξης
404 1500 627 1535 ἐϐλασφήμησαν.
646 1500 686 1527 Τὰ
701 1500 754 1536 γὰρ
766 1502 928 1537 προειρημέ-

138 1554 171 1572 να
198 1545 266 1581 πρδς
294 1546 325 1572 τὸ
353 1546 433 1581 ῥητὸν
456 1546 533 1572 τοῦτο
551 1545 777 1581 συμϐαλλέτωσαν
792 1546 858 1580 (71),
880 1546 926 1572 καὶ

137 1590 247 1625 οψονται
261 1591 359 1626 πολλὴν
385 1593 413 1617 ὲν
441 1591 532 1623 αὐτοῖς
553 1590 634 1618 οὖσαν
652 1592 701 1626 τὴν
721 1592 861 1627 διαφοράν.
877 1593 925 1623 Τίς

138 1636 193 1672 γὰρ
205 1637 236 1663 οὐ
253 1638 352 1672 συνορᾷ
367 1637 485 1663 διάνοιαν
503 1637 573 1672 ἔχων
587 1637 679 1672 ὀρῡὴν,
697 1637 737 1664 ὅτι
751 1637 784 1663 τὰ
803 1638 852 1672 μὲν
865 1647 923 1664 κτι-

138 1682 240 1718 ζόμενα
256 1683 304 1709 καὶ
331 1682 480 1718 ποιούμενα
495 1682 593 1714 ἔξωθεν
613 1683 659 1709 τοῦ
683 1683 833 1715 ποιοῦντος,
860 1684 875 1710 ὁ
897 1683 927 1714 δὲ

137 1727 212 1759 Υἱὸς,
223 1727 260 1758 ὡς
273 1728 301 1753 ἐν
314 1728 370 1757 τοῖς
389 1727 543 1762 ἔμπροσθεν
560 1727 658 1761 ἔδειξεν
669 1728 683 1753 ὁ
695 1727 783 1762 λόγος.
795 1729 845 1754 οὐκ
859 1728 925 1761 ἔξω·

138 1775 195 1806 θεν,
210 1773 267 1801 ἀλλ’
281 1774 313 1800 ἐκ
327 1773 373 1800 τοῦ
385 1774 532 1808 γεννῶντος
544 1774 644 1809 πατρὸς
659 1775 774 1810 ὑπάρχει
784 1775 856 1809 (72);
871 1776 925 1802 Καὶ

138 1820 194 1857 γὰρ
207 1819 349 1855 ἄνθρωπος
366 1819 452 1851 κτίζει
469 1820 518 1854 μὲν
535 1820 633 1851 οἰκίαν,
655 1822 738 1856 γεννᾷ
751 1821 779 1847 δὲ
794 1821 860 1853 υἱὸν,
879 1821 927 1847 καὶ⁹

137 1866 188 1895 οὐκ
202 1866 235 1893 ἄν
247 1874 289 1898 τις
305 1865 482 1900 ἀναστρέφων
498 1865 569 1892 εἴποι
588 1867 638 1902 τὴν
652 1866 700 1901 μὲν
717 1867 804 1893 οὶκίαν
819 1867 865 1893 καὶ
876 1867 930 1902 τὴν.

137 1911 204 1939 ναῦν
229 1911 374 1946 γεννᾶσθαι
393 1911 468 1947 παρὰ
483 1912 529 1938 τοῦ
555 1912 813 1945 κατασκευάζοντος,
831 1912 875 1938 τὸν
898 1913 926 1939 δὲ

137 1958 195 1984 υἱὸν
219 1957 360 1990 κτίζεσθαι
379 1957 424 1984 καὶ
441 1957 563 1989 ’πτοεῖσθαι
586 1957 660 1993 παρὰ
676 1958 722 1984 τοῦ
749 1958 847 1984 αὐτοῦ’
864 1958 925 1985 οὐδὲ

137 2003 218 2030 πάλιν
246 2003 295 2039 τὴν
326 2004 374 2039 μὲν
406 2003 494 2032 οἰκίαν
521 2003 613 2030 εἰκόνα
638 2004 683 2030 τοῦ
706 2004 858 2036 κτίζοντος,
879 2004 930 2033 τὸν,

136 2048 166 2076 δὲ
179 2049 236 2076 υἱὸν
249 2048 304 2084 (75)
315 2048 439 2084 ἀνόμοιον
451 2049 497 2076 τοῦ
511 2049 660 2083 γεννῶντος
672 2057 678 2064 ο
695 2049 762 2076 ἀλλὰ
773 2049 870 2084 μᾶλλον
881 2050 925 2077 τὸν

137 2093 193 2129 (74)
208 2094 257 2130 μὲν
274 2094 331 2121 υἱὸν
349 2094 441 2123 εἰκόνα
456 2094 503 2121 τοῦ
519 2094 622 2130 πατρὸς
638 2095 809 2131 ὁμολογήσει,
830 2095 880 2131 τὴν
897 2096 925 2123 δὲ

138 2138 227 2166 οἰκίαν
246 2138 343 2174 τέχνης
357 2137 425 2166 εἶναι
438 2139 640 2174 δημιούργημα,
657 2140 681 2165 ει
700 2140 736 2175 μή
751 2148 792 2171 τις
808 2140 863 2175 ἄρα
876 2140 930 2176 τὴν.

137 2183 255 2210 διάνοιαν
269 2184 359 2218 νοσοίη
371 2183 418 2210 καὶ
432 2184 480 2216 τὰς
495 2184 593 2219 φρένας
604 2183 813 2219 παρεξεστηκῲς
825 2185 926 2220 τυγχά-

976 962 1029 990 quo
1047 953 1155 980 tandem
1173 952 1227 979 illis
1248 951 1370 978 tradente
1387 950 1437 976 ista
1454 949 1488 976 de
1514 949 1656 976 Salvatore
1675 949 1762 983 suspi-

976 1000 1032 1028 cari
1048 1002 1189 1034 coeperunt
1207 997 1218 1024 ‘I
1235 996 1371 1031 Legimus,
1394 995 1527 1029 inquient,
1547 995 1572 1021 in
1589 994 1740 1021 Proverbiis
1753 1003 1762 1021 ιτ

975 1045 1105 1080 Dominus
1123 1043 1217 1071 creauit
1230 1051 1270 1070 me
1281 1042 1386 1069 initium
1396 1043 1497 1068 uiarum
1515 1048 1622 1067 suarum
1640 1041 1666 1067 in
1683 1048 1763 1073 opera

975 1098 1024 1118 sua
1037 1090 1070 1117 “.
1089 1088 1198 1116 Scilicet
1214 1088 1240 1115 id
1252 1087 1333 1114 etiam
1350 1086 1511 1113 videbantur
1523 1084 1658 1118 objectare
1676 1084 1763 1112 Euse-

977 1135 1061 1167 biani,
1079 1139 1160 1168 tuque
1172 1134 1229 1168 ipse
1248 1133 1301 1160 tuis
1314 1132 1414 1160 litteris
1429 1132 1493 1159 mihi
1513 1131 1671 1166 signiﬁcasti
1696 1131 1763 1158 istos

977 1188 1082 1216 quoque
1096 1180 1188 1208 multis
1201 1180 1263 1207 licet
1285 1179 1451 1214 argumentis
1466 1182 1616 1212 prostratos
1629 1182 1656 1204 et
1670 1178 1764 1204 convi-

976 1233 1044 1260 ctos,
1061 1228 1093 1254 ad
1109 1227 1153 1256 illa
1172 1226 1317 1260 Scriptura:
1329 1225 1409 1253 verba
1427 1224 1589 1259 profugisse.
1604 1231 1688 1258 caqtte
1703 1231 1763 1250 sur-

977 1281 1035 1301 sum
1061 1273 1220 1300 deorsumve
1247 1271 1467 1298 circumferentes
1490 1276 1645 1296 asseverare
1666 1268 1766 1295 Filium

977 1327 1058 1347 uuam
1078 1326 1094 1346 e
1109 1319 1190 1346 rebus
1201 1318 1301 1346 creatis
1316 1325 1386 1349 esse,
1401 1324 1517 1352 eumque
1537 1317 1608 1344 inter
1623 1323 1665 1343 res
1679 1316 1764 1343 factas

978 1372 1164 1393 annumerare.
1185 1365 1282 1392 Verum
1303 1364 1375 1392 hunc
1392 1364 1537 1398 Scriptum
1550 1363 1637 1390 locum
1652 1370 1704 1390 non
1721 1370 1764 1390 re-

977 1416 1020 1439 cte
1048 1412 1112 1439 mihi
1136 1412 1263 1439 videntur
1288 1410 1477 1437 intellexisse:
1500 1409 1632 1444 siquidem
1648 1409 1720 1443 pium
1735 1413 1765 1435 et-

977 1458 1055 1485 valde
1082 1462 1183 1485 rectum
1198 1457 1318 1483 continet
1335 1463 1456 1488 sensum,
1479 1462 1558 1489 quem
1574 1455 1595 1482 si
1618 1455 1667 1489 ipsi
1686 1454 1764 1481 intel-

978 1503 1116 1535 lexissent,
1127 1502 1267 1529 Dominum
1283 1501 1374 1536 gloria:
1385 1500 1558 1535 blasphemiis
1574 1507 1626 1526 non
1636 1499 1765 1526 oil'endis.

978 1553 1048 1575 sent.
1067 1547 1132 1574 Nam
1148 1554 1206 1581 quae
1222 1554 1302 1580 supra
1318 1550 1380 1573 sunt
1396 1547 1467 1573 dicta
1486 1553 1549 1573 cum
1565 1545 1615 1572 hac
1629 1546 1762 1572 sententia

977 1594 1127 1626 cauterem,
1143 1597 1358 1626 cognoscentque
1378 1592 1490 1618 multum
1515 1591 1541 1618 in
1557 1591 1610 1618 illis
1626 1598 1686 1617 esse
1706 1590 1763 1617 dis-

975 1638 1107 1666 criminis.
1129 1638 1194 1671 Quis
1212 1638 1282 1664 enim
1298 1645 1371 1664 suum
1394 1637 1491 1664 mentis
1505 1645 1556 1664 non
1581 1636 1705 1670 intelligit
1719 1643 1765 1664 res

976 1689 1080 1711 creatas
1092 1689 1117 1710 et
1129 1683 1214 1710 factas
1226 1688 1304 1710 extra
1316 1682 1470 1710 elIectorem
1481 1689 1551 1714 esse,
1563 1681 1646 1708 illium
1661 1686 1761 1712 autem,

976 1733 1005 1756 ut
1030 1736 1110 1763 supra
1128 1729 1304 1761 ostendimus,
1324 1736 1378 1755 uon
1403 1732 1490 1760 extra,
1507 1728 1554 1754 sed
1580 1735 1612 1754 ex
1637 1727 1766 1762 gignente

976 1779 1052 1809 patre
1069 1773 1222 1801 exsistere?
1236 1773 1336 1808 Nempe
1350 1773 1430 1800 homo
1445 1773 1552 1799 domum
1567 1772 1675 1806 quidem
1698 1779 1763 1798 con-

976 1819 1026 1851 dit.
1041 1819 1088 1846 sed
1114 1819 1197 1846 tilium
1219 1819 1320 1854 gignit,
1339 1819 1376 1845 ita
1395 1823 1424 1845 ut
1448 1825 1529 1845 nemo
1542 1818 1648 1844 inverso
1668 1818 1765 1844 ordine-

978 1864 1049 1891 ausit
1067 1863 1158 1890 dicere
1170 1863 1279 1891 domum
1293 1868 1320 1891 et
1335 1871 1430 1890 navem
1445 1863 1478 1889 ab
1492 1863 1656 1891 :ediiicatore
1674 1863 1760 1899 gigni,

976 1909 1058 1939 lilium
1076 1913 1164 1938 autem
1180 1909 1213 1937 ab
1229 1910 1321 1937 eodem
1341 1909 1418 1936 condi
1438 1913 1466 1937 et
1481 1909 1537 1936 ﬁcri
1550 1918 1558 1942 ;
1572 1917 1622 1937 nec
1637 1910 1700 1937 item
1714 1910 1766 1937 do-,

976 1962 1060 1986 mum,
1074 1954 1244 1984 adiﬁcatoris
1270 1955 1413 1989 imaginem
1439 1962 1509 1987 esse.
1527 1955 1610 1982 ﬁlium
1623 1962 1690 1982 vero
1700 1963 1761 1983 esse

976 1999 1104 2034 genitoris
1118 1999 1296 2027 dissimilem:
1314 1998 1362 2026 sed
1373 2000 1468 2033 ,potius
1493 1999 1578 2026 tilium
1597 2007 1657 2027 esse
1676 2000 1761 2034 patris

977 2045 1131 2080 imaginem,
1148 2049 1177 2072 et
1188 2045 1296 2072 domum
1311 2044 1376 2072 artis
1388 2052 1455 2080 opus
1468 2044 1607 2077 fatebitur,
1623 2045 1672 2072 nisi
1692 2045 1760 2073 forte

976 2090 1036 2124 quis
1058 2095 1147 2119 mente
1170 2091 1205 2117 sit
1226 2095 1321 2125 captus
1344 2097 1377 2118 ac
1399 2091 1506 2119 deliret.
1522 2091 1646 2120 Profecto
1668 2092 1762 2119 divina.

977 2135 1128 2170 Scriptura,
1147 2142 1208 2170 quae
1219 2142 1309 2162 rerum
1323 2136 1441 2162 omnium
1462 2141 1584 2163 naturam
1604 2136 1682 2170 longe
1700 2143 1759 2163 me-

980 2179 1032 2207 lius
1043 2180 1168 2210 omnibus
1179 2181 1326 2215 cognoscit,
1338 2181 1372 2209 de
1384 2182 1464 2209 rebus
1474 2181 1572 2209 creatis
1585 2189 1633 2216 per
1641 2181 1758 2216 Moysent

138 2236 179 2254 νοι
190 2228 257 2263 (75),
281 2228 386 2262 ’Δμέλει
399 2228 505 2254 πάντων
520 2228 618 2263 μᾶλλον
635 2229 650 2264 ἡ
663 2229 722 2256 θεία
735 2229 829 2265 Γραφὴ
845 2229 923 2263 γινώ-

976 2227 1032 2253 haec
1051 2226 1088 2252 ait
1102 2232 1109 2252 :
1124 2225 1157 2255 In
1172 2227 1299 2260 principio
1310 2227 1370 2262 fecit
1385 2227 1455 2254 Dem
1469 2227 1561 2254 caelum
1577 2231 1600 2253 et
1617 2231 1714 2253 terram
1723 2226 1757 2252 ἰ.

139 2281 241 2300 σκουσα
257 2273 306 2308 τὴν
331 2273 445 2306 ἑκάστου
466 2273 555 2308 φύσιν,
576 2274 638 2309 περὶ
660 2275 709 2309 μὲν
728 2275 781 2301 τῶν
798 2275 924 2310 κτιζομέτ

138 2327 191 2344 νων
216 2318 259 2344 διὰ
277 2318 414 2350 Μωῡσέως
444 2319 543 2354 φησιν·
571 2319 617 2345 Ἑν
642 2319 721 2354 ἀρχῇ
742 2319 884 2353 ἐποίησεν
908 2321 925 2352 o'

139 2362 211 2396 Θεὸς
224 2363 277 2390 τὸν
295 2364 424 2397 οϊφανὸν
444 2364 492 2390 καὶ
511 2363 568 2397 τὴν
582 2363 653 2399 γῆν·
676 2365 739 2400 περὶ
754 2365 782 2391 δὲ
800 2364 847 2391 τοῦ
860 2365 924 2392 Υἱοῦ

138 2409 188 2443 οὐχ
200 2409 303 2444 ἕτερον,
318 2409 374 2435 ἀλλ’
389 2409 469 2435 αὑτὸν
479 2409 524 2435 τὸν
536 2409 644 2444 Πατέρα
658 2409 782 2445 σημαίνει
795 2409 907 2444 λέγοντα
917 2419 923 2426 ’

143 2455 190 2481 Ἐκ
202 2455 330 2489 γαστρὸς
345 2455 400 2489 πρὸ
411 2455 564 2489 ἑωσφόρου
576 2455 726 2489 ὲγέννησά
740 2464 777 2482 σε
787 2463 793 2470 ·
809 2455 857 2482 καὶ
874 2455 925 2482 πά-

137 2500 192 2527 λιν·
214 2501 279 2534 Υἱός
288 2509 347 2534 μου
364 2499 393 2527 εἷ
403 2500 454 2531 σὺ,
477 2500 534 2534 ἐγὼ
547 2499 680 2535 σήμερον
694 2501 857 2535 γεγέννηκά
871 2508 907 2527 σε
916 2511 927 2525 ε

136 2546 217 2578 αὐτός
237 2555 267 2572 τε
287 2546 351 2580 περὶ
363 2545 459 2572 ἑαυτοῦ
472 2547 486 2572 ὁ
503 2545 603 2581 Κύριος
615 2547 642 2572 ὲν
655 2547 816 2582 Παροιμίαις
833 2546 905 2581 λέγει
917 2552 923 2558 ”

173 2616 198 2634 ⁸⁸η
209 2614 287 2643 Joan.
305 2623 360 2645 xw.
375 2614 402 2642 6.
459 2615 482 2630 '°
498 2615 562 2642 ibid.
579 2615 605 2642 9.
658 2615 680 2631 ἰ
695 2614 775 2642 Prov.
801 2623 860 2648 vtn,
875 2615 921 2642 22.

137 2650 160 2666 "
173 2650 254 2678 Prov.
274 2658 332 2681 vttt,
347 2650 394 2676 25.
433 2649 457 2666 "
483 2649 561 2677 Joan.
581 2658 602 2681 ι,
616 2650 643 2677 5.

173 2709 230 2744 (70)
249 2709 292 2735 Sic
308 2708 372 2743 Reg.
386 2708 480 2744 codex.
495 2709 545 2735 Alii
560 2713 587 2744 et
601 2709 664 2736 editi
678 2708 802 2735 omittunt
815 2708 832 2744 ἢ
847 2708 919 2740 τίνος

137 2742 228 2776 αὐτοῖς
240 2742 467 2779 παραδεδωκότος.
488 2743 548 2771 Mox
565 2743 634 2771 idem
653 2744 717 2778 Reg.
730 2742 862 2775 ὑπονοεῖν,
874 2745 918 2770 ubi

976 2742 1019 2779 τοῦ
1033 2742 1126 2779 αὐτοῦ,
1135 2742 1193 2779 ουδὲ
1205 2742 1285 2779 πάλιν

973 2778 1074 2811 ζοντος,
1088 2777 1133 2803 τὸν
1143 2777 1170 2804 δὲ
1185 2777 1252 2808 υἱόν,
1269 2776 1443 2805 οιιιίέεπιέυηι
1458 2778 1483 2803 itt
1502 2776 1567 2810 Reg.

138 2781 183 2807 alii
197 2786 223 2807 et
240 2781 302 2805 editi
316 2780 394 2805 νοεῖν.

173 2815 228 2849 (71)
251 2815 295 2840 Sic
309 2813 432 2848 Rvngii
445 2821 507 2840 vero
521 2818 548 2840 et
564 2813 639 2846 editi,
652 2814 692 2844 εἰς
706 2813 735 2838 τὸ
749 2813 828 2847 ῥητὸν
844 2812 920 2840 τοῦτο

139 2858 172 2884 φ.»
176 2849 358 2884 μσαλέτωσαν.

175 2882 231 2920 (7:!)
253 2885 296 2912 Sic
315 2886 378 2920 lteg.
391 2884 424 2910 At
438 2883 482 2911 alii
498 2888 524 2910 el
536 2882 609 2913 editi,
628 2883 728 2917 πατρός
744 2883 811 2911 ἐστι,

977 2272 1015 2299 De
1024 2271 1092 2298 Filio
1104 2277 1193 2299 autem
1210 2280 1263 2300 non
1279 2273 1360 2300 alium
1376 2280 1456 2307 quam
1480 2273 1565 2306 ipsum
1589 2271 1696 2298 Patrem
1709 2273 1757 2297 dc—

977 2317 1061 2345 clarat
1075 2317 1166 2346 dicere
1181 2327 1188 2345 :
1202 2319 1244 2345 Ea:
1268 2323 1342 2345 utero
1355 2323 1414 2344 ante
1439 2317 1577 2352 luciferum
1595 2316 1672 2351 genui
1688 2320 1712 2342 te
1723 2315 1757 2342 ".

977 2364 1010 2392 Et
1024 2373 1116 2392 rursus
1128 2374 1135 2392 :
1151 2364 1241 2394 Filius
1257 2373 1328 2392 meus
1341 2372 1367 2392 es
1383 2370 1411 2391 tu
1423 2372 1433 2391 :
1447 2363 1503 2399 Ego
1515 2362 1590 2389 hodie
1602 2363 1679 2397 genui
1691 2369 1714 2389 te
1723 2362 1756 2389 ⁸⁸.

977 2410 1036 2446 Ipse
1054 2419 1161 2446 quoque
1182 2411 1311 2439 Dominus
1323 2411 1356 2438 de
1378 2411 1468 2445 seipse
1483 2410 1508 2437 in
1522 2409 1676 2436 Proverbiis
1695 2409 1732 2435 ait
1749 2418 1756 2436 :

977 2456 1043 2484 Aule
1064 2465 1151 2484 omnes
1172 2457 1251 2484 colles
1267 2460 1375 2492 generat
1394 2464 1434 2483 me
1448 2456 1482 2483 ⁸⁸.
1502 2454 1619 2482 Joannes
1643 2454 1705 2481 item
1726 2455 1758 2482 de

978 2502 1057 2531 lactis
1071 2507 1098 2530 et
1111 2503 1210 2531 creatis
1220 2504 1300 2530 rebus
1312 2504 1352 2531 sic
1367 2503 1500 2538 loquitur:
1511 2501 1606 2528 Omnia
1617 2509 1661 2535 per
1673 2501 1758 2534 ipsum

979 2549 1050 2582 facta
1072 2553 1132 2575 sunt
1145 2549 1183 2580 ⁵⁶;
1201 2548 1235 2576 de
1256 2549 1369 2576 Domino
1390 2554 1478 2575 autem
1505 2547 1569 2574 dicit
1584 2556 1590 2574 :
1605 2546 1757 2580 Unigenims

976 2616 1108 2644 "Genes.
1131 2625 1150 2650 ι,
1173 2617 1198 2644 l.
1256 2617 1279 2633 "
1295 2616 1367 2644 Psal.
1395 2623 1448 2648 atx,
1471 2616 1497 2643 5.
1542 2616 1566 2631 ⁸⁸
1585 2614 1657 2642 Psal.
1676 2622 1705 2646 ιι,
1729 2613 1755 2641 7.

1004 2708 1065 2748 μδ)
1085 2707 1264 2748 Ιὶίεοιχοτιῃ,
1287 2706 1425 2748 κτςζεσεξαι
1445 2707 1494 2748 καὶ
1520 2705 1653 2748 ποιεῖσθαι
1670 2704 1756 2748 βαρέα

1339 2751 1353 2768 ν
1370 2743 1419 2778 μὲν
1428 2742 1517 2778 οἰκίαν
1530 2741 1620 2768 εἰκόνα
1636 2740 1683 2766 τοῦ
1700 2740 1756 2766 κτι-

1009 2813 1065 2848 (ῖῤ)
1085 2813 1130 2848 δίο
1148 2813 1212 2846 lteg.
1226 2813 1322 2848 caeteri
1336 2818 1423 2840 autem
1438 2817 1463 2840 et
1478 2812 1540 2839 editi
1558 2811 1603 2837 τόν
1619 2814 1753 2841 omittunt.

1009 2847 1066 2884 (75)
1087 2847 1162 2882 Reg.,
1182 2847 1318 2882 τυγχάνει.

1350 2892 1374 2904 α
