2018 3048
250 151 302 180 “1
536 152 565 181 S.
586 152 774 182 ATHANASII
793 153 868 181 OPP.
890 153 979 181 PARS
999 150 1018 181 Ι.
1037 166 1075 174 -
1092 152 1278 181 IIISTOBICA
1297 151 1343 181 ΕΤ
1361 152 1572 180 DOGMATICA.
1818 154 1877 182 “8

251 210 339 239 Filius
348 212 393 247 qui
409 217 446 240 est
461 213 487 240 in
510 213 569 240 sinu
588 213 689 246 Patris,
708 215 761 249 ipse
777 215 907 242 enarravit
917 215 950 243 ".
962 214 1040 250 173

1091 214 1149 248 Πρὸ
1167 214 1201 240 δὲ
1220 214 1340 240 πάντων
1359 213 1483 245 ,βουνῶν
1503 211 1593 248 γεννᾷ
1613 220 1665 247 με·
1683 211 1731 239 καὶ
1747 213 1810 248 περὶ
1827 213 1880 247 μὲι

252 257 353 291 Itaque,
369 257 391 284 si
405 256 475 284 ﬁlius
484 262 598 291 est,non
613 264 655 286 est
666 267 708 286 res
724 264 829 291 creata;
847 259 869 285 si
887 264 979 286 contra
996 266 1040 286 res

1091 259 1276 295 τῶν¹γενητῶν
1297 260 1343 286 καὶ
1365 259 1480 286 κτιστῶν
1501 259 1516 285 ό
1539 259 1663 294 Ἰωάννης
1679 258 1761 293 φησί’
1775 258 1879 285 Πάντα

252 306 343 330 creata
355 307 408 335 est,
417 310 471 330 non
479 308 521 331 est
529 308 602 331 certe
610 304 696 337 ﬁlius;
709 304 838 339 siquidem
848 304 988 339 plurimum
998 312 1040 331 res

1091 305 1125 331 δι’
1140 305 1232 332 αὐτοῦ
1255 304 1389 340 ἐγένετο·
1406 305 1470 340 περὶ
1483 305 1511 331 δὲ
1528 304 1575 331 τοῦ
1588 304 1689 340 Κυρίου
1706 304 1879 338 εὐαγγελιζό-

253 349 305 377 ίιιω
322 349 393 377 inter
416 358 444 379 se
463 351 658 384 diﬂerunt,nec
674 352 742 380 ldem
753 359 812 379 esse
828 355 915 386 potest
931 351 1001 378 ﬁlius
1014 355 1040 377 et

1091 359 1170 386 μενος
1180 351 1265 385 λέγει’
1287 351 1317 377 '0
1328 351 1493 386 μονογενὴς
1514 351 1590 383 Υἱὸς,
1604 351 1620 377 ὁ
1634 349 1676 376 ὢν
1686 351 1729 382 εις
1741 349 1795 376 τὸν
1809 351 1879 376 πάι-

252 400 371 429 creatus,
398 404 431 424 ne
448 397 572 425 videlicet
588 398 646 433 ejus
661 402 756 425 natura
767 402 794 425 et
804 405 837 424 ex
853 397 908 425 Deo
924 401 951 424 et
964 402 1040 424 extra

1091 404 1147 424 πον
1169 397 1221 424 τοῦ
1244 398 1366 431 Πατρὸς,
1391 397 1504 430 ἐκεῖνος
1526 396 1706 431 ἐξηγήσατο.
1730 397 1762 423 Εἰ
1788 397 1878 422 τοίνυν

252 441 337 469 Deum
351 449 410 469 esse
429 443 609 471 existimetur.

1091 442 1156 474 υἱὸς,
1172 443 1201 468 οὐ
1217 443 1318 478 κτίσμα
1330 451 1336 457 ·
1354 443 1378 469 εἰ
1389 442 1417 469 δὲ
1435 442 1547 476 κτίσμα,
1565 442 1613 476 οὐχ
1629 441 1701 473 υἱός’
1722 440 1806 476 πολλὴ
1823 441 1877 476 γὰρ

253 487 281 514 ιν
296 489 415 524 αὐτοϊςὴ
439 489 564 525 διαφορὰ,
580 490 627 516 καὶ
642 490 692 516 οὐκ
709 489 742 516 ἂν
756 490 797 524 εἴη
823 489 902 520 αὐτὸς
934 489 990 520 υἱὸς
1011 487 1058 514 καὶ
1077 487 1189 523 κτίσμα,
1207 489 1250 515 ἴνα
1269 489 1304 524 μὴ
1318 489 1364 515 καὶ
1393 489 1425 515 ὲκ
1437 487 1483 515 τοῦ
1497 487 1563 514 Θεοῦ
1575 488 1622 515 καὶ
1639 487 1736 519 ἔξωθεν
1750 486 1796 513 τοῦ
1810 487 1881 513 Θεοῦ

252 534 270 568 ἡ
285 534 364 562 οὐσία
377 535 459 562 αὑτοῦ
473 536 625 571 νομίζηται.

288 579 334 606 M.
355 578 424 607 Num
448 587 512 615 ergo
536 580 636 607 frustra
661 582 744 608 verba
768 581 812 608 illa
832 581 933 616 scripta
958 579 1043 608 sunt?

253 624 294 652 Ita
315 626 388 652 enim
410 625 447 652 illi
472 626 553 653 veluti
578 626 694 654 culicum
716 633 831 654 examen
857 630 1038 653 murmurant.

253 671 367 698 Minime
389 678 455 698 vero
472 680 479 698 :
495 679 548 698 nou
573 672 674 699 frustra
703 672 748 699 illa
776 677 840 699 sunt
866 672 977 705 scripta,
994 670 1042 698 sed

255 723 386 750 perquam
404 717 567 744 necessarie.
581 717 626 744 Ille
640 717 712 744 enirn
732 718 813 744 etiam
831 717 918 744 creari
931 717 1041 749 dicitur,

255 761 304 788 sed
319 768 380 788 cum
393 761 472 788 homo
487 761 574 789 factus
588 767 648 795 est;
664 763 689 789 id
703 763 775 790 enim
791 767 831 790 est
847 762 963 790 hominis
976 769 1039 797 pro-

254 806 356 840 prium.
377 805 452 832 Hunc
464 812 553 833 autem
567 814 628 834 esse
642 807 793 842 Scriptura;
804 815 914 834 sensum
930 807 975 834 i'le
995 814 1039 834 re-

1128 577 1171 604 “.
1185 574 1247 612 Ἆρ’
1261 575 1306 604 οὖν
1336 576 1423 612 μάτην
1448 577 1601 612 γέγραπται
1627 576 1704 603 τοῦτο
1729 577 1760 603 τὸ
1776 577 1857 612 ῥητόν
1869 585 1881 608 ;

1092 623 1177 650 Τοῦτο
1192 622 1245 658 γὰρ
1262 622 1342 649 πάλιν
1370 623 1466 649 ἐκεῖνοι
1489 622 1711 657 περιϐομὸοὖσιν,
1733 622 1771 654 ὡς
1792 622 1877 658 ἀγέλη

1093 669 1242 696 κωνώπων.
1270 669 1339 704 Οὐχί
1361 677 1403 703 γε,
1421 669 1451 695 οὺ
1470 669 1557 704 μάτην
1571 669 1734 704 γέγραπται,
1750 668 1817 695 ἀλλὰ
1831 670 1879 696 καὶ

1093 715 1167 750 μάλα
1194 715 1366 748 ἀναγκαίως·
1387 715 1433 741 καὶ
1449 714 1504 750 γὰρ
1519 715 1567 741 καὶ
1591 715 1728 745 κτίζεσθαι
1753 714 1879 749 λέγεται·

1093 761 1149 788 ἀλλ’
1164 762 1208 788 ὅτε
1217 761 1327 794 γέγονεν
1339 760 1386 787 ἄνθ
1392 769 1480 796 ρωπος
1491 769 1498 775 ⁸
1515 760 1657 796 ἀνθρώπου
1671 760 1724 796 γὰρ
1736 760 1800 786 ἴδιον
1816 760 1880 787 τοῦ-

1091 816 1131 834 το.
1150 807 1204 842 Τὴν
1220 807 1248 833 δὲ
1259 807 1375 833 διάνοιαν
1390 806 1490 841 ταύτην
1500 807 1611 842 εὑρήσει
1627 807 1715 838 καλῶς
1725 808 1753 833 ἑν
1764 808 1819 837 τοῖς
1835 807 1880 833 λο-

255 853 355 886 periet,
372 852 417 889 qui
438 859 486 879 eas
500 859 552 880 uon
575 860 635 880 esse
658 853 748 881 obiter
768 853 897 888 legendas
917 853 1040 886 edoctus,

1092 854 1160 887 γίοις
1175 853 1304 888 κειμένην
1331 853 1345 879 ὁ
1362 852 1398 887 μὴ
1425 852 1561 888 πάρεργον
1585 853 1733 888 ἡγούμενος
1748 853 1796 888 τὴν
1814 854 1880 880 ἀνά-

257 901 376 931 tempus,
403 904 534 931 personas
559 906 591 926 ac
618 907 709 926 rerum
736 899 901 933 scriptarum
928 905 1039 926 causam

255 942 437 977 investigabit,
451 950 483 969 ac
500 943 613 978 proinde
624 951 684 979 qua:
706 944 802 978 legerit
822 943 949 978 dispiciet
976 951 1039 978 per-

254 987 407 1022 pendetque
420 995 522 1017 secum.
539 988 633 1024 Itaque
648 989 755 1017 illorum
778 989 920 1016 verborum
936 993 1040 1023 tempus

255 1039 317 1059 esse
339 1032 468 1066 inveniet,
486 1042 547 1061 cum
571 1034 700 1062 nimirum
720 1035 860 1065 Dominus,
873 1034 919 1069 qui
935 1041 1041 1068 semper

256 1083 309 1110 est,
324 1083 418 1113 postea
436 1079 462 1107 in
483 1081 535 1108 [ine
553 1081 714 1109 saculorum
738 1081 819 1109 homo
840 1086 882 1109 est
902 1081 1000 1114 factus,
1013 1086 1041 1109 et

257 1124 304 1158 qui
322 1123 369 1151 Dei
391 1124 476 1152 Filius
492 1131 560 1158 erat,
577 1126 664 1154 factus
676 1127 758 1154 etiam
780 1131 821 1154 est
847 1127 931 1154 Filius
951 1126 1040 1154 homi-

256 1170 310 1198 nis.
326 1170 442 1198 Causam
465 1179 573 1206 quoque
598 1172 740 1207 percipiet,
769 1173 833 1208 quia
860 1181 957 1208 nempe
977 1180 1039 1201 cum

257 1216 303 1244 ille
330 1221 449 1244 nostram
476 1223 590 1246 mortem
620 1219 702 1246 vellet
727 1220 879 1252 destruere,
909 1220 961 1247 sibi
989 1220 1039 1254 ipsi

255 1269 354 1297 corpus
367 1270 401 1290 ex
418 1263 527 1299 Virgine
547 1264 631 1291 Maria
647 1265 762 1299 accepit,
780 1270 809 1292 ut
830 1265 895 1292 illud
917 1273 967 1300 pro
983 1273 1042 1292 om-

256 1309 334 1335 nibus
348 1309 485 1336 victimam
500 1309 740 1342 Pstrioﬂ‘erens",
756 1318 804 1338 uos
812 1311 1040 1338 omncsliberaret

255 1353 301 1388 qui
322 1358 393 1380 metu
410 1355 504 1381 mortis
521 1360 662 1389 pertolam
680 1357 762 1383 vitam
783 1356 905 1384 servituti
930 1356 1038 1383 obnoxii

255 1405 374 1426 eramus.
399 1398 519 1427 Persona
542 1406 632 1428 autem
659 1401 809 1428 Salvatoris
832 1405 882 1433 est,
897 1402 968 1435 quod
984 1402 1041 1435 qui-

255 1444 316 1471 dem
341 1449 404 1472 tunc
426 1445 534 1478 dicitur,
549 1446 679 1480 eumjam
705 1454 821 1482 corpore
845 1453 958 1481 accepto
983 1448 1040 1475 hare

255 1489 294 1516 ait
308 1498 315 1516 :
334 1489 463 1518 Dominus
482 1492 579 1518 creavit
594 1500 635 1519 me
650 1493 756 1520 initium
770 1493 872 1520 viarum
888 1501 997 1520 tuarum
1010 1494 1038 1520 in

1093 907 1203 934 γνωσιν,
1226 897 1292 924 ἀλλὰ
1316 898 1363 924 καὶ
1385 897 1431 924 τὸν
1449 897 1543 933 καιρὸν
1565 898 1612 924 καὶ
1627 897 1660 924 τὰ
1675 898 1818 933 πρόσωπα,
1834 900 1880 924 καὶ

1092 945 1140 981 τὴν
1158 944 1252 980 χρείαν
1268 943 1321 970 τῶν
1335 943 1533 979 γεγραμμένων
1547 943 1673 979 ἐρευνῶν,
1695 944 1741 970 καὶ
1761 944 1832 970 οὕτω
1846 945 1881 971 τὲ

1092 991 1292 1026 ἁναγνώσματα
1315 991 1459 1026 διακρίνων
1476 991 1522 1017 καὶ
1538 990 1734 1025 διανοούμενος.
1752 991 1804 1018 Τὸν
1829 991 1879 1026 μὲν

1092 1034 1138 1063 οὖν
1154 1037 1247 1072 καιρὸν
1261 1035 1308 1063 τοῦ
1324 1036 1378 1071 (76)
1397 1036 1479 1072 ῥητοῦ
1490 1036 1584 1063 τούτου
1597 1037 1708 1072 εὑρήσει
1721 1038 1766 1063 καὶ
1779 1037 1883 1071 γνώσε-

1092 1091 1147 1115 ται,
1163 1083 1204 1109 ὅτι
1217 1083 1259 1109 ἀεὶ.
1274 1082 1311 1109 ὢν
1330 1083 1345 1109 ὁ
1358 1082 1471 1118 Κύριος,
1490 1082 1605 1118 ὓστερον
1619 1083 1664 1109 ἐπὶ
1678 1083 1816 1118 συντελείᾳ
1825 1083 1881 1110 τῶν

1093 1126 1197 1153 αἰώνων
1212 1127 1322 1161 γέγονεν
1348 1127 1491 1162 ἄνθρωπος
1502 1136 1509 1142 θ
1534 1127 1581 1153 καὶ
1598 1127 1660 1158 Υἱὸς
1676 1126 1712 1153 ὢν
1738 1127 1785 1153 τοῦ
1801 1126 1881 1159 Θεοῦ,

1092 1173 1186 1207 γέγονε
1203 1173 1250 1199 καὶ
1264 1173 1327 1204 Tib;
1342 1172 1485 1207 ἀνθρώπου
1496 1181 1503 1188 ·
1517 1172 1565 1208 τὴν
1586 1173 1613 1200 δὲ
1638 1173 1731 1208 χρείαν
1748 1174 1879 1209 νοήσειεν,

1092 1219 1144 1250 ὅτι,
1165 1219 1210 1244 τδν
1235 1218 1313 1254 ἡμῶν
1339 1218 1454 1245 θάνατον
1474 1218 1644 1254 καταργῆσαι
1668 1219 1762 1250 θέλων,
1785 1219 1880 1246 ἔλαϐεν

1093 1264 1182 1299 ἐαυτῷ
1212 1265 1290 1299 σῶμα
1319 1265 1351 1290 ὲκ
1367 1264 1415 1299 τῆς
1436 1263 1575 1299 Παρθένου
1593 1265 1710 1300 Μαρίας,
1736 1265 1779 1292 ἵνα
1802 1265 1882 1292 τοῦτο

1093 1310 1275 1346 προσενέγκας
1290 1309 1384 1336 θυσίαν
1396 1310 1465 1345 ὑπὲρ
1478 1310 1585 1336 πάντων
1595 1310 1633 1345 τῷ
1647 1311 1743 1346 Πατρὶ,
1756 1310 1879 1338 ἀπαλλά-

1093 1355 1124 1391 ξῃ
1144 1356 1246 1387 πάντας
1259 1357 1342 1391 ἡμᾶς,
1361 1357 1417 1382 ὅσοι
1432 1357 1506 1392 φόϐῳ
1521 1356 1636 1384 θανάτου
1657 1357 1702 1384 διὰ
1721 1358 1821 1389 παντὸς
1830 1357 1880 1384 τοῦ

1093 1401 1142 1436 ζῇν
1158 1401 1242 1436 ἔνοχοι
1260 1399 1331 1437 ἦμεν
1351 1401 1480 1434 δουλείας,
1509 1403 1545 1428 Τὸ
1560 1402 1587 1429 δὲ
1608 1403 1750 1438 πρόσωπον
1765 1403 1812 1430 τοῦ
1830 1405 1880 1438 μὲν

1093 1448 1217 1483 Σωτῆρος
1231 1450 1289 1475 ἐστι
1299 1457 1306 1464 ·
1324 1449 1383 1475 τότε
1394 1448 1421 1475 δὲ
1438 1449 1557 1483 λέγεται.
1572 1450 1615 1476 ὅτε
1636 1450 1728 1476 λοιπὸν
1746 1449 1836 1476 λαϐὼν
1850 1451 1880 1476 τὸ

1093 1492 1172 1528 σῶμα
1185 1492 1258 1527 λέγει
1269 1501 1276 1508 ·
1289 1493 1395 1527 Κύριος
1409 1493 1510 1520 ἕκτισέ
1525 1503 1562 1529 με
1577 1493 1676 1529 ἀρχὴν
1694 1494 1772 1521 ὁδῶν
1785 1495 1880 1522 αὑτοὺ

254 1542 333 1567 opera
352 1542 400 1562 sua
411 1535 445 1563 ".
468 1535 504 1564 Ut
517 1537 589 1564 enim
609 1537 657 1571 illi,
673 1543 807 1572 quatenus
823 1538 907 1566 Filius
923 1539 969 1566 Dei
984 1545 1037 1572 est,

1091 1539 1131 1570 εις
1147 1538 1218 1573 ἔργα
1229 1538 1330 1566 αὐτοῦ.
1357 1539 1400 1571 Ὠς
1417 1539 1470 1575 γὰρ
1485 1539 1540 1575 Th?)
1551 1540 1618 1566 Θεοῦ
1629 1540 1686 1567 ὄντι
1702 1541 1816 1576 ἁρμόζει
1831 1549 1880 1577 κα-

255 1579 358 1613 optime
377 1581 507 1608 convenit
522 1586 549 1608 et
563 1587 693 1609 aeternum
705 1590 776 1616 esse,
790 1588 818 1611 et
833 1584 860 1612 in
878 1584 937 1612 sinu
950 1584 1039 1612 Patris

254 1631 316 1653 esse
337 1633 345 1651 :
359 1625 396 1653 ita
410 1627 511 1654 homini
527 1626 596 1654 facto
608 1633 682 1656 recte
696 1634 848 1664 congruunt
862 1631 921 1658 haec
932 1632 1014 1659 verba
1029 1639 1038 1657 :

255 1670 383 1699 Dominus
407 1673 504 1700 creavit
526 1681 577 1701 me.
602 1674 678 1702 Tunc
703 1676 775 1702 enim
795 1676 828 1703 de
842 1683 875 1703 eo
891 1676 1000 1710 dicitur,
1012 1682 1039 1705 et

254 1717 378 1748 eaurivit.
394 1722 422 1746 et
436 1719 530 1751 sitivit,
541 1725 569 1747 et
587 1721 766 1756 interrogavit
779 1722 823 1749 ubi
838 1721 942 1756 jaceret
954 1723 1040 1750 Laza-

256 1769 362 1791 ruszet
384 1771 480 1799 passus
498 1771 540 1793 est
564 1773 595 1794 ac
617 1768 777 1795 resurrexit.
803 1767 1038 1801 Quemadmodum

257 1809 322 1837 item
338 1817 399 1837 cum
412 1818 474 1838 eum
492 1811 634 1839 Dominum
649 1818 676 1840 et
695 1812 779 1840 Deum
797 1821 829 1841 ac
839 1821 930 1842 veram
952 1815 1038 1843 lucem

256 1855 387 1890 appellari
398 1856 532 1888 audimus,
546 1857 618 1884 illum
637 1857 813 1893 intelligimus
823 1867 856 1886 ex
868 1859 949 1888 Patre
959 1868 1017 1888 esse
1031 1870 1037 1888 :

255 1900 295 1927 sic
321 1907 383 1928 cum
405 1901 449 1929 illa
469 1902 593 1929 audimus
618 1904 747 1935 :creavil,
773 1913 871 1938 servus,
897 1910 922 1932 et
946 1915 1039 1940 parnt:

254 1949 306 1977 eu,
322 1946 379 1973 hac
401 1946 462 1981 ejus
484 1947 620 1976 divinitati
645 1949 766 1977 tribuere
785 1958 891 1985 aequum
912 1958 1037 1985 nonest;

255 1996 349 2026 utpote
365 2000 425 2027 qua:
440 1995 474 2020 ab
490 1994 583 2021 eadem
604 1994 659 2022 sint
673 1995 762 2023 aliena
779 2004 785 2029 ;
801 1997 847 2023 sed
862 1997 938 2024 carni
957 2005 1038 2032 quant

255 2042 365 2072 propter
380 2045 429 2065 nos
448 2040 562 2073 accepit,
578 2040 654 2074 cujus
682 2041 731 2068 ista
756 2041 883 2068 nimirum
902 2048 964 2070 sunt
982 2051 1039 2077 pro-

256 2081 336 2116 pria:
352 2089 412 2116 qua:
436 2083 544 2116 quidem
563 2091 627 2110 caro
645 2093 698 2112 non
722 2085 790 2113 alius
811 2087 858 2113 sed
886 2087 971 2121 ipsius
997 2093 1039 2116 est

256 2124 349 2153 Verbi.
371 2127 400 2154 Si
419 2128 481 2162 quis
499 2136 565 2155 vero
578 2135 667 2156 ortum
693 2130 755 2156 inde
772 2131 982 2159 emolumentum
999 2134 1039 2160 di-

255 2179 333 2200 scere
353 2172 427 2206 velit,
448 2174 473 2201 id
493 2175 632 2207 etiamest
655 2181 822 2210 reperturus.
838 2176 906 2204 Nam
921 2177 1037 2206 Verbum

1091 1582 1145 1615 λῶς
1165 1585 1196 1611 τὸ
1209 1585 1300 1616 ἀϊδίως
1323 1584 1402 1618 εἶναι,
1427 1586 1473 1612 καὶ
1496 1587 1524 1612 ὲν
1551 1586 1660 1619 κόλποις
1675 1584 1742 1613 εἶναι
1759 1587 1804 1613 τοῦ
1821 1587 1880 1613 Πα-

1091 1631 1153 1667 τρός
1165 1640 1173 1647 ’
1186 1631 1256 1658 οὕτω
1278 1632 1325 1658 καὶ
1345 1631 1481 1667 ἀνθρώπῳ
1497 1633 1634 1668 γενομένῳ
1645 1634 1785 1669 πρέπουσα
1801 1635 1878 1670 φωνὴ

1091 1678 1131 1711 τὸ,
1149 1679 1256 1712 Κύριος
1267 1678 1368 1705 Emme
1379 1688 1426 1713 με.
1442 1679 1508 1705 Τότε
1522 1679 1576 1714 γὰρ
1591 1679 1768 1714 λέγεταιπερὶ
1783 1679 1877 1711 αὐτοῦ,

1092 1723 1139 1749 καὶ
1158 1723 1293 1754 ὲπείνασε,
1309 1724 1357 1749 καὶ
1377 1723 1496 1758 ἐδίψησε,
1518 1725 1565 1750 καὶ
1583 1723 1746 1750 ἐπυνθάνετο
1761 1723 1811 1750 ποῦ
1825 1724 1880 1750 Λά-

1092 1768 1173 1804 ζαρος
1189 1770 1287 1801 κεῖται,
1303 1770 1348 1795 καὶ
1367 1769 1494 1801 πέπονθε,
1516 1770 1562 1796 καὶ
1584 1770 1692 1806 ἀνέστη.
1716 1770 1770 1797 Καὶ
1785 1770 1881 1806 ὥσπερ

1091 1815 1235 1846 ἀκούοντες
1249 1814 1329 1841 αὑτὸν
1346 1815 1447 1851 Κύριον
1462 1816 1509 1842 καὶ
1523 1816 1589 1842 Θεὸν
1605 1817 1651 1843 καὶ
1669 1816 1726 1851 φῶς
1743 1817 1878 1850 ἀληθινὸν,

1091 1860 1204 1896 νοοῦμεν
1220 1861 1301 1887 αὑτὸν
1323 1860 1386 1887 ὄντα
1411 1862 1443 1887 ἐκ
1459 1861 1506 1888 τοῦ
1532 1862 1654 1897 Πατρός·
1683 1861 1754 1888 οὕτω
1776 1862 1879 1888 δίκαιόν

1091 1906 1174 1936 ἐστιν,
1190 1906 1337 1938 ἀκούοντας
1349 1907 1498 1939 τὺ,ἕκτισε
1511 1908 1557 1934 καὶ
1573 1908 1613 1938 τὸ,
1631 1907 1749 1940 δοῦλος,
1775 1908 1821 1934 καὶ
1837 1908 1878 1940 τὸ,

1091 1951 1230 1983 πέπονθε,
1246 1952 1282 1987 μὴ
1298 1954 1330 1988 τῇ
1348 1952 1453 1988 θεότητι
1469 1953 1639 1988 λογίζεσθαι’
1661 1954 1794 1980 ἀνοίκειον
1807 1954 1860 1989 γάρ
1871 1961 1877 1969 ”

1092 1996 1158 2023 ἀλλὰ
1169 1998 1200 2032 τῇ
1220 1998 1301 2032 σαρκὶ
1327 1998 1411 2024 ταῦτα
1427 2000 1546 2034 μετρεῖν,
1562 1999 1594 2034 ἢν
1609 1999 1642 2025 δι’
1656 2000 1731 2034 ἡμᾶς
1745 1999 1858 2034 Epopea:
1870 2007 1876 2014 '

1091 2042 1191 2078 ταύτης
1204 2042 1256 2078 γὰρ
1269 2043 1322 2070 ἴδια
1333 2044 1427 2074 ταῦτα,
1443 2045 1490 2071 καὶ
1503 2045 1570 2080 αὐτὴ
1586 2045 1602 2080 ἡ
1627 2044 1692 2080 σὰρξ
1710 2045 1758 2080 οὐχ
1773 2045 1877 2080 ἐτέρου,

1091 2087 1158 2113 ἀλλὰ
1165 2087 1210 2113 τοῦ
1220 2089 1304 2122 Λόγου
1317 2089 1398 2115 ἐστίν.
1411 2090 1441 2115 El
1455 2090 1482 2115 δὲ
1501 2090 1547 2116 καὶ
1557 2090 1586 2116 τὸ
1601 2091 1631 2116 ὲκ
1641 2090 1734 2116 τούτου
1745 2091 1879 2125 χρήσιμον

1091 2133 1176 2160 ὲθέλοι
1191 2134 1245 2168 (77)
1262 2143 1303 2166 τις
1319 2135 1422 2169 μαθεῖν,
1439 2136 1548 2171 εὑρήσει
1563 2136 1609 2162 καὶ
1622 2135 1714 2162 τοῦτο·
1729 2137 1744 2162 ὸ
1759 2136 1814 2171 γὰρ
1831 2136 1881 2162 Λό-

1091 2187 1138 2212 γος
1156 2179 1221 2215 σὰρξ
1245 2180 1362 2213 ἐγένετο,
1382 2181 1425 2207 ἵνα
1450 2182 1497 2207 καὶ
1517 2182 1685 2216 προσενέγκῃ
1711 2181 1790 2208 τοῦτο
1809 2182 1878 2216 ὑπὲρ

258 2225 325 2245 caro
338 2218 439 2246 factum
451 2224 504 2251 est,
521 2225 550 2246 ut
563 2225 590 2247 et
603 2228 662 2247 eam
682 2229 730 2255 pro
744 2222 869 2250 omnibus
885 2222 1002 2256 offerret,
1013 2230 1040 2252 et

1092 2224 1210 2256 πάντων,
1224 2226 1271 2252 καὶ
1285 2226 1375 2260 ἡμεῖς,
1390 2227 1421 2252 ὲκ
1434 2226 1480 2252 τοῦ
1497 2226 1650 2261 πνεύματος
1662 2226 1743 2253 αὐτοῦ
1761 2227 1878 2262 μεταλα-

255 2270 305 2290 nos
317 2262 374 2296 ejus
387 2264 500 2297 spiritus
513 2263 576 2292 facti
591 2265 746 2300 participes,
761 2266 796 2292 dii
813 2266 870 2293 ﬁeri
887 2274 1038 2301 possemus,

255 2308 327 2343 quod
353 2309 431 2337 aliter
455 2317 508 2337 non
537 2311 718 2345 potuissemus
739 2312 879 2346 consequi,
906 2312 956 2340 nisi
981 2314 1039 2348 ipse

255 2360 377 2382 creatum
392 2360 514 2383 nostrum
533 2364 631 2391 corpus
646 2357 776 2385 induisset
789 2367 795 2385 :
809 2358 847 2385 sic
856 2358 929 2386 enim
941 2360 1038 2387 exinde

255 2404 284 2426 et
293 2400 415 2428 homines
426 2401 482 2434 Dei,
493 2405 521 2428 et
532 2402 558 2428 in
570 2401 679 2429 Christo
688 2403 809 2430 homines
824 2404 948 2438 appellari
964 2405 1037 2432 ince-

254 2446 354 2480 pimus.
378 2446 431 2474 Sed
448 2451 478 2474 ut
492 2454 551 2479 nos,
570 2447 672 2481 Spiritu
691 2453 812 2482 accepto,
832 2450 964 2484 propriam
986 2459 1038 2478 non

255 2491 405 2519 amittimus
422 2496 563 2525 naturam;
582 2493 618 2520 ita
632 2492 772 2526 Dominus,
794 2500 936 2529 postquam
957 2495 1038 2523 homo

255 2542 367 2572 propter
382 2545 432 2565 nos
448 2537 535 2565 factus
552 2543 593 2566 est
613 2543 640 2566 et
658 2547 758 2574 corpus
780 2541 894 2574 accepit,
911 2540 982 2568 Deus
998 2542 1040 2568 ni-

254 2581 400 2610 hilominus
419 2584 526 2611 mausit.
544 2583 599 2611 Nec
615 2585 687 2612 enim
708 2590 826 2620 angusto
840 2587 962 2620 corporis
984 2595 1039 2627 aru-

255 2627 312 2656 bitu
332 2629 480 2657 diminutas
503 2634 556 2661 est,
580 2631 627 2658 sed
647 2631 734 2666 potius
760 2638 857 2666 corpus
872 2632 992 2659 divinum
1010 2637 1038 2659 et

255 2672 406 2702 immortale
415 2680 456 2703 est
469 2675 613 2704 redditum.

290 2719 334 2747 15.
356 2720 390 2748 Et
405 2722 463 2748 haec
483 2722 592 2756 quidem
613 2723 679 2751 satis
699 2730 758 2751 esse
772 2723 898 2751 videntur
911 2723 944 2751 ad
958 2724 1036 2751 Aria-
1068 2730 1073 2735 ·

291 2777 315 2792 ⁶”
329 2776 407 2805 Joau.
425 2787 444 2810 t,
465 2778 507 2806 18.
545 2779 568 2794 ⁸⁸
582 2778 666 2807 Hebr.
689 2788 718 2812 ll,
734 2779 777 2807 l5.
816 2780 839 2796 “
852 2780 932 2807 Prov.
950 2788 1006 2814 \‘lll,
1022 2781 1065 2809 22.

294 2845 350 2881 ('16)
363 2846 407 2873 Sic
427 2846 493 2882 Reg.
505 2847 601 2875 Cmtcri
616 2852 642 2875 ct
655 2848 717 2894 editi
735 2849 863 2876 ontittunt
877 2848 981 2876 τούτου.

1092 2271 1195 2304 ϐύντες,
1217 2272 1406 2309 θεοποιηθῆναι
1426 2273 1592 2309 δυνηθῶμεν,
1607 2274 1693 2305 ἄλλως
1707 2275 1756 2301 οὐκ
1774 2275 1806 2300 ἂν
1818 2274 1879 2300 τοὺ-

1091 2326 1137 2345 του
1149 2319 1283 2354 τυχόντες,
1301 2320 1325 2345 εί
1337 2318 1374 2354 μὴ
1391 2318 1421 2345 τὸ
1433 2319 1540 2346 κτιστὸν
1554 2319 1632 2355 ἡμῶν
1643 2319 1722 2351 αὐτὸς
1737 2319 1879 2346 ἐνεδύσατο

1091 2365 1169 2400 σῶμα
1181 2374 1187 2380 ι
1204 2365 1275 2391 οὕτω
1296 2365 1350 2400 γὰρ
1365 2366 1410 2391 καὶ
1430 2365 1566 2400 ἄνθρωποι
1583 2365 1650 2391 Θεοῦ
1667 2365 1768 2396 λοιπὸν,
1789 2366 1836 2392 καὶ
1850 2367 1879 2392 ἐν

1090 2410 1198 2446 Χριστῷ
1211 2411 1346 2446 ἄνθρωποι
1358 2409 1534 2446 χρηματίζειν
1545 2411 1694 2446 ἠρξάμεθα.
1705 2411 1772 2437 Ἀλλ’
1785 2411 1879 2448 ὥσπερ

1090 2455 1179 2490 ἡμεῖς,
1193 2455 1223 2482 τὸ
1245 2456 1356 2491 Πνεῦμα
1373 2455 1564 2490 λαμϐάνοντες,
1594 2456 1644 2482 οὐκ
1661 2456 1814 2491 ἀπόλλυμεν
1829 2457 1878 2491 τὴν

1090 2500 1156 2527 ἰδίαν
1172 2501 1277 2528 ἑαυτῶν
1291 2502 1401 2528 οὐσίαν·
1420 2502 1507 2534 οὕτως
1518 2503 1532 2528 ὀ
1550 2502 1662 2537 Κύριος,
1689 2502 1833 2536 γενόμενος
1845 2503 1878 2529 δι’

1089 2546 1164 2580 ἡμᾶς
1181 2545 1333 2580 ἄνθρωπος,
1352 2547 1397 2573 καὶ
1412 2546 1491 2582 σῶμα
1513 2547 1640 2582 φορέσας,
1658 2546 1734 2573 οὐδὲν
1749 2545 1830 2583 ἦττον
1846 2546 1880 2582 ἦν

1088 2590 1170 2621 Θεό;”
1191 2591 1222 2618 οὐ
1242 2590 1296 2626 γὰρ
1309 2591 1500 2626 ἠλαττοῦτοτῇ
1524 2591 1650 2626 περιϐολῇ
1671 2591 1718 2617 τοῦ
1743 2591 1879 2626 σώματος,

1091 2635 1158 2662 ἀλλὰ
1183 2635 1230 2662 καὶ⁸
1255 2636 1354 2671 μᾶλλον
1379 2636 1540 2663 ὲθεοποιείτο
1568 2635 1655 2667 τοῦτο,
1674 2637 1719 2663 καὶ
1746 2636 1880 2663 ἁῡάνατον

1090 2681 1226 2708 ἀπετέλει.

1126 2727 1169 2755 15.
1195 2727 1285 2755 Ἱκανὰ
1300 2728 1349 2763 μὲν
1366 2726 1411 2756 οὖν
1427 2729 1512 2756 ταῦτα
1528 2728 1698 2765 στηλιτεῦσαι
1715 2728 1763 2764 τὴν
1773 2728 1879 2762 αἵρεσιν

1127 2841 1184 2885 (ἿἾ)
1203 2849 1281 2884 “9.3.,
1297 2851 1392 2878 ἐθέλει.
