2018 3048
144 150 197 176 ΗΟ

670 149 714 176 DE
733 148 903 179 DECRETIS
919 149 1070 180 ΝΙΟΑΞΝΕ
1091 152 1226 181 SYNODI.

1713 147 1774 183 450‘

143 205 196 232 τῶν
218 203 373 239 Ἀρειανῶν.
390 203 445 230 Καὶ
470 203 533 240 γὰρ,
551 203 589 235 ὡς
611 203 625 230 ό
638 203 739 238 Κύριος
754 204 879 237 δέδωκεν,
905 206 926 232 tl

986 215 1049 235 nam
1079 209 1202 237 haeresim
1236 209 1456 244 proscribendam
1476 218 1483 236 :
1500 211 1633 245 siquidem
1656 202 1774 239 illorum'

143 248 180 278 ὦν
200 250 291 284 ἔλεγον
314 249 389 276 αὐτοὶ
401 249 598 285 διηλέγχθησαν
618 249 788 282 ἁσεΰοῦντες,
807 251 874 286 Φέρε
900 251 932 287 δὴ

143 298 189 324 καὶ
204 297 285 332 ἡμεῖς
296 297 490 331 προτείνωμεν,
503 297 549 322 καὶ
563 293 759 332 ἀπαιτήσωμεν
773 296 819 322 καὶ
833 297 932 329 αὐτοὺς

142 341 340 377 ἀποκρίνασθαι
352 350 359 356 ·
377 341 471 377 καιρὸς
492 342 546 377 γάρ
568 343 650 376 ἐστιν,
676 343 866 378 ἀπορήσαντας
883 344 931 369 αὐ-

141 388 203 419 τοὺς
217 389 245 414 ὲν
262 388 316 418 τοῖς
329 386 412 418 ἰδίοις,
429 387 577 422 ἐρωτᾶσθαι
590 387 681 414 λοιπὸν
697 388 760 423 παρ’
772 388 849 424 ἡμῶν
861 397 867 403 ·
883 388 931 415 τά·

142 442 177 468 χα
193 433 243 460 κᾶν
261 432 346 464 οὕτως
364 433 542 468 ἐντραπέντες
565 433 750 468 ἀναὸλέψωσιν
769 435 830 460 ὅθεν
850 435 931 462 κατέ-

143 487 228 505 πεσαν
241 478 265 504 οἱ
281 478 456 513 κακόφρονες.
471 477 524 504 Τὸν
539 478 601 504 Υίὸν
613 477 659 504 τοῦ
680 478 747 504 Θεοῦ
768 479 929 514 μεμαθήκα-

143 533 192 560 μεν
206 525 238 550 ὲκ
251 523 305 550 τῶν
326 523 404 550 θείων
420 523 545 559 Γραφῶν,
559 524 596 555 ὡς
615 523 781 559 προείπομεν
796 525 863 560 (78),
881 525 930 552 αὺ-

140 569 185 596 τὸν
196 567 264 595 εἶναι
280 569 326 594 τὸν
341 569 424 602 Λόγον
450 569 497 595 καὶ
509 570 558 603 τὴν
573 570 667 603 σοῖρὶαν
693 570 739 595 τοῦ
764 571 880 606 Πατρός.
901 571 929 597 ὐ

142 615 192 650 μὲν
211 615 264 650 γὰρ
282 614 442 646 Ἀπόστολός
459 623 539 649 φησι·
564 614 690 648 Χριστὸς
703 615 776 642 Θεοῦ
791 615 927 650 δύναμις,

140 662 189 688 καί
205 661 278 688 Θεοῦ
292 661 400 695 σοφία·
414 660 465 687 ὁδε
481 660 617 696 Ἰωάννης,
627 660 754 696 εἰρηκώς*
771 660 825 687 Καὶ
845 662 861 687 ὀ
874 661 930 688 Λό-

140 717 192 744 γος
203 707 280 743 σὰρξ
292 707 421 742 ἐγένετο,
440 707 575 743 ἐπήγαγεν
590 707 670 738 εὐθύς
682 715 688 722 ·
702 707 756 734 Καὶ
772 707 929 742 ἐθεασάμε-

139 756 177 781 θα
196 754 252 789 τὴν
263 754 357 787 δόξαν
369 753 472 785 αὑτοῦ,
483 752 576 785 δόξαν
589 753 629 786 ὡς
648 753 836 787 Μονοτενοῦς
849 753 929 787 παρὰ

141 801 263 835 Πατρὸς,
290 800 408 834 πλήρης
431 799 551 834 χάριτος
570 799 618 826 καὶ
643 800 801 833 ἀληθείας·
818 799 865 832 ὡς,
879 798 926 825 τοῦ
943 837 954 843 .-

140 848 226 882 .Λόγου
245 848 322 878 ὄντος
341 847 500 883 μονογενοῦς
514 847 589 879 Υἱοῦ,
613 846 640 873 ἐν
653 854 683 872 τε
698 845 783 880 τούτῳ
798 845 835 880 τῷ
849 845 927 880 Λόγῳ
951 852 955 867 :

985 254 1151 288 impietatem
1168 263 1202 282 ex
1220 255 1338 290 ipsorum
1360 256 1460 287 verbis,
1478 261 1558 290 prout
1576 256 1652 284 nobis
1668 265 1768 293 suppe-

985 300 1080 326 ditavit
1091 300 1231 333 Dominus,
1246 301 1389 328 manifeste
1401 302 1578 329 ostendimus.
1591 301 1691 329 Verum
1703 295 1774 337 age,|

981 345 1036 380 jam
1049 353 1098 373 nos
1109 354 1216 382 quoque
1230 355 1425 382 proponamus,
1442 355 1474 375 ac
1489 354 1645 382 responsum
1665 349 1699 376 ab
1713 349 1766 377 illis

983 392 1103 419 vicissim
1126 393 1275 427 exigamus.
1289 392 1356 420 Cum
1378 394 1450 420 enim
1468 394 1518 434 ipsi
1542 393 1568 420 in
1584 394 1699 428 propriis
1713 394 1766 434 lue-

983 443 1061 465 reant
1077 438 1251 473 argumentis,
1265 446 1330 466 sane
1348 444 1452 474 tempus
1465 430 1505 466 esi
1523 444 1553 466 ut
1563 447 1578 466 a
1593 440 1670 467 nobis
1683 430 1766 467 inte-r-

983 483 1216 518 rogenturziorte
1236 491 1331 518 nempe
1353 484 1403 512 hoc
1429 489 1507 519 pacto
1532 484 1652 512 futurum
1671 491 1712 512 est
1737 490 1767 513 ut

982 531 1144 557 erubescant
1166 537 1197 557 ac
1222 530 1387 565 perspiciant
1401 531 1471 557 unde
1490 529 1563 557 stulti
1581 530 1635 558 sint
1649 531 1773 566 delapsi.‘

981 575 1078 602 Filium
1095 575 1154 606 Dei,
1172 579 1202 602 ut
1221 576 1348 610 superius
1370 575 1498 607 diximus,
1520 583 1553 602 ex
1576 576 1676 603 divinis
1691 576 1766 604 Scri-

983 622 1068 656 pturis
1080 621 1222 648 didicimus
1240 621 1325 655 ipsum
1343 629 1403 648 esse
1420 621 1537 648 Verbum
1556 626 1582 648 et
1603 622 1765 656 sapientiam

983 669 1166 696 Patris:nam
1194 669 1251 696 lucc
1279 673 1343 694 sunt
1371 668 1480 703 quidem
1514 669 1634 702 Apostoli
1660 669 1765 698 verba:

982 714 1105 742 Christus
1123 714 1169 740 Dei
1185 715 1265 741 uirtus
1277 720 1300 740 et
1316 714 1362 740 Dei
1377 714 1505 747 saprienlia
1516 713 1548 740 ‘°.
1565 713 1681 741 Joannes
1702 722 1766 742 vero

981 766 1122 796 postquam
1146 760 1280 787 dixisset:
1295 759 1328 786 Et
1355 759 1466 786 Verbum
1487 767 1550 786 caro
1571 761 1671 792 factum
1686 761 1764 792 ut“,

967 814 1043 834 ~mox
1072 806 1191 833 subdidit
1207 815 1214 832 :
1230 805 1263 832 Et
1291 806 1402 832 vidimus
1430 805 1540 840 gloriam
1561 805 1630 841 ejus,
1653 805 1765 840 gloriam

979 851 1053 884 quati
1070 850 1203 885 Unigem‘ti
1215 859 1229 877 ιι
1244 850 1444 884 Patre,plenum
1459 851 1551 886 gratia
1566 855 1591 878 el
1605 852 1722 879 veritatis
1730 852 1764 881 ⁶².

139 894 187 920 καὶ
202 895 235 929 τῇ
249 893 333 929 Σοφίᾳ
346 892 508 928 γεγενῆσθαι
524 892 570 919 τόν
581 900 610 918 τε
623 891 734 927 οὐρανὸν
751 891 798 918 καὶ
815 891 864 926 τὴν
878 890 926 926 γῆν

983 897 1093 925 δεὶιὶριιι
1115 905 1175 924 cum
1189 896 1307 924 Verbum
1323 897 1358 924 sit
1377 898 1530 931 uuigeuitus
1552 897 1647 930 Filius,
1666 899 1693 926 in
1708 900 1762 926 hoc

140 940 187 966 καὶ
205 940 292 966 πάντα
303 939 337 966 τὰ
352 940 380 966 ὲν
397 940 498 971 αὐτοῖς.
517 939 571 965 Καὶ
586 938 687 974 ταύτης
702 938 751 973 τῆς
765 937 861 971 σοφίας
876 945 928 973 πη-

140 986 190 1022 γὴν
205 983 273 1012 εἴναι
285 985 329 1012 τὸν
345 985 412 1013 Θεὶν
426 987 453 1012 ὲν
470 985 509 1020 τῷ
524 985 630 1021 Βαροὺχ
651 983 860 1020 μεμαθήκαμεν,
882 984 927 1009 al-

140 1030 275 1063 τιαθέντος
287 1031 333 1057 τοῦ
350 1031 467 1066 Ἰσραὴλ,
482 1031 523 1057 ὃτι
535 1029 695 1064 ἐγκατέλιπε
709 1029 758 1064 τὴν
775 1029 864 1064 πηγὴν
880 1029 929 1064 τῆς

140 1079 244 1112 σοφίας.
266 1078 296 1104 Εἰ
309 1078 357 1113 μὲν
378 1075 423 1103 οὖν
438 1076 580 1112 ἀρνοῦνται
595 1076 628 1102 τὰ
643 1075 834 1111 γεγραμμένα,
851 1075 930 1101 αὑτό-

139 1123 184 1151 Θεν
196 1124 328 1159 ἀλλότριοι
342 1122 445 1150 καὶτοῦ
457 1122 586 1157 ὀνόματος
607 1119 682 1152 ὄντες
691 1140 697 1152 ,
715 1121 822 1152 οἰκείως
835 1121 868 1147 ἂν
882 1129 930 1148 κα-

137 1173 224 1198 λοῖντο
238 1172 284 1197 καὶ
298 1170 373 1206 παρὰ
390 1171 497 1196 πάντων
519 1168 592 1196 ᾶθεοι
606 1169 653 1196 καὶ
672 1168 848 1204 χριστομάχοι
858 1177 865 1183 ·
881 1167 928 1194 οὖ-

139 1226 177 1244 τω
191 1217 245 1253 γὰρ
264 1217 377 1248 ἑαυτοὺς
396 1215 575 1251 ἐπωνόμασαν
601 1215 648 1242 καὶ
666 1215 758 1241 αὐτοί·
774 1216 798 1241 ει
815 1215 844 1241 δὲ
867 1223 929 1241 συν-

141 1262 319 1298 ομολογοῦσιν
335 1263 400 1297 ἡμῖν
409 1259 477 1288 εἶναι
492 1261 656 1288 θεόπνευστα
668 1261 701 1287 τὰ
709 1261 757 1295 τῆς
766 1260 876 1295 Γραφῆς
882 1260 930 1296 ρή-

140 1317 224 1343 ματα,
240 1307 452 1343 τολμησάτωσαν
463 1306 585 1342 φανερῶς
597 1306 682 1332 εἰπεῖν
695 1305 714 1332 ἃ
729 1305 928 1340 κεκρυμμένους

138 1353 280 1390 φρονοῦσιν
290 1373 297 1385 ,
315 1354 355 1380 ὅτι
371 1352 466 1387 ἄλογος
479 1352 526 1379 καὶ
542 1351 641 1386 ἀσοφος
656 1351 712 1385 (79)
728 1349 761 1386 ἦν
772 1351 786 1378 ὀ
797 1350 862 1382 Θεός
879 1358 928 1376 πο-

137 1407 166 1426 τε
178 1419 184 1431 ,
198 1399 244 1425 καὶ
260 1399 389 1434 μανέντες
401 1399 515 1424 εἴπωσιν
528 1406 535 1413 ·
550 1396 603 1424 'ﬂv
617 1398 660 1424 ὅτε
673 1397 722 1423 οὐκ
736 1394 770 1432 ἦν
782 1405 788 1411 ⁸
806 1396 852 1422 καὶ
864 1397 928 1432 πρὶν

138 1444 309 1480 γεννηθῆναι,
326 1444 375 1471 οὐκ
400 1442 434 1480 ἦν
458 1444 472 1470 ὁ
486 1443 616 1479 Χριστός·
635 1443 716 1470 πάλιν
735 1451 765 1468 τε
785 1442 927 1478 ἀποφηνὰ-

139 1489 244 1516 σθωσαν
254 1489 302 1524 τὴν
317 1490 406 1525 πηγὴν
416 1490 453 1525 μὴ
470 1489 499 1521 ἐξ
510 1489 608 1524 εαυτῆς
621 1489 813 1524 γεγεννηκέναι
823 1489 870 1524 τῆν
885 1497 927 1516 σο-

138 1536 212 1570 φίαν,
227 1536 285 1562 ἀλλ’
299 1535 397 1568 ἔξωθεν
411 1536 509 1571 εαυτῆς
526 1535 674 1570 κεκτῆσθαι
693 1535 803 1571 ταύτην,
820 1535 864 1561 ἵνα
879 1535 926 1562 καὶ

136 1568 307 1619 τολμήσωσιν
323 1584 424 1610 εἰπεῖν⁹
449 1568 493 1614 Ἐξ
513 1583 562 1609 οὐκ
578 1568 661 1609 ὄντων
682 1568 794 1616 γέγονεν
813 1582 828 1608 ὁ
842 1581 904 1614 Υἱός
916 1590 923 1597 ·
939 1568 959 1596 C

136 1629 215 1656 τοῦτο
227 1629 280 1665 γὰρ
293 1630 342 1656 οὐκ
354 1629 393 1655 ἔτι
404 1629 495 1664 πηγὴν
510 1628 611 1663 ταύτην
625 1627 769 1659 δείκνυσιν,
786 1627 854 1654 ἀλλά
864 1635 925 1653 τινα

136 1673 236 1701 λάκκον
251 1673 346 1709 ὥσπερ
361 1673 460 1705 ἔξωθεν
476 1673 546 1709 ὕδωρ
565 1673 690 1705 λαϐόντα,
703 1671 871 1708 κεχρημένον
886 1671 925 1707 τῷ

136 1719 248 1753 ὀνόματι
261 1719 312 1755 τῆς
324 1718 426 1754 πηγῆς.

171 1858 214 1884 16.
233 1858 318 1893 Ὅσης
335 1856 384 1892 μὲν
407 1854 453 1884 οὖν
471 1856 595 1888 ἀσεϐείας
621 1857 678 1883 ἐστὶ
704 1855 783 1883 τοῦτο
814 1856 922 1891 μεστὸν,

135 1904 229 1931 οὐδένα
244 1903 298 1930 τῶν
313 1902 364 1930 κᾶν
379 1902 507 1938 βραχεῖαν
523 1902 647 1938 αἴσθησιν
661 1902 775 1937 ἐχόντων
786 1901 923 1937 ἀμφιϐάλ-

136 1949 191 1976 λειν
205 1949 324 1984 ἡγοῦμαι
335 1957 342 1963 ·
360 1948 453 1984 ἐπειδὴ
465 1948 493 1974 δὲ
515 1947 718 1983 τονθορύζοντες
731 1947 853 1981 λέγουσιν
864 1947 922 1974 ὀνό-

136 2004 207 2031 ματα
222 1995 301 2030 μόνον
328 1992 396 2021 εἶναι
411 1994 457 2020 τοῦ
483 1993 548 2020 Υἰοῡ
567 1993 652 2028 Λόγος
663 1994 709 2020 καὶ
728 1993 823 2028 Σοφία,
837 1994 922 2028 ἀναγ-

135 2043 210 2068 καῖον
239 2041 376 2076 ἐρωτῆσαι
397 2040 527 2071 τούτους·
548 2039 581 2066 El
608 2039 727 2074 ὀνόματα
755 2039 834 2074 μόνον
864 2039 923 2066 ἐστὶ

133 2087 220 2114 ταῦτα
233 2087 281 2113 τοῦ
294 2086 370 2120 Υἰοῦ,
384 2085 462 2117 ἄλλος
473 2085 506 2113 ἂν
521 2085 602 2116 αὐτὸς
614 2085 656 2120 εἴη
671 2084 746 2120 παρὰ
756 2085 851 2112 ταῦτα.
867 2086 922 2112 Καὶ

134 2135 158 2160 εἰ
171 2133 220 2169 μὲν
237 2132 346 2167 βελτίων
362 2133 420 2159 ἐστὶ
434 2132 488 2159 τῶν
506 2132 656 2167 ὀνομάτων,
670 2132 720 2167 οὐχ
733 2132 805 2159 ὅσιον
823 2133 855 2159 ὲκ
867 2131 920 2159 τῶν

133 2180 282 2207 ἐλαττόνων
295 2179 340 2205 τὸν
358 2178 478 2213 βελτίονα
501 2177 698 2213 σημαίνεσθαι·
718 2179 742 2204 εἰ
756 2178 785 2204 δὲ
803 2177 920 2205 ἐλάττων

981 943 1067 970 Verbo
1084 948 1111 970 et
1123 943 1260 978 Sapientia
1277 942 1339 969 facti
1353 947 1417 970 sunt
1428 943 1487 970 coeli
1501 947 1528 970 et
1543 948 1614 970 terra
1629 951 1660 970 ac
1673 944 1763 972 omnia

978 994 1037 1022 qua:
1051 988 1078 1014 in
1091 987 1130 1015 eis
1144 991 1217 1015 sunt.
1230 987 1314 1021 Hujus
1329 994 1411 1022 porro
1431 987 1572 1022 sapientia:
1584 987 1688 1015 fontem
1700 995 1763 1016 esse

979 1035 1061 1061 Deum
1078 1042 1127 1062 nos
1141 1035 1220 1062 docet
1236 1033 1352 1066 Baruclt,
1368 1033 1412 1061 ubi
1435 1033 1564 1062 videlicet
1591 1034 1764 1068 redarguitur

978 1080 1060 1107 Israel
1075 1080 1175 1106 fontem
1192 1079 1331 1113 sapientia:
1342 1078 1561 1113 dereliquisse".
1574 1078 1603 1106 Si
1619 1079 1701 1116 175
1714 1080 1764 1114 ἰκίο

980 1131 1022 1153 tur
1039 1134 1071 1153 ea
1088 1134 1148 1160 quae
1163 1126 1262 1159 scripta
1280 1129 1343 1152 sunt
1361 1132 1462 1158 negare
1475 1125 1609 1152 voluerint
1621 1146 1629 1159 ,
1642 1126 1764 1160 proiecto

978 1172 1096 1200 nominis
1114 1179 1167 1206 quo
1189 1171 1383 1206 iusigniuntur,
1399 1171 1504 1206 indigni
1534 1175 1562 1199 et
1582 1171 1663 1199 alieni
1684 1171 1762 1204 ﬁunt.

979 1218 1138 1253 proprieque
1153 1217 1186 1245 ab
1198 1217 1325 1244 onmibus
1344 1217 1457 1244 vocandi
1477 1221 1541 1244 sunt
1556 1217 1629 1253 impii
1643 1223 1670 1246 et
1685 1218 1763 1246 Citrio

979 1264 1012 1291 sti
1031 1264 1133 1294 hostes,
1152 1262 1250 1297 quippe
1261 1262 1307 1296 qui
1324 1262 1360 1289 ita
1381 1269 1412 1290 se
1425 1262 1474 1297 ipsi
1488 1263 1700 1291 nominaverint.
1713 1263 1762 1291 Sin

977 1314 1068 1336 autent
1084 1309 1165 1336 verba
1184 1307 1331 1342 Scriptura:
1348 1306 1438 1334 alliatu
1460 1307 1553 1335 divino
1573 1308 1675 1342 scripta
1700 1315 1764 1336 esse

978 1353 1117 1380 uobiscum
1145 1353 1328 1385 consentiunt,
1352 1351 1441 1386 palam
1466 1352 1597 1379 audacter
1623 1351 1762 1387 proferant

977 1398 1047 1432 quod
1071 1397 1161 1424 abdite
1177 1397 1306 1428 sentiunt,
1329 1403 1426 1431 nempe
1451 1396 1535 1424 Deum
1554 1397 1699 1431 aliquando
1719 1405 1763 1426 ra-

978 1445 1059 1472 tionis
1077 1449 1105 1471 et
1119 1443 1258 1478 sapientia:
1272 1442 1356 1471 fuisse
1368 1447 1518 1477 expertem,
1532 1442 1707 1478 furentesque
1720 1444 1762 1471 di-

977 1497 1041 1517 cant
1054 1499 1060 1517 :
1078 1490 1139 1516 Fuit
1149 1489 1293 1523 aliquando
1308 1496 1369 1516 cum
1385 1496 1437 1516 non
1452 1493 1536 1522 esset,
1551 1497 1602 1518 nec
1621 1490 1672 1517 l'uit
1685 1490 1763 1518 Chri-

977 1541 1034 1564 stus
1051 1536 1204 1571 priusquam
1217 1541 1257 1563 est
1273 1535 1389 1570 genitus.
1407 1535 1557 1563 Prmdicent
1570 1536 1636 1563 item
1658 1535 1761 1564 fotttent

977 1590 1030 1610 non
1043 1590 1076 1609 ex
1092 1582 1182 1617 seipso
1193 1582 1361 1617 sapientiam
1375 1582 1512 1616 genuisse,
1530 1582 1577 1609 sed
1589 1582 1761 1610 extrinsecus

974 1635 1034 1655 eam
1048 1627 1184 1660 habuisse,
1201 1633 1230 1655 ut
1246 1632 1274 1654 et
1292 1627 1383 1654 dicere
1406 1627 1523 1654 audeant
1537 1635 1545 1654 :
1561 1627 1599 1654 Ex
1616 1627 1701 1654 nihilo
1716 1626 1759 1654 l'a-

975 1678 1033 1699 ctus
1046 1677 1088 1700 est
1109 1671 1201 1700 Filius.
1215 1671 1272 1699 Hoc
1287 1673 1359 1699 enim
1375 1680 1429 1700 non
1440 1671 1540 1699 fontem
1563 1679 1622 1699 eum
1637 1679 1696 1700 esse
1713 1673 1760 1700 dc-

975 1722 1116 1751 moustrat,
1137 1719 1185 1745 sed
1209 1717 1352 1752 quemdam
1365 1717 1456 1752 potius
1473 1717 1573 1749 lacum,
1593 1724 1690 1752 aquam
1702 1718 1759 1745 vel-

975 1766 1011 1791 uti
1032 1765 1202 1792 extrinsecus
1211 1765 1400 1800 excipientem,
1412 1763 1550 1799 fontisque
1562 1771 1659 1792 nomen
1677 1771 1759 1792 usur-

973 1814 1092 1844 pantem.

1010 1856 1054 1883 16.
1078 1855 1175 1884 Verum
1193 1863 1275 1890 quam
1298 1856 1465 1884 exsecranda
1486 1856 1545 1884 hac
1565 1857 1603 1884 sit
1629 1856 1758 1892 impietas

975 1904 1110 1939 ambigere
1130 1902 1247 1930 arbitror
1261 1904 1406 1937 neminem,
1423 1903 1469 1938 qui
1487 1903 1530 1931 vel
1554 1903 1659 1931 tantillo
1674 1910 1757 1930 sensu

973 1950 1072 1984 vigeat.
1093 1949 1160 1982 Quia
1182 1953 1274 1976 tamen
1294 1949 1412 1977 Verbum
1436 1954 1465 1977 et
1485 1949 1654 1985 Sapientiam
1679 1958 1754 1978 mera

971 2002 1032 2023 esse
1058 1994 1119 2022 Filii
1147 1994 1257 2022 nomina
1283 1995 1421 2028 dictitant,
1436 1995 1494 2022 haec
1520 1996 1555 2023 ad
1580 1995 1642 2024 illos
1662 1996 1755 2024 dicere

973 2041 1044 2068 haud
1068 2041 1102 2069 ab
1120 2048 1150 2069 re
1163 2040 1244 2068 fuerit
1259 2050 1267 2069 :
1282 2040 1312 2069 Si
1327 2041 1379 2069 ista
1392 2046 1456 2069 sunt
1472 2041 1533 2068 Filii
1553 2041 1686 2068 duntaxat
1703 2048 1754 2069 no-

970 2089 1055 2121 mina,
1077 2087 1145 2115 alius
1162 2093 1238 2116 certe
1263 2088 1308 2115 ille
1327 2092 1427 2122 praeter
1453 2095 1485 2114 ea
1510 2086 1603 2115 fuerit.
1626 2087 1708 2121 Atqui
1728 2087 1752 2114 si

971 2134 1022 2162 illis
1035 2135 1188 2162 nominibus
1199 2135 1233 2162 sit
1246 2134 1429 2169 praestantior,
1444 2133 1485 2161 las
1500 2141 1553 2160 non
1568 2138 1609 2162 est
1621 2141 1694 2163 eum.
1705 2133 1752 2168 qui

970 2180 1142 2214 praestantior
1162 2181 1209 2212 sit,
1229 2188 1262 2207 ex
1287 2179 1462 2206 inferioribus
1490 2178 1653 2213 signiﬁcari.
1676 2177 1753 2211 Quod

133 2227 190 2252 ἐστὶ
203 2225 256 2251 τῶν
268 2224 418 2260 ὀνομάτων,
437 2224 543 2255 πάντως
560 2223 616 2258 ἕχει
632 2223 679 2249 καὶ
697 2222 746 2258 τὴν
764 2221 852 2249 αἰτίαν
867 2222 918 2258 τῆς

975 2225 990 2252 si
1008 2225 1161 2252 nominibus
1182 2224 1293 2252 inferior
1316 2225 1431 2256 dicatur,
1458 2223 1580 2257 proiecto
1609 2230 1664 2250 non
1691 2223 1751 2250 sine

133 2272 178 2298 ἐπὶ
192 2272 222 2298 τὸ
234 2271 344 2298 κάλλιον
359 2270 554 2306 προσηγορίας.
569 2268 654 2295 Τοῦτο
673 2269 702 2295 δὲ
719 2268 800 2296 πάλιν
817 2276 917 2304 προκο-

133 2317 186 2352 πὴν
204 2317 285 2344 αὐτοῦ
298 2316 424 2351 σημαίνει
442 2316 488 2342 καὶ
501 2316 531 2342 οὑ
553 2315 627 2350 μεῖόν
643 2315 700 2341 ἐστι
713 2313 766 2340 τῶν
778 2313 918 2349 προτέρων

133 2364 180 2390 καὶ
207 2362 284 2389 τοῦτο
298 2362 329 2388 τὸ
342 2361 476 2397 ἀσέϐημα.
502 2361 553 2388 Τὸν
569 2360 623 2396 γὰρ
634 2361 663 2386 ὲν
687 2359 726 2395 τῷ
742 2359 830 2394 Πατρὶ
843 2359 917 2392 ὄντα,

133 2407 196 2443 ὲνῷ
221 2410 268 2436 καὶ
296 2409 311 2434 ὁ
338 2409 432 2444 Πατήρ
453 2409 520 2438 ἐστι,
544 2407 588 2433 τὸν
611 2406 742 2440 λέγοντα·
772 2405 842 2440 Ἐγὼ
868 2405 917 2432 καὶ

132 2458 149 2482 ὀ
165 2454 264 2489 Πατὴρ
285 2455 319 2481 ἓν
332 2454 435 2488 ἐσμεν,
461 2453 489 2480 ὃν
503 2453 550 2479 καὶ
575 2453 589 2479 ὁ
606 2451 734 2488 ἑωρακὼς
747 2451 853 2486 ἑώρακε
870 2451 916 2477 τὸν

132 2502 252 2537 Πατέρα,
277 2500 418 2536 ὀνομάζειν
433 2499 488 2535 (80)
518 2499 570 2525 ὑπό
593 2506 665 2529 τινος
680 2496 779 2529 ἔξωθεν
795 2495 915 2532 βελτιοῦ-

132 2547 202 2578 σθαι,
219 2547 308 2572 πᾶσαν
322 2544 484 2581 ὐπερὸάλλει
500 2545 606 2579 μανίαν.
631 2542 710 2569 Ἀλλὰ
724 2541 824 2569 τούτων
838 2541 914 2567 ἐκπί-

131 2600 252 2623 πτοντες,
269 2591 316 2618 καὶ
339 2590 409 2618 κατὰ
423 2591 486 2622 τοὺς
513 2589 577 2624 περὶ
593 2587 721 2615 Εὑσέὸιον
749 2587 801 2614 ὑπὸ
814 2586 914 2622 πολλῆς

130 2638 302 2674 συνεχόμενοι
314 2637 363 2674 τῆς
379 2636 505 2672 ἀπορίας,
521 2636 608 2662 ἐκεῖνο
619 2633 710 2660 λοιπὸν
727 2633 832 2668 ἔχουσιν
846 2633 912 2659 ὑπο-

129 2685 297 2720 λειπόμενον,
313 2684 327 2710 ὃ
348 2683 396 2710 καὶ
411 2683 440 2709 ὲν
469 2681 612 2718 ᾲσματίοις
628 2680 735 2715 Ἄρειος
760 2679 806 2705 καὶ
825 2679 854 2705 ὲν
879 2679 912 2713 τῇ

968 2277 1052 2298 causa
1075 2270 1246 2305 praestantius
1269 2277 1366 2297 nomen
1390 2269 1519 2301 obtinuit,
1544 2268 1625 2302 idque
1646 2267 1752 2302 signum

967 2315 1048 2344 fuerit
1065 2316 1122 2351 ejus
1138 2315 1344 2351 progressionis.
1351 2315 1432 2350 Atqui
1449 2315 1507 2342 hac
1521 2315 1646 2349 impietas
1660 2314 1751 2349 priore

967 2369 1020 2389 non
1035 2366 1076 2388 est
1100 2361 1188 2388 minor
1204 2360 1357 2395 :siquidem
1370 2361 1394 2388 is
1410 2360 1456 2395 qui
1470 2360 1546 2387 illum
1558 2360 1603 2394 qui
1619 2360 1645 2387 in
1671 2359 1753 2387 Patre

967 2411 1019 2438 est,
1036 2405 1061 2432 in
1073 2413 1127 2440 quo
1146 2405 1209 2432 item
1231 2411 1273 2433 est
1286 2404 1376 2438 Pater,
1389 2405 1434 2440 qui
1454 2409 1482 2432 et
1501 2404 1570 2432 idem
1583 2405 1670 2431 dicit:
1691 2403 1749 2439 Ego

968 2456 990 2477 et
1003 2449 1084 2477 Pater
1101 2457 1180 2476 unum
1192 2457 1281 2476 sumus
1294 2449 1328 2482 “,
1341 2456 1420 2484 quem
1437 2450 1500 2476 item
1514 2449 1561 2484 qui
1577 2449 1661 2481 videt,
1675 2449 1748 2476 videt

965 2503 990 2524 et
1006 2495 1113 2522 Patrem
1122 2495 1162 2528 ";
1176 2495 1232 2529 qui,
1249 2495 1370 2530 inquam,
1391 2494 1465 2522 illum
1483 2501 1513 2522 re
1529 2494 1618 2528 aliqua
1633 2499 1747 2522 externa

965 2541 1105 2569 meliorem
1120 2541 1206 2574 reddi,
1225 2541 1299 2568 hisce
1317 2540 1470 2567 nominibus
1486 2539 1634 2576 signiﬁcari
1661 2545 1749 2575 putat,

965 2595 1006 2615 na:
1020 2587 1065 2614 ille
1079 2587 1198 2614 omnium
1217 2586 1406 2614 insanissimus
1425 2586 1522 2613 merito
1547 2586 1688 2612 habendus
1703 2587 1748 2613 sit.

965 2632 1064 2659 Verum
1084 2631 1121 2658 illi
1144 2631 1207 2660 ltinc
1227 2638 1333 2666 quoque
1348 2630 1457 2666 dejecti,
1474 2635 1555 2666 atque
1577 2631 1747 2662 insummas.

966 2683 994 2705 ut
1014 2677 1167 2711 Eusebiani,
1182 2676 1293 2705 adducti
1310 2677 1462 2712 angustias,
1477 2677 1510 2703 ad
1525 2676 1590 2704 illud
1613 2680 1749 2712 postremo

164 2769 186 2784 “
205 2768 288 2796 lCor.
302 2775 323 2800 ι,
337 2767 406 2793 24.⁶¹
422 2765 530 2798 Joau.t,
547 2763 591 2790 l4.
629 2763 652 2779 “
669 2762 734 2790 ibid.
748 2762 791 2791 l5.
829 2761 853 2776 "
865 2759 979 2788 Baruclt.
999 2767 1041 2792 Ill,
1058 2757 1102 2785 l2.
1141 2757 1251 2785 “Joan.
1267 2757 1352 2790 x,30.
1391 2756 1412 2772 "
1425 2755 1501 2783 Joan.
1519 2764 1574 2787 xiv,
1590 2756 1616 2783 9.

165 2836 220 2872 (78)
239 2836 315 2872 Μαι,
334 2835 514 2872 προείπαμεν.
717 2867 729 2872 _
874 2865 880 2872 ,

165 2867 219 2907 (79)
234 2872 279 2900 Sic
288 2867 362 2907 Regi
375 2872 410 2900 At
423 2867 490 2901 editi
501 2874 528 2899 et
543 2868 589 2898 atii
604 2875 697 2898 vocem
714 2867 814 2903 ᾶσοφος
828 2867 909 2896 omit-

968 2833 1039 2859 tunt,
1057 2835 1136 2860 quam
1153 2832 1241 2854 tamen
1254 2826 1415 2862 interpretes
1426 2826 1558 2860 legerant.

998 2863 1055 2900 (80)
1069 2862 1148 2898 Reg.,
1161 2862 1311 2898 ὀνομάζων.
