2018 3048
276 123 326 150 ιει

558 124 586 151 S.
607 123 793 152 ATllANASll
812 124 886 152 0W.
907 121 996 152 PARS
1012 119 1035 152 l.
1054 140 1089 145 -—
1105 123 1294 152 'HISTORICA
1315 124 1357 151 ET
1377 114 1584 152 DOGMATICA.

1842 116 1895 150 ιεε

273 188 462 218 argumentum
482 183 655 218 confugiunt,
677 184 748 218 quod
771 184 828 218 ipse
851 185 931 212 Arius
948 185 1003 212 suis
1026 185 1051 212 in

1105 184 1201 210 ἑαυτοῦ
1217 184 1273 219 (81)
1288 184 1373 220 Θαλία
1388 184 1425 215 ὡς
1440 184 1586 219 ἐπαπορῶν
1605 183 1758 218 μυθολογεῖ·
1780 183 1894 214 πολλοὺς

273 229 455 257 cantiunculis
475 233 502 255 et
530 228 624 255 Thalia
651 230 726 257 velut
750 231 898 264 desperans
930 230 1052 258 eﬂutivit.

272 274 368 307 Multa,
390 275 527 308 inquiunt,
547 277 628 303 verba
655 277 773 310 loquitur
795 277 875 304 Deus.
891 277 975 310 Quale
990 284 1055 312 ergo

273 321 369 348 horum
396 321 493 348 Filium
515 321 559 348 Dei
579 327 607 349 et
631 322 746 350 Verbum
778 324 945 358 unigenitum
968 323 1055 351 Patris

272 373 332 394 esse
356 367 492 394 dicimus?
517 367 613 407 stolidi
645 374 719 396 certe
742 369 780 396 illi
797 375 825 397 et
851 369 1054 404 quidvispotius

272 420 352 447 quam
366 413 530 440 Christiani!
543 413 638 441 Primo
652 415 724 441 enim
740 417 802 442 dum
816 415 873 442 haec
892 415 925 442 de
944 415 998 443 Deo
1014 416 1053 443 lo-

272 463 401 493 quuntur,
417 466 513 493 parum
536 460 613 487 abest
639 460 704 494 quin
729 461 865 488 hominem
888 461 971 488 Deum
994 468 1054 489 esse

271 505 435 537 existiment,
452 506 551 540 quippe
564 507 609 541 qui
622 506 661 534 sic
678 506 802 541 loquatur
816 513 843 534 et
854 508 946 542 priora
972 507 1054 534 verba

272 551 350 578 novis
371 552 507 584 immutet,
524 553 602 587 quasi
625 561 708 580 unutn
729 553 847 580 Verbum
866 562 879 580 a
896 554 950 581 Deo
964 554 1054 588 prola-

272 601 328 624 tum
344 605 397 624 nou
413 599 481 625 satis
501 599 535 625 sit
555 599 588 626 ad
604 600 695 626 Omnia
713 601 828 626 crcanda
843 608 901 634 qum
915 600 994 628 Pater
1008 602 1054 628 de-

271 645 399 676 creverit,
422 651 452 672 et
478 645 510 671 ad
539 645 597 679 ejus
633 646 828 680 providentiam
838 647 1051 681 ‘exsequendam.

270 689 354 717 Multa
371 692 445 718 enim
472 691 546 718 illum
565 691 637 726 loqui
654 691 745 725 verba,
765 692 869 726 signum
893 697 936 720 est
957 692 1051 720 verbo-

270 744 330 764 rum
349 737 470 764 omnium
496 737 700 769 imbecillitatis,
725 745 784 765 cum
808 738 912 772 singula
940 738 1052 765 alterius

270 781 373 809 auxilio
391 781 538 816 indigeant».
562 782 645 809 Deum
666 787 754 809 autem
778 786 831 809 uno
851 783 889 809 uti
913 781 1010 814 Verbo,
1025 788 1053 809 ut

270 834 365 854 revera
379 833 430 859 est,
444 828 492 854 Dei
506 828 612 854 virtutis
629 833 656 855 et
673 827 751 854 Verbi
773 829 806 855 ab
819 835 851 855 eo
866 828 977 862 profecti
995 836 1054 862 per-

270 872 396 900 fectionis
418 873 545 900 indicium
567 879 647 906 atque
660 878 847 908 argumentum
867 878 919 906 est,
934 881 984 901 nec
1001 880 1053 901 non

270 919 377 946 illorum
392 919 500 953 pietatis
514 919 559 954 qui
580 920 617 946 ita
633 920 764 947 sentiunt.

306 965 351 992 Π.
372 963 481 992 Utinam
498 972 563 992 vero
577 965 673 992 saltem
689 973 721 993 es
737 965 779 992 his
796 970 860 1000 Quae
877 974 948 994 nunc
961 967 1051 1002 profe-

269 1014 343 1043 runt,
360 1011 502 1037 veritatem
518 1010 596 1037 fateri
615 1011 709 1038 velint.
727 1011 806 1044 Nam,
824 1013 846 1039 si
857 1013 940 1040 semel
956 1020 1054 1041 conce-

270 1055 336 1082 dant
359 1054 442 1082 Deum
455 1055 540 1082 verba
553 1055 687 1089 proferre,
703 1056 776 1084 illurn
796 1057 902 1084 Patrem
918 1066 976 1085 esse
994 1066 1052 1087 om-

270 1100 335 1127 nino
353 1100 476 1134 ignorare
489 1108 542 1127 non
566 1107 688 1135 possunt.
703 1101 761 1135 Quo
781 1103 843 1130 dato
857 1105 999 1131 attendant
1011 1113 1050 1136 se,

270 1146 334 1173 dum
350 1154 432 1173 unum
451 1154 510 1174 esse
530 1147 575 1173 Dei
593 1146 710 1174 Verbum
735 1148 830 1175 nolunt
848 1149 937 1181 fateri,
958 1151 1052 1178 multo-

270 1200 329 1219 rum
349 1198 454 1227 patrem
479 1201 539 1220 eum
559 1193 657 1220 facere.
687 1193 783 1220 Verum
800 1194 846 1221 Dei
864 1196 970 1227 quidem
988 1197 1052 1224 Ver-

269 1239 333 1266 bum
350 1246 409 1266 esse
423 1240 517 1266 nolunt
533 1239 646 1267 iniiciari
667 1241 732 1267 :scd
746 1241 808 1267 illud
823 1249 882 1268 esse
894 1242 938 1269 Dei
955 1242 1050 1270 Filium

268 1292 323 1313 non
348 1286 531 1316 consentiunt,
551 1288 623 1320 quod
641 1286 761 1320 profecto
782 1294 815 1314 cx
839 1288 960 1315 veritatis
977 1289 1051 1324 igno-

269 1332 358 1359 rantia
371 1336 398 1359 et
408 1331 560 1358 divinarum
576 1330 775 1366 Scripturarum
792 1332 899 1360 inscitia
913 1334 1048 1368 provenit.

269 1378 349 1410 Nam,
363 1378 386 1405 si
403 1384 466 1405 vere
483 1378 553 1405 Deus
567 1377 648 1405 Pater
659 1383 700 1405 est
713 1377 810 1410 Verbi,
827 1387 877 1405 cur
903 1380 947 1413 qui
963 1380 1050 1415 gigni-

268 1428 315 1451 tur
334 1423 418 1451 Filius
438 1431 491 1450 non
513 1424 567 1451 sit?
582 1423 649 1456 Quis
663 1429 752 1452 autem
790 1432 884 1452 rursus
901 1425 948 1453 Dei
963 1425 1050 1454 Filius

266 1469 355 1504 possit
367 1474 541 1504 esseprmter
558 1469 616 1504 ejus
631 1468 767 1496 Verbum?
779 1469 882 1497 Etenim
899 1479 950 1498 non
964 1472 1046 1498 multa

1105 231 1179 257 λαλεῖ
1193 231 1287 265 λόγους
1304 232 1318 256 ὁ
1330 230 1404 261 Θεός.
1422 231 1499 256 Ποῖον
1513 229 1601 255 αὐτῶν
1615 229 1668 264 ἄρα
1686 228 1798 264 λέγομεν
1813 230 1894 264 ἡμεῖς

1106 277 1169 303 Υἱὸν
1190 278 1236 303 καὶ
1251 277 1336 310 Λάγον
1355 276 1484 311 μονογενῆ
1507 276 1553 302 τοῦ
1569 275 1691 310 Πατρός;
1716 274 1834 309 Ἀνόητοι
1847 268 1894 301 καὶ

1105 323 1193 349 πάντα
1205 322 1304 357 μᾶλλον
1315 322 1332 357 ἢ
1343 322 1509 357 Χριστιανοί.
1519 321 1630 356 Πρῶτον
1645 320 1694 355 μὲν
1707 320 1771 355 γὰρ,
1782 319 1893 346 τοιαῦτα

1104 367 1246 398 λαλοῦντες
1263 367 1326 403 περὶ
1337 367 1414 398 Θεοῦ,
1429 367 1526 402 μικροῦ
1541 367 1595 393 δεῖν
1608 366 1751 402 ἄνθρωπον
1770 367 1816 393 τὸν
1825 367 1891 393 Θεὸν

1105 413 1349 448 ὑπολαμϐάνουσιν,
1367 413 1438 440 οὕτω
1453 412 1585 439 λαλοῦντα
1613 413 1660 439 καὶ
1689 413 1892 448 παραμείϐοντα

1103 459 1167 491 τοὺς
1178 459 1330 494 προτέρους
1341 461 1397 491 τοῖς
1409 459 1544 498 δευτέροις
1560 459 1658 493 λόγοις,
1676 459 1770 494 ὥσπερ
1782 459 1832 485 οὐκ
1848 460 1893 497 ἀρ-

1104 505 1215 537 κοῦντος
1230 505 1288 537 ἑνὸς
1306 507 1338 532 ὲκ
1363 505 1410 531 τοῦ
1429 505 1495 531 Θεοῦ
1510 505 1596 539 Λόγου
1613 506 1702 532 πᾶσαν
1722 505 1771 540 τὴν
1798 505 1830 531 ἐκ
1843 504 1890 531 τοῦ

1105 551 1275 586 βουλήματος
1299 551 1346 577 τοῦ
1363 551 1467 585 Πατρὸς
1481 551 1658 586 δημιουργίαν
1674 551 1720 577 καὶ
1734 550 1782 585 τὴν
1797 550 1891 576 τούτοι)

1104 597 1231 632 πρόνοιαν
1253 597 1394 632 πληρῶσαι
1405 605 1411 612 ·
1435 597 1465 622 τὸ
1479 596 1528 631 μὲν
1543 597 1597 631 γὰρ
1616 596 1729 628 πολλοὺς
1748 596 1829 623 αὑτὸν
1843 596 1891 622 λα-

1103 641 1158 667 λεῖν
1177 641 1280 676 λόγους,
1308 642 1432 668 ἀσθένεια
1452 641 1505 668 τῶν
1525 642 1632 668 πάντων
1657 641 1740 672 ἐστὶν,
1776 640 1890 667 ἑκάστου

1103 687 1262 723 λειπομένου
1277 688 1326 722 τῆς
1343 687 1389 714 τοῦ
1411 687 1503 723 ἑτέρου
1519 688 1613 722 χρείας
1623 696 1629 701 ·
1651 687 1681 713 τὺ
1693 687 1721 713 δὲ
1738 687 1778 713 ἐν).
1789 687 1891 722 κεχρῆ-

1103 735 1165 760 σθαι
1181 734 1260 769 Λόγῳ
1274 734 1319 760 τὸν
1332 733 1407 765 Θεὸν,
1421 733 1458 764 ὡς
1471 733 1518 760 καὶ
1537 733 1608 759 ἔστιν
1619 733 1736 768 ἀληθῶς,
1753 733 1832 759 τοῦτο
1844 733 1891 759 καὶ

1103 779 1149 806 τοῦ
1163 779 1230 806 Θεοῦ
1246 779 1296 814 τὴν
1310 779 1425 814 δύναμιν
1439 779 1567 810 δείκνυπι,
1585 779 1687 806 καὶτοῦ
1699 779 1729 810 ἐξ
1744 778 1825 805 αὐτοῦ
1839 778 1891 805 Λό-

1103 826 1218 860 youth
1238 825 1403 860 τελειότητα,
1424 826 1471 852 καὶ
1489 825 1541 851 τῶν
1562 826 1617 860 (82)
1635 817 1706 851 οὕτω
1722 825 1890 861 φρονούντων

1103 872 1153 907 τὴν
1165 871 1263 906 εὐσεϐῆ
1280 871 1396 898 σύνεσινι

1139 964 1182 991 l7.
1196 964 1259 991 Εῐθε
1279 964 1306 990 δὲ
1322 964 1370 990 καὶ
1387 961 1459 990 οὗτοι
1477 963 1527 990 κᾶν
1544 963 1572 996 ἐξ
1588 960 1625 990 ὧν
1635 963 1744 996 λέγουσι
1759 963 1816 994 νῦν,
1832 962 1890 989 ἑθε-

1102 1010 1227 1045 λήσουσιν
1241 1010 1381 1045 ὁμολογεῖν
1388 1001 1436 1045 τὴν
1449 1009 1592 1044 ἀλήθειανί
1609 1009 1640 1035 Εἰ
1653 1008 1708 1044 γὰρ
1719 1008 1793 1040 ἅπαξ
1807 1008 1889 1035 διδόαὲ

1102 1065 1128 1083 σι
1143 1056 1189 1083 τὸν
1205 1056 1271 1082 Θεὸν
1295 1056 1467 1092 προφέροντα
1483 1055 1588 1089 λόγους,
1612 1055 1700 1082 ἴσασιν
1715 1055 1782 1086 ὅλως
1808 1054 1889 1081 αὑτὸν

1102 1103 1211 1138 Πατέρα
1220 1111 1226 1117 ·
1241 1102 1320 1129 τοῦτο
1331 1103 1358 1128 δὲ
1371 1102 1562 1135 γινώσκοντες,
1577 1101 1774 1132 σκοπείτωσαν,
1787 1101 1838 1132 ὅτι,
1851 1099 1893 1135 μὴ

1101 1149 1222 1180 θέλοντες
1235 1148 1283 1175 ἕνα
1299 1148 1399 1175 διδόναι
1422 1148 1468 1176 τοῦ
1483 1148 1550 1175 Θεοῦ
1568 1148 1663 1182 Λόγον,
1683 1146 1788 1174 πολλῶν
1808 1146 1888 1172 αὑτὸν

1101 1192 1169 1220 εἶναι
1181 1195 1290 1229 Πατέρα
1308 1194 1498 1228 φαντάζονται.
1512 1194 1566 1220 Καὶ
1577 1193 1606 1220 τὸ
1620 1193 1668 1228 μὲν
1679 1193 1746 1224 ὅλως
1763 1189 1831 1218 εἶναι
1841 1191 1888 1218 τοῦ

1101 1241 1167 1267 Θεοῦ
1184 1241 1269 1274 Λόγον
1287 1241 1317 1266 οὺ
1334 1240 1454 1267 θέλουσιν
1469 1240 1619 1276 ἀρνεῖσθαι,
1630 1240 1660 1266 τὸ
1674 1239 1703 1265 δὲ
1714 1237 1784 1265 εἶναι
1794 1237 1888 1265 τοῦτον

1100 1286 1146 1312 τοῦ
1157 1286 1223 1313 Θεοῦ
1235 1286 1298 1313 Υίὸν
1308 1288 1357 1321 οὐχ
1367 1286 1544 1321 ’ὁμολογοῦσιν
1554 1295 1559 1301 ·
1576 1286 1668 1312 ἔστιδὲ
1678 1284 1758 1312 τοῦτο
1764 1285 1812 1320 τῆς
1822 1285 1888 1318 ἀλη-

1101 1331 1174 1363 θείας
1187 1332 1317 1366 ἀγνωσία,
1328 1333 1374 1358 καὶ
1387 1332 1440 1358 τῶν
1451 1331 1529 1358 θείων
1536 1328 1651 1367 Γραφῶν
1663 1331 1783 1367 ἀπειρία.
1793 1331 1824 1356 Εἰ
1833 1329 1888 1365 γὰρ

1099 1378 1167 1409 ὅλως
1175 1379 1189 1404 ό
1197 1378 1262 1409 Θεὸς
1271 1378 1366 1414 Πατήρ
1374 1380 1431 1405 ἐστι
1440 1379 1536 1412 Λόγου,
1543 1378 1587 1404 διὰ
1596 1378 1621 1404 τί
1631 1377 1668 1413 μὴ
1676 1378 1722 1404 καὶ
1730 1379 1744 1403 ό
1752 1377 1887 1412 γεννώμε-

1099 1432 1144 1456 νος
1152 1424 1215 1455 Υἱός
1227 1424 1282 1459 (85)
1290 1425 1364 1451 ἐστιν
1377 1433 1383 1457 ;
1400 1425 1463 1456 Υἱὸς
1471 1424 1498 1451 δὲ
1507 1424 1586 1451 πάλιν
1593 1424 1638 1450 τοῦ
1648 1423 1715 1450 Θεοῦ
1725 1423 1766 1455 τίς
1777 1423 1808 1450 ἂν
1817 1423 1858 1458 εἴη
1869 1423 1886 1456 ἦ

1099 1471 1113 1497 ὁ
1127 1470 1211 1504 Λόγος
1225 1469 1307 1496 αὐτοῦ
1318 1478 1325 1502 ;
1338 1470 1393 1496 Καὶ
1403 1470 1456 1506 γὰρ
1470 1470 1500 1495 οὐ
1515 1469 1606 1496 πολλοὶ
1621 1469 1704 1502 λόγοι,
1717 1468 1760 1495 ἵνα
1775 1468 1811 1503 μὴ
1822 1467 1887 1494 Em;

269 1520 333 1542 sunt
349 1515 442 1546 verba,
467 1521 503 1541 ne
524 1514 630 1549 singula
651 1513 808 1549 imperfecta
827 1519 853 1542 et
869 1523 952 1550 egena
982 1516 1045 1548 sint,

1102 1526 1159 1549 rm;
1168 1517 1260 1552 ἐνδεὴς
1301 1516 1368 1552 (Si),
1384 1516 1450 1543 ἀλλὰ
1465 1513 1505 1548 εἷς
1514 1516 1528 1541 ὁ
1541 1515 1634 1550 Λόγος,
1644 1515 1687 1541 ἵνα
1697 1515 1798 1545 τέλειος
1808 1514 1886 1555 μόνος

268 1561 318 1589 sed
329 1568 410 1588 unum
422 1565 463 1588 est
474 1560 602 1593 Verbum,
615 1565 670 1587 tum
681 1565 711 1587 ut
725 1561 811 1595 ipsum
825 1562 910 1588 solum
923 1562 958 1589 sit
972 1562 1050 1597 175

269 1607 433 1642 perfectum,
451 1611 507 1633 tum
521 1606 584 1641 quia
600 1613 660 1633 cum
679 1607 749 1633 Deus
764 1615 833 1634 unus
851 1608 896 1638 sit,
919 1615 969 1634 una
986 1616 1051 1642 quo-

267 1660 322 1687 que
343 1653 401 1687 eius
425 1652 524 1686 imago,
546 1659 606 1686 quae
630 1653 686 1687 ipsa
712 1651 797 1679 Filius
815 1657 867 1684 est,
881 1653 959 1680 debet
980 1660 1050 1680 esse.

269 1699 391 1733 Namque
409 1699 456 1726 Dei
469 1697 565 1731 Filius,
579 1704 609 1725 ut
628 1706 661 1725 ex
677 1698 741 1732 ipsis
759 1699 908 1733 Scripturis
930 1699 994 1726 licet
1011 1699 1051 1726 di-

268 1752 355 1777 scere,
374 1745 446 1772 idem
468 1748 510 1771 est
537 1745 583 1771 Dei
614 1743 743 1777 Verbum,
772 1745 922 1779 sapientia,
953 1746 1050 1779 imago,

269 1797 366 1816 manus
380 1793 406 1816 et
423 1789 520 1816 virtus.
539 1788 614 1817 Unus
638 1789 709 1816 enim
724 1794 765 1815 est
776 1789 822 1815 Dei
839 1789 921 1821 fetus,
939 1789 1048 1823 haecque

268 1841 333 1863 sunt
345 1835 444 1862 indicia
459 1843 519 1862 eum
533 1842 565 1862 ex
578 1834 660 1862 Patre
673 1841 735 1862 esse
756 1835 886 1869 genitum.
903 1834 965 1862 Sive
978 1835 1050 1861 enim

269 1881 366 1909 Filium
389 1881 512 1908 dixeris:
529 1881 556 1908 id
581 1881 652 1915 quod
672 1888 706 1908 ex
738 1881 797 1916 ipso
815 1886 908 1907 natura
930 1881 1051 1908 exoritur

270 1927 440 1962 signiﬁcasti.
463 1926 526 1954 Sive
542 1926 661 1954 Verbum
677 1933 739 1954 esse
758 1927 921 1960 cogitaveris
937 1935 944 1954 :
958 1934 1051 1954 rursus

270 1973 297 2000 id
314 1973 385 2008 quod
403 1981 437 1999 ex
457 1973 503 2000 illo
523 1972 646 2000 nascitur
662 1977 689 2000 et
705 1973 738 2000 ab
751 1973 845 2000 eodem
866 1973 960 2007 nequit
974 1981 1052 2007 sepa-

270 2019 326 2046 rari
343 2019 480 2052 cogitasti.
495 2017 561 2046 Cum
577 2019 642 2046 item
660 2019 827 2052 Sapientiam
844 2026 904 2046 eum
919 2019 1049 2053 appellas,

270 2064 338 2092 nihil
359 2071 424 2091 sane
444 2069 597 2096 externum,
613 2064 660 2091 sed
686 2064 712 2090 id
728 2065 799 2098 quod
814 2072 847 2091 es
863 2064 908 2091 illo
920 2069 946 2091 et
961 2065 986 2091 in
1005 2065 1050 2091 illo

269 2115 324 2142 est,
339 2110 450 2138 denotas
463 2119 469 2136 ε
483 2110 609 2138 similiter
627 2110 649 2137 si
670 2109 798 2137 virtutem
821 2115 849 2138 ct
868 2119 976 2138 manum
989 2119 1049 2138 eum

269 2155 382 2188 dixeris,
400 2156 470 2190 quod
484 2155 621 2190 proprium
636 2160 678 2182 est
689 2160 794 2182 natura:
807 2155 955 2189 signiﬁcas.
970 2155 1050 2183 Deni-

270 2209 323 2236 que
335 2209 395 2229 cttm
413 2202 556 2237 imaginem
571 2201 646 2228 illum
661 2201 795 2232 nominas,
814 2200 910 2228 Filium
932 2208 992 2228 esse
1007 2201 1048 2228 iu-
1065 2191 1086 2218 Ῑ)

270 2247 377 2275 dicasti.
392 2247 463 2281 Quid
478 2246 549 2275 enim
563 2247 652 2274 simile
668 2246 723 2274 Deo
737 2246 819 2273 fuerit
829 2252 928 2281 praeter
941 2247 967 2273 id
978 2247 1048 2281 quod

269 2302 303 2321 ex
316 2294 362 2321 illo
375 2293 512 2329 gignitur?
526 2293 608 2321 Certe
621 2301 680 2328 qua:
698 2301 745 2327 per
761 2293 878 2320 Verbum
893 2294 962 2321 facta
975 2298 1046 2327 sunt,

270 2340 327 2367 haec
340 2340 435 2367 cadent
461 2339 593 2374 sapientia
616 2343 679 2366 sunt
703 2338 824 2366 fundata.
847 2337 879 2364 Et
893 2345 952 2372 qum
969 2340 994 2364 in
1010 2346 1051 2365 sa-

306 2420 361 2455 (8l)
381 2420 463 2455 Hujus
486 2420 542 2448 Arii
559 2421 649 2454 operis
666 2420 787 2447 meminit
806 2419 933 2447 Socrates
957 2419 1050 2447 Eccle-

269 2456 386 2490 siastiaw
405 2456 523 2482 historia:
541 2456 586 2481 lib.
605 2464 626 2487 ι,
640 2463 699 2489 cap.
715 2457 741 2485 b',
769 2456 810 2481 bis
828 2455 932 2490 verbis:
951 2455 1050 2482 Ὶστέον

269 2490 308 2521 δὲ,
321 2491 362 2517 ὅτι
373 2491 479 2525 Ἄρειος
496 2489 596 2525 βιόλίον
618 2489 769 2525 συνέγραψε
790 2490 852 2525 περὶ
881 2489 931 2524 τῆς
954 2490 1050 2516 ἑαυτοῦ

268 2526 357 2568 ξόςῃς,
369 2526 383 2551 ὅ
393 2524 531 2565 ἐπέγραψε
547 2526 675 2568 (deitatqu
687 2524 764 2568 Ἔστι
781 2525 809 2551 δὲ
821 2525 990 2568 όηχαρῑακτὴρ
1004 2524 1050 2568 τοῦ

272 2561 374 2595 βιϐλίου
397 2561 494 2595 χαῦνος
519 2561 566 2587 καὶ
592 2560 790 2595 διαλελυμένος.
807 2561 862 2591 τοῖς
895 2560 1051 2591 ἃυταδείοις

271 2596 372 2631 ᾁσμασι
387 2596 675 2632 παραπλήσιος-ζὸπερ
690 2595 736 2622 καὶ
749 2596 813 2632 αὐτο
825 2595 885 2632 τότε
908 2595 1051 2632 ῂλσύνοδος

270 2630 453 2666 ἀπεκήρυξεν.
470 2631 498 2657 Μ
515 2637 554 2657 est
569 2639 576 2656 :
591 2630 732 2657 Sciendum
749 2631 888 2666 estArium
908 2630 1002 2666 iibrum
1019 2631 1051 2666 de

271 2674 320 2692 sua
335 2664 454 2699 opinione
474 2667 659 2699 composuisse,
676 2673 750 2699 quem
770 2665 890 2691 Thaliam
905 2664 1049 2699 inscripsit,

272 2701 348 2734 cujus
360 2701 419 2727 libri
431 2701 513 2735 stylus
526 2701 610 2726 mollis
621 2698 691 2726 estet
703 2700 845 2726 dissolutus
857 2719 865 2731 ,
882 2707 912 2725 ac
931 2698 1051 2735 Sotadeis

272 2733 410 2761 cantilenis
433 2733 581 2768 persimilis,
606 2743 682 2769 quem
710 2742 770 2760 tunc
789 2735 901 2769 synodus
920 2733 1049 2768 (Nicaeum)

272 2770 463 2796 condemnavit.
475 2769 535 2796 Haec
549 2770 596 2796 ibi.
610 2770 712 2796 Scribit
725 2777 833 2804 quoque
853 2769 1049 2803 l’hilostorgius

264 2803 320 2836 ,Iib.
339 2812 366 2835 ιι,
385 2805 479 2838 ο.ιι).2.
494 2805 598 2836 Arium,
613 2813 665 2838 quo
678 2803 796 2831 errorem
811 2804 916 2830 facilius
927 2804 1050 2830 dissemi-

262 2844 360 2879 ⁸ιιςιιϊεῑ,
372 2837 480 2880 ᾅσματα
498 2847 528 2865 τε
545 2837 658 2867 ναυτικὰ
673 2840 721 2867 καὶ
739 2838 868 2878 ἐπιμύλια
885 2838 932 2867 καὶ
953 2837 1053 2865 ὁδοιπο-

1101 1563 1190 1594 αὺτὸς,
1207 1563 1255 1589 καὶ
1271 1563 1323 1593 ὃτι,
1345 1563 1403 1594 ἑνὸς
1416 1562 1491 1594 δντος
1506 1561 1553 1588 τοῦ
1573 1561 1652 1592 Θεοῦ,
1677 1561 1740 1596 μίαν
1765 1560 1817 1586 ἔδει
1838 1558 1887 1586 καὶ

1101 1607 1150 1643 τὴν
1166 1607 1257 1634 εἰκόνα
1277 1605 1345 1634 εἶναι
1363 1607 1455 1639 αὐτοῦ,
1470 1608 1531 1642 ἥτις
1547 1607 1620 1633 ἐστὶν
1639 1607 1653 1632 ό
1674 1605 1748 1637 Υἱός.
1765 1606 1819 1632 Καὶ
1831 1605 1886 1638 γὰρ

1100 1654 1114 1679 ό
1124 1653 1170 1679 τοῦ
1183 1653 1250 1679 Θεοῦ
1264 1653 1335 1685 Υἱὸς,
1345 1654 1381 1684 ὡς
1393 1653 1422 1685 ἐξ
1435 1652 1523 1679 αὐτῶν
1538 1653 1591 1679 τῶν
1601 1652 1697 1686 λογίων
1707 1652 1763 1678 ἐστι
1778 1651 1884 1686 μαθεῖν,

1101 1699 1181 1730 αὑτός
1193 1699 1266 1725 ἐστιν
1279 1699 1293 1725 ὁ
1301 1699 1347 1725 τοῦ
1359 1699 1426 1724 Θεοῦ
1437 1699 1531 1732 Λόγος,
1539 1698 1610 1733 καὶὴ
1624 1698 1759 1732 σοφία,καὶ
1768 1697 1784 1732 ἡ
1792 1696 1884 1728 εἰκὼν,

1101 1745 1148 1770 καὶ
1167 1746 1183 1779 ὴ
1200 1745 1271 1779 χεὶρ.
1291 1745 1337 1770 καὶ
1350 1746 1366 1780 ἡ
1381 1744 1510 1779 δύναμις·
1528 1744 1557 1770 ἓν
1567 1745 1621 1779 γάρ
1637 1744 1694 1770 ἐστι
1715 1743 1746 1769 τὺ
1758 1742 1805 1770 τοῦ
1817 1742 1886 1769 Θεοῦ
1931 1758 1936 1763 -

1100 1789 1232 1825 γέννημα,
1251 1790 1297 1816 καὶ
1312 1789 1395 1816 ταῦτα
1412 1790 1459 1824 τῆς
1477 1790 1508 1815 ἐκ
1524 1789 1570 1815 τοῦ
1600 1788 1707 1824 Πατρός
1733 1787 1885 1822 γεννήσεώς

1101 1837 1153 1862 εἰσι
1169 1835 1223 1870 (85)
1241 1835 1428 1870 γνωρίσματα.
1447 1836 1496 1860 'Av
1519 1843 1548 1860 τε
1571 1834 1624 1870 γὰρ
1643 1833 1688 1861 τὸν
1714 1833 1776 1860 Υἰὸν
1793 1832 1884 1868 εἴπῃς.

1100 1882 1131 1908 τὸ
1157 1880 1186 1914 ἐξ
1205 1881 1287 1908 αὑτοῦ
1310 1880 1389 1915 φύσει
1409 1880 1576 1916 δεδήλωκας·
1592 1881 1624 1907 ἄν
1633 1889 1663 1906 τε
1681 1880 1726 1906 τὸν
1743 1879 1828 1912 Λόγον
1843 1879 1885 1904 ἐν-

1102 1927 1234 1963 θυμηθῇς,
1249 1927 1279 1953 τὸ
1289 1926 1319 1959 ὲξ
1331 1925 1412 1952 αὐτοῦ
1430 1927 1508 1953 πάλιν
1526 1927 1572 1952 καὶ
1585 1926 1615 1952 τὸ
1631 1926 1781 1960 ἀδιαίρετον
1802 1924 1884 1951 αὐτοῦ

1101 1973 1211 2009 λογίζῃ’
1228 1974 1275 2000 καὶ
1289 1973 1337 2008 τὴν
1358 1972 1455 2006 Σοφίαν
1476 1972 1503 1998 δὲ
1531 1972 1628 2006 λέγων,
1654 1972 1729 1998 οὐδὲν
1754 1970 1835 2007 ἦττον
1855 1971 1885 1997 τὸ

1103 2019 1140 2054 μὴ
1160 2018 1268 2050 ἔξωθεν,
1292 2018 1361 2045 ἀλλὰ
1382 2018 1412 2044 τὸ
1433 2018 1462 2050 ἐξ
1486 2017 1566 2044 αὑτοῦ
1594 2017 1640 2044 καὶ
1662 2018 1690 2044 ὲν
1705 2016 1780 2052 αὐτῷ
1805 2016 1886 2043 πάλιν

1101 2066 1208 2100 φρονεῖς
1217 2073 1223 2079 ·
1240 2065 1272 2091 ἂν
1282 2064 1310 2091 δὲ
1326 2065 1373 2090 καὶ
1386 2064 1435 2099 τὴν
1448 2063 1561 2099 δύναμιν
1574 2064 1620 2090 καὶ
1630 2063 1678 2099 τὴν
1694 2065 1771 2098 χεῖρα
1785 2063 1884 2097 ὀνομά-

1102 2119 1161 2147 σῃς,
1173 2111 1203 2137 τὸ
1214 2110 1278 2136 ἴδιον
1291 2110 1371 2136 πάλιν
1381 2110 1429 2145 τῆς
1443 2110 1535 2141 οὐσίας
1554 2110 1642 2144 λέγεις
1653 2116 1659 2122 ·
1672 2109 1718 2136 καὶ
1732 2109 1780 2145 τὴν
1794 2109 1886 2135 εἰκόνα

1100 2156 1128 2182 δὲ
1141 2155 1237 2189 λέγων,
1257 2157 1302 2182 τὸν
1318 2155 1381 2182 Υἰὺν
1399 2155 1554 2190 σημαίνεις·
1573 2155 1598 2181 τί
1611 2155 1664 2190 γὰρ
1683 2154 1715 2182 ἂν
1737 2155 1777 2189 εἴη
1795 2155 1886 2189 ὅμοιον

1100 2201 1138 2237 τῷ
1151 2201 1221 2236 Θεῷ,
1234 2201 1250 2237 ἢ
1263 2201 1293 2228 τὸ
1306 2201 1335 2233 ἐξ
1356 2201 1436 2228 αὑτοῦ
1453 2201 1593 2236 γέννημα;
1619 2200 1725 2236 Ἀμέλει
1744 2201 1815 2235 ειπερ
1829 2196 1885 2235 (86)

1099 2248 1144 2274 διὰ
1159 2248 1205 2274 τοῦ
1219 2248 1304 2281 Λόγου
1317 2249 1424 2281 γέγονε,
1438 2247 1523 2273 ταῦτα
1539 2248 1571 2282 τῇ
1584 2247 1663 2282 σοφίᾳ
1679 2247 1883 2282 τεθεμελίωται’

1100 2293 1146 2320 καὶ
1162 2293 1180 2320 ἃ
1192 2294 1220 2319 ὲν
1235 2295 1267 2328 τῇ
1285 2292 1365 2327 σοφία
1384 2292 1587 2327 τεθεμελίωται,
1603 2292 1687 2318 ταῦτα
1704 2292 1791 2318 πάντα
1807 2293 1834 2318 ἐν
1851 2293 1885 2327 τῇ

1103 2339 1173 2375 χειρὶ
1189 2338 1345 2373 πεποίηται,
1362 2338 1408 2365 καὶ
1422 2338 1465 2364 διὰ
1481 2338 1527 2364 τοῦ
1549 2337 1614 2364 Υίοῦ
1631 2338 1725 2372 γέγονε
1736 2346 1742 2352 ·
1761 2338 1807 2364 καὶ
1823 2336 1886 2363 τού-

1104 2421 1167 2456 ρικὰ
1180 2421 1294 2456 Δγράψαι
1307 2440 1314 2451 ,
1332 2415 1420 2447 καίτοι
1449 2418 1531 2456 αὖθις
1555 2420 1640 2456 ἕτερα
1665 2419 1831 2456 συντεθέντα
1845 2420 1884 2450 είς

1125 2453 1235 2490 ελῳδίας
1249 2453 1377 2487 ἐκτεῖναι,
1392 2455 1425 2487 ἃς
1446 2455 1568 2490 ἐνόμιζεν
1596 2453 1718 2486 ἑκάστοις
1742 2454 1883 2489 ἁρμόζειν.

1116 2492 1130 2518 d
1146 2496 1208 2517 est:
1227 2490 1376 2517 Cantilenns
1401 2491 1519 2517 nauticas
1532 2509 1538 2519 .
1568 2491 1692 2516 molarios
1712 2495 1735 2515 el
1760 2490 1886 2515 viuiorias

1103 2526 1288 2559 composuisse,
1303 2525 1419 2560 aliasque
1434 2533 1526 2551 rursus
1539 2526 1622 2560 editas
1651 2525 1679 2560 in
1698 2532 1820 2550 numeros
1847 2532 1886 2550 η·
1919 2523 1922 2526 ’

1104 2560 1211 2594 degisse,
1225 2568 1287 2593 quos
1298 2558 1388 2594 cuique
1402 2561 1537 2586 convenire
1548 2558 1724 2586 existimabat.

1139 2592 1194 2629 (8‘2)
1212 2592 1461 2629 Hegxthv'omittit,
1475 2601 1590 2627 moxque
1606 2594 1688 2629 habet
1712 2592 1884 2629 sbse6ﬁp5v-

1103 2637 1170 2656 εσιν.
1181 2627 1232 2656 Alii
1245 2627 1335 2657 autem
1349 2635 1377 2656 et
1389 2630 1464 2661 editi,
1482 2629 1568 2663 ἀσεϐῆ
1591 2628 1711 2661 σύνεσιν,
1730 2633 1758 2654 ut
1769 2634 1796 2654 et
1810 2627 1883 2654 Nan-

1103 2665 1164 2691 nius
1181 2665 1254 2692 Ietzit.

1138 2673 1398 2734 (Ξξῗὲὲεηγεννῶν
1413 2699 1483 2730 ἑνός,
1499 2698 1634 2726 mendose.

1139 2732 1195 2770 (tu)
1208 2732 1330 2770 ᾟΞιὺεει
1342 2743 1356 2760 a
1368 2735 1434 2770 Reg.
1453 2740 1480 2761 et
1490 2733 1633 2761 Basiliensi

1136 2769 1192 2804 (85)
1206 2769 1285 2804 Reg.,
1304 2769 1373 2795 ἐστί.

1138 2803 1193 2839 (86)
1210 2803 1258 2832 Sic
1272 2804 1338 2840 lteg.
1351 2803 1447 2832 Caeteri
1461 2810 1524 2832 vero
1535 2808 1563 2831 et
1573 2803 1649 2837 editi,
1662 2803 1740 2838 ὅπερ.
