2018 3048
127 185 178 214 449

654 186 699 212 DE
715 185 884 213 DECRETlS
904 185 1052 214 NICZENIE
1074 185 1207 212 SYNODI.

1692 184 1745 214 L50

126 245 181 277 τδν,
192 245 235 272 διὰ
247 244 277 271 τὸ
293 245 462 281 γεγράφθαι·
479 242 531 277 Εἷς
548 245 629 277 Θεὸς,
647 245 680 277 ἐξ
697 243 733 272 οὗ
750 246 786 271 τὰ
803 245 912 271 πάντα·

968 250 1039 280 ptum
1052 245 1086 272 sit
1099 254 1106 272 :
1120 244 1193 272 Unus
1210 245 1289 276 Deus,
1310 253 1342 272 ea:
1360 253 1410 280 quo
1423 244 1554 272 omnia".
1573 243 1605 271 Et
1621 244 1716 271 iterum
1735 252 1743 271 :

127 290 174 318 καὶ
189 290 278 318 πάλιν·
299 290 337 317 Tit
353 291 462 325 ἀρχαῖα
486 291 649 325 παρῆλθεν
670 291 733 317 ἰδοὺ
760 290 862 326 γέγονε
879 291 914 318 τὰ

127 332 227 360 ,πάντα
246 333 346 361 καινά.
367 334 405 360 Τὰ
423 334 458 360 δὲ
470 334 567 361 πάντα
581 335 614 361 ἐκ
626 335 678 362 τοῦ
691 335 775 362 Θεοῦ.
803 335 871 362 Ἀλλ’
889 336 914 362 οἱ

129 378 269 414 Πατζρες,
310 378 496 415 θεωρήσαντες
530 379 640 407 ἐκείνων
667 381 715 416 τὴν
748 382 914 416 πανουργίαν

129 425 177 451 καὶ
203 424 250 458 τὴν
266 425 316 459 τῆς
337 425 466 457 ἀσεϐείας
491 427 677 460 κακοτεχνίαν,
705 427 915 462 ἡναγκάσθησαν

129 469 222 496 λοιπὸν
248 469 405 507 λευκότερον
437 471 523 497 εἰπεῖν
550 471 580 498 τὺ
606 471 640 498 ἐκ
662 471 715 498 τοῦ
744 472 834 503 Θεοῦ,
868 472 915 499 καὶ

129 515 235 552 γράψαι
250 517 282 542 ἐκ
293 515 344 551 τῆς
355 517 448 548 οὐσίας
458 517 505 543 τοῦ
524 516 592 543 Θεοῦ
609 515 677 543 εἶναι
695 518 740 544 τὸν
757 518 830 549 Υιὺν,
845 518 915 554 ὑπὲρ

128 561 175 588 τοῦ
191 561 228 597 μὴ
241 561 271 588 τὸ
283 562 317 588 ἐκ
332 561 385 589 τοῦ
406 563 479 589 Θεοῦ
495 564 582 589 κοινὸν
600 564 646 590 καὶ
665 565 720 591 ἴσον
736 564 783 590 τοῦ
803 573 832 591 τε
849 565 914 591 Υἱοῦ

129 607 246 634 καὶτῶν
265 608 386 644 γενητῶν
418 608 586 643 νομίζεσθαι,
616 610 683 637 ἀλλὰ
712 610 747 636 τὰ
773 612 822 646 μὲν
848 611 915 638 ἄλλα

129 654 218 680 πάντα
238 655 350 690 κτίσμα,
369 655 415 681 τὸν
439 655 467 681 δὲ
490 656 575 690 Λόγον
598 656 676 691 μόνον
691 657 723 682 ἐκ
739 657 785 683 τοῦ
810 657 916 692 Harpe;

128 700 313 728 πιστεύεσθαι.
329 701 388 728 Κᾶν
404 701 459 736 γὰρ
478 701 510 728 ἐκ
523 701 570 728 τοῦ
592 702 659 728 Θεοῦ
675 702 708 729 τὰ
728 703 819 730 πάντα
840 703 916 739 λέγη-

130 755 177 773 ται
189 746 255 781 (97),
271 746 327 773 ἀλλ’
342 747 457 782 ἄλλωςῆ
473 747 510 778 ὡς
528 747 601 775 ἔστιν
615 749 629 773 ὁ
646 748 718 780 Υἱὸς,
737 749 854 785 εῖρηται.
875 749 916 776 Τὰ

129 791 177 826 μὲν
190 791 244 827 γὰρ
260 792 406 827 κτίσματα,
421 792 465 820 διὰ
475 793 505 819 τὸ
523 793 559 829 μὴ
573 791 642 819 εἶναι
657 794 717 829 εὶκῆ
733 795 781 820 καὶ
798 795 830 820 ἐκ
847 803 915 820 ταυ-

128 835 257 870 τομὰτου,
279 837 346 871 μηδὲ
365 837 435 863 κατὰ
450 838 534 873 τύχην
554 837 626 872 ἔχειν
643 838 692 873 τὴν
714 839 829 872 γένεσιν,
846 839 916 866 κατὰ

128 882 191 913 τοὺς
209 882 336 916 λέγοντας
359 883 387 916 ἐξ
410 883 518 919 ἀτόμων
542 883 702 919 συμπλοκῆς
723 885 769 910 καὶ
789 885 916 920 ὁμοιομε-

130 928 202 964 ρῶν
225 929 241 964 ἢ
259 929 296 960 ὥς
318 938 389 961 τινες
411 930 465 956 τῶν
490 931 634 966 αἱρετικῶν
655 930 732 957 ἄλλον
752 931 916 968 δημιουργὸν

129 974 265 1010 λέγουσιν·
278 976 295 1011 ἢ
310 976 348 1008 ὡς
361 976 441 1003 πάλιν
461 977 534 1004 ἄλλοι
557 977 609 1004 ὑπό
631 986 711 1004 τινων
731 977 854 1012 ἀγγέλων
876 978 916 1005 λέ-

129 1029 222 1055 γουσιν
234 1020 363 1058 εἶναιτὴν
375 1022 429 1049 τῶν
446 1023 554 1050 πάντων
574 1024 717 1051 σύστασιν·
733 1024 790 1050 ἀλλ’
804 1024 856 1056 ὅτι,
868 1024 915 1050 τοῦ

129 1068 197 1094 Θεοῦ
209 1068 293 1101 όντος,
308 1069 342 1095 τὰ
356 1069 444 1097 πάντα
455 1071 519 1105 παρ’
534 1070 616 1097 αὐτοῦ
639 1070 683 1097 διὰ
703 1070 749 1097 τοῦ
766 1070 851 1104 Λόγου
867 1071 916 1098 οὐκ

134 1114 199 1142 ὄντα
214 1115 345 1152 πρότερον
357 1117 396 1148 είς
412 1116 443 1142 τὸ
455 1113 524 1143 εἶναι
540 1116 646 1151 γέγονε,
664 1117 709 1144 διὰ
721 1117 799 1145 τοῦτο
811 1117 917 1152 εἴρηται

130 1159 172 1192 τὺ,
189 1161 223 1188 ὲκ
231 1162 285 1188 τοῦ
295 1161 383 1188 Θεοῦ·
401 1162 415 1188 6
425 1161 453 1188 δὲ
468 1162 564 1196 Λόγος,
581 1163 642 1189 ἐπεὶ
658 1162 695 1198 μὴ
711 1163 813 1198 κτίσμα
833 1163 916 1195 ἐστὶν,

131 1205 238 1242 εἴρηται
254 1207 301 1233 καὶ
312 1206 368 1233 ἐστι
383 1207 462 1242 μόνος
474 1207 505 1233 ὲκ
517 1207 564 1233 τοῦ
579 1207 696 1243 Πατρός
717 1207 766 1240 τῆς
787 1207 814 1234 δὲ
828 1207 918 1234 τοιαύ-

129 1260 179 1287 της
191 1252 309 1284 διανοίας
320 1253 463 1289 γνώρισμα
474 1253 504 1280 τὸ
517 1251 586 1280 εἷναι
597 1253 642 1280 τὸν
651 1254 714 1280 Υἱὸν
724 1255 756 1281 ὲκ
766 1255 814 1290 τῆς
826 1254 918 1286 οὐσίας

130 1297 178 1325 τοῦ
196 1298 301 1334 Πατρός
315 1299 380 1333 (98)·
400 1299 486 1326 οὐδενὶ
504 1299 559 1335 γὰρ
583 1299 637 1326 τῶν
657 1299 778 1335 γενητῶν
801 1300 918 1335 ὑπάρχει

131 1343 226 1370 τοῦτο.
257 1344 365 1379 ’Δμέλει
381 1343 415 1370 τὰ
437 1344 524 1371 πάντα
547 1343 656 1378 λέγωνὸ
682 1343 786 1375 Παῦλος
809 1345 842 1370 ὲκ
871 1343 918 1370 τοῦ

132 1389 210 1422 Θεοῦ,
225 1390 305 1421 εὐθὺς
318 1391 441 1425 ἐπήγαγε
451 1399 458 1405 ·
475 1390 531 1417 Καὶ
543 1387 587 1423 εἷς
600 1391 708 1424 Κύριος
728 1390 842 1424 Ἰησοῦς
856 1389 919 1424 Χρι-

131 1435 215 1468 στός,
229 1435 266 1462 δι’
282 1433 318 1464 οὗ
333 1435 368 1463 τὰ
383 1436 495 1463 πάντα·
512 1436 556 1463 ἵνα
571 1436 645 1472 δείξῃ
667 1436 759 1468 πᾶσιν,
782 1436 823 1462 ὅτι
841 1435 919 1467 ἄλλος

135 1482 183 1517 μὲν
202 1481 274 1510 ἔστιν
290 1479 383 1514 όΥἱὺς
401 1482 455 1509 τῶν
472 1482 580 1510 πάντων
594 1482 648 1509 τῶν
657 1483 688 1509 ἐκ
703 1483 749 1508 τοῦ
760 1482 827 1509 Θεοῦ
843 1491 919 1516 γενο-

133 1527 237 1563 μένων·
253 1528 287 1554 τὰ
303 1528 358 1564 γὰρ
378 1530 410 1555 ὲκ
427 1528 474 1555 τοῦ
495 1528 562 1555 Θεοῦ
581 1528 715 1563 γενόμενα
733 1528 777 1555 διὰ
792 1528 856 1555 Υἱοῦ
873 1529 919 1563 γέ-

132 1580 208 1606 γονε·
224 1574 272 1608 τῆς
284 1574 312 1600 δὲ
321 1574 500 1610 δημιουργίας
513 1574 592 1610 χάριν
604 1575 654 1609 τῆς
667 1575 742 1609 παρὰ
760 1575 828 1602 Θεοῦ
843 1584 919 1609 γενο-

134 1604 216 1654 μένης
229 1604 305 1645 ταῦτ’
322 1604 428 1655 εἴρηκε,
552 1604 594 1647 ιῖιὰ
607 1604 719 1648 τόγεῖναι
739 1621 832 1648 καὶτὰ
849 1604 915 1647 ῐιτοίν-
933 1604 954 1633 c

131 1670 177 1695 τα,
194 1662 231 1694 ὡς
246 1662 317 1689 ἐστιν
334 1663 348 1688 ὁ
368 1663 442 1694 Υἱὸς,
463 1664 495 1690 ὲκ
509 1664 555 1690 τοῦ
579 1665 694 1700 Πατρός.
721 1665 789 1692 Οὔτε
815 1666 869 1702 γὰρ
886 1666 920 1693 τὰ

132 1707 230 1740 πάντα,
246 1708 282 1740 ὡς
301 1710 315 1735 ὁ
331 1709 401 1740 Υἱὸς,
410 1709 472 1735 οὔτε
481 1710 495 1734 ὁ
510 1710 595 1743 Λόγος
607 1707 647 1742 εἷς
657 1710 711 1737 τῶν
727 1711 836 1737 πάντων
849 1712 917 1738 ἐστί·

131 1753 185 1780 τῶν
201 1754 256 1789 γὰρ
272 1755 379 1781 πάντων
402 1754 502 1790 Κύριος
530 1755 576 1782 καὶ
599 1755 764 1791 δημιουργός
783 1758 857 1783 ἐστι·
877 1757 919 1785 διὰ

131 1798 210 1826 τοῦτο
225 1799 279 1835 γὰρ
290 1800 336 1826 καί
352 1800 444 1835 ἡὰγία
460 1800 567 1832 σύνοδος
585 1801 744 1837 λευκότερον
761 1801 871 1837 εἴρηκεν
887 1803 919 1829 ὲκ

130 1845 180 1880 τῆς
190 1845 282 1877 οὐσίας
297 1845 378 1872 αὑτὸν
402 1843 472 1873 εἶναι
495 1846 541 1872 τοῦ
561 1846 677 1882 Πατρὸς,
702 1847 746 1874 ἵνα
770 1847 816 1874 καὶ
840 1848 919 1880 ἄλλος

132 1891 208 1927 παρὰ
226 1891 275 1928 τὴν
290 1891 344 1919 τῶν
359 1892 480 1927 γενητῶν
492 1891 573 1926 φύσιν
588 1893 602 1919 ὁ
620 1892 706 1926 Λόγος
720 1890 790 1919 εἶναι
814 1902 920 1920 πιστευ-

131 1937 176 1973 θῇ,
198 1938 276 1973 μόνος
291 1937 328 1965 ὢν
342 1938 449 1973 ἀληθῶς
467 1939 498 1965 ὲκ
516 1938 562 1965 τοῦ
575 1938 653 1971 Θεοῦ,
672 1939 718 1966 καὶ
737 1939 835 1975 μηκέτι
853 1941 920 1976 πρό-

132 1992 214 2018 ῳασις
238 1985 305 2020 προς
328 1985 436 2020 ἀπάτην
455 1984 688 2021 ὑπολειφθήσηται
708 1985 764 2021 (99)
784 1988 840 2018 τοῖς
858 1987 921 2013 ἀσε-

131 2029 219 2056 ϐοῦσι.
234 2031 301 2066 Περὶ
318 2031 366 2066 μὲν
376 2029 422 2058 οὖν
438 2031 486 2058 τοῦ
497 2031 663 2068 γεγράφθαι,
676 2032 710 2058 ἐκ
725 2031 781 2066 τῆς
801 2033 917 2067 οὐσίας,

132 2075 149 2110 ἡ
163 2075 298 2110 πρόφασις
311 2075 390 2111 αὕτη.

165 2121 210 2148 20.
231 2121 290 2149 Τῶν
308 2121 336 2148 δὲ
356 2122 511 2150 ἐπισκόπων
527 2123 608 2149 πάλιν
623 2123 756 2158 λεγόντων
775 2125 830 2153 δεῖν
850 2133 919 2160 γρα-

132 2167 213 2203 φῆναι
227 2167 340 2202 δύναμιν
354 2167 493 2204 ἀληθινὴν,
510 2170 557 2196 καὶ
570 2169 660 2196 εἰκόνα
680 2170 727 2198 τοῦ
747 2171 854 2206 Πατρός
872 2171 919 2198 τὸν

132 2213 227 2248 Λόγον,
259 2214 351 2250 ὅμοιόν
376 2223 407 2241 τε
432 2215 479 2242 καὶ
504 2215 713 2252 ἀπαράλλακτον
743 2217 824 2244 αὐτὸν
847 2217 919 2245 κατὰ

133 2259 221 2286 πάντα
239 2258 278 2294 τῷ
303 2259 400 2295 Πατρὶ,
422 2260 470 2286 mi.
491 2259 642 2295 ἄτρεπτον,
666 2261 713 2288 καὶ
736 2261 791 2292 ἀεὶ,
816 2261 863 2287 καὶ
890 2262 919 2287 ἐν

132 2305 208 2341 αὐτῷ
218 2303 286 2332 εἶναι
302 2305 475 2341 ἀδιαιρέτως·
496 2306 623 2342 οὐδέποτε
642 2307 696 2342 γὰρ
715 2307 766 2333 οὐκ
786 2305 830 2342 ἦν,
852 2306 920 2333 ἀλλὰ

132 2347 166 2386 ἦν
181 2352 195 2377 6
209 2351 295 2384 Λόγος
308 2350 362 2381 ἀεὶ,
381 2350 511 2386 ὑπάρχων
526 2351 618 2383 ἁῖδίως
628 2351 704 2386 παρὰ
713 2351 752 2386 τῷ
765 2351 864 2387 Πατρὶ,
883 2352 920 2384 ὡς

132 2396 300 2432 ἀπαύγασμα
311 2397 415 2431 φωτός·
435 2397 460 2423 οἱ
480 2397 543 2432 περὶ
567 2397 695 2424 Εὺσέὂιον
718 2398 856 2432 ἠνείχοντο
873 2398 921 2433 μὲν

102 2475 103 2478 η
134 2442 172 2479 μὴ
184 2442 336 2479 τολμῶντες
354 2442 514 2476 ἀντιλέγειν,
525 2442 568 2469 διὰ
584 2442 634 2478 τὴν
651 2442 781 2478 αἰσχύνην
801 2443 835 2477 ἢν
849 2440 921 2477 εἶχον

135 2490 176 2524 ἐφ’
193 2487 233 2521 οἷς
252 2489 438 2525 ἡλέγχθησαν·
470 2489 679 2524 κατελήφθησαν
699 2489 728 2516 δὲ
749 2488 829 2516 πάλιν
854 2489 922 2524 πρὸς

133 2536 245 2567 ἑαυτοὺς
268 2535 473 2571 τονθορύζοντες
497 2535 544 2562 καὶ
563 2535 728 2566 διανεύοντες
748 2536 805 2567 τοῖς
825 2535 921 2569 ὀφθαλ-

135 2583 206 2618 μοῖς,
218 2582 259 2608 ὃτι
273 2582 321 2608 καὶ
340 2582 370 2608 τὺ
383 2581 494 2616 ὅμοιον,
510 2581 555 2607 καὶ
567 2581 596 2608 τὺ
607 2581 664 2613 ἀεὶ,
684 2582 732 2608 καὶ
749 2581 778 2607 τὸ
799 2581 852 2614 τῆς
865 2581 918 2607 δυ-

133 2629 248 2663 νάμεως
263 2628 357 2663 ὖνομα,
369 2628 416 2654 καὶ
426 2629 457 2654 τδ
469 2628 503 2654 ἐν
516 2627 606 2660 αὐτῷ,
616 2627 691 2654 κοινὰ
698 2627 778 2654 πάλιν
788 2627 845 2653 ἐστὶ
851 2627 920 2660 πρὸς

133 2675 207 2710 ἡμᾶς
222 2674 270 2701 καὶ
284 2673 329 2700 τὸν
348 2673 421 2706 Υἱὸν,
443 2674 492 2700 καὶ
511 2673 586 2700 οὐδὲν
608 2673 702 2700 λυπεῖν
723 2672 827 2704 τούτοις
845 2673 919 2708 ἡμᾶς

972 289 1061 317 Vetera
1084 291 1246 317 transierunt
1269 299 1277 317 :
1300 299 1356 317 ecce
1383 291 1454 324 facta
1483 294 1544 317 sunt
1565 291 1654 317 omnia
1667 298 1742 317 nova.

966 334 1062 363 Omnia
1079 342 1165 362 autem
1180 344 1212 362 ex
1228 335 1325 363 Deo".
1341 336 1396 368 Qua
1417 335 1523 362 illorum
1538 335 1635 362 astutia
1647 339 1675 362 et
1691 335 1743 362 itu-

964 381 1008 415 pia
1031 381 1179 408 calliditate
1196 386 1350 416 perspecta,
1367 381 1461 409 Patres
1488 381 1587 408 clarius
1610 381 1745 415 explicare

964 427 1050 454 coacti
1073 432 1136 454 sunt
1150 427 1212 461 quid
1229 435 1277 462 per
1297 435 1392 455 vorem
1409 436 1440 455 ea:
1462 427 1517 455 Deo
1543 428 1744 462 intelligendum

965 478 1046 501 esset.
1067 474 1199 507 Quocirca
1223 474 1356 509 scripsere
1379 473 1475 501 Filium
1496 481 1555 501 esse
1568 482 1600 501 ex
1622 474 1668 501 Dei
1682 474 1746 501 sub-

965 519 1078 551 stantia,
1091 525 1119 546 ut
1141 527 1236 554 nempe
1251 520 1322 547 istud
1333 528 1365 548 ea:
1378 520 1443 552 Deo,
1460 528 1513 547 non
1528 527 1670 548 commune
1685 520 1745 547 Filii

966 570 993 592 et
1007 573 1096 592 rerum
1117 565 1250 592 factarum
1268 573 1327 592 esse
1344 566 1554 598 existimaretur,
1577 566 1622 592 sed
1637 570 1667 592 ut
1685 572 1746 593 cre-

968 611 1078 638 deretur
1092 617 1188 638 caetera
1209 612 1316 646 quidem
1339 613 1428 638 omnia
1453 617 1544 639 creata
1567 618 1637 644 esse,
1661 611 1746 639 soluat

965 664 1055 685 autem
1072 657 1188 685 Verbum
1208 665 1268 685 esse
1282 666 1314 685 ex
1332 657 1423 684 Patre.
1441 657 1507 686 Nam
1528 658 1590 685 licet
1605 658 1694 684 omnia
1714 665 1747 684 ex

966 703 1021 730 Deo
1034 711 1094 731 esse
1109 704 1244 735 dicantur,
1260 711 1352 730 verum
1373 704 1426 730 alio
1446 704 1558 730 omnino
1575 705 1654 730 modo
1667 710 1747 738 qttam

965 750 1000 777 sit
1017 749 1112 777 Filius.
1124 749 1193 783 Quia
1207 751 1279 777 enim
1297 758 1341 777 res
1357 755 1455 777 crealm
1467 758 1519 776 non
1537 757 1600 777 casu
1613 753 1640 776 et
1653 753 1749 784 sponte

965 803 1011 822 scu
1028 803 1060 823 ex
1082 797 1178 830 seipsis
1195 797 1343 828 exsistunt,
1363 804 1412 823 nec
1430 795 1570 824 fortuitum
1596 801 1684 823 ortum
1701 795 1748 821 lta-

966 840 1059 872 buere.
1072 845 1101 868 ut
1122 841 1230 876 quidem
1251 842 1386 876 putabant
1406 842 1451 876 qui
1469 849 1501 868 ex
1518 846 1668 868 atomorum
1683 847 1748 868 con-

965 887 1103 920 junctione
1116 892 1143 915 et
1155 896 1186 915 ex
1202 887 1388 915 consimilibus
1404 888 1493 914 omnia
1517 895 1576 915 esse
1591 887 1684 915 eiiecta
1699 887 1748 914 do-

966 932 1063 960 cebant
1080 942 1086 960 :
1100 933 1163 968 quia
1183 934 1266 960 etiam
1294 933 1375 960 alium
1391 940 1442 959 non
1466 933 1566 960 habent
1583 937 1747 961 creatorem.

966 982 996 1005 ut
1010 978 1118 1013 quidam
1135 985 1247 1006 sensere
1271 978 1390 1005 haeretici
1407 986 1414 1004 :
1429 978 1544 1012 denique
1567 977 1631 1012 quia
1646 985 1705 1009 nec,
1720 984 1749 1003 ut

970 1024 1048 1059 aliisi
1058 1024 1192 1059 placebat,
1205 1024 1238 1051 ab
1255 1024 1359 1058 angelis
1376 1022 1537 1058 quibusdam
1561 1023 1653 1050 omnia
1678 1022 1748 1050 iacta

967 1075 1031 1097 sunt
1050 1075 1078 1097 et
1098 1070 1246 1097 constituta
1259 1077 1266 1101 ;
1280 1070 1327 1096 sed
1341 1070 1403 1104 quia
1418 1070 1509 1096 omnia
1523 1077 1538 1096 a
1552 1069 1606 1096 Deo
1626 1069 1671 1103 qui
1686 1076 1749 1095 vere

967 1119 1018 1147 est,
1034 1121 1095 1142 cum
1109 1121 1189 1141 antea
1210 1114 1288 1150 177
1300 1122 1352 1142 non
1369 1119 1471 1146 essent,
1485 1122 1532 1150 per
1547 1115 1661 1142 Verbum
1678 1115 1749 1142 facta

966 1165 1030 1188 sunt
1047 1164 1076 1187 ut
1089 1165 1182 1187 essent
1196 1169 1203 1187 :
1219 1161 1319 1188 idcirco
1340 1168 1371 1188 ex
1385 1160 1439 1188 Deo
1453 1161 1497 1188 illa
1515 1168 1574 1188 esse
1588 1161 1686 1188 dictutn
1697 1167 1748 1189 est.

967 1207 1002 1233 At
1016 1205 1146 1238 Verbum,
1160 1206 1222 1240 quia
1238 1213 1290 1233 non
1305 1211 1347 1233 est
1359 1205 1423 1241 quid
1443 1210 1578 1237 creatum,
1591 1205 1677 1233 solum
1699 1207 1748 1233 uti-

968 1260 1020 1286 que
1036 1257 1063 1280 et
1083 1260 1143 1280 esse
1161 1252 1260 1279 dicitur
1279 1256 1307 1279 et
1333 1259 1427 1280 revera
1447 1257 1489 1280 est
1508 1259 1540 1279 ex
1562 1251 1658 1286 Patre;
1671 1257 1751 1286 atque

970 1298 1083 1332 idipsutn
1103 1298 1283 1332 significatur,
1311 1305 1372 1325 cutn
1398 1297 1501 1325 dicitur
1526 1297 1625 1325 Filium
1643 1305 1704 1325 esse
1717 1307 1748 1324 ex

969 1344 1118 1372 substantia
1137 1344 1286 1372 Palris:id
1310 1345 1381 1371 enim
1404 1345 1468 1372 nulli
1495 1345 1533 1372 rei
1558 1344 1635 1372 facta:
1661 1349 1752 1380 potest

969 1384 1129 1425 congruere.
1161 1390 1233 1418 Sane
1253 1389 1356 1418 Paulu‘s
1375 1390 1421 1424 qui
1448 1391 1537 1417 omnia
1561 1398 1594 1418 ex
1619 1391 1674 1418 Deo
1693 1398 1752 1418 esse

969 1435 1046 1467 dicit,
1066 1442 1125 1462 mox
1143 1433 1253 1469 sultjicit
1267 1443 1273 1460 :
1288 1434 1321 1461 Et
1342 1442 1409 1461 unus
1437 1435 1564 1462 Dominus
1580 1435 1657 1462 Iesus
1675 1435 1752 1464 Chri-

969 1486 1025 1508 stus
1038 1489 1084 1514 per
1097 1489 1173 1516 quem
1189 1481 1277 1508 omnia
1289 1481 1311 1496 "'
1326 1489 1333 1507 :
1348 1489 1444 1514 nempe
1462 1486 1492 1508 ut
1509 1486 1620 1509 cunctos
1641 1483 1753 1510 doceret

970 1527 1067 1554 Filium
1091 1527 1173 1554 alium
1198 1534 1259 1555 esse
1284 1527 1318 1555 ab
1331 1527 1456 1554 omnibus
1474 1536 1534 1562 quze
1560 1534 1594 1554 cx
1612 1528 1665 1555 Dco
1681 1528 1750 1556 facta

971 1577 1043 1600 sunt.
1059 1571 1126 1599 Nam
1143 1579 1203 1607 qua:
1217 1580 1250 1600 ex
1266 1571 1320 1599 Deo
1335 1573 1406 1600 facta
1420 1578 1493 1605 sunt,
1517 1581 1565 1607 per
1576 1573 1674 1600 Filium
1689 1581 1753 1602 sunt

971 1617 1050 1646 facta.
1064 1617 1104 1645 0b
1119 1617 1282 1645 creationem
1302 1618 1393 1653 igitur,
1407 1618 1484 1652 cujus
1504 1618 1574 1646 Deus
1591 1623 1687 1646 auctor
1699 1624 1752 1652 est,

972 1663 1030 1690 btec
1045 1662 1089 1690 ille
1105 1663 1182 1695 dixit,
1196 1670 1249 1689 non
1264 1669 1329 1690 vero
1344 1664 1416 1698 quod
1434 1663 1524 1690 omnia
1543 1664 1598 1690 sint
1613 1671 1646 1691 ex
1662 1665 1751 1696 Patre,

970 1712 1000 1735 ut
1021 1713 1062 1735 est
1083 1707 1178 1735 Filius.
1199 1707 1256 1735 Nec.
1274 1708 1347 1735 enim
1366 1707 1456 1735 omnia
1475 1713 1537 1735 sunt
1550 1713 1579 1736 ut
1593 1708 1690 1743 Filius,
1704 1717 1753 1736 nec

972 1751 1089 1779 Verbum
1114 1760 1194 1778 unutn
1221 1757 1262 1779 est
1285 1760 1319 1779 ex
1334 1752 1467 1785 omnibus,
1494 1754 1542 1780 sed
1565 1754 1684 1780 omnium
1712 1759 1754 1781 est

971 1792 1101 1826 Dominus
1112 1803 1140 1825 et
1151 1798 1251 1833 Opil‘ex.
1265 1797 1404 1833 Siquidem
1416 1798 1517 1826 idcirco
1529 1804 1622 1826 sancta
1635 1801 1754 1835 synodus

971 1843 1091 1877 apertius
1115 1843 1183 1870 dixit
1200 1843 1275 1870 illum
1299 1851 1333 1870 ex
1365 1843 1517 1871 substantia
1535 1843 1623 1871 Patris
1639 1852 1709 1877 esse,
1726 1851 1755 1872 ut

972 1887 1089 1916 Verbum
1105 1889 1178 1916 aliud
1189 1896 1248 1916 esse
1264 1896 1278 1915 a
1293 1893 1388 1916 natura
1402 1895 1494 1916 rerum
1512 1889 1645 1917 factarum
1659 1891 1754 1918 crede«

971 1939 1057 1968 retur,
1072 1942 1133 1962 cum
1153 1935 1239 1962 solum
1257 1941 1320 1962 vere
1337 1935 1372 1962 sit
1395 1942 1428 1963 ex
1445 1935 1510 1967 Deo,
1528 1941 1610 1970 atque
1624 1941 1652 1963 ut
1670 1937 1753 1964 etiam

969 1980 1059 2008 nullus
1079 1981 1135 2016 jam
1158 1981 1232 2008 locus
1255 1977 1348 2009 dolése
1365 1982 1462 2016 agendi
1483 1982 1573 2017 impiis
1587 1982 1755 2018 relinquere-

971 2032 1024 2054 tur.
1043 2026 1106 2054 Ha-c
1123 2035 1189 2062 ergo
1214 2027 1264 2054 fuit
1290 2035 1372 2055 causa
1395 2035 1443 2055 cur
1458 2035 1491 2055 ex
1509 2029 1657 2056 substantia
1678 2029 1748 2057 scri-

970 2077 1046 2108 ptum
1061 2073 1105 2100 sit.

1005 2118 1051 2146 20.
1071 2119 1139 2146 Cum
1154 2123 1243 2146 autem
1259 2126 1354 2146 rursus
1365 2119 1483 2154 episcopi
1500 2119 1622 2147 dicerent
1633 2121 1754 2148 scriben-

969 2154 1033 2192 dum
1056 2164 1259 2200 esseﬂlerbum
1287 2165 1414 2192 virtutem
1439 2173 1529 2193 veram
1558 2166 1754 2201 itnaginemque

969 2211 1059 2239 Patris
1071 2219 1141 2243 esse,
1159 2211 1239 2246 eique
1253 2211 1278 2238 in
1293 2211 1419 2238 omnibus
1436 2211 1494 2238 sine
1507 2211 1561 2238 ulla
1579 2219 1689 2245 prorsus
1704 2219 1752 2238 va-

935 2276 957 2304 D
972 2258 1069 2285 rietate
1084 2265 1144 2285 esse
1164 2256 1343 2289 simillimum,
1359 2257 1476 2291 denique
1491 2257 1668 2290 immutabile,
1683 2265 1754 2285 sem-

971 2310 1072 2338 perque
1087 2309 1157 2336 essc,
1174 2310 1206 2330 ac
1232 2303 1290 2330 sine
1313 2302 1443 2329 divisione
1466 2302 1492 2329 in
1519 2303 1576 2337 ipso
1597 2309 1659 2330 esse
1677 2312 1684 2330 :
1705 2310 1754 2331 nec

971 2348 1043 2375 enim
1064 2355 1183 2383 unquam
1201 2355 1254 2375 non
1278 2347 1341 2377 fuit.
1361 2347 1408 2374 sed
1426 2347 1476 2374 fuit
1499 2355 1607 2382 semper
1625 2347 1753 2380 Verbum,

971 2393 1043 2428 quod
1055 2397 1082 2420 et
1092 2393 1127 2420 ab
1137 2393 1287 2420 aeternitate
1299 2393 1368 2427 apud
1378 2392 1487 2420 Patrem
1501 2393 1614 2426 exstitit,
1627 2398 1753 2428 tanquam

972 2439 1040 2468 lucis
1051 2439 1193 2474 splendor:
1210 2439 1253 2467 his
1263 2444 1353 2465 autem
1368 2446 1430 2466 cum
1444 2439 1587 2466 Eusebiani
1602 2447 1755 2475 repugnare

972 2495 1025 2514 non
1043 2487 1183 2518 auderent,
1201 2491 1292 2521 utpote
1306 2494 1374 2521 quos
1387 2485 1553 2520 suppudebat
1571 2488 1709 2515 convictos
1726 2492 1754 2516 et

973 2533 1125 2561 confutatos
1143 2532 1225 2560 fuisse
1243 2541 1250 2560 :
1274 2538 1364 2560 tamen
1385 2533 1546 2568 deprehensi
1564 2538 1628 2561 sunt
1641 2535 1712 2562 inter
1726 2542 1755 2562 se

973 2579 1070 2606 iterum
1092 2586 1263 2606 murmurare
1279 2578 1418 2614 oculisque
1442 2579 1556 2607 innuere
1576 2579 1643 2608 istas
1663 2587 1754 2613 voces,

973 2625 1069 2657 simile,
1084 2633 1192 2659 semper,
1208 2626 1340 2656 virtutem,
1359 2626 1425 2652 etin
1437 2625 1505 2660 ipso,
1522 2627 1598 2653 nobis
1611 2633 1672 2654 cum
1687 2625 1755 2653 Filio

973 2678 1033 2698 esse
1050 2677 1217 2703 communes,
1238 2677 1271 2697 ac
1285 2669 1398 2704 proinde
1412 2670 1478 2697 nihil
1492 2670 1545 2697 illis
1558 2669 1701 2698 molestum
1718 2670 1757 2696 si-

170 2745 193 2760 “
209 2743 218 2770 l
232 2744 294 2771 Cor.
313 2751 372 2777 vut,
387 2743 415 2770 6.
451 2743 474 2758 ⁷⁷
492 2741 514 2769 il
527 2742 591 2769 Cor.
605 2749 633 2775 ν,
650 2741 693 2775 l7,
709 2741 752 2769 l8.
789 2741 812 2757 ”
833 2740 917 2768 lCur.
937 2748 995 2772 vttt,
1012 2739 1039 2767 6.

181 2801 226 2836 97)
242 2801 287 2828 Sic
299 2801 364 2834 Πιικ.
379 2800 430 2827 Alii
446 2807 510 2836 vero
523 2805 550 2827 et
563 2799 640 2836 editi,
652 2798 771 2836 λέγεται.

180 2832 225 2870 98)
238 2836 301 2863 Ηιυο
326 2832 406 2863 νέιιιιι
417 2855 425 2865 .
438 2835 486 2868 τῆς
502 2835 529 2861 δὲ
548 2834 673 2869 τοιαύτης
685 2833 819 2870 διανοίας
842 2832 914 2870 γνῴ-

135 2868 231 2907 ρισμα,
246 2871 276 2898 τὸ
288 2870 357 2897 εἷναι
370 2871 415 2907 τὴν
434 2870 497 2896 Υἰὸν
513 2870 545 2896 ὲκ
559 2870 613 2907 τῆς
630 2869 723 2907 οὐςίας
733 2868 782 2907 τοῦ
797 2868 914 2907 Πατρός.

135 2903 230 2934 desunt
242 2907 268 2934 itt
285 2908 350 2933 edit.
364 2906 499 2933 .Cmttmel.
513 2911 540 2932 et
559 2905 574 2931 '7
588 2912 651 2932 mss.
669 2903 788 2931 Felckm.
805 2904 832 2930 In
855 2904 915 2929 :tltts

293 2954 426 2983 [’nnot.
444 2953 502 2983 Gn.
519 2952 619 2982 XXV.

968 2805 1034 2841 νει-ο
1051 2796 1196 2841 babentur.
1209 2788 1434 2839 eaqneuegerunt
1447 2793 1569 2822 Nannius
1583 2798 1611 2822 et
1626 2793 1752 2823 Ambro’.

969 2832 1078 2861 Czttnuld
1084 2852 1090 2857 .
1300 2834 1305 2839 ’

1006 2867 1061 2902 (99)
1075 2867 1140 2901 Reg.
1155 2865 1330 2901 ὑπολίπηται.

1568 2939 1606 2970 15
