2018 3048
282 160 331 189 ιει

562 160 590 188 S.
611 160 797 189 ATHANASII
816 160 891 189 OPP.
911 161 1002 189 PARS
1022 161 1041 188 Ι.

1116 160 1297 188 HiSTORlCA
1318 159 1360 187 ET
1380 159 1591 188 DOGMATICA.

1838 159 1890 187 45S

282 217 350 248 deri.
364 218 386 245 si
400 218 455 245 haec
470 225 518 246 nos
528 218 747 253 approbaremus.
760 217 827 245 Nam
838 219 907 253 quod
921 219 953 245 ad
966 227 1053 246 vocem

1111 218 1269 245 συνθέσθαι·
1297 218 1327 244 τὸ
1353 218 1400 253 μὲν
1425 217 1541 252 ὅμοιον,
1570 217 1610 242 ὅτι
1642 217 1688 243 καὶ
1720 216 1783 250 περὶ
1813 216 1890 251 ἡμῶν

280 264 372 292 similia
387 268 499 298 spectat,
513 271 556 297 ea,
573 264 740 298 inquiebant,
756 266 833 292 nobis
850 273 958 300 quoque
977 266 1055 292 attri-

280 309 380 342 buitur,
400 309 498 344 quippe
518 317 579 336 cum
602 309 730 344 scriptum
751 311 786 337 sit
803 320 809 337 :
832 310 916 337 Homo
930 311 1016 345 imago
1032 316 1057 338 et

278 354 362 390 gloria
382 354 430 382 Dei
451 360 488 381 ut
502 355 535 382 ⁷⁹.
555 355 612 382 Vox
632 363 731 389 semper
742 357 818 383 nobis
832 356 895 383 item
915 357 1055 388 convenit;

264 409 341 428 .nam
363 401 491 435 scriptum
513 405 554 428 est
575 410 581 427 :
607 400 713 435 Semper
737 402 804 428 enim
829 410 874 428 nos
893 402 1002 428 vivente:
1021 402 1054 429 ⁸⁸.

277 445 333 474 Nec
349 445 408 473 haec
427 449 507 473 verba
519 465 526 478 ,
547 446 575 472 in
590 446 656 479 ipso,
673 453 687 472 a
707 447 783 473 ttobis
799 451 862 473 sunt
881 447 978 478 aliena,
994 447 1056 480 quia

278 490 305 518 in
317 491 373 525 ipso
386 491 493 518 vivimus
505 494 529 518 et
544 499 676 518 movemur
687 498 711 517 et
726 499 815 518 sumus
825 492 858 519 ⁸¹.
876 490 1056 518 [inmutabiles

277 544 382 572 quoque
393 536 516 568 dicimur,
530 536 574 564 ubi
587 537 716 570 scriptum
731 541 773 564 est
785 546 791 563 :
807 536 881 563 Nihil
895 545 941 563 nos
952 544 1057 571 separa—

277 583 313 609 bit
329 591 346 609 ιι
362 583 489 609 charitate
502 581 551 608 Dei
565 581 598 608 ⁸⁸.
621 582 742 616 Denique
756 589 853 609 nomen
870 583 972 609 virtutis
996 583 1056 610 aliis

276 628 356 655 etiam
371 628 452 654 rebus
469 627 606 654 tribuitur.
621 627 687 654 Nam
701 635 780 655 eruca
795 633 822 654 et
837 628 954 655 bruchus
971 629 1056 656 virtus

276 673 428 708 etquidem
451 673 537 700 virtus
560 680 655 707 magna
681 673 808 700 dicuntur
827 673 859 699 ⁸³.
882 673 952 700 idem
974 674 1055 700 etiam

276 726 346 753 saepe
357 718 390 746 de
406 718 503 753 populo
516 718 643 752 scriptum
657 723 709 750 est,
722 723 751 745 ut
764 727 771 745 :
792 719 904 754 Egressa
923 723 960 745 ut
973 719 1056 745 omnis

275 765 359 791 virtus
379 763 483 790 Domini
506 771 539 790 ea:
556 768 625 790 terra
647 763 799 798 ﬂgypti“.
824 765 889 791 Alia:
911 765 974 791 itetn
998 771 1056 792 ece-

276 809 356 838 lestes
367 814 429 837 sunt
443 810 556 837 virtutes
574 819 581 837 :
597 818 668 843 nam,
681 810 776 844 inquit,
793 810 919 837 Dominus
932 812 1057 838 virtutum

276 853 419 886 nobiscum,
439 859 571 887 susceptor
594 859 680 880 noster
704 853 772 880 Deus
788 853 870 880 Iacob
893 854 926 881 ⁸⁵.
952 854 1056 881 Similia

275 900 348 926 enim
361 899 441 926 etiam
461 898 583 926 Asterius
602 899 729 933 Sophista
753 899 841 926 dictus
864 900 982 934 scripsit,
997 907 1057 934 quae

277 951 372 979 nempe
389 943 423 970 ab
440 944 479 971 eis
495 944 638 976 didicerat,
655 950 735 979 atque
750 951 812 972 ante
827 953 887 973 eum
900 946 981 973 Arius
1001 946 1057 980 ipse

276 997 395 1025 quoque,
414 989 639 1024 quemadmodum
662 998 742 1026 supra
763 991 864 1019 dictum
881 997 932 1019 est.
959 986 1056 1020 Verum

276 1036 320 1063 ubi
340 1036 458 1071 episcopi
474 1036 578 1063 illorum
592 1036 792 1064 simulationem
806 1037 856 1066 bac
879 1039 906 1065 in
923 1046 952 1066 re
969 1039 1054 1066 anim-

277 1082 460 1114 adverterunt,
476 1081 619 1116 dolumque
638 1089 699 1109 esse
725 1082 750 1108 in
776 1083 901 1110 cordibus
914 1083 1055 1118 impiorum

277 1127 345 1154 mala
362 1126 550 1161 cogitantium,
565 1130 595 1153 ut
611 1126 648 1153 ait
668 1126 807 1160 Scriptura
822 1127 846 1143 "
864 1136 871 1154 :
893 1128 1054 1155 sententiam

277 1179 370 1200 rursus
387 1171 438 1204 ipsi
451 1172 487 1198 ex
511 1164 665 1206 Scripturis'
677 1172 802 1207 colligere
821 1177 884 1200 sunt
904 1174 1007 1206 coacti,
1027 1179 1055 1200 et

275 1224 335 1251 qute
353 1221 434 1243 antea
458 1216 595 1249 dixerant,
620 1217 713 1244 eadem
731 1218 893 1246 clarioribus
908 1219 996 1246 verbis
1018 1219 1054 1246 si-

275 1262 423 1297 gniﬁcare,
438 1269 470 1288 ac
493 1262 608 1296 denique
634 1262 752 1289 scribere
778 1262 874 1289 Filium
899 1263 972 1291 Patri
994 1271 1055 1292 esse

276 1307 545 1339 consubstantialem,
569 1313 598 1334 ut.
621 1307 726 1335 scilicet
749 1308 933 1343 signiﬁcarent
957 1309 1053 1336 Filiqu

275 1361 327 1381 non
344 1358 444 1380 tantum
460 1353 586 1387 similem,
601 1353 646 1381 sed
664 1354 787 1381 eamdem
804 1362 860 1381 rem
877 1355 1054 1383 similitudine

276 1407 334 1427 esse
350 1407 384 1427 ex
401 1399 500 1431 Patre,
519 1405 600 1435 atque
617 1404 645 1427 ut
663 1400 866 1428 similitudittcm
883 1407 911 1428 et
927 1401 1053 1428 immuta-

275 1446 405 1473 bilitatem
421 1444 481 1472 Filii
497 1445 578 1471 aliam
591 1445 701 1472 omnino
717 1452 776 1472 esse
789 1447 962 1473 ostenderent
974 1446 1007 1473 ab
1021 1453 1053 1473 ea

275 1492 434 1524 imitatione,
449 1499 508 1526 qua:
521 1492 548 1518 in
562 1491 639 1519 nobis
653 1499 713 1519 esse
729 1492 838 1524 dicitur,
851 1499 932 1527 quam
945 1492 1053 1527 quidem

274 1546 324 1567 uos
338 1543 448 1573 propter
465 1539 653 1565 mandatorum
670 1538 888 1565 observationem
903 1544 937 1564 ex
955 1537 1054 1565 virtute
1066 1557 1089 1587 ϐ

273 1585 474 1619 consequimur.
485 1584 606 1618 Namque
619 1584 689 1618 quod
703 1589 807 1618 spectat
821 1582 856 1611 ad
870 1590 982 1618 corpora
993 1591 1054 1618 qua:

273 1631 343 1658 inter
357 1637 386 1658 se
405 1635 468 1658 sunt
485 1629 595 1662 similia,
614 1630 657 1656 illa
679 1635 751 1656 certe
769 1629 872 1656 distare
886 1635 913 1656 et
931 1629 1023 1663 procul
1038 1636 1053 1656 a

271 1681 302 1702 se
316 1673 430 1702 invicem
444 1678 555 1709 possunt
576 1673 688 1705 abesse,
705 1679 735 1700 ut
749 1673 847 1700 accidit
863 1674 1002 1701 hominum
1019 1673 1052 1700 li-

270 1720 344 1747 beris
369 1727 433 1754 erga
458 1719 583 1754 proprios
607 1725 744 1754 parentes,
771 1719 996 1754 quemadmodum
1019 1721 1053 1747 de

271 1766 358 1794 Adam
378 1771 406 1793 et
426 1765 492 1793 Se'th
512 1773 591 1800 quem
606 1765 650 1792 ille
667 1765 774 1800 genuit,
795 1766 926 1799 scriptum
952 1771 996 1793 est
1017 1765 1051 1798 ³⁷,

270 1820 367 1848 nempe
381 1812 496 1840 similem
517 1811 598 1846 178
617 1811 653 1838 illi
676 1812 759 1839 fuisse
775 1812 921 1839 secundum
935 1810 1051 1845 speciem

270 1866 358 1886 suam.
369 1858 467 1887 Verum
478 1865 539 1886 cum
551 1858 611 1885 Filii
624 1865 656 1885 ex
672 1857 752 1885 Patre
763 1857 900 1893 generatio
910 1857 962 1884 alia
973 1857 1052 1891 plane

270 1904 330 1932 sita
342 1909 439 1932 natura
453 1904 603 1937 hominum,
616 1911 666 1931 nec
675 1903 760 1931 solum
772 1903 868 1930 similis
879 1902 925 1930 ille
936 1903 971 1930 sit
985 1902 1050 1930 sub-

268 1950 374 1978 Itantia‘.
381 1950 482 1982 Patris,
492 1949 537 1978 sed
551 1950 634 1978 dividi
648 1949 682 1977 ab
696 1957 728 1977 ea
743 1956 796 1976 nou
808 1953 898 1983 queat,
912 1955 972 1975 cum
987 1950 1050 1976 item

269 2003 351 2023 unum
365 1996 422 2031 ipse
435 2001 463 2023 et
476 1995 557 2024 Pater
571 1996 636 2029 sint,
655 1999 685 2022 ut
703 1994 773 2022 idem
786 1994 865 2026 dixit,
890 2000 1051 2029 semperque

269 2038 388 2068 Verbum
402 2039 437 2068 sit
455 2040 481 2068 in
495 2039 585 2072 Patre,
601 2044 630 2067 et
637 2039 718 2067 Pater
733 2039 759 2065 in
772 2038 861 2066 Verbo
872 2039 907 2071 ",
921 2045 955 2065 eo
970 2037 1050 2065 modo

269 2093 323 2121 qtto
345 2085 471 2121 splendor
495 2093 524 2113 se
543 2084 625 2112 habet
648 2085 682 2112 ad
701 2084 808 2116 lucem;
831 2083 859 2110 id
878 2083 950 2110 enim
969 2083 1050 2111 dictio

269 2134 326 2168 ipsa
344 2131 478 2167 signiﬁcat
493 2141 499 2159 :
515 2131 617 2159 idcirco
638 2130 770 2165 synodus,
792 2137 823 2158 ea
847 2137 877 2158 re
897 2135 1048 2165 perspecta,

268 2185 330 2205 eum
343 2184 404 2205 esse
414 2175 672 2205 consubstantialem
687 2180 760 2203 recte
775 2175 895 2210 scripsit,
909 2181 940 2202 ut
954 2181 981 2203 et
992 2176 1048 2203 ha:-

1108 265 1229 300 ἐγράφη·
1248 265 1343 291 Εὶκών
1358 265 1443 291 ἐστιν
1461 266 1477 290 ό
1492 265 1645 297 ἄνθρωπος
1662 264 1711 290 καὶ
1725 263 1798 295 δόξα
1817 263 1890 291 Θεοῦ

1107 310 1247 344 ὑπάρχει·
1264 310 1292 336 τὺ
1306 310 1335 336 δὲ
1349 310 1405 341 ἀεὶ,
1421 310 1460 336 ὅτι
1477 309 1642 344 γέγραπται·
1668 309 1720 335 Ἀεὶ
1734 309 1788 343 γὰρ
1806 308 1890 342 ἡμεῖς

1107 357 1134 382 οἱ
1145 355 1259 388 ζῶντες·
1276 355 1307 381 τὸ
1320 354 1347 381 δὲ
1360 355 1395 381 ἐν
1407 354 1496 387 αὐτῷ,
1512 355 1553 380 ὅτι
1567 355 1619 381 Ἐν
1633 353 1712 385 αὐτῷ
1731 353 1831 387 ζῶμεν,
1841 354 1888 380 καὶ

1107 402 1275 436 κινούμεθα,
1291 402 1341 427 καί
1357 401 1459 435 ἐσμενσ
1480 401 1527 427 καὶ
1539 400 1569 426 τὺ
1583 400 1728 434 ἄτρεπτον
1741 400 1779 433 δὲ,
1794 400 1836 426 ὃτι
1846 400 1892 434 τέ-

1106 456 1242 484 γραπται·
1258 447 1352 474 οὐδὲν
1374 446 1452 481 ἡμᾶς
1475 446 1594 480 χωρίσει
1617 446 1675 472 ἀπὸ
1700 445 1756 479 τῆς
1774 445 1890 480 ἀγάπης

1106 495 1158 522 τοῦ
1181 493 1318 528 Χριστοῦι
1341 494 1403 528 περὶ
1428 493 1456 519 δὲ
1478 492 1533 526 τῆς
1558 492 1720 525 δυνάμεως,
1743 491 1782 517 ὅτι
1808 491 1855 518 καὶ
1873 492 1890 526 ἡ

1106 541 1203 575 κάμπη
1214 540 1260 565 καὶ
1274 540 1288 565 ὁ
1305 539 1418 574 βροῧχος
1427 538 1475 572 μὲν
1488 536 1611 570 λέγονται
1622 536 1745 570 δύναμις,
1759 535 1806 562 καὶ
1813 535 1890 562 δύνα-

1108 593 1155 619 μις
1177 583 1282 618 μεγάλη
1294 591 1300 596 ·
1318 582 1448 613 πολλάκις
1463 582 1491 608 δὲ
1504 581 1567 616 περὶ
1578 581 1625 607 τοῦ
1647 580 1711 606 λαοῦ
1727 580 1889 615 γέγραπται,

1106 629 1212 665 ῶσπερ·
1233 628 1354 662 Ἐξῆλθε
1377 628 1461 654 πᾶσα
1481 627 1641 661 τ’],δύγαμις
1657 626 1766 660 Κυρίου
1781 626 1814 652 ἐκ
1837 625 1891 660 τῆς

1106 675 1273 708 Αἰγύπτου·
1298 674 1343 700 καὶ
1370 673 1447 700 ἄλλαι
1468 673 1496 698 δὲ
1517 671 1639 706 οὐράνιαι
1664 670 1791 705 δυνάμεις
1820 671 1890 698 εἰσί·

1106 721 1213 754 Κύριος
1225 719 1290 755 γὰρ,
1306 720 1381 754 φησὶ,
1397 718 1455 744 τῶν
1468 717 1623 752 δυνάμεων
1635 716 1698 751 μεθ’
1718 717 1802 751 ἡμῶν
1817 725 1822 732 ·
1838 717 1892 743 ἁν-

1107 765 1255 799 τιλτήπτωρ
1268 763 1352 799 ἡμῶν
1370 766 1386 790 ό
1400 763 1471 796 Θεὸς
1495 762 1600 791 Ἰακώϐ.
1624 762 1741 789 Τοιαῦτα
1766 762 1820 798 γὰρ
1844 763 1892 789 καὶ

1114 811 1249 844 Ἀστέριος
1265 811 1279 837 ὁ
1293 811 1436 845 λεγόμενος
1451 809 1582 844 Σοφιστὴς
1603 809 1668 844 παρ’
1687 809 1777 836 αὐτῶν
1797 809 1891 844 μαθὼν

1107 856 1220 892 ἔγραψε,
1236 856 1283 882 καὶ
1298 856 1352 891 πρὸ
1363 854 1445 881 αὑτοῦ
1456 855 1484 881 δὲ
1501 855 1607 889 ’Ἄρειος
1619 854 1720 889 μαθὼν,
1737 854 1831 890 ὥσπερ
1852 854 1891 880 εἴ-

1110 911 1199 938 ρηται.
1219 901 1287 927 Ἀλλ’
1302 902 1325 927 oi
1342 901 1494 931 ἐπίσκοποι,
1515 899 1562 926 καὶ
1585 900 1614 925 ἐν
1632 899 1719 934 τούτῳ
1737 899 1892 934 θεωρήσαν-

1107 957 1152 980 τες
1165 948 1213 983 τὴν
1229 947 1370 982 ὑπόκρισιν
1386 946 1506 977 ἐκείνων,
1524 946 1570 972 καὶ
1585 946 1635 977 ὅτι,
1647 945 1718 972 κατὰ
1729 944 1759 971 τὸ
1772 953 1892 980 γεγραμ-

1108 994 1196 1028 μένον,
1210 993 1242 1018 ὲκ
1258 991 1379 1027 καρδίαις
1390 991 1442 1016 τῶν
1459 989 1565 1017 ἀσεϐῶν
1583 990 1657 1021 δόλος
1675 990 1733 1016 ἐστὶ
1751 998 1891 1016 τεκταινο-

1107 1038 1194 1073 μένων
1213 1037 1296 1068 κακὰ,
1312 1036 1521 1072 ἡναγκάσθησαν
1535 1036 1582 1062 καὶ
1592 1035 1668 1062 αὐτοὶ
1684 1033 1761 1067 αὖθις
1773 1044 1891 1070 συναγα-

1105 1085 1163 1118 γεῖν
1175 1084 1206 1109 ὲκ
1221 1082 1274 1109 τῶν
1292 1082 1311 1108 Γ
1314 1082 1408 1118 ραφῶν
1423 1082 1472 1116 τὴν
1488 1081 1617 1112 διάνοιαν,
1634 1081 1681 1107 καὶ
1701 1080 1774 1116 ἅπερ
1790 1082 1890 1116 πρότε-

1107 1137 1151 1165 ρον
1176 1129 1284 1162 ἔλεγον,
1312 1127 1397 1154 ταῦτα
1428 1127 1508 1153 πάλιν
1534 1127 1692 1161 λευκότερον
1713 1127 1813 1160 εἰπεῖν,
1843 1126 1891 1153 καὶ

1104 1174 1217 1210 γράψαι,
1234 1173 1373 1208 ὁμοούσιον
1387 1170 1455 1199 εἶναι
1471 1172 1510 1207 τῷ
1523 1172 1611 1208 Πατρὶ
1624 1172 1671 1198 τὸν
1685 1172 1763 1198 Υίόν·
1783 1172 1826 1199 ἵνα
1848 1172 1885 1207 μὴ

1106 1221 1184 1255 μόνον
1193 1220 1283 1255 ὅμοιον
1298 1220 1343 1245 τὸν
1360 1219 1433 1250 Υίὸν,
1452 1218 1520 1245 ἀλλὰ
1538 1218 1634 1244 ταύτὸν
1657 1219 1689 1253 τῇ
1714 1217 1842 1253 ὁμοιώσει
1856 1218 1889 1244 ἐκ

1103 1265 1149 1292 τοῦ
1164 1266 1269 1300 Πατρὸς
1286 1263 1353 1291 εἶναι
1373 1264 1535 1299 σημαίνωσι,
1553 1264 1600 1290 καὶ
1620 1263 1702 1299 ἀλλην
1729 1261 1812 1290 οὖσαν
1837 1264 1887 1299 τὴν

1102 1311 1148 1338 τοῦ
1164 1311 1227 1338 Υἱοῦ
1240 1311 1366 1346 ὁμοίωσιν
1380 1310 1426 1337 καὶ
1439 1309 1569 1345 ἀτρεψίαν
1581 1309 1686 1342 δείξωσι
1706 1309 1781 1345 παρὰ
1796 1309 1846 1344 τὴν
1859 1310 1888 1335 ὲν

1102 1358 1168 1392 ἡμῖν
1180 1356 1326 1392 λεγομένην
1340 1357 1464 1391 μίμησιν,
1479 1356 1512 1390 ἣν
1529 1355 1559 1387 ἐξ
1581 1355 1680 1390 ἀρετῆς
1700 1355 1743 1381 διὰ
1759 1355 1808 1390 τὴν
1830 1354 1886 1381 τῶν

1103 1402 1215 1430 ἐντολῶν
1226 1403 1338 1437 τήρησιν
1355 1403 1434 1437 ἡμεῖς
1449 1400 1704 1436 προσλαμϐάνομεν·
1723 1400 1757 1427 τὰ
1772 1400 1820 1435 μὲν
1833 1400 1888 1435 γὰρ

1102 1447 1155 1474 τῶν
1168 1447 1298 1482 σωμάτων
1313 1447 1391 1482 ὅμοια
1407 1446 1474 1482 πρὸς
1492 1446 1578 1473 ἑαυτὰ.
1593 1446 1760 1480 τυγχάνοντα
1775 1445 1888 1472 δυνατόν

1103 1499 1161 1522 πως
1175 1490 1325 1517 διίστασθαι
1346 1491 1393 1517 καὶ
1416 1491 1523 1526 μακρὰν
1549 1491 1597 1516 ἀπ’
1618 1490 1738 1525 ἀλλήλων
1754 1491 1888 1524 γίνεσθαι.

1103 1534 1153 1563 οἶοί
1167 1538 1234 1563 εἰσιν
1243 1537 1266 1563 οἱ
1282 1536 1335 1562 τῶν
1346 1536 1494 1573 ἀνθρώπων
1516 1537 1568 1563 υίοὶ
1580 1536 1647 1572 πρὸς
1665 1537 1727 1567 τοὺς
1743 1537 1889 1572 γεννήσαν-

1103 1592 1162 1615 τας,
1178 1582 1216 1614 ὡς
1228 1583 1381 1618 γέγραπται
1397 1583 1460 1619 περὶ
1473 1582 1520 1609 τοῦ
1542 1583 1627 1618 ’Δδὰμ
1645 1583 1693 1609 καὶ
1708 1582 1755 1609 τοῦ
1780 1582 1810 1616 ἐξ
1834 1583 1888 1609 αὑ-

1102 1630 1148 1656 τοῦ
1164 1629 1338 1666 γεννηθέντος
1355 1629 1418 1665 Σὴθ,
1439 1630 1476 1661 ὡς
1493 1627 1527 1665 ἦν
1540 1629 1630 1664 suae;
1648 1629 1722 1664 αὐτῷ
1747 1628 1817 1656 κατὰ
1835 1630 1889 1664 τὴν

1104 1675 1173 1702 ἰδέαν
1190 1675 1282 1702 αὐτοῦ.
1303 1675 1410 1711 Ἐπειδὴ
1423 1674 1476 1710 δὲή
1493 1676 1525 1701 ὲκ
1534 1674 1640 1709 Πατρὸς
1651 1674 1697 1701 τοῦ
1712 1674 1778 1701 Υἱοῦ
1791 1673 1889 1709 γέννη-

1103 1729 1144 1752 σις
1157 1721 1223 1756 ἄλλη
1238 1720 1314 1756 παρὰ
1327 1720 1375 1756 τὴν
1389 1719 1538 1756 ἀνθρώπων
1558 1719 1638 1754 φύσιν
1649 1720 1717 1752 ἐστὶ,
1730 1720 1777 1746 καὶ
1791 1719 1821 1746 οὓ
1837 1719 1887 1755 μό-

1101 1775 1145 1794 νον
1163 1767 1262 1802 ὄμοιος,
1276 1766 1345 1794 ἀλλὰ
1362 1767 1408 1793 καὶ
1418 1766 1569 1802 ἀδιαίρετός
1582 1767 1639 1792 ἐστι
1654 1766 1704 1801 τῆς
1720 1765 1767 1792 τοῦ
1779 1766 1888 1802 Πατρδς

1101 1813 1202 1845 οὐσίας,
1217 1813 1262 1839 καὶ
1277 1812 1305 1839 ἒν
1320 1812 1369 1847 μὲν
1384 1813 1451 1838 εἰσιν
1469 1812 1548 1843 αὐτὸς
1567 1812 1614 1838 καὶ
1631 1813 1646 1838 ὸ
1659 1812 1764 1847 Πατὴρ,
1782 1812 1819 1843 ὡς
1835 1812 1887 1838 αὺ-

1101 1859 1147 1889 τὸς
1157 1859 1276 1893 εἴρηκεν,
1294 1859 1337 1885 ἀεὶ
1353 1858 1381 1884 δὲ
1396 1859 1425 1885 ἐν
1441 1857 1479 1893 τῷ
1494 1858 1580 1893 Πατρί
1595 1859 1667 1884 ἐστιν
1682 1858 1696 1884 ὁ
1707 1858 1802 1892 Λόγος,
1815 1858 1888 1884 καὶὸ

1101 1904 1195 1940 Πατὴρ
1211 1905 1240 1931 ἐν
1252 1903 1290 1939 τῷ
1305 1904 1395 1939 Λόγῳ,
1410 1904 1448 1935 ὡς
1459 1904 1516 1930 ἐστι
1532 1903 1562 1930 τδ
1577 1902 1746 1938 ἀπαύγασμα
1764 1902 1833 1938 πρὸς
1855 1900 1889 1929 τὸ

1101 1949 1167 1985 φῶς·
1178 1950 1256 1977 τοῦτο
1269 1949 1323 1985 γὰρ
1331 1950 1377 1976 καὶ
1386 1950 1403 1984 ἡ
1410 1949 1481 1982 λέξις
1489 1948 1625 1984 σημαίνει·
1646 1947 1690 1975 διὰ
1700 1947 1778 1975 τοῦτο
1792 1949 1808 1983 ή
1825 1947 1888 1974 σὺνα

1099 1996 1168 2028 οδος,
1174 1996 1252 2022 τοῦτο
1259 1995 1458 2027 νωῦσα,χαλῶς
1463 1995 1543 2030 ὁμοοῦ
1547 2003 1603 2021 σιον
1610 1993 1737 2030 ἔγραψεν,
1745 1993 1789 2021 ἵνα
1795 1994 1844 2028 τήν
1854 2001 1886 2019 τε

1099 2041 1153 2068 τῶν
1167 2040 1309 2077 αἱρετικῶν
1325 2040 1487 2076 κακοήθειαν
1501 2040 1683 2076 ἀνατρέψωσι,
1698 2039 1746 2066 καὶ
1761 2039 1888 2071 δείξωσιν

1099 2087 1176 2114 ἄλλον
1186 2085 1256 2114 εἶναι
1274 2086 1328 2114 τῶν
1340 2086 1461 2122 γενητῶν
1474 2086 1519 2113 τὸν
1540 2086 1635 2120 Λόγον.
1655 2086 1711 2113 Καὶ
1729 2085 1783 2121 γὰρ
1805 2084 1886 2112 τοῦτο

1099 2133 1262 2170 γράψαντες,
1279 2133 1359 2164 εὐθὺς
1380 2133 1532 2168 ἐπήγαγον⁸
1547 2141 1557 2157 ι
1576 2132 1645 2163 Τοὺς
1662 2131 1690 2158 δὲ
1705 2131 1832 2165 λέγοντας
1854 2129 1888 2163 ὲε

1097 2180 1148 2207 οὐκ
1160 2180 1244 2207 ὄντων
1256 2179 1302 2206 τὸν
1324 2179 1387 2206 Υίὸν
1403 2178 1450 2206 τοῦ
1461 2178 1539 2210 Θεοῦ,
1554 2178 1571 2213 ἢ
1589 2177 1706 2209 κτιστὺν,
1721 2177 1737 2212 ἢ
1756 2176 1886 2212 τρεπτὺν,

269 2223 414 2251 reticorum
427 2223 636 2258 perversitatem
651 2225 797 2254 everteret,
811 2226 839 2248 et
851 2220 968 2248 Verbum
979 2221 1051 2249 aliud

1103 2226 1119 2261 ἢ
1137 2225 1251 2261 ποίημα,
1267 2225 1283 2260 ἢ
1297 2224 1327 2257 ἐξ
1343 2224 1437 2260 ἑτέρας
1450 2224 1552 2255 οὐσίας,
1564 2223 1674 2254 τούτους
1692 2222 1888 2257 ἀναθεματίζει

269 2278 285 2298 a
300 2270 379 2298 iactis
394 2270 473 2297 rebus
482 2276 542 2296 esse
556 2268 720 2296 ostenderet.
734 2267 802 2295 llinc
813 2267 860 2295 illa
871 2274 936 2296 voce
950 2268 1050 2303 scripta

269 2316 360 2343 statim
375 2315 470 2342 Patres
491 2314 654 2349 subjungunt
675 2321 683 2339 :
707 2323 716 2339 ι
736 2313 783 2340 llis
804 2320 869 2340 vero
888 2313 934 2347 qui
955 2313 1049 2341 dicunt

269 2361 368 2388 Filium
383 2360 430 2387 Dei
443 2367 477 2387 ex
490 2360 575 2386 nihilo
585 2360 642 2386 sive
661 2366 694 2386 ex
708 2366 760 2386 non
773 2358 964 2387 exsistentibus
977 2367 1048 2392 esse,

269 2408 312 2434 vel
328 2410 461 2438 creatum,
474 2405 515 2432 vel
528 2405 692 2436 mutabilem,
706 2404 748 2431 vel
764 2405 876 2437 factum,
893 2405 933 2431 vel
948 2412 981 2432 ex
996 2405 1048 2432 alia

268 2452 429 2482 substantia.
447 2450 589 2478 anathema
607 2450 672 2477 dicit
689 2455 782 2477 sancta
803 2454 831 2477 et
849 2449 978 2477 catholica
995 2449 1046 2478 Ec-

267 2498 360 2526 clesia.
378 2506 388 2524 ι
408 2497 510 2530 Quibus
524 2496 617 2530 utique
632 2495 713 2522 dictis
727 2500 819 2530 aperte
836 2495 991 2522 declaratur
1005 2496 1046 2523 his

267 2543 404 2572 vocabulis
415 2550 447 2569 ea;
457 2541 614 2574 substantia,
624 2545 649 2568 et
660 2541 890 2568 consubstantialis
900 2541 983 2568 deleri
996 2541 1046 2567 im-

258 2585 374 2625 ‘pietatis
388 2588 504 2620 voculas,
513 2587 610 2622 quibus
625 2586 700 2613 aiunt
714 2585 810 2613 Filium
827 2593 886 2613 esse
899 2592 955 2612 rem
969 2593 1045 2613 crea~

266 2640 333 2668 tam,
350 2634 502 2667 conditam,
527 2632 626 2660 factam
645 2637 672 2659 et
696 2632 869 2663 mutabilem,
895 2639 944 2658 nec
970 2632 1045 2666 prius

265 2681 351 2708 fuisse
365 2687 444 2714 quam
455 2680 561 2714 genitus
573 2683 624 2706 est.
640 2678 707 2705 Nam
724 2678 769 2712 qui
785 2678 820 2704 ita
835 2678 927 2709 sentit,
942 2678 1044 2713 synodo

1100 2273 1117 2307 ή
1134 2271 1199 2306 ἁγία
1211 2271 1258 2298 καὶ
1281 2270 1411 2305 meum,
1436 2269 1591 2304 Ἐκκλησία.
1615 2278 1624 2294 ι
1647 2268 1738 2295 Ταῦτα
1756 2268 1783 2294 δὲ
1806 2269 1886 2303 είρη-

1101 2319 1186 2350 κότες,
1200 2317 1334 2353 ἐδήλωσαν
1351 2316 1484 2352 φανερῶς,
1497 2317 1538 2342 ὃτι
1553 2315 1582 2341 τὸ
1595 2315 1629 2341 ἐκ
1649 2314 1702 2348 τῆς
1716 2314 1824 2346 οὐσίας
1836 2314 1886 2340 καὶ

1099 2365 1129 2391 τὸ
1145 2365 1306 2399 ὁμοσύσιον
1319 2362 1478 2398 ἀναιρετικὰ
1489 2362 1544 2389 τῶν
1555 2361 1602 2396 τῆς
1612 2361 1740 2392 ἀσεϐείας
1748 2359 1886 2395 λογαρίων

1099 2411 1178 2440 εἰσὶν,
1196 2409 1267 2445 ἅπερ
1283 2409 1352 2440 ἐστὶ,
1372 2409 1484 2443 κτίσμα.
1500 2407 1547 2434 καὶ
1565 2407 1680 2442 ποίημα,
1695 2407 1742 2433 καὶ
1757 2405 1887 2441 γενητὸν,

1099 2455 1145 2481 καὶ
1159 2455 1291 2489 στρεπτὸν,
1319 2454 1366 2480 καὶ
1393 2454 1442 2480 οὐχ
1467 2451 1500 2488 ἦν
1528 2453 1593 2488 πρὶν
1618 2451 1745 2488 γεννηθῇ.
1775 2452 1804 2478 '0
1828 2451 1887 2487 γὰρ
1908 2469 1913 2474 ι

1097 2500 1183 2527 ταῦτα
1195 2500 1300 2535 φρονῶν
1316 2499 1449 2533 ἀντιλέγει
1467 2500 1500 2533 τῇ
1519 2498 1627 2534 συνόδῳ·
1646 2499 1660 2525 ό
1674 2498 1702 2525 δὲ
1722 2497 1757 2524 τὰ
1778 2497 1889 2533 Ἀρείου

1100 2545 1137 2580 μὴ
1152 2544 1257 2580 φρονῶν
1271 2543 1300 2577 ἐξ
1313 2544 1433 2578 ἀνάγκης
1447 2543 1482 2569 τὰ
1494 2543 1543 2578 τῆς
1564 2543 1672 2569 συνόδου
1691 2543 1778 2569 ταῦτα
1792 2543 1889 2577 omni.

1098 2592 1145 2618 καὶ
1167 2591 1320 2622 διανοεῖται,
1341 2589 1430 2620 καλῶς
1456 2589 1524 2615 αὐτὰ
1546 2588 1652 2623 βλέπων
1680 2588 1752 2619 ὅπως
1774 2587 1833 2614 ἐστὶ
1853 2587 1886 2614 τὺ

1098 2635 1266 2668 ἀπαύγασμα
1287 2633 1354 2669 πρὸς
1373 2632 1403 2659 τὸ
1417 2633 1485 2666 φῶς,
1505 2633 1553 2659 καὶ
1574 2632 1604 2666 ἐξ
1625 2632 1705 2659 αὑτοῦ
1726 2632 1776 2668 τὴν
1792 2631 1888 2659 εἰκόνα

1097 2680 1146 2715 τῆς
1165 2679 1292 2715 ἀληθείας
1307 2679 1461 2714 λαμϐάνων.

265 2726 427 2761 refragatur.
440 2725 489 2759 Qui
503 2732 567 2753 vero
583 2731 636 2752 n0n
652 2724 721 2751 idem
738 2732 768 2751 ac
783 2724 864 2752 Arius
884 2725 976 2757 sentit,
995 2733 1105 2755 necesse
1118 2731 1160 2754 est
1174 2734 1235 2753 cum
1253 2728 1346 2753 eadem
1361 2757 1368 2761 _
1379 2734 1439 2760 qua:
1468 2732 1585 2760 synouus
1616 2723 1718 2751 sentire
1745 2728 1770 2750 et
1784 2722 1886 2750 intelli-

298 2827 344 2853 "l
362 2827 423 2854 Cor.
441 2834 482 2858 xt.
495 2827 520 2853 7.
558 2827 581 2842 “
599 2827 619 2854 ll
632 2827 694 2854 Cor.
712 2835 747 2854 tr.
766 2827 806 2854 ll.
845 2828 864 2842 '”
880 2828 936 2854 Act.
955 2836 1021 2858 xrtt,
1034 2828 1079 2856 ες.
1117 2828 1140 2843 ⁸³
1153 2827 1230 2854 Rom.
1244 2835 1303 2858 vm,
1316 2827 1358 2854 35.
1398 2827 1419 2843 ⁸³
1433 2826 1490 2854 loci
1505 2834 1533 2859 ll,
1550 2824 1596 2853 '25.
1634 2824 1655 2841 ⁸⁸
1672 2824 1756 2852 Exod.
1777 2831 1826 2857 ut,
1837 2824 1888 2854 41.

264 2860 288 2877 ⁸³
306 2860 376 2889 Psal.
393 2870 453 2896 xcv,
469 2860 496 2890 8.
522 2862 556 2901 _“
576 2861 654 2890 Prov.
672 2870 718 2896 xu,
734 2863 778 2889 20.
817 2862 837 2877 ⁸⁷
850 2862 944 2890 (Lenes.
965 2871 991 2896 γ,
1006 2865 1032 2892 5.

1113 2863 1190 2891 Joau.
1208 2871 1234 2896 λ,
1256 2862 1299 2889 ὖυ.
