2018 3048
155 176 209 205 655

682 178 725 205 DE
744 177 913 207 DECRETIS
931 177 1085 206 ΝΙΟΑΞΝιΕ
1106 177 1242 206 SYNODI.

1721 181 1773 208 ιει

156 241 236 269 gere,
254 233 291 261 ita
304 238 333 261 ut
349 238 421 261 recte
438 234 569 269 percipiat
589 235 646 261 haec
660 243 692 261 eo
713 234 771 263 fere
786 236 865 262 tttudo
879 242 940 261 esse
960 242 1012 269 quo
1031 234 1156 270 splendor
1169 243 1233 271 erga
1253 235 1337 262 lucem
1368 242 1395 263 se
1424 235 1516 269 habet,
1528 236 1642 272 indeque
1654 238 1775 265 veritati!

157 281 299 314 imaginem
314 280 438 315 accipiat.

190 327 235 356 21.
247 327 350 354 Οὐκοῦν
367 327 391 353 εἰ
406 327 441 354 τὰ
461 328 570 363 ῥήματα
589 327 636 354 καὶ
655 325 727 354 οὗτοι
741 327 779 358 ὡς
792 327 856 360 ξένα
873 336 936 362 προ-

1026 325 1071 352 2!.
1092 325 1182 359 Itaque
1201 325 1223 351 si
1245 323 1281 350 illi
1303 325 1384 351 verba
1400 323 1449 351 ista
1477 325 1551 357 velut
1571 332 1639 352 nova
1655 333 1686 352 ac
1708 335 1770 361 per-

164 373 328 405 ηασίζονται,
342 372 524 408 φρονείτωσαν
537 373 585 407 τὴν
595 372 724 403 διάνοιαν,
739 373 797 399 καθ’
809 373 841 407 ἢν
855 373 871 407 ἡ
883 373 945 399 σύν-

160 418 214 449 ἰὃος
222 417 306 449 οὕτως
315 417 443 453 ἔγραψεν,
453 417 696 453 ἀναθεματίζοντες
709 418 760 445 ἆπε
763 427 779 454 ρ
787 417 946 453 ἀνεθεμάτι-

154 465 222 499 aevi)
232 463 349 494 σύνοδος¹
359 464 405 490 καὶ
411 463 682 496 λοιπὸν,εἰδύνανται,
692 464 889 499 μεμφέσοωσαν
898 464 946 496 τὰς

138 509 250 544 ,7.ἐξεις.
270 507 308 536 Εὖ
321 509 349 536 δὲ
363 507 432 541 οἶδα,
447 509 498 542 ὅτι,
514 511 696 546 φρονήσαντες
709 510 758 545 τὴν
769 510 887 536 διάνοιαν
897 510 946 545 τῆς

155 555 275 584 συνόδου,
300 555 392 581 καὶτὰ
405 556 513 590 ῥήματα
530 556 580 591 τῆς
598 555 715 586 διανοίας
729 556 836 587 πάντως
850 555 946 582 ἀποδέ-

154 600 252 632 Εονται.
269 601 317 626 Ἂν
333 600 360 627 δὲ
377 601 424 626 καὶ
435 601 536 636 ταύτην
555 600 694 627 αίτιᾶσθαι
711 600 854 636 θελήσωσι,
872 600 945 635 δῆλοι

153 647 236 673 πᾶσιν
259 647 312 673 εισι
339 647 427 682 μάτην
447 647 494 674 καὶ
520 648 584 683 περὶ
606 647 719 674 ἐκείνων
747 646 880 681 λέγοντες,
898 647 945 673 καὶ

154 693 233 727 μόνον
247 693 373 728 ἀφορμᾶς
388 694 490 725 ἑαυτοῖς
508 694 548 724 εἰς
565 692 691 720 ἀσέϐειαν
707 693 888 724 ἐπινοοῦντες.
912 692 944 719 Ἠ

154 739 204 773 μὲν
217 737 263 765 οὗν
281 740 416 774 πρόφασις
431 739 485 765 τῶν
498 739 628 765 τοιούτων
651 738 752 771 λέξεων
781 739 864 774 αὕτη·
883 740 908 765 εί
920 739 943 765 δ’

152 785 192 811 ὅτι
205 785 249 811 καί
261 785 298 820 μὴ
311 784 443 820 ἐγγραφοί
460 787 523 817 εισι,
536 785 618 812 πάλιν
629 785 818 820 γογγύζουσιν,
832 785 944 811 αὐτόθεν

154 831 204 866 μὲν
218 831 292 857 αὐτοὶ
306 830 528 858 ἐκϐαλλέσθωσαν
551 831 589 863 ὼς
612 830 819 866 κενολογοῦντες
833 832 879 857 καὶ
898 831 942 858 τὸν

152 876 214 904 νοῦν
224 877 271 912 οὐχ
287 877 467 911 ὺγιαίνοντες¹
483 878 595 910 ἑαυτοὺς
608 877 645 913 (i)
665 877 692 904 δὲ
717 879 763 904 καὶ
785 878 814 904 ὲν
837 877 942 909 τούτοις

152 923 343 955 αἰτιάσθωσαν,
359 923 410 954 ὅτι,
427 923 529 958 πρῶτοι
546 923 733 958 παρασχόντες
749 923 798 958 τὴν
815 923 941 958 τοιαύτην

151 969 296 1004 πρόφασιν,
316 969 345 1002 ἐξ
359 969 490 1004 ἀγράφων
504 969 648 1004 οεομαχείν
661 968 786 1005 ἦρξαν-το.
804 969 940 995 Γινωσκέ-

997 372 1088 406 egi-ina
1101 370 1242 397 admittere
1258 375 1393 402 recusant,
1404 371 1564 398 sententiam
1581 371 1664 406 ipsam
1680 373 1776 400 admit-

997 423 1054 444 tant
1071 425 1150 452 quant
1170 417 1287 451 synodus
1302 417 1344 444 his
1365 417 1485 444 indicare
1505 417 1589 445 voluit
1604 426 1610 444 :
1627 423 1654 445 et
1679 419 1776 452 quibus

997 463 1041 490 illa
1057 464 1199 490 anathema
1216 463 1294 495 dixit,
1309 464 1358 498 ipsi
1375 463 1499 491 similiter
1511 463 1602 490 dicant
1621 465 1773 498 anathema,

995 517 1027 536 ac
1046 510 1080 536 de
1093 515 1207 539 cauere,
1222 509 1244 536 si
1258 509 1373 543 possint,
1387 516 1467 537 voces
1480 509 1552 544 ipsas
1568 510 1774 544 reprehendant.

995 555 1051 590 Ego
1067 562 1130 582 vero
1152 555 1241 582 nullus
1260 555 1353 582 dubito
1376 555 1439 590 quin
1463 556 1595 583 sententia
1614 556 1709 591 synodi
1730 563 1775 583 re-

995 605 1082 636 cepta,
1099 602 1179 628 verba
1192 608 1297 636 quoque
1309 601 1366 635 ipsa
1380 601 1539 635 approbent.
1554 600 1600 627 Sin
1614 605 1702 628 autem
1714 608 1774 627 sen-

996 647 1105 674 tentiam
1127 647 1211 681 ipsam
1231 647 1314 674 velint
1330 636 1492 682 redarguere
1503 668 1510 678 ,
1533 647 1657 674 euntibus
1673 646 1774 682 patebit

993 693 1095 720 frustra
1111 693 1170 720 illos
1187 692 1314 727 nullaque
1326 692 1358 720 de
1374 699 1454 720 causa
1469 692 1549 720 verba
1564 692 1773 727 reprehendere,

993 740 1041 767 sed
1060 739 1146 766 solum
1167 739 1323 767 occasiones
1341 739 1488 773 impietatis
1505 739 1700 766 continuandae
1722 738 1774 765 sibi

992 786 1059 821 ipsis
1074 786 1186 821 lingere.
1210 785 1272 814 Haec
1287 785 1368 821 igitur
1381 793 1465 812 causa
1483 784 1533 812 l'uit
1547 793 1596 812 cur
1620 784 1773 819 huiusmodi

992 839 1072 859 voces
1086 831 1186 858 fuerint
1198 832 1339 860 institutae.
1353 831 1428 866 Quod
1442 831 1465 857 si
1484 838 1577 857 rursus
1594 834 1773 862 murmurent,

991 877 1062 911 quod
1079 877 1131 904 illae
1144 877 1170 903 in
1187 876 1334 911 Scripturis
1353 884 1404 903 non
1424 880 1541 907 exstent,
1559 875 1610 902 hoc
1630 875 1699 909 ipso.
1715 879 1774 901 tan-

990 930 1072 957 quam
1096 922 1189 950 futiles
1209 928 1236 950 et
1257 927 1347 950 mente
1368 929 1421 950 non
1442 921 1518 954 sani,
1537 925 1600 948 sunt
1623 921 1772 955 rejiciendi.

986 968 1102 1003 .Seipsos
1116 976 1196 1003 porro
1212 969 1257 996 hic
1270 969 1351 995 etiam
1365 967 1535 1003 potissimum
1549 971 1687 999 accusent,
1701 967 1772 1001 quod

151 1015 322 1050 τωδὲὸμως,
338 1016 364 1042 et
377 1016 417 1048 τίς
437 1017 494 1042 ὲστι
516 1016 676 1052 φιλομαθὴς,
702 1016 754 1047 ὅτι.
780 1017 805 1042 εί
835 1015 882 1042 καὶ
904 1015 936 1051 μὴ

992 1015 1070 1050 pritni
1090 1015 1152 1042 huic
1167 1015 1206 1042 rei
1218 1014 1305 1042 locum
1329 1013 1464 1045 dederint,
1477 1013 1522 1048 qui
1546 1013 1597 1047 ipsi
1612 1013 1773 1047 excogitatis

151 1060 238 1092 οὕτως
253 1061 282 1088 ἐν
297 1062 357 1093 ταῖς
370 1061 490 1096 Γραφαῖς
506 1062 575 1087 εἰσιν
607 1062 634 1087 αἱ
652 1060 749 1094 λέξεις,
772 1061 850 1093 ἀλλὰ,
872 1059 940 1087 καθ-

151 1108 223 1143 άπερ
235 1109 340 1143 εῐρηται
356 1109 497 1143 πρότερον,
513 1107 562 1143 τὴν
576 1109 609 1134 ἐκ
624 1108 678 1134 τῶν
700 1108 813 1143 Γραφῶν
824 1108 941 1134 διάνοιαν

152 1152 254 1188 ἔχουσι,
276 1153 321 1179 καὶ
341 1153 441 1189 ταύτην
470 1153 674 1188 ἐκφωνούμεναι
700 1154 860 1189 σημαίνουσι
880 1156 939 1187 τοῖς

151 1198 258 1234 ἔχουσιν
277 1200 317 1230 είς
333 1199 473 1225 εὐσέϐειαν
487 1199 535 1235 τὴν
554 1198 637 1234 ἀκοὴν
653 1198 807 1235 ὀλόκληρον.
826 1200 940 1228 Σκοπεῖν

155 1244 183 1270 δὲ
199 1243 278 1271 τοῦτό
293 1252 322 1271 σε
337 1245 386 1279 μὲν
399 1243 511 1277 ἔξεστιν,
527 1245 647 1276 ἐκείνους
660 1245 687 1271 δὲ
704 1245 864 1273 κατακούειν
878 1247 939 1280 τοὺς

151 1289 338 1322 ἀπαιδεύτους.
354 1290 491 1317 Δέδεικται
508 1291 537 1317 ὲν
550 1292 607 1323 τοῖς
622 1291 784 1327 ἔμπροσθεν,
804 1293 851 1318 καὶ
867 1291 938 1319 τοῦτ’

151 1335 226 1363 ἐστιν
247 1336 346 1372 ἀληθὲς
370 1337 518 1370 πιστεύειν,
538 1337 583 1364 τὸν
610 1338 696 1371 Λόγον
717 1338 750 1364 ἐκ
768 1337 815 1364 τοῦ
832 1339 938 1374 Πατρὸς

150 1379 232 1414 εἶναι,
246 1382 293 1408 καὶ
307 1383 385 1417 μὸνον
402 1382 466 1409 ῐδιον
481 1383 564 1411 αὐτοῦ
577 1385 624 1412 καὶ
646 1384 725 1419 φύσει
740 1384 870 1421 γέννημα.
888 1385 939 1412 Πό-

151 1427 196 1454 Θεν
208 1428 262 1464 γὰρ
278 1428 387 1455 ἄλλοθεν
417 1429 522 1464 νοήσειέ
551 1438 593 1462 τις
619 1431 664 1456 τὸν
688 1431 762 1462 Υἱδν,
781 1431 810 1463 ὃς
826 1432 901 1457 ἐστιν
916 1432 933 1467 ὴ

150 1472 230 1506 σοφία
248 1472 295 1498 καὶ
307 1473 321 1498 ὸ
335 1473 429 1506 Λόγος,
445 1475 473 1500 ὲν
487 1471 509 1508 ᾦ
520 1474 554 1501 τὰ
569 1475 655 1502 πάντα
671 1475 793 1509 γέγονεν,
808 1476 824 1511 ἢ
844 1475 874 1508 ἐξ
889 1477 936 1503 αὑ-

149 1516 253 1543 τοῦτοῦ
266 1517 349 1550 Θεοῦ;
366 1519 460 1553 Ὅμως
486 1519 515 1546 δὲ
539 1519 616 1546 τοῦτο
636 1521 681 1546 καὶ
700 1521 775 1556 παρὰ
795 1520 849 1548 τῶν
867 1522 936 1557 Γρα-

150 1561 208 1596 φῶν
224 1563 432 1598 μεμαθήκαμεν,
452 1564 500 1590 τοῦ
525 1565 573 1600 μὲν
601 1566 708 1601 Πατρὺς
731 1566 775 1593 διὰ
789 1566 837 1593 τοῦ
853 1568 934 1595 Δαδὶδ

148 1606 287 1642 λέγοντος·
304 1609 498 1643 Ἐξηρεύξατο
516 1611 535 1644 ἠ
555 1611 661 1645 καρδία
676 1620 736 1646 μου
750 1613 847 1647 Λόγον
861 1614 933 1649 ἁγα-

149 1655 212 1681 θόνη
233 1655 289 1687 καὶ,
315 1655 365 1682 Ἐκ
381 1655 511 1689 γαστρὸς
530 1656 587 1690 πρὸ
611 1657 767 1692 ἑωσφόρου
783 1658 933 1693 ἐγέννησά

992 1061 1102 1088 vocibus
1126 1067 1187 1095 quae
1203 1060 1230 1087 in
1253 1057 1405 1094 Scripturis
1428 1066 1480 1086 non
1505 1058 1651 1091 habentur,
1673 1058 1771 1085 bellum

990 1106 1046 1134 Deo
1065 1106 1199 1141 cmperint
1216 1105 1316 1133 inferre
1338 1104 1388 1140 (5).
1405 1104 1514 1132 Noverit
1531 1109 1624 1131 tamen
1648 1103 1772 1138 quisquis

990 1152 1127 1179 studiosus
1142 1150 1234 1183 fuerit,
1252 1150 1359 1177 etiamsi
1377 1149 1441 1184 ipsa:
1461 1156 1542 1176 voces
1559 1148 1594 1175 ita
1608 1148 1634 1174 in
1648 1147 1771 1181 Scriptu-

990 1198 1028 1225 ris
1040 1205 1093 1224 non
1106 1201 1223 1229 exstent,
1236 1195 1398 1224 sententiam
1412 1199 1511 1225 tamen,
1525 1201 1606 1228 quam
1620 1192 1769 1222 continent.

989 1250 1053 1270 vere
1078 1250 1112 1270 ex
1135 1241 1282 1276 Scripturis
1303 1240 1417 1272 haberi,
1437 1238 1663 1274 quemadmodum
1687 1245 1769 1272 supra

988 1290 1090 1317 dictutn
1109 1293 1160 1321 est,
1178 1296 1260 1322 quam
1276 1287 1386 1321 quidem
1400 1285 1580 1318 sententiam,
1599 1292 1661 1312 cum
1678 1283 1770 1319 proie-

989 1340 1095 1368 runtur,
1111 1335 1153 1362 his
1170 1334 1290 1362 indicant
1304 1333 1402 1369 quibus
1416 1339 1496 1359 aures
1516 1339 1588 1359 sanie
1609 1335 1637 1358 et
1661 1331 1770 1365 integrae

987 1386 1051 1409 sunt
1065 1381 1092 1408 in
1108 1381 1218 1415 pietate.
1237 1380 1265 1407 ld
1288 1387 1353 1407 sane
1370 1383 1397 1406 et
1413 1378 1460 1405 tibi
1478 1377 1621 1412 inspicere,
1639 1381 1666 1404 et
1683 1377 1769 1411 impc-

987 1427 1047 1455 ritis
1061 1426 1113 1454 illis
1129 1426 1192 1453 licet
1207 1425 1313 1452 audire.
1328 1424 1461 1451 Nimirum
1477 1430 1558 1458 supra
1573 1427 1710 1449 ostensum
1725 1427 1770 1449 est

986 1481 1102 1509 vereque
1119 1471 1240 1500 creditur
1261 1469 1380 1497 Verbum
1402 1477 1461 1496 esse
1484 1476 1518 1496 ex
1538 1468 1633 1500 Patre,
1650 1468 1769 1502 illudque

984 1520 1072 1547 solum
1088 1518 1226 1554 proprium
1243 1518 1302 1552 ejus
1322 1521 1349 1543 et
1364 1521 1459 1542 natura
1477 1514 1561 1542 fetum
1577 1521 1647 1541 esse.
1662 1513 1700 1540 Ex
1714 1521 1768 1548 quo

985 1566 1056 1594 eniut
1073 1566 1126 1593 alio
1138 1564 1248 1595 Filium,
1261 1563 1307 1598 qui
1318 1567 1345 1590 et
1358 1562 1487 1597 sapientia
1501 1566 1543 1589 est
1556 1566 1584 1588 et
1601 1560 1726 1593 Verbum,
1741 1561 1767 1588 in

984 1619 1037 1647 quo
1045 1610 1135 1638 omnia
1148 1614 1212 1638 sunt
1230 1609 1312 1640 facta,
1327 1616 1407 1643 quain
1426 1615 1459 1635 ex
1476 1608 1534 1642 ipso
1548 1607 1602 1634 Deo
1619 1606 1753 1634 esseintel

983 1657 1028 1693 Ιίκί
1043 1656 1143 1692 queat?
1156 1656 1253 1684 Verum
1271 1655 1335 1682 illud
1349 1661 1456 1689 quoque
1469 1661 1502 1680 ex
1517 1653 1662 1688 Scripturis
1673 1651 1769 1680 didici-

148 1706 201 1727 σε·
213 1699 260 1726 τοῦ
276 1699 303 1726 δὲ
321 1700 385 1727 Υίοῠ
405 1701 468 1736 περὶ
490 1695 584 1728 ἑαυτοῦ
613 1702 765 1735 δεικνύντος
788 1706 845 1736 τοῖς
867 1705 932 1731 Ἰου-

986 1686 1060 1732 nius.-
1075 1703 1155 1730 Pater
1167 1702 1239 1730 enim
1255 1709 1304 1736 per
1323 1686 1451 1728 Da-Yitiém
1465 1699 1531 1727 dicit
1549 1708 1555 1726 :
1572 1686 1705 1726 iEructavt't
1722 1706 1768 1725 cor

148 1745 248 1777 δαίοις³
265 1747 300 1773 Et
315 1747 332 1772 ti
345 1746 422 1788 Θεὸς.
435 1747 534 1781 Πατὴρ
560 1748 643 1782 ὑμῶν
664 1747 714 1784 ἦν,
733 1749 866 1784 ἠγαπᾶτε
892 1749 930 1778 ἂν

148 1790 214 1825 ἐμέο
234 1791 291 1826 ἐγὼ
305 1791 360 1826 γὰρ
372 1792 406 1819 ἐκ
420 1793 473 1819 τοῦ
489 1793 604 1827 Πατρός
622 1793 762 1828 ἐξῆλθον·
778 1796 826 1822 καὶ
839 1796 929 1823 πάλιν·

149 1835 212 1870 οὐχ
226 1837 271 1863 ὅτι
288 1837 342 1864 τὸν
357 1837 395 1873 (Ξ)
413 1838 528 1873 Πατέρα
541 1848 586 1873 τις
597 1839 736 1874 ἑώρακεν,
757 1841 783 1868 ει
797 1841 842 1876 μὴ
859 1844 875 1869 ὁ
889 1841 932 1870 ὢν

148 1881 228 1915 παρὰ
240 1882 293 1909 τοῦ
317 1882 401 1915 Θεοῦ,
421 1881 509 1917 οὗτος
529 1884 638 1919 ἑώρακε
657 1885 710 1912 τὸν
731 1886 847 1920 Πατέρα
877 1888 932 1914 Καὶ

150 1926 204 1962 μὴν
216 1927 262 1954 καὶ
271 1927 316 1953 τό¹
338 1928 407 1962 Ἐγὼ
419 1928 467 1955 καὶ
478 1930 495 1956 o'
506 1930 607 1965 Πατὴρ
623 1930 657 1957 ἓν
667 1931 769 1966 ἐσμεν,
786 1933 843 1963 καὶ,
862 1932 932 1967 Ἐγὼ

147 1972 183 1999 ἑν
203 1972 242 2005 τῷ
261 1973 361 2007 Harp),
381 1974 430 2001 καὶ
448 1977 465 2002 ό
483 1974 584 2009 Πατὴρ
599 1976 633 2003 ἐν
649 1976 724 2011 ἐμοὶ,
748 1978 804 2004 ἴσον
823 1978 881 2004 ἐστι
893 1978 932 2014 τῷ

147 2016 237 2051 λέγειν
246 2025 252 2032 ·
269 2017 338 2052 Ἐγὼ
351 2019 382 2046 ὲκ
395 2019 443 2046 τοῦ
457 2020 560 2055 Πατρός
575 2022 642 2056 εἰμι,
657 2023 703 2048 καὶ
716 2022 866 2059 ἀδιαίρετος
881 2024 931 2050 αὺ-

147 2062 204 2089 τοῦ.
222 2063 277 2090 Καὶ
294 2064 309 2090 ὸ
331 2064 455 2101 Ἰωάννης
469 2065 498 2092 δὲ
512 2065 612 2100 λέγων·
635 2067 662 2093 '0
671 2068 839 2102 μονογενὴς
854 2068 929 2102 Υἱὸς,

148 2109 165 2135 ὁ
187 2109 229 2135 ὢν
255 2110 298 2142 εὶς
320 2110 373 2137 τὸν
394 2112 509 2138 κόλπον
528 2112 581 2139 τοῦ
594 2113 717 2147 Πατρὸς,
744 2114 858 2147 ἐκεῖνος
879 2115 929 2147 ἐξ-

148 2154 292 2189 ηγήσατο,
305 2156 396 2191 μαθὼν
405 2157 490 2184 ταῦτα
503 2158 577 2194 παρὰ
586 2159 633 2186 τοῦ
645 2160 771 2196 Σωτῆρος
778 2160 929 2196 (5)εἰ’ρηκε.

147 2200 180 2227 Τί
194 2200 248 2236 γὰρ
265 2201 328 2228 ἄλλο
348 2203 378 2229 τὸ
389 2203 424 2229 ὲν
438 2203 563 2237 κόλποις
577 2205 738 2241 σημαίνει,ῆ
750 2205 799 2242 τὴν
817 2206 930 2242 γνησίαν

147 2249 179 2274 ὲκ
192 2248 238 2275 τοῦ
252 2249 356 2284 Πατρὶς
371 2249 417 2276 τοῦ
431 2250 494 2277 Υἱοῦ
508 2252 648 2287 γέννησιν;

181 2293 226 2320 22.
250 2294 280 2320 ΕΞ
299 2295 348 2330 μὲν
365 2292 411 2322 οὖν
424 2295 469 2321 τὸν
485 2295 550 2322 Θεὸν
570 2297 677 2332 ἡγεῖταί
689 2305 731 2329 τις
745 2295 812 2324 εἶναι
834 2297 927 2325 σύνθε-

147 2347 201 2372 τον,
217 2339 254 2372 ὡς
268 2341 296 2367 ἐν
318 2341 350 2375 τῇ
372 2341 450 2376 οὐσίᾳ
467 2341 496 2368 τὸ
511 2341 694 2378 συμϐεϐηκὸς,
713 2343 730 2379 ἢ
753 2343 851 2376 ἔξωθέν
866 2353 925 2371 τινα

985 1757 1070 1777 meum
1087 1748 1199 1776 Verbum
1210 1747 1305 1775 bonum
1317 1747 1339 1763 ⁸⁸
1350 1755 1357 1779 ;
1368 1751 1406 1780 et,
1421 1746 1462 1773 Ex
1476 1751 1548 1773 utero
1557 1751 1616 1774 ante
1627 1745 1766 1781 luciferum

982 1796 1059 1830 genui
1067 1799 1092 1822 te
1099 1794 1132 1821 '°.
1145 1793 1230 1821 Filius
1240 1794 1303 1821 item
1315 1793 1348 1821 de
1362 1792 1451 1827 seipso
1466 1792 1502 1819 ita
1517 1790 1548 1818 ad
1557 1790 1661 1819 Judteos
1677 1790 1764 1826 loqui-

983 1846 1026 1868 tur
1043 1851 1049 1868 :
1066 1840 1097 1868 Si
1118 1839 1188 1867 Deus
1207 1838 1289 1866 Pater
1305 1844 1386 1866 vester
1406 1841 1489 1871 esset,
1511 1837 1653 1873 diligentis
1678 1839 1766 1873 utique

983 1894 1032 1913 me.
1047 1885 1102 1921 Ego
1115 1886 1183 1913 enim
1195 1892 1228 1912 ea;
1243 1884 1322 1911 Patre
1331 1884 1398 1911 exivi
1409 1883 1448 1917 ";
1461 1889 1488 1910 et
1498 1883 1594 1911 iterum
1609 1893 1615 1910 :
1628 1883 1689 1910 Non
1702 1884 1766 1917 quia

982 1930 1092 1959 Patrem
1103 1931 1167 1959 vidit
1180 1931 1330 1966 quisquam,
1348 1930 1398 1956 nisi
1411 1930 1455 1965 qui
1470 1934 1508 1957 est
1524 1938 1540 1956 a
1560 1929 1626 1963 Deo,
1642 1929 1685 1956 hic
1700 1928 1765 1956 uidit

983 1976 1091 2004 Patrem
1105 1977 1138 2007 ’¹,.
1154 1978 1220 2005 item
1235 1976 1298 2004 illud
1311 1984 1318 2002 :
1333 1975 1389 2010 Ego
1400 1980 1424 2002 et
1438 1975 1517 2002 Pater
1531 1983 1610 2002 unum
1623 1983 1714 2002 sumus
1729 1975 1765 2008 ⁸³,

982 2029 1020 2057 et,
1033 2024 1088 2059 Ego
1101 2024 1128 2050 in
1141 2022 1222 2050 Patre
1236 2029 1259 2049 et
1273 2021 1353 2050 Pater
1365 2023 1392 2049 in
1406 2029 1445 2049 me
1457 2021 1491 2054 ",
1506 2021 1574 2049 idetn
1591 2025 1632 2049 est
1645 2029 1677 2049 ac
1689 2021 1710 2048 si
1726 2021 1766 2049 di-

981 2075 1068 2103 ceret,
1086 2069 1141 2104 Ego
1157 2077 1191 2096 ex
1207 2068 1289 2096 Patre
1303 2075 1374 2102 sum,
1390 2075 1440 2095 nec
1451 2068 1485 2095 ab
1497 2076 1529 2095 eo
1546 2075 1654 2103 possum
1669 2068 1763 2095 dividi.

981 2115 1098 2143 Joannes
1113 2122 1221 2150 quoque
1233 2115 1299 2142 dicit
1318 2123 1325 2141 :
1343 2113 1496 2149 Uuigenttus
1509 2113 1607 2148 Filius,
1622 2115 1667 2149 qui
1683 2120 1720 2142 est
1736 2115 1764 2141 in

981 2162 1041 2188 sinu
1065 2160 1232 2195 Patris,ipse
1255 2161 1388 2188 enarravit
1404 2160 1438 2187 ⁸³.
1467 2160 1574 2188 Scilicet
1601 2161 1660 2188 haec
1676 2161 1731 2194 ipse
1748 2169 1763 2187 a

981 2206 1122 2235 Salvatore
1139 2206 1281 2234 didicerat.
1297 2205 1366 2233 Nam
1381 2206 1445 2241 quid
1458 2206 1530 2233 aliud
1547 2206 1627 2238 illud,
1644 2206 1672 2232 in
1691 2206 1762 2236 sinu.

982 2252 1128 2287 signiﬁcat,
1139 2260 1220 2288 quam
1234 2261 1326 2281 veram
1335 2252 1395 2280 Filii
1407 2260 1439 2280 ex
1450 2251 1531 2278 Patre
1541 2250 1762 2286 generationem?

1017 2298 1097 2334 179
1116 2298 1162 2326 22.
1179 2298 1207 2327 Si
1227 2300 1288 2334 quis
1303 2305 1368 2332 ergo
1393 2297 1474 2324 Deum
1499 2295 1675 2330 compositum
1702 2302 1762 2323 esse

978 2345 1128 2378 existimat,
1148 2350 1178 2372 ut
1199 2345 1225 2372 in
1247 2343 1394 2372 substantia
1409 2342 1544 2374 accidens,
1555 2341 1597 2369 vel
1613 2341 1650 2368 ita
1663 2345 1692 2368 ut
1710 2340 1760 2368 ali-
1796 2345 1800 2357 '

149 2385 292 2422 περιϐολὴν
307 2386 378 2422 ἔχειν
393 2388 438 2415 καὶ
456 2388 651 2420 καλύπτεσθαι,
665 2388 681 2424 ἢ
699 2386 769 2415 εἷναί
788 2398 849 2416 τινα
862 2390 925 2426 περὶ

986 2398 1059 2425 luem
1074 2391 1245 2418 extrinsecus
1262 2390 1390 2417 amictum
1405 2389 1503 2416 habeat
1525 2396 1578 2423 quo
1591 2392 1760 2422 contegatur.

147 2432 227 2460 αὑτὸν
247 2433 281 2460 τὰ
307 2433 516 2469 συμπληροῦντα
541 2435 589 2470 τὴν
616 2436 710 2462 οὐσίαν
732 2436 813 2463 αὑτοῦ
828 2457 834 2469 ,
854 2437 924 2464 ὥστε

152 2477 271 2512 λέγοντας
286 2480 358 2514 ἡμᾶς
383 2479 466 2511 Θεὸν,
487 2480 503 2516 ἢ
529 2481 710 2516 ὀνομάζοντας
737 2482 861 2518 Πατέρα,
889 2482 926 2518 μὴ

148 2524 228 2558 αὐτὴν
252 2524 301 2560 τὴν
322 2524 438 2560 ἀόρατον
458 2526 539 2552 αὐτοῦ
564 2527 611 2553 καὶ
627 2527 815 2563 ἀκατάληπτον
831 2529 925 2554 οὐσίαν

148 2568 296 2603 σημαίνειν,
307 2569 374 2597 ἀλλὰ
387 2579 412 2597 τι
425 2571 478 2597 τῶν
489 2579 521 2597 πε
527 2571 552 2606 ρὶ
562 2572 704 2607 anew”)-
722 2572 924 2608 μεμφέσθωσαν

179 2663 201 2679 ³*
214 2662 283 2690 Psal.
299 2669 370 2695 mv,
383 2663 411 2690 2.
451 2663 473 2678 '°
487 2662 558 2691 Psal.
573 2669 627 2695 cu,
640 2662 666 2689 3.
705 2662 727 2677 ’ί
743 2660 819 2689 Joan.
835 2669 893 2695 nn,
906 2661 952 2690 42.

147 2697 167 2712 ’³
178 2697 255 2726 Jom.
274 2706 294 2730 ι,
310 2698 353 2724 18.

190 2755 214 2789 Ι)
226 2755 292 2789 Reg.
308 2755 423 2788 ἑαυτοῖς.

190 2791 217 2824 2)
228 2790 274 2817 Sic
284 2791 349 2825 Reg.
362 2795 391 2817 ut
406 2795 433 2817 et
447 2789 544 2825 legitur
558 2789 635 2817 Joan.
651 2797 687 2821 Vt,
699 2789 743 2816 46.
757 2789 808 2818 Alii
820 2795 845 2818 et
856 2790 921 2818 editi

148 2826 188 2852 τόν
200 2825 337 2852 ontittunt.

179 2861 219 2896 (ᾗ)
231 2860 276 2896 ξῑε
287 2860 351 2896 Ιιεκ.
368 2859 436 2896 _Editi
449 2867 512 2889 vero
523 2865 550 2888 et
564 2859 621 2893 alii,
637 2860 753 2896 Πατρός.

179 2894 216 2930 (4)
234 2894 299 2932 lies.
313 2894 402 2923 αὐτόν.

978 2441 1024 2465 aut
1038 2437 1159 2472 quaedam
1173 2437 1276 2464 circum
1292 2443 1353 2464 eum
1365 2436 1420 2463 sint
1435 2442 1495 2470 quae
1505 2434 1563 2469 ejus
1583 2434 1760 2462 substantiam

978 2483 1140 2518 compleant,
1156 2483 1224 2510 adeo
1241 2487 1270 2510 ut
1285 2490 1345 2510 cum
1364 2482 1446 2508 Deum
1462 2480 1576 2508 dicimus
1590 2480 1633 2507 vel
1654 2480 1759 2507 Patrem

978 2529 1161 2561 nominamus,
1174 2537 1226 2557 non
1242 2529 1300 2563 ejus
1321 2527 1499 2555 substantiam
1522 2533 1581 2561 qua!
1608 2533 1658 2553 nec
1675 2525 1758 2553 videri

977 2581 1026 2601 nec
1048 2573 1240 2609 comprehendi
1269 2577 1366 2609 potest,
1392 2572 1438 2600 sed
1465 2571 1565 2607 aliquid
1581 2578 1675 2599 eorum
1700 2577 1757 2606 qua

986 2663 1008 2680 ⁹²
1020 2649 1099 2691 Ιοθηξ
1124 2672 1160 2697 vi,
1176 2664 1221 2693 46.
1258 2666 1281 2682 ’³
1296 2666 1376 2694 Joan.
1392 2674 1420 2699 x,
1435 2667 1478 2694 30.
1515 2665 1625 2695 κλοπ.
1640 2673 1696 2699 xw,
1712 2666 1746 2695 i0

1013 2752 1052 2787 (5)
1063 2751 1139 2779 Licet
1162 2759 1241 2779 voces
1252 2760 1283 2779 επ
1299 2753 1448 2780 substantia
1472 2757 1499 2780 et
1523 2754 1754 2783 consubstantialis

976 2795 1030 2816 non
1047 2791 1155 2823 exstent
1169 2787 1195 2813 in
1222 2787 1381 2823 Scripturis,
1409 2789 1543 2815 sententia
1572 2794 1660 2816 tamen
1686 2790 1742 2823 ipsa

975 2829 1055 2856 quam
1069 2821 1233 2856 signiﬁcant,
1245 2829 1277 2849 ex
1295 2822 1444 2856 Scripturis
1460 2823 1585 2852 habetur.
1602 2823 1668 2853 Vide
1691 2821 1750 2855 item

975 2856 1109 2886 Theudor.
1123 2856 1223 2886 uiator.
1239 2857 1344 2892 etclam,
1355 2857 1401 2886 lib.
1415 2865 1435 2891 ι.
1449 2865 1472 2887 e.
1492 2857 1519 2886 8.
