2018 3048
257 143 309 171 455

521 141 549 167 S.
571 139 752 168 ATIIANASII
771 139 846 169 OPP.
866 140 954 167 PARS
974 140 994 166 l.
1013 156 1046 161 -
1066 138 1245 167 lllSTORlCA
1266 138 1309 166 ET
1328 137 1536 166 DOGMATICA.

1810 138 1866 168 ιδῦ

258 203 358 230 circum
373 201 458 235 ipsam
479 204 551 230 sunt,
569 199 768 232 signiﬁcemus;
786 199 914 234 synodum
928 206 975 233 per
993 205 1034 225 me

1090 198 1134 233 μὲν
1153 197 1201 233 τὴν
1221 197 1327 224 σύνοδον
1341 196 1485 232 γράψασαν
1506 198 1537 222 ὲκ
1553 196 1603 231 τῆς
1618 196 1711 228 οὐσίας
1729 193 1797 224 εἶναι
1816 197 1866 224 τοῦ

258 247 320 273 licet
335 246 467 276 incusent,
490 252 547 278 qua:
560 243 606 269 Dei
626 243 726 270 Filium
751 250 783 270 ex
801 244 859 278 ejus
885 243 1034 270 substantia

257 298 317 318 esse
331 289 478 324 scripserit.
500 287 650 323 Intelliganl
676 293 764 315 tamen
781 295 809 315 se
831 288 866 315 ita
884 287 1034 320 sentiendo,

257 335 389 369 duplicem
416 334 579 368 impietatem
607 333 783 359 committere.
811 332 876 360 Nam
893 333 1034 367 quemdam

259 379 340 405 Deum
363 384 519 412 corporeum
535 376 673 409 inducunt,
700 381 727 404 et
749 377 900 410 Dominum,
924 385 976 404 non
995 376 1034 404 sui

257 423 355 456 l’atris,
374 423 420 450 sed
444 429 533 449 rerum
548 429 608 456 qua:
628 421 728 448 circum
749 422 834 456 ipsum
858 427 920 448 sunt
938 421 1034 448 Filium

256 477 316 496 esse
330 467 506 496 mentiuntur.
525 467 576 494 Sed
605 467 627 494 si
645 467 714 494 Deus
729 467 829 501 aliquid
855 467 966 502 sintpch
983 472 1035 500 est,

257 516 292 542 uti
309 522 401 543 revera
414 519 465 548 est,
486 514 570 548 liquet
591 513 657 540 nihil
675 521 723 540 nos
745 515 815 548 quod
834 513 914 540 veluti
934 514 1034 540 circum

256 562 343 595 ipsum
359 561 393 588 sit
405 560 553 592 nominare,
575 567 636 586 cum
655 558 736 585 Deum
759 559 873 586 dicimus
890 564 917 586 et
929 558 1035 586 Patrem

256 607 435 636 nominamus,
450 606 496 633 sed
511 606 595 640 ipsam
608 606 667 639 ejus
682 606 856 632 substantiam
872 606 1034 641 signiﬁca-re.

255 653 383 686 Quamvis
397 651 469 678 enim
483 650 672 684 comprehendi
691 657 742 677 non
753 651 837 685 possit
851 652 914 685 quid
928 651 1034 677 tandem

255 701 291 726 sit
308 698 353 725 Dei
373 696 522 724 substantia
552 705 559 723 :
587 700 706 723 attatucn
723 696 745 723 si
759 696 844 723 solum
858 696 1036 732 intelligamus

257 745 340 771 ltettm
355 750 424 774 esse,
447 748 562 776 euntque
575 740 713 775 Scriptura
733 741 807 768 illum
822 742 972 776 lmjusmodi
986 749 1036 769 vo-

257 791 334 817 cibus
360 789 475 820 indicet;
501 788 539 815 sic
556 795 604 814 nos
619 787 698 813 etiam
712 794 772 813 cum
788 787 870 814 Deum
883 792 911 814 et
927 787 1035 814 Patrem

255 841 282 863 et
304 835 444 863 Dominum
469 834 594 865 dicimus,
615 840 666 859 non
681 833 761 860 alium
782 833 901 868 profecto
920 832 1034 867 aliquem

1086 243 1152 269 Θεοῦ
1174 243 1219 269 τὸν
1247 243 1322 269 Υίόν·
1349 243 1564 269 κατανοείτωσαν
1588 242 1615 269 δὲ
1638 243 1678 269 ὃτι
1704 243 1749 269 δύο
1779 243 1866 271 ταῦτα

1087 287 1299 324 βλασφημοῦσιν,
1320 288 1390 314 οὕτω
1405 287 1585 322 διανοούμενοι
1596 297 1602 303 ·
1625 288 1670 314 τόν
1684 296 1712 314 τε
1730 288 1784 323 γὰρ
1800 288 1867 316 Θεὸν

1086 334 1239 369 σωματικόν
1250 342 1310 359 τινα
1326 334 1472 367 εἰσάγουσι,
1483 334 1530 359 καὶ
1550 333 1595 360 τὸν
1605 333 1705 368 Κύριον
1718 334 1767 360 οὐκ
1777 327 1865 360 ἀὑτοῦ

1085 377 1132 404 τοῦ
1150 378 1270 412 Πατρὸς,
1283 377 1349 404 ἀλλὰ
1361 377 1415 404 τῶν
1425 378 1489 413 περὶ
1502 378 1582 404 αὐτὸν
1604 375 1672 404 εἶναι
1697 378 1760 404 Υἰὸν
1781 387 1866 404 κατα-

1085 423 1240 458 ψεύδονται·
1258 424 1281 449 εί
1300 423 1327 449 δὲ
1345 423 1445 450 ἁπλοῦν
1457 423 1483 450 τί
1503 423 1577 450 ἐστιν
1589 424 1602 449 ὁ
1623 423 1699 455 Θεὸς,
1711 423 1804 458 ὥσπερ
1818 421 1865 450 οὖν

1086 469 1133 496 καὶ
1150 469 1217 500 ἐστι,
1240 469 1318 503 δῆλον
1339 469 1379 495 ὅτι
1394 469 1517 502 λέγοντες
1534 469 1579 495 τὸν
1600 469 1680 501 Θεὸν,
1702 470 1748 495 καὶ
1768 469 1866 505 ὀνομά-

1086 515 1176 547 ζοντες
1190 515 1235 541 τὸν
1255 515 1377 549 Πατέρα,
1396 514 1470 541 οὐδέν
1485 523 1511 540 τι
1531 514 1568 546 ὼς
1584 514 1647 549 περὶ
1667 515 1747 541 αὐτὸν
1768 516 1866 550 ὀνομά-

1087 561 1184 595 ζομεν,
1214 561 1269 587 ἀλλ’
1284 561 1367 596 αὐτὴν
1391 561 1439 596 τὴν
1459 561 1551 587 οὐσίαν
1577 560 1658 587 αὑτοῦ
1687 561 1864 596 σημαίνομεν.

1086 605 1144 632 Κᾶν
1158 605 1212 641 γὰρ
1223 605 1383 632 καταλαϐεῖν
1393 606 1406 631 ὅ
1417 614 1443 631 τι
1458 606 1521 631 ποτέ
1537 606 1634 641 ἐστινὴ
1651 605 1696 632 τοῦ
1710 606 1776 632 Θεοῦ
1788 606 1867 634 οὐσία

1178 652 1287 678 δυνατόν
1298 660 1304 666 ·
1325 651 1391 677 ἀλλὰ
1406 651 1484 686 μόνον
1502 651 1624 683 νοοῦντες
1636 650 1704 678 εἶναι
1725 651 1769 677 τὸν
1788 651 1865 686 Θεὸν,

1086 697 1132 723 καὶ
1147 696 1196 731 τῆς
1213 697 1321 732 Γραφῆς
1336 698 1363 722 ὲν
1384 696 1487 728 τούτοις
1503 696 1584 723 αὑτὸν
1606 696 1800 731 σημαινούσης.
1816 697 1868 725 οὐκ

1086 741 1163 768 ἄλλον
1184 742 1244 769 τινὰ
1266 742 1312 768 καὶ
1336 742 1414 777 ἡμεῖς
1444 741 1459 776 ἤ
1489 742 1569 768 αὐτὸν
1593 743 1711 777 σημᾶναι
1733 741 1865 775 Θέλοντες,

1085 788 1200 824 λέγομεν
1224 787 1289 814 Θεὸν
1314 788 1359 814 καὶ
1373 788 1481 823 Πατέρα
1502 789 1548 814 καὶ
1572 788 1683 824 Κύριον.
1698 789 1781 815 Ὅταν
1802 788 1867 822 γοῦν

1085 833 1167 870 λέγῃ·
1185 834 1254 869 Ἐγώ
1269 835 1329 869 εἰμι
1344 836 1360 861 ό
1375 834 1433 861 ὢν·
1461 834 1507 861 καὶ
1526 834 1556 860 τὸ
1567 854 1574 865 ,
1597 833 1671 868 Ἐγώ
1685 835 1742 868 εἰμι
1761 835 1868 868 Κύριος

255 891 335 917 quam
359 882 446 918 ipsum
462 881 547 909 solum
560 881 681 908 volumus
695 881 854 916 signiﬁcari.
879 881 943 908 Cum
956 882 1036 916 igitur

1090 882 1102 907 ό
1120 881 1206 913 Θεός·
1245 882 1292 908 καὶ
1312 881 1377 907 ὅπου
1404 881 1469 907 ποτὲ
1490 880 1593 916 λέγειή
1610 880 1722 916 Γραφὴ,
1750 882 1767 906 ὀ
1784 881 1866 912 Θεὸς,

255 929 340 956 dicit:
357 929 411 963 h‘go
423 936 481 954 mm
500 930 544 962 qui
557 935 613 954 sum
626 927 650 943 ⁰⁶
665 936 672 960 ;
697 931 734 960 et,
750 926 804 961 Ego
825 935 882 953 sum
910 927 1036 954 Dominus

256 974 326 1001 Deus
339 973 374 1005 ",
397 981 429 1000 ac
445 972 597 1006 ubicunque
616 971 754 1006 Scriptura
775 972 857 1003 dicit,
873 972 958 1004 Deus;
976 980 1036 999 cum

258 1025 305 1045 nos
318 1018 369 1045 ista
389 1018 512 1052 legimus,
536 1015 602 1043 nihil
619 1016 690 1042 aliud
709 1015 880 1050 intelligimus
891 1016 1037 1050 signiﬁcari

255 1072 336 1099 quam
363 1064 447 1099 ipsam
478 1062 535 1097 ejus
567 1063 817 1097 iucomprehensam
848 1062 1037 1094 substantiam,

256 1110 364 1145 etquod
382 1109 428 1137 ille
449 1109 482 1136 sit
497 1116 576 1143 quem
594 1115 654 1135 esse
684 1113 824 1135 testantur.
847 1107 929 1134 Nemo
959 1108 1038 1144 igitur

257 1157 429 1192 obstupescat
440 1163 500 1183 cum
516 1155 590 1182 audit
605 1153 702 1181 Filium
722 1154 768 1181 Dei
783 1161 815 1181 ex
831 1154 978 1181 substantia
992 1154 1038 1181 Dei

257 1210 330 1236 esse,
348 1202 394 1230 sed
408 1201 534 1229 Patribus
566 1201 655 1236 potius
671 1199 834 1227 assentiatur
858 1200 903 1234 qui
917 1198 1040 1226 videlicet

257 1255 287 1276 ut
304 1249 389 1283 ipsam
411 1248 449 1276 rei
471 1247 608 1274 notionem
621 1251 825 1281 perpurgarent,
850 1245 959 1278 majoris
976 1252 1039 1279 per-

257 1294 410 1329 spicuitatis
438 1293 524 1328 gratia
540 1292 684 1326 verbisque
706 1291 788 1317 veluti
816 1290 971 1326 synonymis
992 1290 1040 1317 has

257 1347 347 1371 voces,
363 1347 394 1366 ea:
413 1339 476 1369 Deo,
493 1337 562 1369 istis,
578 1345 610 1364 ex
626 1336 672 1363 Dei
690 1336 848 1366 substantia,
863 1335 1038 1369 cxplicavere.

257 1387 328 1414 Idem
355 1386 425 1412 enim
454 1391 513 1411 esse
541 1382 662 1410 arbitrati
684 1386 747 1410 sunt
768 1382 857 1408 dicere
876 1380 992 1408 Verbum
1009 1388 1041 1406 ex

258 1431 312 1457 Deo
330 1436 400 1461 esse,
420 1435 452 1456 ac
468 1429 557 1455 dicere
575 1428 660 1462 ipsum
685 1434 745 1454 esse
761 1434 792 1453 ex
813 1425 859 1452 Dei
882 1425 1039 1457 substantia,

257 1476 474 1512 quandoquidem
498 1475 548 1501 ista
564 1481 625 1505 vox,
648 1473 728 1505 Deus,
750 1477 779 1499 ut
800 1471 866 1504 dixi,
884 1470 949 1497 nihil
970 1469 1041 1496 aliud

257 1521 391 1557 signiﬁcat
407 1527 486 1554 quam
503 1519 679 1547 substantiam
696 1517 754 1552 ejus
780 1517 825 1552 qui
841 1521 892 1543 est.
908 1515 936 1542 Si
960 1515 1042 1549 igitur

258 1567 377 1595 Verbum
393 1573 443 1593 non
457 1567 494 1593 ita
505 1571 546 1593 est
561 1573 593 1593 ex
605 1565 669 1596 Deo,
686 1567 715 1591 ut
731 1570 810 1590 verus
824 1565 857 1589 ex
870 1561 948 1588 Patre
967 1566 1042 1588 natu-

256 1612 347 1647 ra_sit
360 1611 460 1644 Filius;
484 1611 530 1639 sed
545 1611 567 1639 si
584 1619 616 1638 eo
639 1615 741 1638 tantum
761 1609 839 1635 modo
858 1616 890 1635 ex
913 1607 966 1634 Deo
981 1613 1041 1633 esse

257 1658 367 1690 dicitur,
386 1664 438 1692 quo
454 1664 498 1684 res
521 1663 615 1684 omnes
634 1660 741 1687 creatae,
759 1654 820 1688 quia
845 1660 939 1686 nempe
959 1660 974 1679 a
988 1652 1042 1679 Deo

258 1704 337 1731 facta:
354 1707 417 1730 sunt
443 1715 450 1729 ι
472 1709 538 1730 sane
551 1709 637 1736 neque
649 1710 680 1728 ex
697 1699 845 1728 substantia
865 1699 954 1726 Patris
978 1703 1021 1726 est
1033 1718 1040 1730 ,

256 1756 344 1784 neque
355 1749 411 1784 ipse
429 1748 523 1781 Filius,
543 1749 693 1776 substantia
715 1751 755 1774 est
783 1746 876 1779 Filius,
893 1746 940 1773 sed
956 1746 1041 1773 solum

256 1803 289 1822 ex
299 1796 407 1827 virtute,
422 1802 475 1822 non
488 1794 567 1821 aliter
578 1802 609 1820 ac
620 1802 677 1826 nos,
690 1793 735 1828 qui
748 1794 833 1828 gratia
845 1793 890 1820 ﬁlii
902 1801 1040 1821 vocamur.

1086 928 1166 962 ἡμεῖς
1190 926 1418 961 ἀναγινώσκοντες
1432 947 1439 959 ,
1462 927 1538 953 οὐδὲν
1565 927 1656 962 ἕτερον
1680 926 1797 962 ῆαὺτὴν
1818 927 1867 962 τὴν

1086 974 1275 1009 ἀκατάληπτον
1301 974 1383 1000 αὑτοῦ
1404 974 1496 1000 οὐσίαν
1520 973 1720 1009 σημαινομένην
1736 972 1865 1008 νοοῦμεν,

1087 1019 1133 1046 καὶ
1147 1019 1188 1045 ὃτι
1210 1019 1283 1046 ἔστιν
1300 1020 1383 1054 ὅνπερ
1397 1019 1530 1053 λέγουσιν.
1550 1017 1652 1045 Οὐκοῦν
1669 1018 1706 1053 μὴ
1725 1017 1867 1050 ξενιζέσθω

1086 1075 1129 1098 τις
1144 1065 1249 1093 ἀκούων
1266 1067 1302 1092 ἐκ
1317 1066 1366 1100 τῆς
1384 1065 1478 1096 οὐσίας
1499 1063 1545 1090 τοῦ
1567 1063 1634 1090 Θεοῦ
1651 1062 1719 1090 εἶναι
1737 1064 1782 1090 τὸν
1804 1062 1868 1090 Υίδν

1087 1111 1133 1138 τοῦ
1144 1111 1210 1138 Θεοῦ
1221 1121 1228 1127 ·
1243 1111 1310 1138 ἀλλὰ
1325 1111 1371 1138 καὶ
1385 1110 1481 1146 μᾶλλον
1493 1109 1664 1145 ἀποδεχέσθω
1675 1110 1739 1140 τοὺς
1747 1109 1870 1145 Πατέρας

1087 1157 1301 1194 διακαθάραντας
1313 1157 1358 1184 τὸν
1379 1157 1451 1188 νοῦν,
1461 1156 1618 1191 λευκότερον
1636 1156 1682 1182 καὶ
1703 1156 1740 1186 ὡς
1754 1157 1786 1182 ὲκ
1800 1164 1871 1190 παρ-

1088 1203 1214 1238 αλλήλου,
1230 1203 1260 1230 τὺ
1282 1204 1316 1229 ἐκ
1328 1203 1380 1229 τοῦ
1401 1202 1475 1229 Θεοῦ
1502 1202 1676 1237 γράςναντας,
1696 1200 1726 1227 τὸ
1756 1201 1789 1227 ἐκ
1817 1200 1872 1234 τῆς

1088 1251 1206 1283 οὐσίας.
1228 1249 1330 1276 Ταύτὸν
1343 1248 1396 1284 γὰρ
1409 1249 1545 1284 ἡγήσαντο
1558 1248 1646 1281 λέγειν
1665 1247 1699 1273 ἐκ
1716 1247 1768 1273 τοῦ
1785 1246 1870 1278 Θεοῦ,

1089 1295 1136 1321 καὶ
1147 1295 1177 1321 τὺ
1199 1295 1298 1328 λέγειν,
1325 1294 1359 1320 ἐκ
1378 1293 1433 1327 τῆς
1447 1293 1554 1324 οὐσίης
1566 1292 1619 1318 τοῦ
1637 1291 1710 1318 Θεοῦ
1742 1289 1810 1318 εἶναι
1826 1291 1871 1318 τὸν

1089 1341 1190 1374 Λόγοψ
1221 1341 1282 1366 ἐπεὶ
1304 1340 1352 1366 καὶ
1368 1339 1407 1371 τὸ,
1439 1340 1527 1371 Θεὸς,
1547 1338 1618 1365 καθὰ
1638 1340 1777 1374 προεῖπον,
1796 1337 1872 1364 οὐδὲν

1089 1385 1181 1421 ἕτερον
1202 1385 1280 1420 ἢτὴν
1301 1385 1394 1411 οὐσίαν
1412 1384 1494 1410 αὑτοῦ
1512 1385 1557 1411 τοῦ
1583 1385 1657 1415 ὖντος
1678 1384 1814 1419 σημαίνει.
1838 1384 1872 1410 Et

1092 1431 1141 1466 μὲν
1156 1429 1203 1457 οὖν
1219 1430 1254 1466 μὴ
1276 1431 1307 1456 ὲκ
1324 1430 1371 1456 τοῦ
1390 1429 1456 1456 Θεοῦ
1474 1431 1547 1456 ἔστιν
1561 1431 1576 1456 ὁ
1595 1431 1689 1464 Λόγος,
1707 1429 1743 1461 ὡς
1762 1429 1793 1455 ἂν
1808 1428 1872 1460 Υἱὸς

1091 1477 1133 1512 εἴη
1143 1476 1222 1511 φύσει
1231 1477 1340 1512 γνήσιος
1356 1477 1387 1502 ὲκ
1395 1475 1512 1511 Πατρὸς,
1529 1475 1584 1502 ἀλλ’
1598 1476 1633 1507 ὠς
1642 1475 1675 1502 τὰ
1686 1475 1820 1510 χτίσματα
1828 1474 1871 1502 διὰ

1090 1522 1121 1548 τὸ
1134 1521 1378 1557 δεδημιουργῆσθαι
1389 1542 1395 1552 ,
1410 1521 1518 1555 λέγεται
1530 1521 1577 1548 καὶ
1590 1521 1668 1552 αὐτὸς
1678 1521 1715 1552 ὡς
1729 1521 1764 1546 τὰ
1782 1520 1871 1547 πάντα

1093 1569 1125 1594 ἐκ
1147 1568 1193 1594 ’τοῦ
1215 1567 1297 1594 Θεοῦ·
1318 1567 1378 1593 οὔτε
1396 1568 1428 1593 ὲκ
1443 1567 1492 1602 τῆς
1508 1567 1601 1598 οὐσίας
1621 1567 1680 1592 ἐστὶ
1693 1566 1739 1592 τοῦ
1755 1566 1871 1601 Πατρὸς,

1091 1613 1153 1640 οὔτε
1167 1614 1247 1645 αὐτὸς
1266 1615 1280 1640 ὁ
1296 1613 1370 1644 Υἱὸς,
1390 1614 1448 1639 κατ’
1463 1613 1557 1639 οὐσίαν
1579 1612 1652 1638 ἐστὶν
1668 1612 1730 1643 Υἱὸς
1741 1633 1748 1642 .
1765 1611 1821 1638 ἀλλ’
1842 1611 1872 1645 ἐξ

1091 1659 1201 1694 ἀρετῆς,
1215 1659 1252 1689 ὡς
1268 1660 1348 1694 ἡμεῖς
1361 1660 1384 1685 οἱ
1405 1658 1477 1685 κατὰ
1495 1659 1574 1693 χάριν
1587 1657 1748 1692 καλούμενοι
1762 1658 1822 1683 υίοί.
1840 1658 1872 1684 ΕΞ

1091 1704 1120 1730 δὲ
1131 1706 1162 1731 ὲκ
1174 1704 1219 1731 τοῦ
1230 1704 1296 1731 Θεοῦ
1309 1705 1366 1730 ἐστι
1379 1704 1467 1739 μόνος,
1482 1704 1519 1736 ὡς
1532 1704 1594 1735 Υἱὸς
1605 1703 1768 1738 γνήσιος(6),
1779 1703 1873 1739 ὥσπερ

1092 1747 1138 1776 οὖν
1153 1750 1201 1776 καὶ
1221 1749 1289 1780 ἔστι,
1303 1749 1412 1785 λεχθείη
1430 1749 1462 1776 ἂν
1479 1750 1589 1780 εἰκότως
1604 1749 1650 1776 καὶ
1665 1750 1697 1775 ὲκ
1717 1749 1766 1784 τῆς
1779 1748 1873 1780 οὐσίας

1092 1794 1138 1821 τοῦ
1153 1795 1220 1822 Θεοῦ
1234 1797 1248 1822 ὁ
1262 1796 1334 1827 Υἱός.

257 1843 305 1870 Sin
319 1847 407 1870 autem
421 1842 492 1869 solus
506 1850 538 1869 ex
559 1842 612 1869 Deo
633 1845 685 1874 est,
720 1846 846 1876 tanquam
882 1848 961 1868 verus
982 1840 1075 1875 Filius,
1095 1843 1133 1870 uti
1153 1851 1246 1871 revera
1271 1843 1407 1878 est:jure
1432 1849 1464 1869 ac
1489 1843 1584 1870 merito
1599 1848 1631 1869 ex
1654 1841 1806 1869 substantia
1827 1839 1874 1867 Dei

257 1890 342 1918 Filius
353 1890 481 1917 dicendus
496 1895 547 1916 est.

292 1937 338 1966 25.
353 1937 434 1965 Certe
450 1944 505 1963 rem
531 1937 566 1964 ita
596 1944 626 1964 se
654 1935 751 1963 habere
778 1940 851 1970 patet
871 1943 904 1962 ex
919 1936 1040 1970 exemplo

259 1983 327 2010 lucis
345 1987 373 2009 et
387 1982 547 2017 splendoris.
576 1982 634 2009 Non
662 1981 733 2009 enim
756 1981 841 2007 instar
857 1980 936 2016 ignis,
950 1981 995 2015 qui
1007 1988 1040 2007 ex

1127 1935 1172 1962 ΞΖ.
1188 1933 1243 1961 Καὶ
1255 1932 1309 1968 γὰρ
1324 1932 1411 1959 καὶτὸ
1425 1931 1596 1966 παράδειγμα
1607 1929 1654 1956 τοῦ
1669 1927 1756 1964 φωτδς
1767 1928 1813 1955 καὶ
1827 1928 1874 1955 τοῦ

1094 1980 1317 2014 ἀπαυγάσματος,
1333 1976 1452 2004 τοιοῦτον
1466 1976 1577 2011 ἔχειτὸν
1596 1975 1667 2002 νοῦν.
1683 1975 1720 2001 Οὺ
1736 1973 1790 2008 γὰρ
1804 1973 1875 2000 κατὰ

258 2029 350 2056 calore
373 2028 438 2055 solis
461 2028 618 2054 accenditur
644 2033 676 2053 ac
701 2031 792 2060 postea
805 2026 873 2054 solet
891 2025 1036 2061 exstingui,

1090 2026 1118 2051 τὸ
1136 2023 1318 2058 ὲξαπτόμενον
1335 2023 1367 2048 ἐκ
1384 2022 1431 2057 τῆς
1452 2021 1555 2057 θέρμης
1571 2020 1617 2047 τοῦ
1633 2020 1707 2055 ἡλίου
1726 2019 1790 2054 πῦρ,
1805 2019 1874 2054 ὅπερ

259 2074 378 2102 Verbum
407 2081 436 2101 se
450 2074 483 2101 ad
507 2074 590 2101 Deum
613 2072 711 2100 habere
726 2073 810 2099 sancti
839 2079 989 2099 censuere:
1005 2072 1042 2099 ita

259 2123 360 2157 quippe
375 2126 515 2148 externum
536 2124 563 2147 et
576 2125 696 2147 creatum
715 2118 850 2146 effectoris
871 2126 940 2153 opus
961 2123 1042 2145 esset.

261 2168 359 2195 \‘erum
382 2166 478 2193 Filium
507 2173 602 2192 omnes
623 2164 793 2198 splendorem
819 2171 879 2191 esse
895 2164 998 2196 dixere,
1015 2168 1045 2189 ut

260 2221 322 2241 cum
348 2213 457 2248 proprie
481 2219 512 2239 ac
531 2211 591 2239 sine
604 2211 735 2238 divisione
758 2217 791 2237 ex
808 2209 957 2237 substantia
973 2216 1042 2240 esse,

259 2257 373 2292 ejusque
388 2264 447 2283 cum
471 2255 551 2283 Patre
566 2255 697 2282 unitatem
710 2254 904 2290 signiﬁcarent.
924 2253 1045 2288 Namque

261 2305 314 2331 hoc
325 2307 404 2338 pacto
418 2307 524 2329 constat
540 2307 601 2327 vere
614 2307 673 2327 eum
687 2298 879 2326 immutabilem
894 2298 1046 2325 varietatis-

261 2356 314 2384 que
326 2352 463 2383 expertem
477 2355 548 2373 esse.
566 2345 705 2379 Quomodo
717 2346 788 2371 enim
809 2344 887 2371 aliter
909 2344 969 2370 talis
985 2351 1045 2370 esse

263 2398 365 2429 posset,
389 2393 438 2420 nisi
456 2391 544 2419 l‘atris
571 2391 696 2426 proprius
711 2394 783 2417 esset
798 2389 886 2416 fetus?
913 2388 957 2415 Sic
974 2389 1045 2415 enim

265 2447 375 2468 necesse
401 2444 444 2466 est
467 2446 528 2465 eum
557 2436 680 2464 eamdem
700 2443 756 2463 rem
771 2442 830 2462 esse
847 2442 879 2461 ac
894 2442 972 2461 suum
992 2434 1045 2461 PII-

263 2493 342 2514 trem.
370 2485 436 2518 Qua:
464 2491 526 2511 cum
549 2483 642 2518 pietati
676 2482 753 2508 valde
784 2486 961 2508 consentanea
985 2487 1046 2507 esse

262 2538 399 2559 ostensum
425 2530 515 2563 fuerit,
535 2529 656 2565 profecto
671 2527 769 2556 Christi
796 2526 888 2555 hostes
907 2533 972 2554 voce
990 2534 1048 2553 con-

263 2577 446 2606 substantialia
460 2576 571 2603 minime
582 2576 680 2602 debent
691 2573 800 2606 offendi,
815 2581 875 2600 cum
887 2574 944 2600 haec
954 2579 1046 2599 sanam

263 2623 374 2651 omnino
390 2622 528 2650 contineat
544 2619 717 2651 sententiam,
736 2619 891 2653 rationeque
904 2617 1048 2644 conﬁrme-

264 2674 316 2696 tur.
337 2668 480 2695 Enimvero
507 2674 569 2694 cum
583 2665 699 2693 Verbum
713 2672 746 2691 ex
760 2663 908 2692 substantia
923 2662 971 2690 Dei
988 2669 1048 2690 esse

298 2725 322 2741 "
340 2724 426 2751 Exod.
442 2731 483 2754 ιιι,
500 2722 543 2749 Η.
572 2710 603 2737 ’⁵⁷
619 2721 704 2749 Exod.
720 2728 768 2752 xx,
783 2719 810 2746 2.

297 2771 336 2806 (6)
354 2770 399 2806 Sic
411 2769 476 2804 Reg.
491 2768 571 2806 Basil.
590 2774 619 2794 ιιι
630 2774 656 2806 et
672 2768 740 2806 legit
759 2766 888 2806 Nannius.
901 2764 998 2793 Caneri
1017 2769 1042 2792 et

263 2802 332 2868 edlit.’
343 2802 475 2864 90“;qu
490 2804 659 2835 omittuultb;
672 2803 735 2834 Υἱὸς
747 2802 866 2837 γνήσιος,
882 2807 947 2834 etc.,
961 2807 1044 2835 usque

264 2850 289 2868 at
316 2849 362 2867 και
373 2847 389 2872 γ
412 2846 427 2873 ρ

1095 2071 1141 2098 καὶ
1155 2068 1312 2096 σϐέννυσθαι
1341 2067 1421 2094 πάλιν
1451 2067 1563 2098 εἴωθεν,
1587 2066 1728 2102 εἰρήκασιν
1753 2066 1778 2091 οἰ
1801 2064 1876 2098 ἅγιοι

1095 2114 1164 2143 εἶναι
1179 2116 1224 2141 τὸν
1248 2114 1332 2148 Λόγον
1361 2113 1428 2149 πρὸς
1447 2112 1492 2138 τὸν
1519 2112 1600 2138 Θεόψ
1621 2111 1699 2138 τοῦτο
1721 2111 1775 2146 γὰρ
1796 2110 1877 2145 ἔργον

1095 2162 1193 2194 ἔξωθεν
1217 2161 1263 2187 καὶ
1286 2159 1386 2194 κτίσμα
1410 2158 1457 2184 τοῦ
1477 2157 1614 2188 ποιοῦντος
1633 2155 1680 2192 ἦν’
1701 2156 1768 2183 ἀλλὰ
1787 2155 1877 2182 ἀπαύ-

1095 2215 1189 2242 γασμα
1210 2205 1290 2232 αὑτὸν
1310 2203 1521 2240 εὐηγγελίσαντο
1542 2202 1650 2233 πάντες,
1666 2202 1708 2228 ἵνα
1729 2201 1758 2227 τὸ
1773 2202 1804 2227 ὲκ
1824 2200 1876 2236 τῆς

1095 2252 1188 2284 οὐσίας
1202 2252 1268 2278 ἴδιον
1281 2250 1327 2276 κοιλ¹
1340 2248 1489 2284 ἀδιαίρετον
1501 2247 1548 2274 καὶ
1561 2247 1611 2282 τὴν
1628 2246 1695 2281 πρὸς
1706 2246 1750 2272 τὸν
1762 2245 1874 2281 Πατέρα

1096 2297 1210 2332 ἑνότητα
1225 2294 1374 2330 δηλώσωσι.
1395 2293 1449 2318 Καὶ
1463 2291 1517 2326 γὰρ
1537 2291 1608 2317 οὕτω
1626 2291 1673 2317 καὶ
1694 2290 1724 2316 τὸ
1742 2290 1878 2324 ἄτρεπτον

1096 2343 1143 2369 καὶ
1156 2340 1333 2368 ἀναλλοίωτον
1347 2338 1428 2364 αὑτὸν
1440 2336 1545 2372 ἀληθῶς
1554 2335 1622 2362 εἶναι
1639 2335 1804 2370 σωθήσεταιι·
1818 2333 1878 2365 πιῖις

1097 2388 1150 2422 γὰρ
1162 2386 1194 2413 ἃν
1207 2385 1292 2415 ἄλλως
1303 2384 1341 2419 (7)
1356 2383 1397 2419 εἴη
1417 2382 1545 2413 τοιοῦτος,
1562 2382 1586 2407 εί
1599 2380 1635 2416 μὴ
1649 2381 1698 2415 τῆς
1711 2379 1757 2406 τοῦ
1770 2377 1879 2413 Πατρὸς

1097 2431 1189 2462 οὐσίας
1205 2430 1268 2456 ἴδιόν
1276 2430 1334 2455 ἐστι
1345 2429 1482 2463 γέννημα;
1503 2426 1620 2460 Ἀνάγκη
1628 2424 1682 2460 γὰρ
1693 2425 1739 2451 καὶ
1749 2425 1777 2450 ὲν
1790 2423 1880 2457 τούτῳ

1097 2478 1146 2512 τὴν
1173 2475 1322 2510 ταυτότηντα
1349 2473 1418 2510 πρὸς
1443 2473 1488 2499 τὸν
1517 2471 1612 2498 ἑαυτοῦ
1636 2470 1745 2505 Πατέρα
1770 2467 1878 2501 σώζειν.

1098 2523 1175 2549 Οὕτω
1197 2521 1229 2556 δὴ
1248 2521 1294 2547 τοῦ
1319 2520 1406 2554 Λόγου
1424 2518 1551 2553 φανέντος
1567 2515 1710 2547 εὐσεϐοῦς,
1733 2513 1880 2545 ἀκόλουθον

1097 2569 1130 2596 ἂν
1163 2567 1205 2604 εἴη
1233 2567 1299 2603 μηδὲ
1333 2566 1380 2593 ἐπὶ
1409 2564 1450 2597 τῷ
1477 2563 1627 2599 ὀμοουσίῳ
1644 2561 1791 2594 ξενίζεσθαι
1816 2560 1879 2591 τοὺς

1099 2613 1312 2649 Χριστομάχους,
1329 2611 1443 2647 ἐχούσης
1459 2610 1506 2637 καὶ
1518 2610 1566 2645 τῆς
1578 2609 1676 2642 λέξεως
1691 2606 1791 2641 ταύτης
1812 2606 1880 2640 ὑγιῆ

1098 2660 1147 2696 τὴν
1158 2659 1275 2686 διάνοιαν
1291 2658 1338 2685 καὶ
1351 2658 1400 2693 τὴν
1413 2656 1558 2689 ἀπόδειξιν.
1576 2655 1607 2681 Εἰ
1621 2654 1674 2689 γὰρ
1689 2654 1720 2688 δή
1737 2660 1826 2687 φαμεν
1844 2652 1879 2678 ὲκ

1137 2762 1174 2798 (7)
1185 2761 1231 2790 Sic
1253 2761 1322 2797 Reg.
1348 2759 1443 2789 (ἔπιειί
1461 2766 1525 2788 vero
1548 2763 1575 2786 et
1590 2756 1740 2790 οᾶίιίιπῶς
1763 2754 1818 2790 γὰρ
1832 2753 1881 2782 ει).-

1099 2806 1160 2829 ..ως.
