2018 3048
159 121 210 149 461

689 119 732 146 DE
751 119 922 147 DECRETIS
942 118 1092 147 NlC/EN/E
1110 118 1244 147 SYNODI.

1723 116 1778 146 £63

160 175 305 211 γενόμενος
329 175 477 209 ἐπίσκοπος
504 177 553 212 τῆς
582 176 782 212 Ἀλεξανδρείας
803 177 872 204 κατὰ
896 186 930 203 τοη

994 185 1053 210 qua:
1070 177 1198 203 adversus
1211 176 1358 203 Sabellium
1384 175 1541 211 scripserat.
1566 175 1663 210 quibus
1682 181 1777 208 nempe

159 222 303 249 Σασελλίου
318 224 440 258 γράφων,
462 223 512 259 τήν
534 232 564 250 τε
588 224 659 251 κατὰ
684 225 773 260 σάρκα
789 225 942 260 οἰκονομίαν

157 268 205 296 τοῦ
222 268 348 304 Σωτῆρος
361 268 405 295 διὰ
417 269 545 295 πλειόνων
558 269 748 304 ἐξηγούμενος,
758 269 804 295 καὶ
819 268 848 301 ἐξ
859 269 942 304 αὐτῆς

157 313 302 349 διελέγχων
314 315 376 345 τοὺς
388 314 607 346 Σαϐελλίζοντας,
624 315 665 341 ὅτι
683 315 720 350 μὴ
733 316 747 341 ὁ
762 315 858 350 Πατήρ
870 317 942 341 ἐστιν

156 361 171 386 ὁ
184 359 328 395 γενόμενος
347 359 425 394 σὰρξ,
443 360 501 386 ἀλλ’
521 361 535 386 ὁ
553 360 647 386 τούτου
665 361 759 394 Λόγος,
774 361 811 392 ὡς
837 358 911 386 εἶπεν
928 361 942 386 ὁ

163 405 304 440 Ἰωάννης·
319 405 412 441 ἐπειδὴ
433 405 569 441 ὐπενοήθη
588 406 625 438 ὡς
645 406 749 442 ποίημα
767 407 813 433 καὶ
828 406 941 442 γενητὸν

160 451 244 485 λέγων
258 451 303 478 τὸν
317 451 390 484 Υίδν,
405 453 452 479 καὶ
468 452 505 488 μὴ
521 452 663 488 ὁμοούσιον
678 452 718 488 τῷ
728 453 825 488 Πατρὶ,
841 453 940 487 γράφει

159 497 224 532 ’πρὸς
242 497 287 524 τὸν
312 497 456 534 ὁμώνυμον
475 498 549 533 αὐτῷ
572 498 708 525 Διονύσιον
724 499 769 526 τὸν
792 499 940 526 ἐπίσκοπον

165 543 270 580 Ῥώμης
281 564 288 575 ,
315 544 531 582 ἀπολογούμενος
550 546 730 581 συκοφαντίαν
748 544 815 573 εἶναι
837 546 939 582 ταύτην

157 590 216 617 κατ’
230 590 322 617 αὑτοῦ.
338 591 416 626 Μήτε
436 591 492 628 γὰρ
507 592 616 628 ποιητὸν
640 592 778 627 εἰρηκέναι
803 591 849 618 τὸν
864 592 938 624 Υἰδν,

155 635 223 662 ἀλλὰ
247 637 293 664 καὶ
308 637 450 672 ὁμοούσιον
473 639 554 665 αὑτὸν
568 638 708 674 ὁμολογεῖν
720 637 936 666 διεῦεὸαιώσατο.

156 681 232 715 Ἔχει
247 681 275 708 δὲ
291 681 374 708 αὐτοῦ
390 683 406 718 ἡ
427 682 499 715 λέξις
517 682 588 709 οὕτω
599 691 606 698 ·
625 692 634 709 ι
652 684 707 710 Καὶ
726 683 759 710 δι’
779 683 862 720 ἄλλης
878 685 938 710 ὲπις

159 726 251 762 στολῆς
267 727 391 764 ἔγραψα,
408 729 437 755 ὲν
456 725 497 761 οἷς
521 728 622 765 ἧλεγξα
645 729 693 755 καὶ
715 729 730 755 ὃ
756 730 937 765 προφέρουσιν

157 770 277 807 ἔγκλημα
291 774 351 800 κατ’
370 773 436 808 ἐμοῦ
461 773 558 809 ψεῦδος
577 773 617 806 ὂν,
637 773 675 805 ὡς
694 774 725 801 οὐ
747 774 870 809 λέγοντος
891 775 937 801 τὸν

157 817 270 853 Χριστὸν
290 819 431 854 ὁμοούσιον
451 818 521 846 εἶναι
547 819 586 855 τῷ
608 819 678 856 Θεῷ.
704 820 735 847 El
757 820 812 856 γὰρ
833 820 883 847 ικαὶ
906 821 936 847 τὸ

154 863 236 900 ὖνυμα
267 865 347 891 τοῦτό
380 873 451 901 φημι
474 866 511 902 μὴ
531 867 676 903 εὑρηκέναι
699 876 751 894 που
776 866 830 894 τῶν
851 867 935 901 ἁγίων

155 909 276 946 Γραφῶν,
296 910 364 938 ἀλλά
377 920 409 946 γε
428 912 462 939 τὰ
487 913 690 949 ἐπιχειρήματά
706 922 755 949 μου
778 913 812 940 τὰ
828 913 901 948 ἑξῆς,
917 914 935 941 ἃ

155 957 348 992 σεσιωπήκασι,
365 957 415 992 τῆς
438 958 556 990 διανοίας
571 959 672 994 ταύτης
689 960 738 986 οὐκ
754 959 862 995 ἀπᾴδει.
880 960 935 985 Καὶ

152 1002 204 1038 γὰρ
217 1002 390 1039 ἀνθρωπίνην
406 1003 488 1039 γονὴν
511 1005 681 1040 παρεθέμην,
695 1005 774 1040 δῆλον
792 1005 830 1036 ὡς
852 1003 934 1032 οὖσαν

150 1048 266 1083 ὁμογενῆ
276 1068 284 1080 ,
300 1049 389 1084 φήσας
409 1048 523 1089 πάντως
535 1051 598 1082 τοὺς
611 1052 700 1085 γονεῖς
725 1051 803 1085 μόνον
825 1051 933 1086 ἑτέρους

150 1090 218 1119 εἶναι
237 1093 291 1120 τῶν
311 1093 432 1127 τέκνων,
452 1094 492 1121 ὅτι
514 1095 551 1130 μὴ
577 1095 653 1122 αὐτοὶ
681 1095 735 1123 εἶεν
750 1096 782 1122 τὰ
797 1097 895 1128 τέκνα,
915 1097 930 1132 ἢ

151 1138 219 1173 μήτε
240 1140 329 1173 γονεῖς
352 1139 500 1174 ἀναγκαῖον
517 1141 638 1177 ὑπάρχον
659 1140 728 1169 εἶναι
746 1143 814 1178 μήτε
838 1142 930 1169 τέκνα.

148 1181 203 1208 Καὶ
216 1183 265 1218 τὴν
283 1183 331 1218 μὲν
351 1184 505 1221 ἐπιστολὴν,
523 1186 560 1217 ὡς
577 1187 715 1222 προεῖπον,
732 1187 775 1214 διὰ
787 1187 836 1219 τὰς
855 1196 931 1223 περι-

150 1228 258 1260 στάσεις
272 1230 323 1256 οὐκ
338 1230 392 1265 ἔχω
406 1232 580 1267 προκομίσαι·
595 1233 618 1259 εἰ
630 1232 651 1258 δ’
664 1231 710 1259 οὖν
724 1233 790 1268 (i7),
807 1234 877 1262 αὑτά
889 1243 929 1261 σοι

148 1273 184 1300 τὰ
194 1274 253 1300 τότε
263 1275 296 1310 (Si;
301 1284 383 1309 ματα,
394 1276 493 1311 μᾶλλον
505 1277 533 1303 δὲ
546 1278 592 1304 καλ¹
606 1277 695 1312 πάσης
707 1278 763 1313 (18)
773 1278 806 1305 ἂν
819 1278 929 1314 ἔπεμψα

145 1318 175 1345 τὺ
195 1319 374 1355 ἀντίγραφον,
399 1322 483 1357 ὅπερ,
498 1322 531 1349 ἂν
550 1323 708 1359 εὐπορήσω,
727 1325 842 1361 ποιήσω.
863 1324 928 1353 Οἶδα

143 1363 172 1390 δὲ
196 1365 242 1391 καὶ
267 1365 408 1401 μέμνημαι
430 1367 539 1394 πλείονα
563 1368 689 1404 προσθεὶς
711 1369 766 1396 τῶν
790 1371 928 1405 συγγενῶν

143 1409 300 1445 ὁμοιώματα
312 1419 319 1426 ⁸
335 1412 380 1438 καὶ
393 1412 448 1448 γὰρ
464 1413 511 1440 καὶ
523 1414 604 1447 φυτὸν
617 1413 691 1441 εἷπον
705 1415 757 1442 ἀπὸ
771 1416 927 1452 σπέρματος

143 1453 160 1488 ἢ
180 1454 234 1481 ἀπὸ
258 1454 336 1492 ῥίζης
357 1457 468 1484 ἀνελθὸν
490 1458 581 1495 ἓτερον
605 1457 674 1487 εἶναι
696 1461 742 1487 τοῦ
759 1461 819 1489 ὅθεν
845 1462 925 1489 ἐϐλά-

144 1508 236 1535 στησε,
254 1502 300 1528 καὶ
317 1503 426 1535 πάντως
442 1504 537 1540 ἐκείνῳ
550 1506 718 1541 καθέστηκεν
730 1508 862 1543 ὁμοφνέςο
876 1510 923 1536 καὶ
936 1517 957 1546 c

145 1549 266 1583 ποταμὸν
283 1546 359 1576 εἷπον
371 1551 425 1577 ἀπὸ
438 1551 529 1586 πηγῆς
550 1553 645 1587 ῥέοντα
657 1553 750 1589 ἕτερον
761 1554 846 1590 ὄνομα
861 1564 926 1590 μετ-

143 1593 295 1629 ειληφέναιε
325 1597 394 1632 μήτε
424 1597 479 1633 γὰρ
499 1598 549 1633 τὴν
579 1600 670 1635 πηγὴν
696 1600 836 1636 ποταμὸν,
860 1602 927 1637 μήτε

142 1638 187 1665 τὸν
204 1641 327 1676 ποταμὸν
347 1643 438 1678 πηγὴν
452 1643 590 1678 λέγεσθαι,
609 1645 657 1672 καὶ
679 1646 819 1682 ἀμφότερα
840 1647 925 1684 ὑπάρ-

142 1693 218 1719 χειν,
246 1687 292 1713 καὶ
312 1687 358 1714 τὸν
385 1689 506 1724 ποταμὸν
540 1688 609 1717 εἶναι
638 1691 669 1717 τὸ
701 1692 732 1718 ἐκ
760 1692 810 1727 τῆς
836 1693 927 1729 πηγῆς

143 1729 224 1767 ὕδωρ.
242 1741 252 1757 ι

175 1864 221 1892 26.
241 1866 302 1892 Ὅτι
319 1866 348 1893 δὲ
367 1867 397 1893 οὐ
421 1869 525 1904 ποίημα
551 1869 610 1896 οὐδὲ
633 1870 735 1907 κτίσμα
759 1872 773 1898 ὁ
789 1871 835 1898 τοῦ
857 1871 924 1898 θεοῦ

141 1911 236 1945 Λόγος,
246 1912 313 1939 ἀλλὰ
325 1913 388 1940 ἴδιον
401 1915 451 1950 τῆς
460 1916 468 1948 (
473 1915 579 1950 18’)τοῦ
589 1917 696 1953 Πατρὸς
701 1917 793 1950 οὐσίας
803 1918 926 1953 γέννημα

141 1957 292 1993 ἀδιαίρετόν
303 1960 386 1990 ἐστιν,
401 1960 438 1992 ὡς
454 1960 572 1997 ἔγραψεν
585 1964 600 1998 ἡ
617 1963 721 1998 μεγάλη
736 1963 853 1996 σύνοδος,
869 1964 924 1990 ἰδοὺ

141 2003 212 2029 καὶὸ
227 2004 277 2038 τῆς
293 2004 402 2040 Ῥώμης
417 2006 564 2040 ἐπίσκοπος
576 2008 721 2041 Διονύσιος,
730 2009 842 2045 γράφων
856 2009 925 2036 κατὰ

139 2047 195 2074 τῶν
211 2049 245 2075 τὰ
267 2049 314 2076 τοῦ
340 2051 394 2087 (l9)
413 2052 554 2080 Σαϐελλίου
574 2055 757 2090 φρονούντων,
775 2055 924 2091 σχετλιάζει

140 2095 209 2121 κατὰ
223 2095 277 2122 τῶν
285 2097 370 2124 ταῦτα
383 2098 544 2134 τολμώντων
556 2101 655 2135 λέγειν,
669 2102 715 2128 καί
730 2111 810 2138 φησιν
821 2103 906 2137 οὕτως
916 2113 922 2120 ·

143 2149 152 2164 α
169 2139 248 2174 Ἑξῆς
269 2141 292 2168 δ’
315 2142 348 2168 ἂν
363 2143 474 2176 εἰκότως
498 2145 604 2181 λέγοιμι
630 2147 677 2173 καὶ
701 2147 769 2182 πρὸς
789 2148 923 2183 διαιροῦν-

995 221 1143 249 Salvatoris
1169 222 1393 255 dispensationem
1412 221 1557 249 secundum
1584 227 1692 248 carnem
1715 226 1777 254 per-

993 268 1084 294 nmltis
1097 268 1266 302 explanabat.
1285 275 1316 294 ac
1345 267 1406 294 inde
1421 267 1577 294 confutabat
1596 266 1775 296 Sabellianos.

992 314 1204 348 ostendebatque
1219 321 1272 340 non
1287 313 1391 340 Patrem
1410 312 1510 339 factum
1522 319 1582 339 esse
1596 319 1716 344 carnem,
1728 311 1775 338 sed

993 359 1124 392 Verbum,
1145 360 1182 386 uti
1196 359 1313 386 Joannes
1327 358 1392 386 dicit
1405 358 1428 374 "
1443 367 1449 385 ε
1467 366 1538 390 cum,
1553 357 1671 392 inquam,
1685 357 1711 384 in
1727 365 1774 384 su-

991 406 1139 441 spicionem
1153 405 1269 432 venisset
1299 405 1399 432 dixisse
1424 403 1522 430 Filium
1552 411 1609 430 rem
1626 403 1722 431 factam
1748 408 1775 431 et

991 456 1109 480 creatam
1125 459 1195 484 esse,
1210 458 1262 478 non
1274 458 1338 478 vero
1355 450 1426 477 Patri
1447 449 1716 481 consubstantialem.
1730 450 1775 477 lit-

992 503 1062 526 teras
1078 498 1151 526 dedit
1162 498 1196 525 ad
1212 496 1305 524 Roma:
1319 497 1474 532 episcopum
1493 496 1649 533 Dionysium
1666 504 1774 531 quoque

990 544 1151 579 appellatum
1174 554 1180 571 :
1203 544 1230 571 in
1253 543 1352 578 quibus
1378 550 1407 570 se
1424 550 1576 578 expurgans
1599 542 1773 570 asseverabat

989 589 1152 617 calumniam
1167 588 1237 616 hanc
1253 595 1313 615 esse
1335 588 1465 615 adversus
1479 595 1507 614 se
1528 587 1688 620 confictam;
1705 595 1773 615 nun-

989 642 1068 670 quam
1085 635 1157 662 enim
1174 641 1203 661 se
1217 633 1314 661 Filium
1332 633 1430 660 factum
1445 633 1555 665 dixisse,
1572 633 1618 661 sed
1634 632 1709 660 illum
1724 631 1773 659 Pa-

990 680 1023 707 tri
1044 679 1306 708 consubstantialem
1331 678 1455 706 couliteri
1472 686 1501 706 se
1525 678 1685 706 aﬁirmabat.
1709 677 1771 706 Haec

989 731 1078 754 autem
1097 730 1162 754 sunt
1176 726 1233 760 ejus
1248 726 1330 753 verba
1350 733 1356 751 :
1378 735 1387 751 ι
1400 725 1433 752 Ει
1446 725 1526 752 aliam
1543 725 1682 760 epistolam
1704 725 1771 753 scri-

987 773 1040 808 psi,
1057 773 1102 801 ubi
1117 773 1220 801 ostendi
1241 772 1335 799 falsam
1358 779 1418 799 esse
1435 779 1486 807 qua
1500 771 1539 799 illi
1563 772 1589 799 in
1602 779 1645 799 me
1657 776 1770 800 utuntur

988 820 1187 850 criminatione,
1200 818 1278 854 quasi
1294 818 1398 846 scilicet
1415 818 1460 852 Qui
1478 825 1617 854 negassem
1631 817 1768 846 Christum

987 865 1042 892 Deo
1060 871 1120 892 esse
1136 865 1405 893 consubstantialem.
1427 865 1484 893 Etsi
1499 865 1571 892 enim
1585 865 1672 892 fateor
1687 872 1730 892 me
1742 865 1768 892 id

988 911 1105 938 nominis
1121 911 1194 938 nullo
1212 911 1238 938 in
1256 911 1315 939 loco
1327 917 1482 939 sanctarum
1502 910 1704 946 Scripturarum
1725 911 1768 938 in-

986 956 1103 988 venisse,
1126 961 1214 983 tamcn
1231 963 1291 989 quae
1305 955 1506 990 subsequuntur
1521 953 1767 990 argumentationes

986 1009 1062 1034 meae,
1077 1009 1144 1036 quas
1159 1002 1266 1036 quidem
1281 1001 1318 1028 illi
1333 1001 1509 1033 reticuerunt,
1527 1000 1561 1028 ab
1575 1000 1625 1027 hac
1636 999 1768 1027 sententia

984 1056 1036 1075 non
1052 1048 1215 1082 discrepant.
1241 1047 1310 1081 Quin
1331 1047 1411 1074 etiam
1429 1047 1539 1074 humani
1563 1051 1657 1081 partus
1675 1053 1768 1074 exem-

983 1093 1054 1127 plum
1069 1093 1095 1120 in
1122 1093 1238 1120 medium
1253 1092 1363 1127 protuli,
1384 1099 1464 1126 quem
1484 1098 1580 1126 nempe
1596 1090 1766 1126 perspicuum

981 1144 1024 1166 est
1036 1138 1155 1173 ejusdem
1169 1146 1230 1166 esse
1247 1143 1360 1171 naturae,
1375 1137 1519 1172 addidique
1529 1144 1561 1164 eo
1569 1136 1655 1164 solum
1669 1143 1766 1171 paren-

982 1189 1022 1212 tes
1037 1184 1104 1211 alios
1119 1191 1180 1212 esse
1193 1191 1208 1210 a
1220 1184 1277 1212 suis
1292 1184 1394 1215 liberis,
1411 1184 1482 1218 quod
1495 1183 1616 1224 ipsinon
1630 1183 1684 1210 sint
1699 1182 1766 1210 libe-

980 1231 1015 1262 ri.
1033 1238 1084 1258 nec
1107 1230 1171 1258 item
1195 1238 1307 1258 necesse
1331 1238 1391 1258 esse
1414 1235 1462 1257 aut
1485 1235 1611 1265 parentes
1634 1236 1694 1257 esse
1719 1234 1766 1256 aut

980 1276 1089 1304 liberos.
1107 1276 1140 1303 Et
1155 1277 1225 1303 hanc
1242 1276 1349 1311 quidem
1363 1277 1513 1310 epistolam,
1526 1280 1554 1302 ut
1569 1275 1636 1308 dixi,
1647 1276 1682 1302 ob
1697 1283 1766 1310 prse-

978 1328 1083 1350 sentem
1099 1330 1188 1350 rerum
1203 1327 1302 1350 statum
1315 1323 1494 1350 exhibendam
1508 1330 1560 1350 non
1573 1322 1659 1349 habeo
1680 1321 1763 1349 :alio-

977 1368 1052 1403 quin,
1073 1368 1127 1402 ipsa
1145 1375 1204 1403 Quae
1224 1373 1286 1396 tunc
1299 1368 1393 1402 scripsi
1402 1367 1482 1396 verba
1499 1367 1539 1394 vel
1553 1367 1642 1401 potius
1655 1366 1765 1402 integrae

977 1413 1095 1448 epistola:
1109 1414 1246 1448 exemplar
1258 1413 1402 1445 misissem,
1415 1412 1496 1446 quod,
1505 1412 1548 1439 ubi
1560 1416 1664 1446 potero,
1675 1411 1765 1439 facere

977 1467 1029 1487 non
1041 1459 1174 1487 omittam.
1188 1459 1296 1486 Memini
1306 1467 1369 1486 vero
1381 1459 1516 1494 probeque
1527 1458 1583 1485 scio
1595 1465 1638 1485 me
1649 1457 1763 1492 plurima

976 1511 1063 1530 rerum
1073 1512 1133 1539 qua:
1142 1505 1260 1538 ejusdem
1272 1504 1326 1531 sint
1333 1504 1438 1540 generis
1449 1503 1569 1537 exempla
1580 1504 1762 1538 proposuisse.

979 1549 1100 1585 Namque
1121 1551 1176 1578 dixi
1195 1551 1313 1586 plantam
1328 1558 1360 1577 ex
1380 1550 1483 1576 semine
1500 1548 1542 1577 vel
1556 1557 1589 1576 ex
1610 1549 1701 1577 radice
1714 1556 1762 1576 ex-

977 1601 1076 1630 0rtam,
1099 1597 1178 1624 aliam
1195 1604 1255 1624 esse
1277 1596 1312 1623 ab
1328 1604 1360 1623 eo
1388 1596 1458 1622 unde
1481 1596 1609 1630 producta
1624 1600 1677 1628 est,
1702 1602 1763 1622 esse

979 1647 1067 1670 tamen
1086 1643 1205 1677 ejusdem
1223 1648 1344 1674 natura);
1362 1641 1471 1668 ﬂuvium
1493 1641 1616 1668 similiter
1631 1647 1665 1669 ex
1688 1641 1763 1668 fonte

977 1695 1147 1717 emanantem
1159 1689 1229 1716 aliud
1242 1696 1338 1716 nomen
1352 1688 1462 1720 habere,
1475 1694 1561 1722 neque
1576 1688 1648 1715 enim
1660 1687 1761 1715 fontem

977 1736 1028 1763 dici
1044 1736 1164 1766 fluvium,
1184 1743 1270 1770 neque
1286 1735 1406 1767 fluvium.
1422 1734 1534 1766 fontem,
1559 1739 1702 1768 utrumque
1721 1735 1763 1761 ni-

977 1780 1122 1808 hilominus
1137 1781 1277 1813 exsistere,
1293 1781 1330 1807 ita
1352 1785 1380 1807 ut
1394 1780 1491 1807 fluvius
1506 1780 1542 1807 sit
1556 1787 1625 1815 aqua
1642 1787 1675 1807 ex
1688 1781 1762 1808 fonte

975 1826 1120 1862 proﬂuens.
1137 1837 1146 1852 ι

1010 1873 1055 1900 26.
1071 1873 1146 1907 Quod
1176 1877 1264 1900 autent
1290 1873 1337 1900 Dei
1365 1873 1482 1900 Verbum
1507 1880 1557 1900 ncc
1579 1873 1679 1900 factum
1711 1880 1761 1900 nec

976 1923 1097 1945 creatum
1115 1918 1160 1950 sit,
1174 1918 1219 1944 sed
1236 1919 1361 1952 proprius
1372 1924 1400 1945 et
1412 1918 1565 1945 individuus
1580 1918 1665 1946 Patris
1681 1918 1759 1954 182

975 1964 1133 1992 substantia:
1148 1964 1227 1995 fetus,
1249 1969 1278 1990 ut
1300 1963 1408 1998 scripsit
1429 1971 1523 1999 magna
1542 1964 1662 1999 synodus
1676 1973 1683 1991 :
1697 1972 1760 1992 ecce

976 2009 1120 2045 Dionysius
1141 2016 1246 2044 quoque
1259 2008 1352 2036 Romae
1373 2009 1515 2043 episcopus
1528 2009 1650 2037 scribens
1667 2015 1759 2037 contra

976 2054 1156 2086 Sabellianos,
1184 2055 1226 2082 his
1245 2054 1337 2081 verbis
1366 2054 1495 2082 adversus
1520 2054 1580 2082 illos
1605 2055 1761 2090 indignatur

975 2101 1019 2136 qui
1034 2101 1096 2128 talia
1111 2101 1212 2128 audent
1235 2101 1334 2128 dicere.
1356 2111 1365 2127 ι
1377 2100 1436 2128 Jam
1451 2109 1527 2134 vero,
1540 2101 1636 2136 inquit,
1652 2109 1759 2137 requum

975 2147 1055 2174 fuerit
1073 2148 1201 2175 adversus
1221 2148 1282 2175 illos
1301 2148 1450 2181 disputare.
1472 2148 1517 2183 qui
1541 2147 1758 2179 augustissimam

138 2194 188 2218 τας
209 2187 264 2221 (90)
295 2190 342 2215 καὶ
370 2192 588 2226 κατατέμνοντας
615 2194 663 2220 καὶ
691 2194 868 2230 ἀναιροῦντας
892 2196 922 2222 τὸ

981 2193 1021 2220 Dei
1048 2191 1174 2219 Ecclesia:
1190 2192 1421 2226 praedicationem,
1446 2192 1628 2219 monarchiam
1655 2192 1680 2219 in
1703 2196 1759 2219 tres

140 2233 301 2267 σεμνότατον
318 2236 448 2272 κήρυγμα
465 2237 514 2272 τῆς
535 2238 695 2274 Ἐκκλησίας
711 2240 758 2266 τοῦ
775 2240 853 2272 Θεοῦ,
873 2241 922 2276 τὴν

140 2280 288 2314 μοναρχίαν
300 2282 339 2313 εἰς
351 2284 425 2317 τρεῖς
433 2283 561 2319 δυνάμεις
571 2285 646 2317 τινὰς
659 2286 705 2312 καὶ
719 2287 922 2322 μεμερισμένας

139 2324 303 2358 ὑποστάσεις
318 2327 365 2354 καὶ
383 2327 510 2364 θεότητας
523 2332 612 2366 τρεῖς·
629 2331 770 2367 πέπυσμαι
785 2332 838 2368 γὰρ
854 2329 922 2360 εἷναί

137 2379 213 2403 τινας
227 2372 281 2399 τῶν
300 2374 363 2409 παρ’
381 2374 445 2410 ὑμῖν
467 2376 657 2411 κατηχούντων
677 2378 724 2404 καὶ
745 2378 923 2406 διδασκόντων

137 2415 183 2442 τὸν
200 2416 270 2452 Οξίον
285 2418 369 2452 Λόγον
385 2420 486 2456 ταύτης
500 2422 640 2456 ὑφηγητὰς
653 2422 702 2456 τῆς
718 2423 883 2458 φρονήσεως,
898 2423 923 2449 οἳ

138 2462 208 2489 κατὰ
221 2463 376 2500 διάμετρον,
392 2465 429 2497 ὡς
447 2466 513 2498 ἔπος
526 2468 628 2499 εἰπεῖν,
643 2468 807 2495 ἀντίκεινται
826 2470 860 2505 τῇ
872 2469 922 2495 Σα-

125 2572 130 2588 ε
175 2553 196 2570 ³¹¹
208 2552 284 2581 Joan.
297 2562 317 2588 ι,
333 2554 376 2583 Η.

144 2620 337 2661 ’ᾼλεξανδρέῳς
347 2622 419 2661 λόγοι
432 2622 510 2661 ἑπτὰ,
519 2620 585 2661 οὗιὴ
601 2624 749 2661 ἐπιγραφὴ,
765 2625 817 2652 Τοῦ
834 2634 920 2661 μακα-

138 2656 382 2696 ρίουβεογνιέστου
407 2656 600 2696 Ἀλεξορδρέιιὶς
620 2656 820 2696 καίνὲξήγητοῢ
834 2656 919 2689 ’Ὑπο-

136 2691 282 2732 τρπώσεις.
301 2691 470 2732 Eer!!€_wnt
491 2691 648 2732 Τίιὲοῃηοιςιὶ
667 2691 919 2732 ΑνΙέτιῖάηΗνίηἱγονη-

138 2728 222 2764 tione:
239 2731 346 2764 septem.
359 2728 435 2762 cujus
446 2731 536 2764 raperis
551 2729 606 2756 Ihm:
622 2736 659 2756 es!
684 2731 828 2764 inscriplia,
843 2731 920 2759 Beati

139 2759 513 2800 Theognojlijleznirdriniel
528 2765 682 2800 jmerpretis
698 2759 886 2800 llgpolypases.

214 2790 220 2796 .
307 2798 314 2807 ,
344 2795 356 2806 τ
528 2797 538 2806 ,
579 2790 614 2799 ντ

175 2790 230 2831 (1⁸))
246 2798 277 2824 Εἰ
292 2798 316 2824 δ.
327 2806 383 2826 ουν.
406 2798 499 2833 supple
514 2807 602 2834 ειχον,
626 2802 766 2827 commode
799 2802 918 2828 redditur

138 2838 186 2868 per
202 2840 295 2861 vocem
312 2833 439 2868 aliaquin,
457 2839 485 2861 ut
513 2833 597 2870 patet,
617 2836 687 2870 quod
711 2836 773 2870 quia
792 2836 918 2865 videntur

975 2238 1105 2273 quasdam
1120 2238 1233 2265 virtutes
1252 2245 1282 2266 ac
1307 2243 1445 2273 separatas
1471 2238 1631 2274 hypostases
1651 2242 1759 2272 tresque

975 2283 1132 2310 divinitates
1152 2283 1285 2316 dividunt,
1301 2283 1466 2316 discindunt,
1483 2284 1686 2318 destruuntque.
1703 2284 1760 2310 Au-

975 2329 1028 2356 divi
1050 2330 1120 2357 enim
1139 2329 1266 2363 quosdam
1293 2337 1325 2356 ex
1351 2329 1404 2363 his,
1428 2329 1473 2363 qui
1486 2329 1556 2364 apud
1571 2336 1618 2357 vos
1637 2329 1757 2356 divinum

973 2373 1090 2402 Verbum
1108 2375 1256 2410 pra-dicant
1270 2379 1297 2401 et
1311 2376 1418 2407 docent,
1430 2374 1508 2408 hujus
1525 2375 1659 2410 opinionis
1675 2375 1759 2410 magi-

975 2427 1046 2448 stros
1060 2428 1130 2453 esse.
1152 2421 1197 2454 qui
1225 2421 1332 2455 quidem
1350 2430 1381 2449 ex
1397 2423 1539 2453 diametro,
1553 2427 1583 2449 ut
1598 2422 1634 2449 ita
1652 2422 1756 2456 loquar.

976 2467 1084 2495 Sabellii
1108 2467 1249 2494 sententire
1276 2468 1460 2495 adversantur.
1487 2467 1560 2496 illius
1585 2468 1656 2496 enim
1680 2468 1707 2496 in
1723 2476 1766 2497 eo.

973 2633 1026 2653 non
1040 2626 1264 2654 animadvertisse
1277 2627 1450 2662 interpretes,
1465 2634 1604 2662 perperam
1623 2628 1695 2655 hunc
1719 2628 1759 2655 lo-

973 2669 1033 2689 cum
1048 2666 1197 2689 verterunt.

1009 2697 1063 2733 (18)
1085 2697 1130 2733 Sic
1150 2697 1218 2733 Reg.
1239 2697 1334 2724 Czctcri
1354 2702 1444 2724 autem
1475 2703 1502 2726 ct
1525 2697 1603 2732 editi,
1619 2698 1711 2733 πᾶσιν,
1728 2703 1758 2725 ιιι

972 2737 1000 2759 et
1015 2732 1077 2764 legit
1091 2732 1182 2759 Ambr.
1204 2732 1323 2759 Camald.

1007 2767 1074 2802 (ἰδ’)
1090 2766 1154 2800 Reg.
1166 2767 1216 2802 τῆς
1231 2768 1341 2794 omittit.

1007 2801 1064 2834 (19)
1079 2801 1132 2828 Τοῦ
1150 2801 1226 2829 abest
1246 2810 1259 2828 κ
1274 2802 1340 2835 Reg.

1005 2837 1062 2873 (20)
1081 2836 1146 2872 Reg.
1158 2838 1220 2870 τοὺς
1237 2838 1488 2874 καταδιαιροῦνταις.
