2018 3048
243 116 294 146 ιδδ

540 117 568 144 S.
589 112 772 144 ATIIANASII
793 116 867 146 OPP.
889 116 978 145 PARS
998 117 1017 144 Ι.
1037 131 1071 137 --
1091 113 1275 144 HISTORICA
1296 115 1339 143 ET
1360 113 1570 143 DOGMATICA.

1809 115 1864 143 ιοι

243 174 368 201 consistit
385 175 519 208 Impietas,
536 175 607 209 quod
623 174 695 202 dicat
715 173 812 201 Filium
829 182 889 202 esse
906 174 1024 207 Patrem,

1087 175 1182 201 ῑελλίου
1197 174 1304 210 γνώμῃ.
1329 174 1358 200 '0
1380 174 1428 207 μὲν
1455 173 1509 208 γὰρ
1535 171 1690 208 βλασφημεῖ
1713 170 1793 199 αὑτὸν
1817 173 1866 201 τὸν

245 226 272 247 et
285 220 404 257 vicissim
426 229 432 246 ε
446 219 483 246 illi
497 224 584 246 autem
600 223 654 246 tres
666 219 733 246 Deos
747 221 944 254 quodammodo
958 228 1028 256 prie-

244 266 346 297 dicant,
357 273 418 292 cutn
433 269 554 291 sanctam
571 265 701 293 unitatem
717 266 744 292 in
766 272 821 293 tres
843 265 964 293 diversas
978 266 1028 302 hy-

243 315 365 345 postases
386 310 456 337 inter
481 318 512 337 se
533 311 644 337 omnino
669 315 808 343 separatas
826 311 957 338 dividunt.
975 311 1028 339 Ne-

242 365 318 384 cesse
335 361 375 384 est
397 356 469 384 enim
492 357 611 383 divinum
632 357 750 384 Verbum
772 357 827 384 Deo
838 357 1026 384 universorum

243 410 302 430 esse
317 403 433 435 unitum,
447 407 474 429 et
486 402 615 436 Spiritum
631 407 752 430 sanctum
770 403 797 430 iu
811 404 864 430 Deo
877 410 987 430 manere
1001 408 1029 430 et

245 448 377 481 habitare,
396 456 428 476 ac
448 449 565 484 denique
579 449 698 476 divinam
713 449 872 476 Trinitatem
892 449 918 475 in
934 456 1027 483 unum,

245 495 320 530 quasi
343 495 371 522 in
396 496 540 530 quemdam
562 496 689 522 verticem
720 495 815 530 (Deum
842 496 1028 522 universorum

246 541 456 576 omnipotentem
471 541 552 576 dico),
568 541 659 568 reduci
682 546 709 569 et
730 541 830 576 colligi.
856 541 923 568 Nam
945 541 1030 569 futilis

245 588 390 616 Marcionis
403 587 527 615 doctrina
548 595 608 622 qua:
628 588 810 615 monarchiam
823 589 849 615 in
868 589 917 615 tria
931 588 1030 622 princi-

245 635 288 669 pia
309 639 384 662 secat
402 638 429 660 et
444 634 549 665 dividit,
568 633 700 660 diabolica
717 641 783 661 sane
800 638 851 665 est,
873 641 925 660 nou
940 638 1030 660 autem

247 687 372 708 Verorum
397 680 497 708 Chriin
524 680 731 714 discipulorum.
759 681 800 707 vel
823 688 917 708 eorum
934 680 1032 715 quibus

246 725 394 752 Salvatoris
415 724 557 758 disriplina
586 725 681 760 placet.
714 725 745 752 lii
770 726 841 752 enim
872 724 1031 753 Trinitatem

249 768 359 804 quidem
374 776 426 795 non
443 769 566 804 ignorant
581 769 608 796 in
621 770 710 797 divina
729 769 867 805 Scriptura
882 771 1031 804 praedicari,

247 822 302 844 tres
318 822 407 844 autem
422 825 481 844 esse
504 817 571 845 Deos
585 825 634 844 nec
646 818 672 844 in
684 818 773 846 Veteri
786 826 834 846 nec
855 819 880 845 in
893 817 968 846 Novo
981 818 1034 846 Te-

247 867 382 889 stamento
397 864 498 890 doceri.
516 863 575 890 Non
591 864 680 891 minus
691 865 771 891 etiam
785 864 821 891 illi
833 864 958 899 culpandi
969 870 1032 892 sunt

247 909 293 943 qui
320 908 416 936 Filium
430 917 497 944 opus
511 917 571 937 esse
586 910 754 941 existimant.
779 915 807 938 et
827 911 968 938 Dominum
990 910 1031 937 fa-

247 961 321 983 ctum
333 963 393 983 esse
407 956 536 988 sentiunt,
562 957 638 991 quasi
654 956 780 984 videlicet
806 964 887 983 unum
903 962 975 984 esset
999 964 1032 984 ex

249 1002 291 1029 liis
305 1009 438 1040 quaevere
453 1002 523 1029 facta
536 1007 609 1034 sunt,
625 1011 685 1030 cum
703 1003 792 1030 divina
805 1003 942 1038 Scriptura
960 1002 1032 1029 illum

248 1048 368 1083 genitum
383 1055 453 1078 esse.
483 1053 511 1075 ut
525 1049 612 1076 eidem
628 1049 754 1076 convenit
773 1049 959 1084 congruitqne,
981 1057 1032 1076 non

249 1099 340 1121 autem
357 1093 500 1121 formatum
517 1100 544 1121 ct
565 1094 666 1122 factum
679 1101 739 1122 esse
753 1099 876 1122 testetur.
896 1095 954 1122 Non
969 1095 1034 1122 leris

251 1141 345 1175 igitur,
362 1141 409 1168 sed
423 1148 527 1168 summa
550 1147 591 1169 est
617 1142 750 1177 impietas,
779 1141 920 1168 Dominum
945 1140 1035 1176 aliquo

251 1186 331 1213 modo
346 1187 529 1214 manufactum
557 1188 656 1215 dicere.
672 1187 738 1214 Nam
754 1187 775 1214 si
791 1187 878 1214 factus
888 1193 929 1214 est
939 1186 1034 1219 Filius.

252 1231 302 1258 fuit
315 1224 471 1267 aliquando,
484 1241 544 1260 cum
558 1241 611 1260 non
625 1237 714 1260 esset:
731 1233 803 1267 atqui
817 1233 867 1260 fuit
880 1241 996 1268 semper.
1013 1234 1035 1260 si

251 1278 344 1312 utique
365 1278 402 1305 sit
419 1278 445 1304 iu
461 1277 551 1308 Patre.
574 1284 603 1304 ιιι
618 1279 676 1312 ipse
696 1278 816 1305 declarat
828 1278 861 1309 ",
878 1283 905 1305 et
920 1279 941 1305 si
959 1278 1037 1306 Chri-

251 1329 311 1351 stus
325 1323 412 1358 ipsum
427 1324 461 1351 sit
475 1322 602 1356 Verbum,
623 1324 754 1358 sapientia
768 1329 796 1350 et
814 1324 910 1351 virtus.
926 1323 989 1351 Haec
1001 1324 1039 1350 si-

251 1370 360 1404 quidem
371 1369 507 1397 Christum
529 1377 589 1397 esse
601 1370 696 1397 divinze
715 1369 811 1397 littera:
824 1371 930 1402 docent,
945 1375 975 1397 ut
989 1377 1036 1396 vo-

252 1417 295 1444 bis
315 1421 388 1444 certe
415 1425 467 1443 non
486 1416 550 1443 latet
572 1425 580 1443 :
605 1416 661 1443 haec
685 1420 774 1443 autem
793 1416 897 1446 eadem,
925 1416 1038 1443 virtutes

253 1462 300 1489 Del
311 1467 388 1493 sunt;
421 1470 452 1490 ac
467 1463 577 1497 proinde
600 1462 622 1489 si
637 1461 723 1490 factus
740 1467 782 1489 est
797 1462 890 1493 Filius,
909 1461 958 1488 l'uit
974 1469 1038 1496 ergo

253 1508 406 1543 aliquando.
419 1515 479 1535 cum
496 1509 552 1535 haec
569 1515 621 1535 non
639 1513 739 1536 essent.
758 1508 840 1543 Igitur
854 1512 957 1542 tempus
971 1507 1034 1539 l‘uit,

253 1562 313 1582 cum
329 1555 386 1582 sine
409 1554 452 1582 his
476 1559 548 1582 esset
564 1555 649 1588 Deus;
666 1554 738 1589 quod
763 1555 959 1590 perabsurdum
985 1560 1035 1582 est.

255 1599 308 1627 Sed
321 1600 386 1635 quid
407 1600 528 1634 pluribus
545 1600 578 1627 de
592 1600 635 1628 his
646 1601 716 1634 apud
740 1608 788 1627 vos
811 1599 952 1632 disseram,
966 1600 1038 1626 viros

255 1646 356 1681 Spiritu
374 1646 478 1681 plenos,
505 1647 603 1682 quibus
630 1647 726 1680 utique
743 1646 880 1681 explorata
903 1650 1039 1680 suntquae

256 1693 371 1720 absurda
385 1698 534 1727 sequuntur
551 1701 585 1720 ex
599 1691 706 1720 illorum
718 1693 862 1724 sententia,
879 1693 924 1726 qui
942 1691 1038 1719 Filium

258 1737 354 1764 factum
364 1744 423 1765 esse
437 1738 613 1770 contendunt,
627 1738 660 1764 ad
673 1744 732 1772 quae
744 1745 809 1765 sane
826 1746 877 1764 non
893 1737 1040 1765 attendissc

257 1783 322 1810 mihi
342 1783 557 1817 videnturbujns
574 1785 710 1819 opinionis
731 1785 827 1815 duces,
843 1788 924 1818 atque
939 1784 1040 1811 idcirco

256 1835 272 1855 ιι
289 1828 402 1856 veritate
430 1836 540 1863 prorsus
563 1829 716 1862 aberrasse,
745 1829 792 1864 qui
818 1829 921 1856 scilicet
947 1834 1040 1856 comra

256 1878 372 1900 inenlem
385 1873 482 1901 divinzc
496 1879 523 1900 et
542 1875 705 1908 prophetica:
729 1874 877 1908 Scriptura:
890 1874 948 1902 lucc
960 1874 1041 1901 verba

257 1917 412 1952 explicant:
435 1918 561 1945 Dominus
584 1920 678 1946 creavit
695 1928 735 1946 me
758 1920 922 1958 principiuml
938 1919 1039 1946 viarum

259 1972 369 1990 suarum
385 1965 405 1992 ‘.
433 1963 486 1991 Nec
499 1965 581 1996 enim,
601 1970 630 1992 nt
654 1965 740 1997 scitis,
753 1973 805 1992 una
819 1969 861 1992 est
880 1965 1042 2000 signiﬁcatio

258 2009 344 2041 verbi,
361 2010 465 2037 creavit.
480 2009 545 2036 Nam
561 2012 610 2037 hoc
626 2011 650 2037 in
669 2011 738 2042 loco,
756 2012 860 2044 creavit,
873 2011 942 2038 idem
958 2017 999 2039 est
1010 2019 1042 2038 ac

258 2054 378 2089 prmiecit
391 2055 517 2088 operibus
529 2055 562 2082 ab
577 2056 634 2089 ipso
648 2055 736 2088 factis,
751 2057 841 2088 factis,
861 2057 981 2090 inquam,
995 2064 1043 2091 per

259 2100 345 2133 ipsum
359 2099 465 2126 Filium.
489 2099 545 2127 lloc
568 2105 657 2126 autem
673 2101 796 2134 verbum,
823 2102 931 2134 creavit,
944 2101 988 2129 hic
1003 2101 1043 2128 in-

261 2145 431 2180 telligendum
445 2153 496 2172 non
514 2151 555 2173 est
570 2153 628 2179 pro,
644 2146 703 2180 fecit
719 2153 728 2172 :
750 2146 883 2181 siquidem
908 2146 998 2174 facere
1017 2151 1044 2173 et

1079 222 1142 248 Υίδν
1165 219 1233 247 εἶναι
1253 221 1339 254 λέγων
1356 220 1402 246 τὸν
1427 219 1551 255 Πατέρα,
1575 219 1621 245 καὶ
1636 219 1769 254 ἔμπαλιν·
1786 220 1810 245 οι
1835 219 1867 246 Ci;

1077 269 1151 304 τρεῖς
1175 267 1259 299 Θεοὶις
1282 267 1383 303 τρόπον
1409 267 1469 294 τινὰ
1499 266 1694 302 κηρύττουσιν,
1721 266 1761 297 είς
1789 267 1866 302 τρεῖς

1078 313 1239 344 ὑποστάσεις
1255 313 1333 346 ξένας
1350 312 1470 347 ἀλλήλων
1485 311 1642 338 παντάπασι
1659 311 1866 346 κεχωρισμένας

1077 360 1244 396 διαιροῦντες
1262 360 1310 395 τὴν
1325 359 1404 393 ἁγίαν
1421 358 1522 394 μονάδα
1534 367 1540 373 ·
1555 357 1674 393 ἡνῶσθαι
1689 357 1742 393 γὰρ
1757 357 1865 392 ἀνάγκη

1079 407 1118 442 τῷ
1134 407 1192 442 Θεῷ
1208 407 1262 433 τῶν
1275 407 1343 433 ὅλων
1354 406 1400 432 τὸν
1417 405 1488 432 θεῖον
1506 403 1604 438 Λόγον”
1624 403 1822 439 ὲμφιλοχωρεῖν
1837 403 1867 430 δὲ

1079 454 1118 489 τῷ
1132 453 1191 489 Θεῷ
1216 453 1262 480 καὶ
1278 451 1460 479 ἐνδιαιτᾶσθαι
1474 451 1514 478 δεῖ
1534 450 1564 476 τι
1580 450 1657 484 ἅγιον
1676 449 1801 484 Πνεῦμα’
1815 449 1861 484 ἤδη

1080 500 1127 527 καὶ
1144 499 1194 535 τὴν
1219 499 1292 526 θείαν
1307 498 1411 534 Τριάδα
1427 498 1466 528 είς
1483 497 1546 528 ἕνα,
1566 496 1660 532 ὥσπερ
1682 497 1721 527 εἰς
1744 497 1862 531 κορυφή

1081 554 1140 572 τινα
1164 545 1229 579 (τὸν
1252 544 1318 571 Θεὸν
1339 543 1394 570 τῶν
1418 543 1486 569 ὅλων
1508 542 1553 569 τὸν
1587 543 1794 577 παντοκράτορα
1821 541 1863 568 λέ-

1082 599 1122 625 γω
1133 590 1206 627 [τευ
1225 588 1486 625 συγκεφαλαιώσοαί
1513 596 1542 615 τε
1558 588 1604 615 καὶ
1619 588 1782 622 συνάγεσθαι
1792 588 1867 614 πᾶσα

1083 638 1200 673 ἀνάγκη.
1214 637 1376 672 Μαρκίωνος
1391 636 1445 672 γὰρ
1465 635 1511 662 τοῦ
1526 635 1720 671 ματαιόφρονος
1739 635 1868 669 δίδαγμα,

1083 684 1123 715 είς
1140 684 1214 718 τρεῖς
1231 682 1317 718 ἀρχὰς
1333 681 1384 716 τῆς
1402 681 1548 717 μοναρχίας
1564 680 1649 715 τομὴν
1665 681 1711 706 καὶ
1725 680 1863 716 διαίρεσιν,

1084 727 1220 762 παίδευμα
1234 727 1264 753 ὃν
1280 726 1444 757 διαῦολικδν,
1461 726 1520 761 οὐχὶ
1536 726 1564 752 δὲ
1576 725 1630 752 τῶν
1643 725 1725 756 όντως
1741 725 1864 760 μαθητιῖν

1083 773 1129 801 τοῦ
1147 772 1265 808 Χριστοῦ
1278 772 1390 799 καὶτῶν
1406 772 1597 808 ἀρεσκομένων
1614 773 1669 803 τοῖς
1684 771 1730 797 τοῦ
1743 771 1864 806 Σωτῆρος

1086 820 1253 855 μαθήμασιν.
1280 816 1360 846 Οὗτοι
1381 819 1434 855 γὰρ
1462 819 1565 854 Τριάδαι
1589 819 1638 853 μὲν
1665 818 1865 853 κηρυττομέκην

1083 866 1136 893 ὑπὸ
1152 866 1200 901 τῆς
1224 866 1300 897 θείας
1322 865 1433 901 Γραφῆς
1449 865 1541 899 σαφῶς
1562 865 1731 896 ἐπίστανται,
1748 866 1823 899 τρεῖς
1836 863 1864 890 δὲ

1083 911 1160 944 Θεοῦς
1179 911 1239 938 οὔτε
1263 911 1384 938 Παλαιὰν
1405 910 1465 937 οὔτε
1486 910 1590 946 Καινὴν
1609 910 1746 946 Διαθήκην
1767 909 1865 946 κηρῦτ-

1083 966 1190 984 τουσαν.
1209 957 1246 983 Οὐ
1274 958 1346 992 μεῖον
1366 957 1388 983 δ’
1403 957 1435 984 ἄν
1449 965 1491 988 τις
1517 956 1720 992 καταμέμφοιτο
1743 957 1789 983 καὶ
1807 957 1867 988 τοὺς

1084 1004 1190 1038 ποίημα
1202 1003 1248 1030 τὸν
1267 1003 1331 1029 Υἱδν
1346 1001 1415 1029 εἶναι
1429 1002 1588 1035 δοξάζοντας
1600 1002 1665 1037 (22),
1675 1002 1721 1029 καὶ
1731 1002 1867 1036 γεγονέναι

1083 1050 1129 1076 τὸν
1141 1050 1252 1086 Κύριον,
1261 1050 1354 1085 ὥσπερ
1367 1050 1396 1075 ἓν
1406 1058 1432 1076 τι
1446 1049 1530 1080 ὕντως
1540 1048 1691 1084 γενομένων
1700 1048 1868 1083 νομίζοντας,

1083 1095 1138 1122 τῶν
1160 1095 1239 1122 Θείων
1266 1095 1363 1130 λογίων
1380 1095 1505 1130 γέννησιν
1524 1093 1599 1130 αὐτῷ
1621 1093 1670 1130 τὴν
1686 1095 1869 1131 ἁρμόττουσαν

1086 1141 1132 1168 καὶ
1158 1141 1324 1176 πρέπουσαν,
1341 1140 1397 1167 ἀλλ’
1411 1140 1471 1175 οὐχὶ
1489 1139 1586 1166 πλάσιν
1613 1139 1673 1166 τινὰ
1695 1139 1741 1165 καὶ
1763 1139 1870 1174 ποίησιν

1086 1186 1376 1222 προσμαρτυρούντων.
1388 1186 1550 1220 Βλασφημον
1565 1182 1611 1212 οὖν
1621 1185 1651 1211 οὐ
1667 1184 1697 1211 τὸ
1716 1185 1805 1220 τυχὸν,
1823 1184 1870 1220 μὲ-

1085 1241 1177 1267 γιστον
1193 1233 1241 1268 μὲν
1252 1231 1308 1265 οὖν,
1325 1231 1512 1268 χειροποίητον
1529 1231 1627 1266 τρόπον
1647 1232 1708 1258 τινὰ
1724 1232 1812 1266 λέγειν
1826 1231 1872 1257 τὸν

1086 1278 1197 1314 Κύριον.
1211 1279 1243 1305 Ei
1254 1278 1307 1314 γὰρ
1323 1279 1434 1312 γέγονεν
1449 1277 1523 1308 Υίὸς,
1537 1274 1570 1311 ἦν
1587 1278 1631 1304 ὅτε
1651 1277 1700 1302 οὐκ
1716 1274 1750 1312 ἦν
1760 1286 1766 1291 -
1786 1277 1828 1303 ἀεὶ
1843 1277 1871 1303 δὲ

1086 1322 1130 1359 ἦν,
1144 1325 1169 1350 εἴ
1178 1333 1209 1358 γε
1221 1325 1276 1359 (25)
1289 1325 1317 1350 ὲν
1327 1324 1366 1360 τῷ
1385 1325 1471 1361 Πατρί
1489 1326 1572 1357 ἐστιν,
1587 1325 1624 1356 ὡς
1640 1325 1720 1356 αὑτός
1733 1332 1808 1359 φησι,
1823 1323 1872 1349 καὶ

1087 1371 1111 1396 εἰ
1131 1370 1214 1404 Λόγος
1237 1371 1283 1397 καὶ
1300 1370 1380 1404 σοφία
1406 1371 1452 1398 καὶ
1475 1370 1588 1406 δύναμις
1603 1372 1617 1397 ὁ
1638 1370 1770 1406 Χριστός·
1785 1368 1872 1395 ταῦτα

1087 1416 1141 1452 γὰρ
1151 1415 1219 1443 εἶναι
1229 1417 1274 1443 τὸν
1286 1416 1401 1453 Χριστὸν
1413 1418 1441 1444 αί
1454 1417 1523 1444 θεῖαι
1534 1417 1642 1452 λέγουσι
1651 1417 1767 1452 Γραῳαὶ,
1777 1415 1872 1450 ὥσπερ

1088 1463 1234 1489 ἐπίστασθε
1245 1471 1251 1478 ·
1276 1463 1363 1490 ταῦτα
1383 1463 1411 1490 δὲ
1433 1464 1561 1500 δυνάμεις
1573 1461 1650 1490 οὖσαι
1663 1461 1709 1489 τοῦ
1729 1461 1796 1488 Θεοῦ
1809 1469 1873 1494 τυγ-

1049 1525 1071 1553 c
1089 1509 1224 1544 χάνουσιν.
1242 1509 1273 1536 Εἰ
1289 1509 1378 1536 τοίνυν
1401 1510 1510 1544 γέγονεν
1534 1511 1548 1536 ὁ
1563 1509 1636 1542 Υἱὸς,
1658 1506 1692 1544 ἦν
1711 1509 1755 1553 ὅτε
1771 1507 1820 1534 οὑκ
1839 1505 1873 1542 ἦν

1088 1554 1187 1581 ταῦτα·
1204 1553 1237 1590 ἦν
1254 1555 1306 1590 ἄρα
1325 1556 1431 1591 καιρὸς,
1443 1557 1487 1582 ὅτε
1502 1556 1584 1591 χωρὶς
1605 1554 1708 1582 τούτων
1724 1552 1757 1589 ἦν
1768 1554 1781 1580 ό
1796 1553 1871 1584 Θεός.

1095 1600 1278 1627 Ἀτοπώτατον
1296 1601 1324 1627 δὲ
1349 1601 1437 1628 τοῦτο.
1453 1601 1508 1628 Καὶ
1532 1601 1558 1627 τί
1583 1600 1615 1627 ἂν
1631 1600 1677 1627 ἐπὶ
1703 1599 1782 1626 πλέον
1810 1598 1874 1634 περὶ

1088 1645 1190 1672 τούτων
1203 1646 1271 1682 πρὸς
1291 1647 1364 1681 ὑμᾶς
1384 1647 1569 1682 διαλεγοίμην,
1589 1645 1657 1682 πρὸς
1676 1645 1774 1681 ἄνδρας
1791 1652 1874 1670 πνευ-

1091 1691 1259 1726 ματοφόρους
1281 1692 1328 1718 καὶ
1351 1692 1444 1726 σαφῶς
1466 1690 1664 1726 ἐπισταμένους
1687 1690 1737 1722 τὰς
1759 1687 1875 1720 ἀτοπίας

1089 1737 1137 1768 τὰς
1154 1738 1185 1764 ἐκ
1202 1736 1248 1764 τοῦ
1269 1738 1373 1774 ποίημα
1393 1737 1550 1773 λέγειν”τὺν
1566 1736 1630 1764 Υἰὺν
1646 1730 1852 1767 ἁνακυπτοῦσας
1866 1744 1874 1768 ς

1090 1782 1134 1815 αἷς
1147 1793 1190 1820 μοι
1203 1784 1310 1811 δοκοῦσι
1326 1784 1363 1820 μὴ
1378 1784 1594 1820 προσεσχηκέναι
1612 1783 1658 1810 τὸν
1683 1783 1745 1810 νοῦν
1768 1782 1792 1809 oi
1810 1782 1876 1809 καθ-

1091 1829 1259 1865 ηγησάμενοι
1284 1829 1334 1864 τῆς
1359 1829 1438 1865 δόξης
1461 1829 1562 1865 ταύτης
1576 1829 1642 1864 (24),
1659 1829 1706 1855 καὶ
1731 1828 1774 1854 διὰ
1798 1827 1877 1854 τοῦτο

1092 1875 1189 1911 κομιδῆ
1210 1875 1258 1902 τοῦ
1281 1875 1397 1910 ἀληθοῦς
1418 1875 1647 1911 διημαρτηκέναι,
1670 1873 1799 1910 ἐτέρωςῆ
1817 1873 1878 1908 βού-

1098 1921 1175 1947 λεται
1188 1921 1274 1958 ταύτῃ
1286 1922 1302 1956 ὴ
1314 1921 1374 1948 θεία
1392 1922 1439 1948 καὶ
1452 1920 1713 1957 προφητικὴΓραφὴ
1725 1919 1878 1953 τὸ,Κύριος

1091 1966 1191 1993 ἕκτισέ
1199 1975 1236 2001 με
1249 1966 1347 2001 ἀρχὴν
1362 1966 1440 1993 ὁδῶν
1458 1966 1561 1998 αὑτοῦ,
1574 1966 1755 2001 ἐκδεξάμενοι.
1772 1965 1809 1992 Οὐ
1829 1963 1878 1999 μία

1092 2012 1146 2047 γὰρ
1173 2013 1189 2047 ἡ
1218 2012 1266 2038 τοῦ
1295 2013 1429 2045 ἔκτισεν,
1460 2013 1497 2044 ὡς
1526 2013 1594 2044 ῐστε,
1623 2011 1878 2047 σημασία·ἕκτισε

1093 2059 1147 2094 γὰρ
1174 2058 1290 2086 ἐνταῦθα
1318 2059 1464 2086 ἀκουστέον
1489 2059 1549 2086 ἀντὶ
1568 2058 1636 2089 τοῦ,
1663 2058 1795 2093 ἐπέστησε
1822 2057 1879 2087 τοῖς

1095 2104 1141 2132 ὑπ’
1153 2105 1234 2132 αὑτοῦ
1247 2105 1386 2139 γεγονόσιν
1400 2105 1502 2140 ἔργοις,
1515 2104 1638 2139 γεγονόσι
1649 2104 1676 2130 δὲ
1689 2103 1722 2130 δι’
1737 2102 1818 2130 αὐτοῦ
1831 2101 1877 2128 τοῦ

1094 2151 1174 2178 Υἰοῦ·
1193 2152 1253 2186 οὐχὶ
1282 2152 1310 2178 δέ
1336 2161 1368 2186 γε
1391 2151 1421 2179 τὺ
1440 2151 1543 2178 ἔκτισε
1572 2151 1619 2178 νῦν
1643 2150 1740 2184 λέγοιτ’
1761 2149 1794 2176 ἂν
1823 2148 1878 2183 (‘25)

258 2198 352 2218 creare
370 2191 442 2218 inter
467 2199 496 2218 se
522 2191 658 2218 differunt.
677 2192 743 2219 llinc
770 2191 874 2227 Moyses
896 2192 923 2219 in
945 2199 1036 2228 magnt

1095 2199 1141 2224 ἐπὶ
1171 2199 1218 2224 τοῦ
1241 2198 1380 2231 ἐποίησε·
1406 2198 1528 2233 διαφέρει
1556 2197 1611 2233 γὰρ
1641 2197 1688 2224 τοῦ
1716 2196 1826 2230 ποιῆσαι
1849 2193 1880 2220 τδ

265 2237 465 2264 Deuterononiii
491 2238 612 2264 carmine
624 2238 662 2264 ait
688 2247 694 2264 :
717 2237 844 2270 Nunquid
868 2246 918 2264 non
933 2239 986 2272 ipse
1004 2243 1042 2265 est

263 2282 423 2315 Patertuus,
441 2283 486 2317 qui
500 2283 613 2314 possedit
627 2288 660 2315 te,
673 2288 697 2310 et
716 2283 776 2318 fecit
788 2289 820 2314 te.
834 2287 858 2310 et
873 2284 967 2310 creavit
980 2284 1042 2310 te"!

261 2330 308 2356 Sic
319 2331 400 2357 etiam
415 2330 474 2357 illos
490 2335 563 2357 recte
581 2330 642 2364 quis
660 2330 744 2364 possit
759 2337 905 2365 coarguere
921 2339 927 2356 :
943 2331 965 2357 Ο
976 2338 1040 2365 prae-

261 2376 359 2411 cipites
375 2377 565 2412 tcmerariique
581 2377 719 2404 homines!
735 2377 840 2411 Ergone
857 2376 927 2404 facta
944 2384 987 2404 res
1002 2381 1044 2404 est

261 2423 455 2457 priimigeuitus
477 2423 565 2450 omnis
586 2428 717 2450 creatura:
729 2423 749 2456 ⁸,
773 2424 818 2458 qui
843 2431 875 2451 ex
892 2427 967 2450 utero
980 2429 1043 2452 ante

262 2467 402 2496 luciferum
418 2470 524 2504 genitus
537 2473 578 2496 est
589 2469 611 2502 δ,
632 2469 677 2504 qui
690 2475 717 2496 ut
729 2470 865 2504 Sapientia
879 2470 943 2497 dicit
957 2478 966 2498 :
978 2471 1043 2497 Ante

263 2523 351 2542 omnes
370 2516 447 2542 colles
461 2524 501 2542 me
512 2517 594 2551 gignit
605 2516 635 2542 ⁸2
656 2516 775 2551 Denique
789 2516 934 2551 Scriptura.-
947 2516 1044 2543 divina:

1091 2243 1192 2271 κτίσαι.
1204 2245 1264 2271 Οἱυι
1283 2243 1375 2276 αὐτὸς
1391 2242 1480 2277 οὗτός
1489 2252 1546 2271 σου
1553 2243 1654 2277 Πατὴρ
1669 2241 1818 2276 ὲκτήσατό
1831 2248 1878 2272 σε,

1090 2290 1140 2317 καὶ
1152 2290 1276 2324 ἐποίησὲ
1291 2298 1337 2322 σε,
1353 2290 1401 2317 καὶ
1416 2289 1518 2317 ἐκτισέ
1533 2296 1586 2321 (TE;
1603 2290 1636 2325 τῇ
1652 2290 1681 2316 ὲν
1694 2287 1733 2323 τῷ
1750 2289 1880 2323 Δευτερο-

1091 2334 1176 2371 νομίῳ
1201 2335 1304 2372 μεγάλῃ
1329 2336 1383 2372 ῲδῇ
1409 2337 1423 2362 ὁ
1449 2336 1551 2371 Μωσῆς
1577 2343 1653 2370 φησι.
1672 2334 1743 2370 Πρὸς
1764 2333 1810 2365 οὒς
1833 2332 1881 2359 καὶ

1092 2381 1163 2408 εἴποι
1180 2382 1212 2409 ἄν
1232 2391 1288 2414 τιςε
1303 2380 1343 2415 λτΩ
1367 2381 1547 2416 ριψοκίνδυνοι
1569 2381 1720 2417 ἄνθρωποιῐ
1747 2379 1850 2416 ποίημα
1867 2380 1882 2406 ὀ

1096 2427 1266 2463 πρωτότοκος
1292 2427 1382 2463 πάσης
1414 2427 1548 2458 κτίσεως,
1577 2427 1591 2453 ό
1618 2427 1650 2453 ὲκ
1682 2425 1800 2461 γαστρὸς
1829 2424 1882 2460 πρὸ

1097 2472 1234 2509 ἑωσφόρον
1263 2473 1419 2508 γεννηθεὶς,
1442 2474 1456 2500 ὁ
1477 2472 1561 2499 εἰπὼν
1588 2472 1626 2504 ὼς
1650 2472 1748 2506 Σοφία·
1768 2469 1827 2506 Πρὸ
1848 2469 1882 2496 δὲ

1097 2519 1217 2546 πάντων
1227 2519 1352 2552 βουνῶν
1363 2517 1457 2554 γεννᾷ
1471 2527 1527 2554 με;
1549 2518 1604 2545 Καὶ
1619 2516 1755 2553 πολλαχοῦ
1784 2516 1812 2543 δὲ
1828 2515 1883 2542 τῶν

297 2582 320 2598 ”
334 2581 412 2610 Joan.
427 2591 481 2615 xiv,
499 2582 542 2610 10.
583 2582 591 2598 ¹
608 2583 686 2611 Prov.
701 2583 815 2615 “11,22.
853 2584 863 2599 ²
876 2583 951 2610 Deut.
966 2590 1036 2610 χχιιι

1087 2605 1091 2613 .
1129 2585 1140 2602 ³
1154 2586 1257 2614 Coloss.
1275 2586 1351 2619 ι,15.
1390 2585 1400 2601 ⁸
1415 2585 1485 2614 Psal.
1500 2594 1555 2619 crx,
1571 2585 1599 2613 3.
1635 2585 1646 2601 '
1662 2584 1740 2612 Prov.
1762 2591 1820 2616 vnI,
1835 2582 1882 2610 25.

298 2653 354 2688 (2i)
370 2653 435 2688 Reg.
453 2653 550 2687 λέγων,
564 2658 592 2680 ιιι
610 2658 637 2680 et
651 2654 713 2688 legit
728 2654 852 2680 Ambros.
871 2654 993 2680 Caulald.

299 2688 355 2723 ’22)
372 2689 438 2723 Reg.
462 2688 636 2721 δοξάσαντας.
653 2688 736 2716 Basil.
753 2689 910 2722 δοξάζοντες
921 2709 928 2721 ,
950 2693 978 2717 et
996 2689 1048 2716 alia

265 2724 356 2755 'Iuauu.
369 2732 414 2758 γρ.
431 2724 606 2756 ὃοξάσαντας.

264 2758 359 2819 “(23)
377 2760 422 2787 Sic
438 2759 504 2794 lieg.
519 2764 548 2786 ut
560 2765 586 2786 et
602 2759 685 2794 exigit
701 2766 808 2788 sensus.
824 2758 893 2785 Editi
910 2765 937 2787 et
953 2759 1010 2794 alii,
1025 2759 1049 2785 εἱ

300 2828 356 2865 (26)
374 2828 419 2858 Sic
442 2829 509 2864 Reg.
529 2829 582 2858 Alii
598 2837 661 2858 veto
687 2835 716 2858 et
737 2830 802 2858 edin
834 2832 960 2858 omittunt
987 2829 1051 2856 ταυ-

1100 2649 1569 2723 Tum:os‘icEﬁEPSeEmxima.
1584 2687 1618 2714 At
1633 2686 1697 2713 edit.
1711 2685 1884 2723 Parisiensis,

1101 2720 1168 2752 ἀντί.
1183 2724 1316 2751 Caeterum
1329 2723 1361 2750 ἂν
1374 2724 1420 2750 ἐπί
1448 2724 1516 2749 idem
1546 2723 1589 2750 hic
1605 2722 1739 2755 signiﬁcat
1757 2729 1788 2747 ac
1811 2720 1883 2747 ἀντί.

1102 2759 1161 2786 Mox
1178 2761 1209 2785 τὸ
1223 2759 1313 2784 κτίσαι
1326 2759 1395 2791 quod
1411 2761 1486 2784 abest
1497 2759 1531 2784 ab
1544 2758 1587 2784 ed.
1610 2756 1740 2784 Cunitnel.
1765 2756 1884 2782 restitui-

1103 2802 1204 2820 musex
1222 2802 1287 2820 mss.
1307 2794 1371 2827 Ih-g.
1391 2799 1416 2819 et
1429 2793 1509 2819 Basil.
1526 2793 1648 2820 liancunc
1660 2792 1884 2826 \‘oceuilegeruut

1104 2830 1223 2856 Nannius
1237 2834 1264 2857 ct
1280 2829 1406 2856 Ambros.
1424 2829 1543 2856 Caniald.
