  <div class='ocr_page' id='page_1' title='image "/cluster/home/n/w/nwhite01/storage/ocr_20150623/25/njp.32101010944591/518.png"; bbox 0 0 2018 3048; ppageno 0'>
   <div class='ocr_carea' id='block_1_1' title="bbox 152 135 201 165">
    <p class='ocr_par' dir='ltr' id='par_1_1' title="bbox 152 135 201 165">
     <span class='ocr_line' id='line_1_1' title="bbox 152 135 201 165; baseline -0.041 -1"><span class='ocrx_word' id='word_1_1' title='bbox 152 135 201 165; x_wconf 67' lang='lat'><strong>£55</strong></span> 
     </span>
    </p>
   </div>
   <div class='ocr_carea' id='block_1_2' title="bbox 678 139 1230 168">
    <p class='ocr_par' dir='ltr' id='par_1_2' title="bbox 678 139 1230 168">
     <span class='ocr_line' id='line_1_2' title="bbox 678 139 1230 168; baseline 0.004 -2"><span class='ocrx_word' id='word_1_2' title='bbox 678 139 721 166; x_wconf 85' lang='lat' dir='ltr'><strong>DE</strong></span> <span class='ocrx_word' id='word_1_3' title='bbox 741 139 911 167; x_wconf 76' lang='lat' dir='ltr'><strong>DECRETIS</strong></span> <span class='ocrx_word' id='word_1_4' title='bbox 931 139 1079 168; x_wconf 65' lang='grc' dir='ltr'><strong>ΝΚ]ᾸίΝῶ</strong></span> <span class='ocrx_word' id='word_1_5' title='bbox 1098 139 1230 168; x_wconf 71' lang='lat' dir='ltr'><strong>SYNODI.</strong></span> 
     </span>
    </p>
   </div>
   <div class='ocr_carea' id='block_1_3' title="bbox 1714 139 1768 169">
    <p class='ocr_par' dir='ltr' id='par_1_3' title="bbox 1714 139 1768 169">
     <span class='ocr_line' id='line_1_3' title="bbox 1714 139 1768 169; baseline 0.037 -2"><span class='ocrx_word' id='word_1_6' title='bbox 1714 139 1768 169; x_wconf 69' lang='grc' dir='ltr'>ωδ</span> 
     </span>
    </p>
   </div>
   <div class='ocr_carea' id='block_1_4' title="bbox 149 193 929 233">
    <p class='ocr_par' dir='ltr' id='par_1_4' title="bbox 149 193 929 230">
     <span class='ocr_line' id='line_1_4' title="bbox 149 193 929 230; baseline 0.003 -10"><span class='ocrx_word' id='word_1_7' title='bbox 149 194 230 221; x_wconf 82' lang='grc' dir='ltr'>θείων</span> <span class='ocrx_word' id='word_1_8' title='bbox 244 193 342 228; x_wconf 78' lang='grc' dir='ltr'><strong>λογίων</strong></span> <span class='ocrx_word' id='word_1_9' title='bbox 368 194 568 230; x_wconf 79' lang='grc' dir='ltr'>γεγεννῆσθαι,</span> <span class='ocrx_word' id='word_1_10' title='bbox 595 194 651 222; x_wconf 70' lang='grc' dir='ltr'>ἀλλ’</span> <span class='ocrx_word' id='word_1_11' title='bbox 667 196 696 222; x_wconf 81' lang='grc' dir='ltr'>οὗ</span> <span class='ocrx_word' id='word_1_12' title='bbox 723 196 864 230; x_wconf 84' lang='grc' dir='ltr'>γεγονέναι</span> <span class='ocrx_word' id='word_1_13' title='bbox 889 198 929 222; x_wconf 46' lang='grc' dir='ltr'><strong>τοι</strong></span> 
     </span>
    </p>
   </div>
   <div class='ocr_carea' id='block_1_5' title="bbox 980 193 1766 233">
    <p class='ocr_par' dir='ltr' id='par_1_5' title="bbox 989 195 1766 233">
     <span class='ocr_line' id='line_1_5' title="bbox 989 195 1766 233; baseline 0.003 -11"><span class='ocrx_word' id='word_1_14' title='bbox 989 197 1078 223; x_wconf 80' lang='lat' dir='ltr'><strong>inultis</strong></span> <span class='ocrx_word' id='word_1_15' title='bbox 1093 197 1119 223; x_wconf 90' lang='lat' dir='ltr'><strong>in</strong></span> <span class='ocrx_word' id='word_1_16' title='bbox 1135 196 1200 224; x_wconf 89' lang='lat' dir='ltr'><strong>locis</strong></span> <span class='ocrx_word' id='word_1_17' title='bbox 1215 197 1334 231; x_wconf 84' lang='lat' dir='ltr'><strong>genitum</strong></span> <span class='ocrx_word' id='word_1_18' title='bbox 1348 203 1409 223; x_wconf 89' lang='lat' dir='ltr'><strong>eum</strong></span> <span class='ocrx_word' id='word_1_19' title='bbox 1424 195 1526 229; x_wconf 87' lang='lat' dir='ltr'><strong>dicunt,</strong></span> <span class='ocrx_word' id='word_1_20' title='bbox 1541 203 1671 232; x_wconf 81' lang='lat' dir='ltr'><strong>nusquam</strong></span> <span class='ocrx_word' id='word_1_21' title='bbox 1687 196 1766 233; x_wconf 75' lang='lat'><strong>183</strong></span> 
     </span>
    </p>
   </div>
   <div class='ocr_carea' id='block_1_6' title="bbox 149 238 936 276">
    <p class='ocr_par' dir='ltr' id='par_1_6' title="bbox 149 238 936 276">
     <span class='ocr_line' id='line_1_6' title="bbox 149 238 936 276; baseline 0.003 -10"><span class='ocrx_word' id='word_1_22' title='bbox 149 239 214 266; x_wconf 81' lang='grc' dir='ltr'>Υἰὺν</span> <span class='ocrx_word' id='word_1_23' title='bbox 241 239 385 274; x_wconf 83' lang='grc' dir='ltr'>λεγόμενον</span> <span class='ocrx_word' id='word_1_24' title='bbox 410 240 484 276; x_wconf 72' lang='grc' dir='ltr'>εὖροι</span> <span class='ocrx_word' id='word_1_25' title='bbox 507 249 549 273; x_wconf 87' lang='grc' dir='ltr'><strong>τις</strong></span> <span class='ocrx_word' id='word_1_26' title='bbox 573 241 621 268; x_wconf 79' lang='grc' dir='ltr'><strong>ἂν·</strong></span> <span class='ocrx_word' id='word_1_27' title='bbox 642 241 686 276; x_wconf 78' lang='grc' dir='ltr'><strong>ὑφ’</strong></span> <span class='ocrx_word' id='word_1_28' title='bbox 712 238 749 268; x_wconf 84' lang='grc' dir='ltr'>ὧν</span> <span class='ocrx_word' id='word_1_29' title='bbox 774 241 936 275; x_wconf 77' lang='grc' dir='ltr'><strong>καταφανῶς</strong></span> 
     </span>
    </p>
   </div>
   <div class='ocr_carea' id='block_1_7' title="bbox 150 286 935 323">
    <p class='ocr_par' dir='ltr' id='par_1_7' title="bbox 150 286 935 323">
     <span class='ocr_line' id='line_1_7' title="bbox 150 286 935 323; baseline 0.003 -12"><span class='ocrx_word' id='word_1_30' title='bbox 150 286 307 321; x_wconf 77' lang='grc' dir='ltr'><strong>ἐλέγχονται</strong></span> <span class='ocrx_word' id='word_1_31' title='bbox 322 287 355 313; x_wconf 73' lang='grc' dir='ltr'><strong>τὰ</strong></span> <span class='ocrx_word' id='word_1_32' title='bbox 370 287 455 322; x_wconf 73' lang='grc' dir='ltr'>ψεύδη</span> <span class='ocrx_word' id='word_1_33' title='bbox 466 287 521 323; x_wconf 67' lang='lat'><strong>(26)</strong></span> <span class='ocrx_word' id='word_1_34' title='bbox 541 287 605 323; x_wconf 82' lang='grc' dir='ltr'>περὶ</span> <span class='ocrx_word' id='word_1_35' title='bbox 622 289 671 323; x_wconf 82' lang='grc' dir='ltr'>τῆς</span> <span class='ocrx_word' id='word_1_36' title='bbox 690 287 736 314; x_wconf 74' lang='grc' dir='ltr'>τοῦ</span> <span class='ocrx_word' id='word_1_37' title='bbox 752 288 855 323; x_wconf 78' lang='grc' dir='ltr'>Κυρίου</span> <span class='ocrx_word' id='word_1_38' title='bbox 874 296 935 322; x_wconf 76' lang='grc' dir='ltr'>γεν-</span> 
     </span>
    </p>
   </div>
   <div class='ocr_carea' id='block_1_8' title="bbox 150 331 934 369">
    <p class='ocr_par' dir='ltr' id='par_1_8' title="bbox 150 331 934 369">
     <span class='ocr_line' id='line_1_8' title="bbox 150 331 934 369; baseline 0.003 -12"><span class='ocrx_word' id='word_1_39' title='bbox 150 332 254 367; x_wconf 84' lang='grc' dir='ltr'>νήσεως</span> <span class='ocrx_word' id='word_1_40' title='bbox 271 331 506 367; x_wconf 76' lang='grc' dir='ltr'>ὑπολαμῆάνοντες</span> <span class='ocrx_word' id='word_1_41' title='bbox 525 335 550 360; x_wconf 70' lang='grc' dir='ltr'>οἱ</span> <span class='ocrx_word' id='word_1_42' title='bbox 566 333 673 369; x_wconf 79' lang='grc' dir='ltr'><strong>ποίησιν</strong></span> <span class='ocrx_word' id='word_1_43' title='bbox 695 333 777 360; x_wconf 77' lang='grc' dir='ltr'>αὑτοῦ</span> <span class='ocrx_word' id='word_1_44' title='bbox 793 334 841 369; x_wconf 85' lang='grc' dir='ltr'>τὴν</span> <span class='ocrx_word' id='word_1_45' title='bbox 860 333 934 360; x_wconf 80' lang='grc' dir='ltr'>θείαν</span> 
     </span>
    </p>
   </div>
   <div class='ocr_carea' id='block_1_9' title="bbox 151 377 935 415">
    <p class='ocr_par' dir='ltr' id='par_1_9' title="bbox 151 377 935 415">
     <span class='ocr_line' id='line_1_9' title="bbox 151 377 935 415; baseline 0.003 -11"><span class='ocrx_word' id='word_1_46' title='bbox 151 378 198 404; x_wconf 82' lang='grc' dir='ltr'>καὶ</span> <span class='ocrx_word' id='word_1_47' title='bbox 226 378 344 414; x_wconf 72' lang='grc' dir='ltr'>ἄρρητον</span> <span class='ocrx_word' id='word_1_48' title='bbox 371 379 496 413; x_wconf 82' lang='grc' dir='ltr'><strong>γέννησιν</strong></span> <span class='ocrx_word' id='word_1_49' title='bbox 515 379 604 413; x_wconf 85' lang='grc' dir='ltr'>λέγειν</span> <span class='ocrx_word' id='word_1_50' title='bbox 625 379 786 415; x_wconf 84' lang='grc' dir='ltr'><strong>τολμῶντες.</strong></span> <span class='ocrx_word' id='word_1_51' title='bbox 810 379 872 406; x_wconf 79' lang='grc' dir='ltr'>οὔτ’</span> <span class='ocrx_word' id='word_1_52' title='bbox 888 377 935 406; x_wconf 70' lang='grc' dir='ltr'>οὖν</span> 
     </span>
    </p>
   </div>
   <div class='ocr_carea' id='block_1_10' title="bbox 150 422 934 461">
    <p class='ocr_par' dir='ltr' id='par_1_10' title="bbox 150 422 934 461">
     <span class='ocr_line' id='line_1_10' title="bbox 150 422 934 461; baseline 0.004 -12"><span class='ocrx_word' id='word_1_53' title='bbox 150 422 344 459; x_wconf 73' lang='grc' dir='ltr'>καταμερίζειν</span> <span class='ocrx_word' id='word_1_54' title='bbox 359 424 411 459; x_wconf 85' lang='grc' dir='ltr'><strong>χρὴ</strong></span> <span class='ocrx_word' id='word_1_55' title='bbox 424 425 463 456; x_wconf 83' lang='grc' dir='ltr'><strong>είς</strong></span> <span class='ocrx_word' id='word_1_56' title='bbox 480 426 553 460; x_wconf 81' lang='grc' dir='ltr'>τρεῖς</span> <span class='ocrx_word' id='word_1_57' title='bbox 570 425 699 460; x_wconf 80' lang='grc' dir='ltr'>θεότητας</span> <span class='ocrx_word' id='word_1_58' title='bbox 712 425 760 460; x_wconf 80' lang='grc' dir='ltr'><strong>τὴν</strong></span> <span class='ocrx_word' id='word_1_59' title='bbox 774 425 934 461; x_wconf 83' lang='grc' dir='ltr'>θαυμαστὴν</span> 
     </span>
    </p>
   </div>
   <div class='ocr_carea' id='block_1_11' title="bbox 149 469 934 507">
    <p class='ocr_par' dir='ltr' id='par_1_11' title="bbox 149 469 934 507">
     <span class='ocr_line' id='line_1_11' title="bbox 149 469 934 507; baseline 0.004 -12"><span class='ocrx_word' id='word_1_60' title='bbox 149 469 197 496; x_wconf 71' lang='grc' dir='ltr'>καὶ</span> <span class='ocrx_word' id='word_1_61' title='bbox 210 469 283 496; x_wconf 85' lang='grc' dir='ltr'>θείαν</span> <span class='ocrx_word' id='word_1_62' title='bbox 306 469 423 504; x_wconf 87' lang='grc' dir='ltr'>μονάδα·</span> <span class='ocrx_word' id='word_1_63' title='bbox 439 469 500 496; x_wconf 73' lang='grc' dir='ltr'>οὔτε</span> <span class='ocrx_word' id='word_1_64' title='bbox 517 472 623 506; x_wconf 79' lang='grc' dir='ltr'>ποιήσει</span> <span class='ocrx_word' id='word_1_65' title='bbox 638 471 751 498; x_wconf 81' lang='grc' dir='ltr'><strong>κωλύειν</strong></span> <span class='ocrx_word' id='word_1_66' title='bbox 773 471 803 497; x_wconf 85' lang='grc' dir='ltr'>τὸ</span> <span class='ocrx_word' id='word_1_67' title='bbox 826 471 934 507; x_wconf 77' lang='grc' dir='ltr'>ἀξίωμα</span> 
     </span>
    </p>
   </div>
   <div class='ocr_carea' id='block_1_12' title="bbox 149 515 935 553">
    <p class='ocr_par' dir='ltr' id='par_1_12' title="bbox 149 515 935 553">
     <span class='ocr_line' id='line_1_12' title="bbox 149 515 935 553; baseline 0.003 -12"><span class='ocrx_word' id='word_1_68' title='bbox 149 516 196 542; x_wconf 73' lang='grc' dir='ltr'>καὶ</span> <span class='ocrx_word' id='word_1_69' title='bbox 213 515 243 541; x_wconf 82' lang='grc' dir='ltr'>τὸ</span> <span class='ocrx_word' id='word_1_70' title='bbox 258 515 424 551; x_wconf 77' lang='grc' dir='ltr'>ὑπερϐάλλον</span> <span class='ocrx_word' id='word_1_71' title='bbox 440 516 553 552; x_wconf 82' lang='grc' dir='ltr'>μέγεθος</span> <span class='ocrx_word' id='word_1_72' title='bbox 568 516 615 543; x_wconf 77' lang='grc' dir='ltr'>τοῦ</span> <span class='ocrx_word' id='word_1_73' title='bbox 633 517 750 553; x_wconf 82' lang='grc' dir='ltr'>Κυρίου·</span> <span class='ocrx_word' id='word_1_74' title='bbox 768 516 835 543; x_wconf 81' lang='grc' dir='ltr'>ἀλλὰ</span> <span class='ocrx_word' id='word_1_75' title='bbox 855 525 935 543; x_wconf 70' lang='grc' dir='ltr'>πεπιο</span> 
     </span>
    </p>
   </div>
   <div class='ocr_carea' id='block_1_13' title="bbox 150 559 935 598">
    <p class='ocr_par' dir='ltr' id='par_1_13' title="bbox 150 559 935 598">
     <span class='ocr_line' id='line_1_13' title="bbox 150 559 935 598; baseline 0.004 -13"><span class='ocrx_word' id='word_1_76' title='bbox 150 559 290 586; x_wconf 81' lang='grc' dir='ltr'>στευκέναι</span> <span class='ocrx_word' id='word_1_77' title='bbox 310 561 349 591; x_wconf 83' lang='grc' dir='ltr'><strong>εις</strong></span> <span class='ocrx_word' id='word_1_78' title='bbox 367 559 434 587; x_wconf 75' lang='grc' dir='ltr'>Θεὸν</span> <span class='ocrx_word' id='word_1_79' title='bbox 459 561 569 596; x_wconf 80' lang='grc' dir='ltr'>Πατέρα</span> <span class='ocrx_word' id='word_1_80' title='bbox 585 561 804 598; x_wconf 83' lang='grc' dir='ltr'>παντοκράτορα,</span> <span class='ocrx_word' id='word_1_81' title='bbox 824 561 872 588; x_wconf 77' lang='grc' dir='ltr'>καὶ</span> <span class='ocrx_word' id='word_1_82' title='bbox 894 562 935 593; x_wconf 79' lang='grc' dir='ltr'><strong>εἰς</strong></span> 
     </span>
    </p>
   </div>
   <div class='ocr_carea' id='block_1_14' title="bbox 149 606 934 642">
    <p class='ocr_par' dir='ltr' id='par_1_14' title="bbox 149 606 934 642">
     <span class='ocr_line' id='line_1_14' title="bbox 149 606 934 642; baseline 0.003 -10"><span class='ocrx_word' id='word_1_83' title='bbox 149 606 265 642; x_wconf 74' lang='grc' dir='ltr'>Χριστὸν</span> <span class='ocrx_word' id='word_1_84' title='bbox 285 606 388 642; x_wconf 76' lang='grc' dir='ltr'>Ἰησοῦν</span> <span class='ocrx_word' id='word_1_85' title='bbox 409 607 454 633; x_wconf 73' lang='grc' dir='ltr'><strong>τὸν</strong></span> <span class='ocrx_word' id='word_1_86' title='bbox 478 607 542 634; x_wconf 82' lang='grc' dir='ltr'>Υἱὺν</span> <span class='ocrx_word' id='word_1_87' title='bbox 562 607 657 639; x_wconf 76' lang='grc' dir='ltr'>αὐτοῦ,</span> <span class='ocrx_word' id='word_1_88' title='bbox 677 608 723 634; x_wconf 77' lang='grc' dir='ltr'><strong>καὶ</strong></span> <span class='ocrx_word' id='word_1_89' title='bbox 740 609 780 639; x_wconf 75' lang='grc' dir='ltr'>εἰς</span> <span class='ocrx_word' id='word_1_90' title='bbox 804 608 835 634; x_wconf 83' lang='grc' dir='ltr'>τὸ</span> <span class='ocrx_word' id='word_1_91' title='bbox 858 608 934 642; x_wconf 82' lang='grc' dir='ltr'>ἆγιον</span> 
     </span>
    </p>
   </div>
   <div class='ocr_carea' id='block_1_15' title="bbox 149 652 932 689">
    <p class='ocr_par' dir='ltr' id='par_1_15' title="bbox 149 652 932 689">
     <span class='ocr_line' id='line_1_15' title="bbox 149 652 932 689; baseline 0.004 -11"><span class='ocrx_word' id='word_1_92' title='bbox 149 652 274 687; x_wconf 82' lang='grc' dir='ltr'>Πνεῦμα.</span> <span class='ocrx_word' id='word_1_93' title='bbox 299 652 418 688; x_wconf 80' lang='grc' dir='ltr'><strong>ἡνῶσθαι</strong></span> <span class='ocrx_word' id='word_1_94' title='bbox 432 653 460 679; x_wconf 79' lang='grc' dir='ltr'>δὲ</span> <span class='ocrx_word' id='word_1_95' title='bbox 476 652 515 688; x_wconf 86' lang='grc' dir='ltr'><strong>τῷ</strong></span> <span class='ocrx_word' id='word_1_96' title='bbox 529 653 588 689; x_wconf 85' lang='grc' dir='ltr'><strong>Θεῷ</strong></span> <span class='ocrx_word' id='word_1_97' title='bbox 610 653 663 680; x_wconf 86' lang='grc' dir='ltr'><strong>τῶν</strong></span> <span class='ocrx_word' id='word_1_98' title='bbox 687 654 755 680; x_wconf 78' lang='grc' dir='ltr'>ὅλων</span> <span class='ocrx_word' id='word_1_99' title='bbox 771 655 816 680; x_wconf 82' lang='grc' dir='ltr'>τὸν</span> <span class='ocrx_word' id='word_1_100' title='bbox 832 655 932 688; x_wconf 72' lang='grc' dir='ltr'>Λόγονσ</span> 
     </span>
    </p>
   </div>
   <div class='ocr_carea' id='block_1_16' title="bbox 154 699 932 736">
    <p class='ocr_par' dir='ltr' id='par_1_16' title="bbox 154 699 932 736">
     <span class='ocr_line' id='line_1_16' title="bbox 154 699 932 736; baseline 0.003 -11"><span class='ocrx_word' id='word_1_101' title='bbox 154 699 224 734; x_wconf 71' lang='grc' dir='ltr'><strong>Ἐγὼ</strong></span> <span class='ocrx_word' id='word_1_102' title='bbox 244 700 308 735; x_wconf 81' lang='grc' dir='ltr'>γὰρ,</span> <span class='ocrx_word' id='word_1_103' title='bbox 336 701 412 736; x_wconf 77' lang='grc' dir='ltr'>φησὶ,</span> <span class='ocrx_word' id='word_1_104' title='bbox 430 701 477 728; x_wconf 77' lang='grc' dir='ltr'>καὶ</span> <span class='ocrx_word' id='word_1_105' title='bbox 509 702 525 727; x_wconf 88' lang='grc' dir='ltr'><strong>ό</strong></span> <span class='ocrx_word' id='word_1_106' title='bbox 555 702 656 735; x_wconf 77' lang='grc' dir='ltr'>Πατὴρ</span> <span class='ocrx_word' id='word_1_107' title='bbox 681 701 716 728; x_wconf 82' lang='grc' dir='ltr'><strong>ἓν</strong></span> <span class='ocrx_word' id='word_1_108' title='bbox 741 702 850 735; x_wconf 72' lang='grc' dir='ltr'>ἐσμενθ</span> <span class='ocrx_word' id='word_1_109' title='bbox 875 702 932 733; x_wconf 72' lang='grc' dir='ltr'>καὶ,</span> 
     </span>
    </p>
   </div>
   <div class='ocr_carea' id='block_1_17' title="bbox 153 745 933 783">
    <p class='ocr_par' dir='ltr' id='par_1_17' title="bbox 153 745 933 783">
     <span class='ocr_line' id='line_1_17' title="bbox 153 745 933 783; baseline 0.004 -12"><span class='ocrx_word' id='word_1_110' title='bbox 153 745 226 779; x_wconf 58' lang='grc' dir='ltr'><strong>Ἐγὼ</strong></span> <span class='ocrx_word' id='word_1_111' title='bbox 241 746 276 772; x_wconf 71' lang='grc' dir='ltr'><em>ἐν</em></span> <span class='ocrx_word' id='word_1_112' title='bbox 288 745 327 778; x_wconf 82' lang='grc' dir='ltr'>τῷ</span> <span class='ocrx_word' id='word_1_113' title='bbox 335 746 435 780; x_wconf 75' lang='lat' dir='ltr'><strong>&quot;arpi,</strong></span> <span class='ocrx_word' id='word_1_114' title='bbox 445 747 493 773; x_wconf 78' lang='grc' dir='ltr'><strong>καὶ</strong></span> <span class='ocrx_word' id='word_1_115' title='bbox 508 749 525 774; x_wconf 85' lang='grc' dir='ltr'><em>ὁ</em></span> <span class='ocrx_word' id='word_1_116' title='bbox 538 746 638 781; x_wconf 77' lang='grc' dir='ltr'>Πατὴρ</span> <span class='ocrx_word' id='word_1_117' title='bbox 652 747 686 774; x_wconf 80' lang='grc' dir='ltr'><strong>ἐν</strong></span> <span class='ocrx_word' id='word_1_118' title='bbox 702 748 776 782; x_wconf 80' lang='grc' dir='ltr'>ἐμοί.</span> <span class='ocrx_word' id='word_1_119' title='bbox 787 747 865 774; x_wconf 83' lang='grc' dir='ltr'>οὕτω</span> <span class='ocrx_word' id='word_1_120' title='bbox 879 748 933 783; x_wconf 88' lang='grc' dir='ltr'><strong>γὰρ</strong></span> 
     </span>
    </p>
   </div>
   <div class='ocr_carea' id='block_1_18' title="bbox 148 791 934 830">
    <p class='ocr_par' dir='ltr' id='par_1_18' title="bbox 148 791 934 830">
     <span class='ocr_line' id='line_1_18' title="bbox 148 791 934 830; baseline 0.005 -13"><span class='ocrx_word' id='word_1_121' title='bbox 148 791 181 817; x_wconf 84' lang='grc' dir='ltr'><strong>ἂν</strong></span> <span class='ocrx_word' id='word_1_122' title='bbox 195 791 241 818; x_wconf 78' lang='grc' dir='ltr'><strong>καὶ</strong></span> <span class='ocrx_word' id='word_1_123' title='bbox 258 793 274 826; x_wconf 89' lang='grc' dir='ltr'>ὴ</span> <span class='ocrx_word' id='word_1_124' title='bbox 290 791 349 818; x_wconf 86' lang='grc' dir='ltr'>θεία</span> <span class='ocrx_word' id='word_1_125' title='bbox 363 792 458 828; x_wconf 73' lang='grc' dir='ltr'>Τριέις,</span> <span class='ocrx_word' id='word_1_126' title='bbox 470 793 517 819; x_wconf 78' lang='grc' dir='ltr'>καὶ</span> <span class='ocrx_word' id='word_1_127' title='bbox 533 793 563 820; x_wconf 80' lang='grc' dir='ltr'>τὸ</span> <span class='ocrx_word' id='word_1_128' title='bbox 578 794 653 828; x_wconf 81' lang='grc' dir='ltr'>ἆγιον</span> <span class='ocrx_word' id='word_1_129' title='bbox 668 795 796 829; x_wconf 77' lang='grc' dir='ltr'>κήρυγμα</span> <span class='ocrx_word' id='word_1_130' title='bbox 808 794 856 830; x_wconf 81' lang='grc' dir='ltr'>τῆς</span> <span class='ocrx_word' id='word_1_131' title='bbox 871 803 934 829; x_wconf 87' lang='grc' dir='ltr'>μον-</span> 
     </span>
    </p>
   </div>
   <div class='ocr_carea' id='block_1_19' title="bbox 147 837 460 872">
    <p class='ocr_par' dir='ltr' id='par_1_19' title="bbox 147 837 460 872">
     <span class='ocr_line' id='line_1_19' title="bbox 147 837 460 872; baseline 0.003 -9"><span class='ocrx_word' id='word_1_132' title='bbox 147 837 245 872; x_wconf 79' lang='grc' dir='ltr'>αρχίας</span> <span class='ocrx_word' id='word_1_133' title='bbox 262 837 430 869; x_wconf 82' lang='grc' dir='ltr'>διασώζοιτο.</span> <span class='ocrx_word' id='word_1_134' title='bbox 451 848 460 864; x_wconf 71' lang='grc' dir='ltr'><strong>ι</strong></span> 
     </span>
    </p>
   </div>
   <div class='ocr_carea' id='block_1_20' title="bbox 181 883 932 920">
    <p class='ocr_par' dir='ltr' id='par_1_20' title="bbox 181 883 932 920">
     <span class='ocr_line' id='line_1_20' title="bbox 181 883 932 920; baseline 0.004 -11"><span class='ocrx_word' id='word_1_135' title='bbox 181 883 227 910; x_wconf 67' lang='lat' dir='ltr'><strong>i7.</strong></span> <span class='ocrx_word' id='word_1_136' title='bbox 248 883 314 919; x_wconf 72' lang='grc' dir='ltr'>Περὶ</span> <span class='ocrx_word' id='word_1_137' title='bbox 331 883 358 909; x_wconf 78' lang='grc' dir='ltr'><strong>δὲ</strong></span> <span class='ocrx_word' id='word_1_138' title='bbox 381 883 426 910; x_wconf 84' lang='grc' dir='ltr'>τοῦ</span> <span class='ocrx_word' id='word_1_139' title='bbox 455 883 547 916; x_wconf 85' lang='grc' dir='ltr'>άῖδίως</span> <span class='ocrx_word' id='word_1_140' title='bbox 574 886 694 911; x_wconf 86' lang='grc' dir='ltr'>συνεῖναι</span> <span class='ocrx_word' id='word_1_141' title='bbox 721 885 766 912; x_wconf 85' lang='grc' dir='ltr'>τὸν</span> <span class='ocrx_word' id='word_1_142' title='bbox 789 886 874 920; x_wconf 85' lang='grc' dir='ltr'>Λόγον</span> <span class='ocrx_word' id='word_1_143' title='bbox 892 885 932 920; x_wconf 84' lang='grc' dir='ltr'>τῷ</span> 
     </span>
    </p>
   </div>
   <div class='ocr_carea' id='block_1_21' title="bbox 147 928 932 965">
    <p class='ocr_par' dir='ltr' id='par_1_21' title="bbox 147 928 932 965">
     <span class='ocr_line' id='line_1_21' title="bbox 147 928 932 965; baseline 0.005 -11"><span class='ocrx_word' id='word_1_144' title='bbox 147 928 247 964; x_wconf 79' lang='grc' dir='ltr'>Πατρὶ,</span> <span class='ocrx_word' id='word_1_145' title='bbox 271 929 317 955; x_wconf 73' lang='grc' dir='ltr'>καὶ</span> <span class='ocrx_word' id='word_1_146' title='bbox 341 929 377 965; x_wconf 84' lang='grc' dir='ltr'>μὴ</span> <span class='ocrx_word' id='word_1_147' title='bbox 395 929 491 965; x_wconf 78' lang='grc' dir='ltr'>ἑτέρας</span> <span class='ocrx_word' id='word_1_148' title='bbox 507 930 600 962; x_wconf 80' lang='grc' dir='ltr'><strong>οὐσίας</strong></span> <span class='ocrx_word' id='word_1_149' title='bbox 623 931 843 965; x_wconf 80' lang='grc' dir='ltr'>ἢὺποστάσεως,</span> <span class='ocrx_word' id='word_1_150' title='bbox 865 931 932 958; x_wconf 82' lang='grc' dir='ltr'>ἀλλὰ</span> 
     </span>
    </p>
   </div>
   <div class='ocr_carea' id='block_1_22' title="bbox 145 973 931 1013">
    <p class='ocr_par' dir='ltr' id='par_1_22' title="bbox 145 973 931 1013">
     <span class='ocr_line' id='line_1_22' title="bbox 145 973 931 1013; baseline 0.006 -14"><span class='ocrx_word' id='word_1_151' title='bbox 145 974 193 1008; x_wconf 81' lang='grc' dir='ltr'>τῆς</span> <span class='ocrx_word' id='word_1_152' title='bbox 209 973 257 1000; x_wconf 82' lang='grc' dir='ltr'>τοῦ</span> <span class='ocrx_word' id='word_1_153' title='bbox 274 975 380 1010; x_wconf 75' lang='grc' dir='ltr'>[ἰατρὸς</span> <span class='ocrx_word' id='word_1_154' title='bbox 397 975 461 1001; x_wconf 75' lang='grc' dir='ltr'>ἴδιον</span> <span class='ocrx_word' id='word_1_155' title='bbox 485 976 564 1002; x_wconf 77' lang='grc' dir='ltr'>αὑτὸν</span> <span class='ocrx_word' id='word_1_156' title='bbox 585 975 668 1009; x_wconf 78' lang='grc' dir='ltr'>εἶναι,</span> <span class='ocrx_word' id='word_1_157' title='bbox 689 978 726 1008; x_wconf 82' lang='grc' dir='ltr'>ὡς</span> <span class='ocrx_word' id='word_1_158' title='bbox 750 979 890 1013; x_wconf 72' lang='grc' dir='ltr'><strong>εἰρήκασιν</strong></span> <span class='ocrx_word' id='word_1_159' title='bbox 907 979 931 1004; x_wconf 81' lang='grc' dir='ltr'>οἱ</span> 
     </span>
    </p>
   </div>
   <div class='ocr_carea' id='block_1_23' title="bbox 146 1016 932 1060">
    <p class='ocr_par' dir='ltr' id='par_1_23' title="bbox 146 1016 932 1060">
     <span class='ocr_line' id='line_1_23' title="bbox 146 1016 932 1060; baseline 0.006 -15"><span class='ocrx_word' id='word_1_160' title='bbox 146 1021 174 1046; x_wconf 83' lang='grc' dir='ltr'>ὲν</span> <span class='ocrx_word' id='word_1_161' title='bbox 187 1022 219 1056; x_wconf 83' lang='grc' dir='ltr'>τῇ</span> <span class='ocrx_word' id='word_1_162' title='bbox 237 1020 348 1055; x_wconf 80' lang='grc' dir='ltr'><strong>συνόδῳ,</strong></span> <span class='ocrx_word' id='word_1_163' title='bbox 362 1019 463 1053; x_wconf 77' lang='grc' dir='ltr'><strong>ἐξέστω</strong></span> <span class='ocrx_word' id='word_1_164' title='bbox 480 1022 559 1048; x_wconf 83' lang='grc' dir='ltr'>πάλιν</span> <span class='ocrx_word' id='word_1_165' title='bbox 573 1016 645 1058; x_wconf 71' lang='grc' dir='ltr'>ὑμᾶς</span> <span class='ocrx_word' id='word_1_166' title='bbox 658 1023 772 1049; x_wconf 81' lang='grc' dir='ltr'>ἀκοῦσαι</span> <span class='ocrx_word' id='word_1_167' title='bbox 792 1024 840 1050; x_wconf 74' lang='grc' dir='ltr'>καὶ</span> <span class='ocrx_word' id='word_1_168' title='bbox 856 1024 932 1060; x_wconf 84' lang='grc' dir='ltr'>παρὰ</span> 
     </span>
    </p>
   </div>
   <div class='ocr_carea' id='block_1_24' title="bbox 144 1066 932 1106">
    <p class='ocr_par' dir='ltr' id='par_1_24' title="bbox 144 1066 932 1106">
     <span class='ocr_line' id='line_1_24' title="bbox 144 1066 932 1106; baseline 0.006 -14"><span class='ocrx_word' id='word_1_169' title='bbox 144 1066 191 1092; x_wconf 80' lang='grc' dir='ltr'>τοῦ</span> <span class='ocrx_word' id='word_1_170' title='bbox 209 1066 349 1100; x_wconf 84' lang='grc' dir='ltr'>φιλοπόνου</span> <span class='ocrx_word' id='word_1_171' title='bbox 370 1068 532 1102; x_wconf 80' lang='grc' dir='ltr'>Ὠριγένους.</span> <span class='ocrx_word' id='word_1_172' title='bbox 549 1070 582 1095; x_wconf 74' lang='grc' dir='ltr'><strong>Ἀ</strong></span> <span class='ocrx_word' id='word_1_173' title='bbox 597 1069 645 1104; x_wconf 83' lang='grc' dir='ltr'>μὲν</span> <span class='ocrx_word' id='word_1_174' title='bbox 664 1069 718 1106; x_wconf 79' lang='grc' dir='ltr'><strong>γὰρ</strong></span> <span class='ocrx_word' id='word_1_175' title='bbox 731 1070 768 1102; x_wconf 85' lang='grc' dir='ltr'>ὡς</span> <span class='ocrx_word' id='word_1_176' title='bbox 781 1070 869 1106; x_wconf 80' lang='grc' dir='ltr'>ζητῶν</span> <span class='ocrx_word' id='word_1_177' title='bbox 885 1071 932 1097; x_wconf 75' lang='grc' dir='ltr'><strong>καὶ</strong></span> 
     </span>
    </p>
   </div>
   <div class='ocr_carea' id='block_1_25' title="bbox 144 1113 932 1152">
    <p class='ocr_par' dir='ltr' id='par_1_25' title="bbox 144 1113 932 1152">
     <span class='ocr_line' id='line_1_25' title="bbox 144 1113 932 1152; baseline 0.005 -13"><span class='ocrx_word' id='word_1_178' title='bbox 144 1113 290 1148; x_wconf 77' lang='grc' dir='ltr'>γυμνάζων</span> <span class='ocrx_word' id='word_1_179' title='bbox 312 1114 426 1150; x_wconf 64' lang='grc' dir='ltr'>ἔγραψε,</span> <span class='ocrx_word' id='word_1_180' title='bbox 448 1115 533 1141; x_wconf 78' lang='grc' dir='ltr'>ταῦτα</span> <span class='ocrx_word' id='word_1_181' title='bbox 550 1115 586 1151; x_wconf 81' lang='grc' dir='ltr'>μὴ</span> <span class='ocrx_word' id='word_1_182' title='bbox 609 1115 647 1147; x_wconf 82' lang='grc' dir='ltr'>ὼς</span> <span class='ocrx_word' id='word_1_183' title='bbox 663 1115 746 1142; x_wconf 81' lang='grc' dir='ltr'>αὑτοῦ</span> <span class='ocrx_word' id='word_1_184' title='bbox 771 1116 932 1152; x_wconf 76' lang='grc' dir='ltr'>φρονοῦντος</span> 
     </span>
    </p>
   </div>
   <div class='ocr_carea' id='block_1_26' title="bbox 144 1159 933 1198">
    <p class='ocr_par' dir='ltr' id='par_1_26' title="bbox 144 1159 933 1198">
     <span class='ocr_line' id='line_1_26' title="bbox 144 1159 933 1198; baseline 0.006 -12"><span class='ocrx_word' id='word_1_185' title='bbox 144 1159 261 1195; x_wconf 80' lang='grc' dir='ltr'><strong>δεχέσθω</strong></span> <span class='ocrx_word' id='word_1_186' title='bbox 277 1169 334 1192; x_wconf 89' lang='grc' dir='ltr'>τις·</span> <span class='ocrx_word' id='word_1_187' title='bbox 353 1161 420 1188; x_wconf 74' lang='grc' dir='ltr'>ἀλλὰ</span> <span class='ocrx_word' id='word_1_188' title='bbox 439 1161 494 1196; x_wconf 67' lang='lat'><strong>(27)</strong></span> <span class='ocrx_word' id='word_1_189' title='bbox 510 1161 564 1188; x_wconf 84' lang='grc' dir='ltr'><strong>τῶν</strong></span> <span class='ocrx_word' id='word_1_190' title='bbox 585 1162 652 1197; x_wconf 84' lang='grc' dir='ltr'>πρὸς</span> <span class='ocrx_word' id='word_1_191' title='bbox 672 1163 729 1198; x_wconf 73' lang='grc' dir='ltr'>ἔριν</span> <span class='ocrx_word' id='word_1_192' title='bbox 752 1163 933 1198; x_wconf 80' lang='grc' dir='ltr'>φιλονεικούν-</span> 
     </span>
    </p>
   </div>
   <div class='ocr_carea' id='block_1_27' title="bbox 143 1206 930 1243">
    <p class='ocr_par' dir='ltr' id='par_1_27' title="bbox 143 1206 930 1243">
     <span class='ocr_line' id='line_1_27' title="bbox 143 1206 930 1243; baseline 0.006 -11"><span class='ocrx_word' id='word_1_193' title='bbox 143 1214 196 1232; x_wconf 84' lang='grc' dir='ltr'><strong>των</strong></span> <span class='ocrx_word' id='word_1_194' title='bbox 225 1207 253 1232; x_wconf 81' lang='grc' dir='ltr'>ἐν</span> <span class='ocrx_word' id='word_1_195' title='bbox 281 1206 320 1242; x_wconf 82' lang='grc' dir='ltr'>τῷ</span> <span class='ocrx_word' id='word_1_196' title='bbox 350 1206 452 1242; x_wconf 79' lang='grc' dir='ltr'>ζητεῖν,</span> <span class='ocrx_word' id='word_1_197' title='bbox 481 1207 567 1240; x_wconf 78' lang='grc' dir='ltr'>ἀδεῶς</span> <span class='ocrx_word' id='word_1_198' title='bbox 602 1207 701 1243; x_wconf 73' lang='grc' dir='ltr'>ὁρίζων</span> <span class='ocrx_word' id='word_1_199' title='bbox 734 1210 930 1243; x_wconf 76' lang='grc' dir='ltr'>ἀποφαίνεται,</span> 
     </span>
    </p>
   </div>
   <div class='ocr_carea' id='block_1_28' title="bbox 143 1250 932 1290">
    <p class='ocr_par' dir='ltr' id='par_1_28' title="bbox 143 1250 932 1290">
     <span class='ocr_line' id='line_1_28' title="bbox 143 1250 932 1290; baseline 0.005 -12"><span class='ocrx_word' id='word_1_200' title='bbox 143 1250 221 1279; x_wconf 80' lang='grc' dir='ltr'>τοῦτο</span> <span class='ocrx_word' id='word_1_201' title='bbox 238 1252 293 1287; x_wconf 69' lang='lat'><strong>(28)</strong></span> <span class='ocrx_word' id='word_1_202' title='bbox 316 1253 362 1279; x_wconf 79' lang='grc' dir='ltr'>τοῦ</span> <span class='ocrx_word' id='word_1_203' title='bbox 390 1253 533 1287; x_wconf 72' lang='grc' dir='ltr'>φιλοπόνου</span> <span class='ocrx_word' id='word_1_204' title='bbox 558 1253 588 1279; x_wconf 74' lang='grc' dir='ltr'>τὸ</span> <span class='ocrx_word' id='word_1_205' title='bbox 609 1254 735 1290; x_wconf 74' lang='grc' dir='ltr'>φρόνημά</span> <span class='ocrx_word' id='word_1_206' title='bbox 763 1256 830 1281; x_wconf 81' lang='grc' dir='ltr'>ἐστι.</span> <span class='ocrx_word' id='word_1_207' title='bbox 855 1255 932 1281; x_wconf 72' lang='grc' dir='ltr'>Μετὰ</span> 
     </span>
    </p>
   </div>
   <div class='ocr_carea' id='block_1_29' title="bbox 143 1298 932 1337">
    <p class='ocr_par' dir='ltr' id='par_1_29' title="bbox 143 1298 932 1337">
     <span class='ocr_line' id='line_1_29' title="bbox 143 1298 932 1337; baseline 0.003 -12"><span class='ocrx_word' id='word_1_208' title='bbox 143 1298 210 1333; x_wconf 72' lang='grc' dir='ltr'>γοῦν</span> <span class='ocrx_word' id='word_1_209' title='bbox 225 1298 260 1325; x_wconf 83' lang='grc' dir='ltr'><strong>τὰ</strong></span> <span class='ocrx_word' id='word_1_210' title='bbox 275 1299 313 1330; x_wconf 88' lang='grc' dir='ltr'>ὠς</span> <span class='ocrx_word' id='word_1_211' title='bbox 328 1300 355 1325; x_wconf 73' lang='grc' dir='ltr'>ἐν</span> <span class='ocrx_word' id='word_1_212' title='bbox 372 1299 510 1334; x_wconf 66' lang='grc' dir='ltr'>γυμνασίᾳ.</span> <span class='ocrx_word' id='word_1_213' title='bbox 532 1299 666 1335; x_wconf 83' lang='grc' dir='ltr'>λεγόμενα</span> <span class='ocrx_word' id='word_1_214' title='bbox 685 1300 753 1336; x_wconf 78' lang='grc' dir='ltr'>πρὸς</span> <span class='ocrx_word' id='word_1_215' title='bbox 773 1301 837 1333; x_wconf 73' lang='grc' dir='ltr'>τοὺς</span> <span class='ocrx_word' id='word_1_216' title='bbox 857 1303 932 1337; x_wconf 72' lang='grc' dir='ltr'>αἱρε-</span> 
     </span>
    </p>
   </div>
   <div class='ocr_carea' id='block_1_30' title="bbox 143 1343 929 1380">
    <p class='ocr_par' dir='ltr' id='par_1_30' title="bbox 143 1343 929 1380">
     <span class='ocr_line' id='line_1_30' title="bbox 143 1343 929 1380; baseline 0.004 -11"><span class='ocrx_word' id='word_1_217' title='bbox 143 1345 234 1375; x_wconf 81' lang='grc' dir='ltr'>τικοὺς</span> <span class='ocrx_word' id='word_1_218' title='bbox 249 1343 328 1376; x_wconf 81' lang='grc' dir='ltr'>εὐθὺς</span> <span class='ocrx_word' id='word_1_219' title='bbox 345 1345 424 1376; x_wconf 78' lang='grc' dir='ltr'>αὐτὸς</span> <span class='ocrx_word' id='word_1_220' title='bbox 444 1345 569 1380; x_wconf 71' lang='grc' dir='ltr'>ἐπιφέρει</span> <span class='ocrx_word' id='word_1_221' title='bbox 582 1345 615 1372; x_wconf 80' lang='grc' dir='ltr'><strong>τά</strong></span> <span class='ocrx_word' id='word_1_222' title='bbox 638 1345 700 1378; x_wconf 76' lang='grc' dir='ltr'>ἴδια,</span> <span class='ocrx_word' id='word_1_223' title='bbox 723 1346 809 1380; x_wconf 81' lang='grc' dir='ltr'>λέγων</span> <span class='ocrx_word' id='word_1_224' title='bbox 827 1346 912 1378; x_wconf 75' lang='grc' dir='ltr'>οὕτως</span> <span class='ocrx_word' id='word_1_225' title='bbox 923 1355 929 1361; x_wconf 81' lang='grc'><strong>”</strong></span> 
     </span>
    </p>
   </div>
   <div class='ocr_carea' id='block_1_31' title="bbox 125 1389 928 1427">
    <p class='ocr_par' dir='ltr' id='par_1_31' title="bbox 125 1389 928 1427">
     <span class='ocr_line' id='line_1_31' title="bbox 125 1389 928 1427; baseline 0.005 -12"><span class='ocrx_word' id='word_1_226' title='bbox 125 1406 127 1408; x_wconf 90' lang='grc'><strong>-</strong></span> <span class='ocrx_word' id='word_1_227' title='bbox 146 1399 155 1414; x_wconf 72' lang='grc' dir='ltr'><strong>ι</strong></span> <span class='ocrx_word' id='word_1_228' title='bbox 167 1390 198 1416; x_wconf 79' lang='lat' dir='ltr'><strong>El</strong></span> <span class='ocrx_word' id='word_1_229' title='bbox 209 1389 280 1416; x_wconf 75' lang='grc' dir='ltr'>ἐστιν</span> <span class='ocrx_word' id='word_1_230' title='bbox 292 1390 372 1416; x_wconf 78' lang='grc' dir='ltr'>εἰκὼν</span> <span class='ocrx_word' id='word_1_231' title='bbox 384 1391 429 1417; x_wconf 80' lang='grc' dir='ltr'>τοῦ</span> <span class='ocrx_word' id='word_1_232' title='bbox 439 1390 505 1417; x_wconf 84' lang='grc' dir='ltr'>Θεοῦ</span> <span class='ocrx_word' id='word_1_233' title='bbox 516 1390 561 1417; x_wconf 81' lang='grc' dir='ltr'>τοῦ</span> <span class='ocrx_word' id='word_1_234' title='bbox 575 1390 701 1426; x_wconf 85' lang='grc' dir='ltr'>ἀοράτου,</span> <span class='ocrx_word' id='word_1_235' title='bbox 712 1391 825 1427; x_wconf 80' lang='grc' dir='ltr'>ἀόρατος</span> <span class='ocrx_word' id='word_1_236' title='bbox 839 1392 928 1419; x_wconf 86' lang='grc' dir='ltr'>εἰκών·</span> 
     </span>
    </p>
   </div>
   <div class='ocr_carea' id='block_1_32' title="bbox 143 1434 931 1474">
    <p class='ocr_par' dir='ltr' id='par_1_32' title="bbox 143 1434 931 1474">
     <span class='ocr_line' id='line_1_32' title="bbox 143 1434 931 1474; baseline 0.004 -13"><span class='ocrx_word' id='word_1_237' title='bbox 143 1434 198 1469; x_wconf 74' lang='grc' dir='ltr'><strong>ἐγὼ</strong></span> <span class='ocrx_word' id='word_1_238' title='bbox 219 1435 247 1461; x_wconf 83' lang='grc' dir='ltr'><strong>δὲ</strong></span> <span class='ocrx_word' id='word_1_239' title='bbox 269 1435 405 1471; x_wconf 79' lang='grc' dir='ltr'><strong>τολμήσας</strong></span> <span class='ocrx_word' id='word_1_240' title='bbox 431 1436 576 1472; x_wconf 81' lang='grc' dir='ltr'>προσθείην</span> <span class='ocrx_word' id='word_1_241' title='bbox 601 1436 644 1467; x_wconf 86' lang='grc' dir='ltr'>ἂν,</span> <span class='ocrx_word' id='word_1_242' title='bbox 668 1437 709 1463; x_wconf 85' lang='grc' dir='ltr'>ὅτι</span> <span class='ocrx_word' id='word_1_243' title='bbox 735 1437 781 1464; x_wconf 73' lang='grc' dir='ltr'><strong>καὶ</strong></span> <span class='ocrx_word' id='word_1_244' title='bbox 803 1437 931 1474; x_wconf 75' lang='grc' dir='ltr'>ὁμοιότης</span> 
     </span>
    </p>
   </div>
   <div class='ocr_carea' id='block_1_33' title="bbox 142 1481 930 1520">
    <p class='ocr_par' dir='ltr' id='par_1_33' title="bbox 142 1481 930 1520">
     <span class='ocr_line' id='line_1_33' title="bbox 142 1481 930 1520; baseline 0.005 -13"><span class='ocrx_word' id='word_1_245' title='bbox 142 1481 281 1516; x_wconf 84' lang='grc' dir='ltr'>τυγχάνων</span> <span class='ocrx_word' id='word_1_246' title='bbox 304 1482 350 1508; x_wconf 87' lang='grc' dir='ltr'>τοῦ</span> <span class='ocrx_word' id='word_1_247' title='bbox 370 1482 476 1518; x_wconf 75' lang='grc' dir='ltr'>Πατρὺς</span> <span class='ocrx_word' id='word_1_248' title='bbox 498 1483 546 1510; x_wconf 84' lang='grc' dir='ltr'>οὐκ</span> <span class='ocrx_word' id='word_1_249' title='bbox 570 1482 642 1509; x_wconf 76' lang='grc' dir='ltr'>ἐστιν</span> <span class='ocrx_word' id='word_1_250' title='bbox 667 1483 713 1510; x_wconf 79' lang='grc' dir='ltr'>ὅτε</span> <span class='ocrx_word' id='word_1_251' title='bbox 730 1483 780 1511; x_wconf 74' lang='grc' dir='ltr'>οὐκ</span> <span class='ocrx_word' id='word_1_252' title='bbox 801 1481 844 1520; x_wconf 78' lang='grc' dir='ltr'><strong>ἦν.</strong></span> <span class='ocrx_word' id='word_1_253' title='bbox 861 1485 930 1511; x_wconf 82' lang='grc' dir='ltr'>Πότε</span> 
     </span>
    </p>
   </div>
   <div class='ocr_carea' id='block_1_34' title="bbox 143 1527 929 1565">
    <p class='ocr_par' dir='ltr' id='par_1_34' title="bbox 143 1527 929 1565">
     <span class='ocr_line' id='line_1_34' title="bbox 143 1527 929 1565; baseline 0.005 -12"><span class='ocrx_word' id='word_1_254' title='bbox 143 1527 196 1562; x_wconf 78' lang='grc' dir='ltr'><strong>γὰρ</strong></span> <span class='ocrx_word' id='word_1_255' title='bbox 211 1528 224 1553; x_wconf 80' lang='grc' dir='ltr'>ὁ</span> <span class='ocrx_word' id='word_1_256' title='bbox 238 1527 313 1561; x_wconf 83' lang='grc' dir='ltr'>Θεὸς,</span> <span class='ocrx_word' id='word_1_257' title='bbox 330 1529 344 1555; x_wconf 82' lang='grc' dir='ltr'>ὁ</span> <span class='ocrx_word' id='word_1_258' title='bbox 357 1529 427 1555; x_wconf 79' lang='grc' dir='ltr'>κατὰ</span> <span class='ocrx_word' id='word_1_259' title='bbox 440 1529 486 1555; x_wconf 77' lang='grc' dir='ltr'>τὸν</span> <span class='ocrx_word' id='word_1_260' title='bbox 511 1529 636 1565; x_wconf 82' lang='grc' dir='ltr'>Ἰωάννην</span> <span class='ocrx_word' id='word_1_261' title='bbox 653 1531 710 1564; x_wconf 84' lang='grc' dir='ltr'>φῶς</span> <span class='ocrx_word' id='word_1_262' title='bbox 725 1530 868 1565; x_wconf 80' lang='grc' dir='ltr'>λεγόμενος</span> <span class='ocrx_word' id='word_1_263' title='bbox 887 1531 929 1565; x_wconf 94' lang='lat'><strong>(&#39;0</strong></span> 
     </span>
    </p>
   </div>
   <div class='ocr_carea' id='block_1_35' title="bbox 144 1573 930 1612">
    <p class='ocr_par' dir='ltr' id='par_1_35' title="bbox 144 1573 930 1612">
     <span class='ocr_line' id='line_1_35' title="bbox 144 1573 930 1612; baseline 0.005 -13"><span class='ocrx_word' id='word_1_264' title='bbox 144 1573 215 1605; x_wconf 77' lang='grc' dir='ltr'><strong>Θεὸς</strong></span> <span class='ocrx_word' id='word_1_265' title='bbox 238 1573 292 1609; x_wconf 78' lang='grc' dir='ltr'><strong>γὰρ</strong></span> <span class='ocrx_word' id='word_1_266' title='bbox 310 1573 372 1608; x_wconf 70' lang='grc' dir='ltr'><strong>φῶς</strong></span> <span class='ocrx_word' id='word_1_267' title='bbox 396 1574 509 1611; x_wconf 78' lang='grc' dir='ltr'>ἐστιν),</span> <span class='ocrx_word' id='word_1_268' title='bbox 537 1575 706 1610; x_wconf 77' lang='grc' dir='ltr'>ἀπαύγασμα</span> <span class='ocrx_word' id='word_1_269' title='bbox 729 1576 778 1602; x_wconf 73' lang='grc' dir='ltr'>οὐκ</span> <span class='ocrx_word' id='word_1_270' title='bbox 803 1574 858 1610; x_wconf 80' lang='grc' dir='ltr'>εἶχε</span> <span class='ocrx_word' id='word_1_271' title='bbox 880 1576 930 1612; x_wconf 80' lang='grc' dir='ltr'>τῆς</span> 
     </span>
    </p>
   </div>
   <div class='ocr_carea' id='block_1_36' title="bbox 145 1620 928 1658">
    <p class='ocr_par' dir='ltr' id='par_1_36' title="bbox 145 1620 928 1658">
     <span class='ocr_line' id='line_1_36' title="bbox 145 1620 928 1658; baseline 0.005 -12"><span class='ocrx_word' id='word_1_272' title='bbox 145 1620 210 1652; x_wconf 81' lang='grc' dir='ltr'>ἰδίας</span> <span class='ocrx_word' id='word_1_273' title='bbox 223 1620 310 1656; x_wconf 75' lang='grc' dir='ltr'>δόξης,</span> <span class='ocrx_word' id='word_1_274' title='bbox 320 1621 362 1647; x_wconf 81' lang='grc' dir='ltr'>ἵνα</span> <span class='ocrx_word' id='word_1_275' title='bbox 372 1622 510 1657; x_wconf 82' lang='grc' dir='ltr'>τολμήσας</span> <span class='ocrx_word' id='word_1_276' title='bbox 521 1631 561 1653; x_wconf 88' lang='grc' dir='ltr'><strong>τις</strong></span> <span class='ocrx_word' id='word_1_277' title='bbox 571 1623 657 1658; x_wconf 80' lang='grc' dir='ltr'>ἀρχὴν</span> <span class='ocrx_word' id='word_1_278' title='bbox 667 1622 704 1657; x_wconf 80' lang='grc' dir='ltr'><strong>δῷ</strong></span> <span class='ocrx_word' id='word_1_279' title='bbox 715 1621 782 1649; x_wconf 73' lang='grc' dir='ltr'>εἶναι</span> <span class='ocrx_word' id='word_1_280' title='bbox 796 1623 860 1650; x_wconf 82' lang='grc' dir='ltr'><strong>Υἱοῦ</strong></span> <span class='ocrx_word' id='word_1_281' title='bbox 873 1623 928 1658; x_wconf 71' lang='lat'><strong>(&#39;29)</strong></span> 
     </span>
    </p>
   </div>
   <div class='ocr_carea' id='block_1_37' title="bbox 144 1666 929 1704">
    <p class='ocr_par' dir='ltr' id='par_1_37' title="bbox 144 1666 929 1704">
     <span class='ocr_line' id='line_1_37' title="bbox 144 1666 929 1704; baseline 0.003 -11"><span class='ocrx_word' id='word_1_282' title='bbox 144 1667 275 1702; x_wconf 77' lang='grc' dir='ltr'>πρότερον</span> <span class='ocrx_word' id='word_1_283' title='bbox 301 1667 350 1693; x_wconf 74' lang='grc' dir='ltr'><strong>οὐκ</strong></span> <span class='ocrx_word' id='word_1_284' title='bbox 369 1666 459 1699; x_wconf 69' lang='grc' dir='ltr'>ὕντοςς</span> <span class='ocrx_word' id='word_1_285' title='bbox 483 1667 551 1693; x_wconf 85' lang='grc' dir='ltr'>Πότε</span> <span class='ocrx_word' id='word_1_286' title='bbox 571 1667 599 1694; x_wconf 82' lang='grc' dir='ltr'><strong>δὲ</strong></span> <span class='ocrx_word' id='word_1_287' title='bbox 624 1669 641 1702; x_wconf 84' lang='grc' dir='ltr'><strong>ὴ</strong></span> <span class='ocrx_word' id='word_1_288' title='bbox 661 1668 710 1703; x_wconf 85' lang='grc' dir='ltr'><strong>τῆς</strong></span> <span class='ocrx_word' id='word_1_289' title='bbox 735 1669 855 1704; x_wconf 75' lang='grc' dir='ltr'>άρρήτου</span> <span class='ocrx_word' id='word_1_290' title='bbox 882 1669 929 1695; x_wconf 78' lang='grc' dir='ltr'>καὶ</span> 
     </span>
    </p>
   </div>
   <div class='ocr_carea' id='block_1_38' title="bbox 143 1711 930 1746">
    <p class='ocr_par' dir='ltr' id='par_1_38' title="bbox 143 1711 930 1746">
     <span class='ocr_line' id='line_1_38' title="bbox 143 1711 930 1746; baseline 0.004 -9"><span class='ocrx_word' id='word_1_291' title='bbox 143 1711 363 1746; x_wconf 80' lang='grc' dir='ltr'>ἀκατονομάστου</span> <span class='ocrx_word' id='word_1_292' title='bbox 383 1712 430 1737; x_wconf 74' lang='grc' dir='ltr'>καὶ</span> <span class='ocrx_word' id='word_1_293' title='bbox 448 1711 601 1746; x_wconf 77' lang='grc' dir='ltr'>ἀφθέγκτου</span> <span class='ocrx_word' id='word_1_294' title='bbox 619 1712 791 1745; x_wconf 83' lang='grc' dir='ltr'>ὑποστάσεως</span> <span class='ocrx_word' id='word_1_295' title='bbox 807 1713 854 1739; x_wconf 77' lang='grc' dir='ltr'>τοῦ</span> <span class='ocrx_word' id='word_1_296' title='bbox 874 1714 930 1740; x_wconf 77' lang='grc' dir='ltr'>Πα-</span> 
     </span>
    </p>
   </div>
   <div class='ocr_carea' id='block_1_39' title="bbox 142 1757 929 1793">
    <p class='ocr_par' dir='ltr' id='par_1_39' title="bbox 142 1757 929 1793">
     <span class='ocr_line' id='line_1_39' title="bbox 142 1757 929 1793; baseline 0.003 -9"><span class='ocrx_word' id='word_1_297' title='bbox 142 1758 206 1793; x_wconf 82' lang='grc' dir='ltr'>τρὸς</span> <span class='ocrx_word' id='word_1_298' title='bbox 227 1757 308 1784; x_wconf 90' lang='grc' dir='ltr'>εἰκὼν</span> <span class='ocrx_word' id='word_1_299' title='bbox 334 1758 408 1792; x_wconf 77' lang='lat'><strong>(50),</strong></span> <span class='ocrx_word' id='word_1_300' title='bbox 424 1759 438 1784; x_wconf 82' lang='grc' dir='ltr'><strong>ὁ</strong></span> <span class='ocrx_word' id='word_1_301' title='bbox 462 1758 614 1793; x_wconf 80' lang='grc' dir='ltr'>χαρακτὴρ,</span> <span class='ocrx_word' id='word_1_302' title='bbox 633 1758 733 1792; x_wconf 87' lang='grc' dir='ltr'>Λόγος,</span> <span class='ocrx_word' id='word_1_303' title='bbox 751 1759 765 1785; x_wconf 84' lang='grc' dir='ltr'>ὁ</span> <span class='ocrx_word' id='word_1_304' title='bbox 788 1759 929 1793; x_wconf 79' lang='grc' dir='ltr'>γινώσκων</span> 
     </span>
    </p>
   </div>
   <div class='ocr_carea' id='block_1_40' title="bbox 143 1801 929 1840">
    <p class='ocr_par' dir='ltr' id='par_1_40' title="bbox 143 1801 929 1840">
     <span class='ocr_line' id='line_1_40' title="bbox 143 1801 929 1840; baseline 0.004 -11"><span class='ocrx_word' id='word_1_305' title='bbox 143 1803 190 1829; x_wconf 85' lang='grc' dir='ltr'>τὸν</span> <span class='ocrx_word' id='word_1_306' title='bbox 205 1804 326 1838; x_wconf 78' lang='grc' dir='ltr'>Πατέρα,</span> <span class='ocrx_word' id='word_1_307' title='bbox 340 1805 390 1830; x_wconf 75' lang='grc' dir='ltr'>οὐκ</span> <span class='ocrx_word' id='word_1_308' title='bbox 407 1801 457 1839; x_wconf 81' lang='grc' dir='ltr'><strong>ἦν;</strong></span> <span class='ocrx_word' id='word_1_309' title='bbox 475 1804 647 1830; x_wconf 85' lang='grc' dir='ltr'>Κατανοείτω</span> <span class='ocrx_word' id='word_1_310' title='bbox 659 1804 712 1840; x_wconf 79' lang='grc' dir='ltr'><strong>γὰρ</strong></span> <span class='ocrx_word' id='word_1_311' title='bbox 732 1806 746 1831; x_wconf 86' lang='grc' dir='ltr'><strong>ό</strong></span> <span class='ocrx_word' id='word_1_312' title='bbox 761 1805 866 1839; x_wconf 80' lang='grc' dir='ltr'>τολμῶν</span> <span class='ocrx_word' id='word_1_313' title='bbox 883 1806 929 1832; x_wconf 78' lang='grc' dir='ltr'><strong>καὶ</strong></span> 
     </span>
    </p>
   </div>
   <div class='ocr_carea' id='block_1_41' title="bbox 145 1847 929 1886">
    <p class='ocr_par' dir='ltr' id='par_1_41' title="bbox 145 1847 929 1886">
     <span class='ocr_line' id='line_1_41' title="bbox 145 1847 929 1886; baseline 0.005 -11"><span class='ocrx_word' id='word_1_314' title='bbox 145 1849 240 1883; x_wconf 85' lang='grc' dir='ltr'><strong>λέγων⁷</strong></span> <span class='ocrx_word' id='word_1_315' title='bbox 255 1847 310 1876; x_wconf 83' lang='grc' dir='ltr'>Ἶιν</span> <span class='ocrx_word' id='word_1_316' title='bbox 329 1858 395 1875; x_wconf 84' lang='grc' dir='ltr'>ποτε</span> <span class='ocrx_word' id='word_1_317' title='bbox 422 1850 465 1876; x_wconf 80' lang='grc' dir='ltr'>ὅτε</span> <span class='ocrx_word' id='word_1_318' title='bbox 489 1850 538 1876; x_wconf 76' lang='grc' dir='ltr'>οὐκ</span> <span class='ocrx_word' id='word_1_319' title='bbox 561 1847 595 1885; x_wconf 81' lang='grc' dir='ltr'>ἦν</span> <span class='ocrx_word' id='word_1_320' title='bbox 617 1851 632 1876; x_wconf 82' lang='grc' dir='ltr'>ὁ</span> <span class='ocrx_word' id='word_1_321' title='bbox 654 1850 734 1882; x_wconf 79' lang='grc' dir='ltr'>Υἱὸς,</span> <span class='ocrx_word' id='word_1_322' title='bbox 751 1851 791 1877; x_wconf 76' lang='grc' dir='ltr'>ὅτι</span> <span class='ocrx_word' id='word_1_323' title='bbox 808 1853 865 1886; x_wconf 74' lang='grc' dir='ltr'>ἐρεῖ</span> <span class='ocrx_word' id='word_1_324' title='bbox 883 1853 929 1879; x_wconf 74' lang='grc' dir='ltr'>καὶ</span> 
     </span>
    </p>
   </div>
   <div class='ocr_carea' id='block_1_42' title="bbox 142 1893 927 1935">
    <p class='ocr_par' dir='ltr' id='par_1_42' title="bbox 142 1893 927 1935">
     <span class='ocr_line' id='line_1_42' title="bbox 142 1893 927 1935; baseline 0.004 -14"><span class='ocrx_word' id='word_1_325' title='bbox 142 1895 187 1921; x_wconf 82' lang='grc' dir='ltr'>τό·</span> <span class='ocrx_word' id='word_1_326' title='bbox 203 1895 286 1930; x_wconf 69' lang='grc' dir='ltr'>Σοφία</span> <span class='ocrx_word' id='word_1_327' title='bbox 299 1896 362 1922; x_wconf 77' lang='grc' dir='ltr'>ποτὲ</span> <span class='ocrx_word' id='word_1_328' title='bbox 379 1896 429 1922; x_wconf 81' lang='grc' dir='ltr'><strong>οὐκ</strong></span> <span class='ocrx_word' id='word_1_329' title='bbox 447 1893 491 1930; x_wconf 80' lang='grc' dir='ltr'>ἦν,</span> <span class='ocrx_word' id='word_1_330' title='bbox 506 1896 553 1922; x_wconf 74' lang='grc' dir='ltr'><strong>καὶ</strong></span> <span class='ocrx_word' id='word_1_331' title='bbox 567 1895 651 1930; x_wconf 81' lang='grc' dir='ltr'>Λόγος</span> <span class='ocrx_word' id='word_1_332' title='bbox 668 1897 717 1923; x_wconf 70' lang='grc' dir='ltr'>οὐκ</span> <span class='ocrx_word' id='word_1_333' title='bbox 732 1895 777 1932; x_wconf 84' lang='grc' dir='ltr'>ἦν,</span> <span class='ocrx_word' id='word_1_334' title='bbox 792 1898 849 1929; x_wconf 70' lang='grc' dir='ltr'>καὶ,</span> <span class='ocrx_word' id='word_1_335' title='bbox 868 1899 927 1935; x_wconf 84' lang='grc' dir='ltr'><strong>Ζωὴ</strong></span> 
     </span>
    </p>
   </div>
   <div class='ocr_carea' id='block_1_43' title="bbox 141 1940 928 1977">
    <p class='ocr_par' dir='ltr' id='par_1_43' title="bbox 141 1940 928 1977">
     <span class='ocr_line' id='line_1_43' title="bbox 141 1940 928 1977; baseline 0.006 -11"><span class='ocrx_word' id='word_1_336' title='bbox 141 1941 191 1968; x_wconf 71' lang='grc' dir='ltr'>οὐκ</span> <span class='ocrx_word' id='word_1_337' title='bbox 209 1940 252 1976; x_wconf 80' lang='grc' dir='ltr'><strong>ἦν.</strong></span> <span class='ocrx_word' id='word_1_338' title='bbox 266 1951 274 1966; x_wconf 76' lang='grc' dir='ltr'><strong>ι</strong></span> <span class='ocrx_word' id='word_1_339' title='bbox 287 1941 340 1968; x_wconf 70' lang='grc' dir='ltr'><strong>Καὶ</strong></span> <span class='ocrx_word' id='word_1_340' title='bbox 349 1941 429 1968; x_wconf 80' lang='grc' dir='ltr'>πάλιν</span> <span class='ocrx_word' id='word_1_341' title='bbox 446 1942 474 1969; x_wconf 74' lang='grc' dir='ltr'>ἐν</span> <span class='ocrx_word' id='word_1_342' title='bbox 493 1942 595 1977; x_wconf 74' lang='grc' dir='ltr'>ἑτέροις</span> <span class='ocrx_word' id='word_1_343' title='bbox 603 1942 672 1969; x_wconf 71' lang='grc' dir='ltr'>οὕτω</span> <span class='ocrx_word' id='word_1_344' title='bbox 683 1943 755 1977; x_wconf 77' lang='grc' dir='ltr'>λέγει</span> <span class='ocrx_word' id='word_1_345' title='bbox 767 1952 773 1959; x_wconf 88' lang='grc'><strong>·</strong></span> <span class='ocrx_word' id='word_1_346' title='bbox 787 1954 795 1969; x_wconf 84' lang='lat' dir='ltr'><strong>t</strong></span> <span class='ocrx_word' id='word_1_347' title='bbox 819 1944 888 1970; x_wconf 81' lang='grc' dir='ltr'>Ἀλλ’</span> <span class='ocrx_word' id='word_1_348' title='bbox 897 1946 928 1971; x_wconf 86' lang='grc' dir='ltr'>οὐ</span> 
     </span>
    </p>
   </div>
   <div class='ocr_carea' id='block_1_44' title="bbox 143 1987 928 2026">
    <p class='ocr_par' dir='ltr' id='par_1_44' title="bbox 143 1987 928 2026">
     <span class='ocr_line' id='line_1_44' title="bbox 143 1987 928 2026; baseline 0.005 -13"><span class='ocrx_word' id='word_1_349' title='bbox 143 1987 220 2022; x_wconf 78' lang='grc' dir='ltr'>ῡέμις</span> <span class='ocrx_word' id='word_1_350' title='bbox 241 1987 313 2013; x_wconf 73' lang='grc' dir='ltr'>ἐστὶν</span> <span class='ocrx_word' id='word_1_351' title='bbox 335 1987 394 2014; x_wconf 82' lang='grc' dir='ltr'><strong>οὐδὲ</strong></span> <span class='ocrx_word' id='word_1_352' title='bbox 413 1987 552 2014; x_wconf 76' lang='grc' dir='ltr'>ἀκίνδυνον</span> <span class='ocrx_word' id='word_1_353' title='bbox 565 1988 609 2014; x_wconf 81' lang='grc' dir='ltr'>διὰ</span> <span class='ocrx_word' id='word_1_354' title='bbox 624 1989 672 2024; x_wconf 79' lang='grc' dir='ltr'>τὴν</span> <span class='ocrx_word' id='word_1_355' title='bbox 689 1989 828 2016; x_wconf 85' lang='grc' dir='ltr'>ἀσθένειαν</span> <span class='ocrx_word' id='word_1_356' title='bbox 850 1991 928 2026; x_wconf 81' lang='grc' dir='ltr'>ἡμῶν</span> 
     </span>
    </p>
   </div>
   <div class='ocr_carea' id='block_1_45' title="bbox 141 2033 928 2070">
    <p class='ocr_par' dir='ltr' id='par_1_45' title="bbox 141 2033 928 2070">
     <span class='ocr_line' id='line_1_45' title="bbox 141 2033 928 2070; baseline 0.008 -12"><span class='ocrx_word' id='word_1_357' title='bbox 141 2033 181 2063; x_wconf 64' lang='grc' dir='ltr'><strong>τὸ,</strong></span> <span class='ocrx_word' id='word_1_358' title='bbox 195 2033 256 2059; x_wconf 76' lang='grc' dir='ltr'>ὅσον</span> <span class='ocrx_word' id='word_1_359' title='bbox 272 2034 314 2068; x_wconf 73' lang='grc' dir='ltr'><strong>ἐφ’</strong></span> <span class='ocrx_word' id='word_1_360' title='bbox 327 2033 392 2068; x_wconf 80' lang='grc' dir='ltr'>ἡμῖν</span> <span class='ocrx_word' id='word_1_361' title='bbox 407 2033 474 2068; x_wconf 76' lang='grc'>(51),</span> <span class='ocrx_word' id='word_1_362' title='bbox 498 2035 706 2070; x_wconf 77' lang='grc' dir='ltr'>ἀποστερεῖσθαι</span> <span class='ocrx_word' id='word_1_363' title='bbox 725 2035 771 2062; x_wconf 69' lang='grc' dir='ltr'><strong>τὸν</strong></span> <span class='ocrx_word' id='word_1_364' title='bbox 795 2036 860 2063; x_wconf 76' lang='grc' dir='ltr'>Θεὸν</span> <span class='ocrx_word' id='word_1_365' title='bbox 881 2038 928 2064; x_wconf 81' lang='grc' dir='ltr'>τοῦ</span> 
     </span>
    </p>
   </div>
   <div class='ocr_carea' id='block_1_46' title="bbox 141 2079 929 2117">
    <p class='ocr_par' dir='ltr' id='par_1_46' title="bbox 141 2079 929 2117">
     <span class='ocr_line' id='line_1_46' title="bbox 141 2079 929 2117; baseline 0.006 -12"><span class='ocrx_word' id='word_1_366' title='bbox 141 2079 183 2105; x_wconf 83' lang='grc' dir='ltr'><strong>ἀεὶ</strong></span> <span class='ocrx_word' id='word_1_367' title='bbox 200 2079 323 2111; x_wconf 83' lang='grc' dir='ltr'>συνόντος</span> <span class='ocrx_word' id='word_1_368' title='bbox 344 2079 418 2115; x_wconf 77' lang='grc' dir='ltr'>αὐτῷ</span> <span class='ocrx_word' id='word_1_369' title='bbox 437 2080 522 2114; x_wconf 83' lang='grc' dir='ltr'>Λόγου</span> <span class='ocrx_word' id='word_1_370' title='bbox 546 2081 713 2115; x_wconf 79' lang='grc' dir='ltr'>μονογενοῦς,</span> <span class='ocrx_word' id='word_1_371' title='bbox 735 2083 829 2117; x_wconf 59' lang='grc' dir='ltr'>σοφίας</span> <span class='ocrx_word' id='word_1_372' title='bbox 854 2083 929 2116; x_wconf 66' lang='grc' dir='ltr'>ουτος</span> 
     </span>
    </p>
   </div>
   <div class='ocr_carea' id='block_1_47' title="bbox 141 2122 928 2165">
    <p class='ocr_par' dir='ltr' id='par_1_47' title="bbox 141 2122 928 2165">
     <span class='ocr_line' id='line_1_47' title="bbox 141 2122 928 2165; baseline 0.005 -13"><span class='ocrx_word' id='word_1_373' title='bbox 141 2122 363 2162; x_wconf 81' lang='grc' dir='ltr'>ᾖπροσέχαιρεν·</span> <span class='ocrx_word' id='word_1_374' title='bbox 380 2125 450 2152; x_wconf 79' lang='grc' dir='ltr'>οὕτω</span> <span class='ocrx_word' id='word_1_375' title='bbox 469 2126 523 2162; x_wconf 84' lang='grc' dir='ltr'><strong>γὰρ</strong></span> <span class='ocrx_word' id='word_1_376' title='bbox 539 2126 599 2153; x_wconf 80' lang='grc' dir='ltr'><strong>οὐδὲ</strong></span> <span class='ocrx_word' id='word_1_377' title='bbox 615 2127 658 2153; x_wconf 78' lang='grc' dir='ltr'><strong>ἀεὶ</strong></span> <span class='ocrx_word' id='word_1_378' title='bbox 683 2127 784 2164; x_wconf 85' lang='grc' dir='ltr'>χαίρων</span> <span class='ocrx_word' id='word_1_379' title='bbox 799 2129 928 2165; x_wconf 74' lang='grc' dir='ltr'>νοηθήσε-</span> 
     </span>
    </p>
   </div>
   <div class='ocr_carea' id='block_1_48' title="bbox 141 2171 928 2209">
    <p class='ocr_par' dir='ltr' id='par_1_48' title="bbox 141 2171 928 2209">
     <span class='ocr_line' id='line_1_48' title="bbox 141 2171 928 2209; baseline 0.005 -12"><span class='ocrx_word' id='word_1_380' title='bbox 141 2179 195 2197; x_wconf 84' lang='grc' dir='ltr'>ται.</span> <span class='ocrx_word' id='word_1_381' title='bbox 211 2181 220 2196; x_wconf 73' lang='grc' dir='ltr'><strong>ι</strong></span> <span class='ocrx_word' id='word_1_382' title='bbox 241 2171 305 2197; x_wconf 83' lang='grc' dir='ltr'><strong>Ὶδοὺ</strong></span> <span class='ocrx_word' id='word_1_383' title='bbox 333 2172 414 2206; x_wconf 83' lang='grc' dir='ltr'>ἡμεῖς</span> <span class='ocrx_word' id='word_1_384' title='bbox 446 2172 493 2206; x_wconf 80' lang='grc' dir='ltr'>μὲν</span> <span class='ocrx_word' id='word_1_385' title='bbox 523 2172 554 2197; x_wconf 82' lang='grc' dir='ltr'>ὲκ</span> <span class='ocrx_word' id='word_1_386' title='bbox 580 2171 709 2207; x_wconf 86' lang='grc' dir='ltr'>Πατέρων</span> <span class='ocrx_word' id='word_1_387' title='bbox 738 2174 777 2204; x_wconf 81' lang='grc' dir='ltr'>εἰς</span> <span class='ocrx_word' id='word_1_388' title='bbox 803 2174 928 2209; x_wconf 83' lang='grc' dir='ltr'>Πατέρας</span> 
     </span>
    </p>
   </div>
   <div class='ocr_carea' id='block_1_49' title="bbox 986 243 1767 278">
    <p class='ocr_par' dir='ltr' id='par_1_49' title="bbox 986 243 1767 278">
     <span class='ocr_line' id='line_1_49' title="bbox 986 243 1767 278; baseline 0 -8"><span class='ocrx_word' id='word_1_389' title='bbox 986 251 1051 271; x_wconf 86' lang='lat' dir='ltr'><strong>vero</strong></span> <span class='ocrx_word' id='word_1_390' title='bbox 1076 244 1176 271; x_wconf 80' lang='lat' dir='ltr'><strong>factum</strong></span> <span class='ocrx_word' id='word_1_391' title='bbox 1195 253 1202 271; x_wconf 89' lang='lat'><strong>:</strong></span> <span class='ocrx_word' id='word_1_392' title='bbox 1222 251 1254 270; x_wconf 86' lang='lat' dir='ltr'><strong>ex</strong></span> <span class='ocrx_word' id='word_1_393' title='bbox 1269 243 1367 278; x_wconf 83' lang='lat' dir='ltr'><strong>quibus</strong></span> <span class='ocrx_word' id='word_1_394' title='bbox 1378 249 1472 278; x_wconf 90' lang='lat' dir='ltr'><strong>aperte</strong></span> <span class='ocrx_word' id='word_1_395' title='bbox 1489 244 1687 271; x_wconf 84' lang='lat' dir='ltr'><strong>convincuntur</strong></span> <span class='ocrx_word' id='word_1_396' title='bbox 1700 244 1767 271; x_wconf 81' lang='lat' dir='ltr'><strong>ialsa</strong></span> 
     </span>
    </p>
   </div>
   <div class='ocr_carea' id='block_1_50' title="bbox 985 289 1768 325">
    <p class='ocr_par' dir='ltr' id='par_1_50' title="bbox 985 289 1768 325">
     <span class='ocr_line' id='line_1_50' title="bbox 985 289 1768 325; baseline 0.001 -9"><span class='ocrx_word' id='word_1_397' title='bbox 985 290 1017 316; x_wconf 94' lang='lat' dir='ltr'><strong>de</strong></span> <span class='ocrx_word' id='word_1_398' title='bbox 1032 289 1136 317; x_wconf 88' lang='lat' dir='ltr'><strong>Domini</strong></span> <span class='ocrx_word' id='word_1_399' title='bbox 1151 290 1325 324; x_wconf 79' lang='lat' dir='ltr'><strong>generatione</strong></span> <span class='ocrx_word' id='word_1_400' title='bbox 1337 290 1454 324; x_wconf 85' lang='lat' dir='ltr'><strong>opinari,</strong></span> <span class='ocrx_word' id='word_1_401' title='bbox 1474 290 1501 317; x_wconf 91' lang='lat' dir='ltr'><strong>hi</strong></span> <span class='ocrx_word' id='word_1_402' title='bbox 1520 290 1564 325; x_wconf 85' lang='lat' dir='ltr'><strong>qui</strong></span> <span class='ocrx_word' id='word_1_403' title='bbox 1581 290 1698 316; x_wconf 87' lang='lat' dir='ltr'><strong>divinam</strong></span> <span class='ocrx_word' id='word_1_404' title='bbox 1710 289 1768 324; x_wconf 82' lang='lat' dir='ltr'><strong>ejus</strong></span> 
     </span>
    </p>
   </div>
   <div class='ocr_carea' id='block_1_51' title="bbox 984 336 1767 372">
    <p class='ocr_par' dir='ltr' id='par_1_51' title="bbox 984 336 1767 372">
     <span class='ocr_line' id='line_1_51' title="bbox 984 336 1767 372; baseline -0.001 -8"><span class='ocrx_word' id='word_1_405' title='bbox 984 342 1066 372; x_wconf 89' lang='lat' dir='ltr'><strong>atque</strong></span> <span class='ocrx_word' id='word_1_406' title='bbox 1085 337 1299 371; x_wconf 76' lang='lat' dir='ltr'><strong>inexplicabilem</strong></span> <span class='ocrx_word' id='word_1_407' title='bbox 1318 337 1532 371; x_wconf 74' lang='lat' dir='ltr'><strong>generationem,</strong></span> <span class='ocrx_word' id='word_1_408' title='bbox 1554 336 1697 364; x_wconf 71' lang='lat' dir='ltr'><strong>factionem</strong></span> <span class='ocrx_word' id='word_1_409' title='bbox 1717 344 1767 363; x_wconf 90' lang='lat' dir='ltr'><strong>att-</strong></span> 
     </span>
    </p>
   </div>
   <div class='ocr_carea' id='block_1_52' title="bbox 985 383 1767 418">
    <p class='ocr_par' dir='ltr' id='par_1_52' title="bbox 985 383 1767 418">
     <span class='ocr_line' id='line_1_52' title="bbox 985 383 1767 418; baseline -0.001 -7"><span class='ocrx_word' id='word_1_410' title='bbox 985 385 1047 411; x_wconf 83' lang='lat' dir='ltr'><strong>dcnt</strong></span> <span class='ocrx_word' id='word_1_411' title='bbox 1063 384 1162 411; x_wconf 86' lang='lat' dir='ltr'><strong>dicere.</strong></span> <span class='ocrx_word' id='word_1_412' title='bbox 1182 383 1273 418; x_wconf 85' lang='lat' dir='ltr'><strong>itaque</strong></span> <span class='ocrx_word' id='word_1_413' title='bbox 1290 383 1456 410; x_wconf 76' lang='lat' dir='ltr'><strong>admirabilis</strong></span> <span class='ocrx_word' id='word_1_414' title='bbox 1476 384 1620 418; x_wconf 85' lang='lat' dir='ltr'><strong>divinaque</strong></span> <span class='ocrx_word' id='word_1_415' title='bbox 1635 384 1724 409; x_wconf 85' lang='lat' dir='ltr'><strong>unitas</strong></span> <span class='ocrx_word' id='word_1_416' title='bbox 1741 383 1767 410; x_wconf 88' lang='lat' dir='ltr'><strong>in</strong></span> 
     </span>
    </p>
   </div>
   <div class='ocr_carea' id='block_1_53' title="bbox 984 428 1768 462">
    <p class='ocr_par' dir='ltr' id='par_1_53' title="bbox 984 428 1768 462">
     <span class='ocr_line' id='line_1_53' title="bbox 984 428 1768 462; baseline -0.001 -6"><span class='ocrx_word' id='word_1_417' title='bbox 984 434 1039 456; x_wconf 82' lang='lat' dir='ltr'><strong>tres</strong></span> <span class='ocrx_word' id='word_1_418' title='bbox 1050 429 1205 456; x_wconf 71' lang='lat' dir='ltr'><strong>divinitatea</strong></span> <span class='ocrx_word' id='word_1_419' title='bbox 1220 437 1273 456; x_wconf 91' lang='lat' dir='ltr'><strong>non</strong></span> <span class='ocrx_word' id='word_1_420' title='bbox 1289 434 1330 456; x_wconf 84' lang='lat' dir='ltr'><strong>est</strong></span> <span class='ocrx_word' id='word_1_421' title='bbox 1356 429 1518 462; x_wconf 88' lang='lat' dir='ltr'><strong>separanda,</strong></span> <span class='ocrx_word' id='word_1_422' title='bbox 1540 436 1628 462; x_wconf 82' lang='lat' dir='ltr'><strong>neque</strong></span> <span class='ocrx_word' id='word_1_423' title='bbox 1642 428 1768 456; x_wconf 75' lang='lat' dir='ltr'><strong>factionis</strong></span> 
     </span>
    </p>
   </div>
   <div class='ocr_carea' id='block_1_54' title="bbox 984 469 1769 508">
    <p class='ocr_par' dir='ltr' id='par_1_54' title="bbox 984 469 1769 508">
     <span class='ocr_line' id='line_1_54' title="bbox 984 469 1769 508; baseline -0.001 -8"><span class='ocrx_word' id='word_1_424' title='bbox 984 474 1115 501; x_wconf 81' lang='lat' dir='ltr'><strong>vocabulo</strong></span> <span class='ocrx_word' id='word_1_425' title='bbox 1130 473 1246 508; x_wconf 81' lang='lat' dir='ltr'><strong>dignitas</strong></span> <span class='ocrx_word' id='word_1_426' title='bbox 1269 481 1429 506; x_wconf 85' lang='lat' dir='ltr'><strong>summaque</strong></span> <span class='ocrx_word' id='word_1_427' title='bbox 1442 469 1552 500; x_wconf 86' lang='lat' dir='ltr'><strong>Domini</strong></span> <span class='ocrx_word' id='word_1_428' title='bbox 1562 473 1717 506; x_wconf 83' lang='lat' dir='ltr'><strong>magnitudo</strong></span> <span class='ocrx_word' id='word_1_429' title='bbox 1728 478 1769 499; x_wconf 88' lang='lat' dir='ltr'><strong>est</strong></span> 
     </span>
    </p>
   </div>
   <div class='ocr_carea' id='block_1_55' title="bbox 984 518 1767 553">
    <p class='ocr_par' dir='ltr' id='par_1_55' title="bbox 984 518 1767 553">
     <span class='ocr_line' id='line_1_55' title="bbox 984 518 1767 553; baseline -0.003 -7"><span class='ocrx_word' id='word_1_430' title='bbox 984 519 1155 546; x_wconf 89' lang='lat' dir='ltr'><strong>diminuentla</strong></span> <span class='ocrx_word' id='word_1_431' title='bbox 1173 527 1181 553; x_wconf 83' lang='lat'><strong>;</strong></span> <span class='ocrx_word' id='word_1_432' title='bbox 1208 519 1254 546; x_wconf 89' lang='lat' dir='ltr'><strong>sed</strong></span> <span class='ocrx_word' id='word_1_433' title='bbox 1268 520 1431 546; x_wconf 87' lang='lat' dir='ltr'><strong>credendum</strong></span> <span class='ocrx_word' id='word_1_434' title='bbox 1449 523 1489 546; x_wconf 86' lang='lat' dir='ltr'><strong>est</strong></span> <span class='ocrx_word' id='word_1_435' title='bbox 1517 519 1542 546; x_wconf 94' lang='lat' dir='ltr'><strong>in</strong></span> <span class='ocrx_word' id='word_1_436' title='bbox 1557 519 1639 545; x_wconf 87' lang='lat' dir='ltr'><strong>Deum</strong></span> <span class='ocrx_word' id='word_1_437' title='bbox 1662 518 1767 545; x_wconf 83' lang='lat' dir='ltr'><strong>Patrem</strong></span> 
     </span>
    </p>
   </div>
   <div class='ocr_carea' id='block_1_56' title="bbox 983 563 1768 600">
    <p class='ocr_par' dir='ltr' id='par_1_56' title="bbox 983 563 1768 600">
     <span class='ocr_line' id='line_1_56' title="bbox 983 563 1768 600; baseline -0.004 -7"><span class='ocrx_word' id='word_1_438' title='bbox 983 566 1204 600; x_wconf 82' lang='lat' dir='ltr'><strong>omnipotentem,</strong></span> <span class='ocrx_word' id='word_1_439' title='bbox 1231 570 1257 593; x_wconf 88' lang='lat' dir='ltr'><strong>et</strong></span> <span class='ocrx_word' id='word_1_440' title='bbox 1282 566 1307 592; x_wconf 89' lang='lat' dir='ltr'><strong>itt</strong></span> <span class='ocrx_word' id='word_1_441' title='bbox 1323 565 1460 592; x_wconf 68' lang='lat' dir='ltr'><strong>Christum</strong></span> <span class='ocrx_word' id='word_1_442' title='bbox 1477 563 1566 591; x_wconf 84' lang='lat' dir='ltr'><strong>Jcsutn</strong></span> <span class='ocrx_word' id='word_1_443' title='bbox 1588 564 1644 598; x_wconf 84' lang='lat' dir='ltr'><strong>ejus</strong></span> <span class='ocrx_word' id='word_1_444' title='bbox 1660 563 1768 595; x_wconf 83' lang='lat' dir='ltr'><strong>Ftlinm,</strong></span> 
     </span>
    </p>
   </div>
   <div class='ocr_carea' id='block_1_57' title="bbox 983 609 1768 646">
    <p class='ocr_par' dir='ltr' id='par_1_57' title="bbox 983 609 1768 646">
     <span class='ocr_line' id='line_1_57' title="bbox 983 609 1768 646; baseline -0.003 -8"><span class='ocrx_word' id='word_1_445' title='bbox 983 617 1010 638; x_wconf 90' lang='lat' dir='ltr'><strong>et</strong></span> <span class='ocrx_word' id='word_1_446' title='bbox 1026 613 1051 638; x_wconf 95' lang='lat' dir='ltr'><strong>in</strong></span> <span class='ocrx_word' id='word_1_447' title='bbox 1076 612 1205 646; x_wconf 81' lang='lat' dir='ltr'><strong>Spiritum</strong></span> <span class='ocrx_word' id='word_1_448' title='bbox 1222 615 1354 640; x_wconf 78' lang='lat' dir='ltr'><strong>sanctum.</strong></span> <span class='ocrx_word' id='word_1_449' title='bbox 1374 619 1405 637; x_wconf 87' lang='lat' dir='ltr'><strong>ac</strong></span> <span class='ocrx_word' id='word_1_450' title='bbox 1421 610 1538 637; x_wconf 81' lang='lat' dir='ltr'><strong>Verbum</strong></span> <span class='ocrx_word' id='word_1_451' title='bbox 1557 609 1609 636; x_wconf 93' lang='lat' dir='ltr'><strong>Deo</strong></span> <span class='ocrx_word' id='word_1_452' title='bbox 1628 609 1768 636; x_wconf 80' lang='lat' dir='ltr'><strong>universo-</strong></span> 
     </span>
    </p>
   </div>
   <div class='ocr_carea' id='block_1_58' title="bbox 984 655 1767 692">
    <p class='ocr_par' dir='ltr' id='par_1_58' title="bbox 984 655 1767 692">
     <span class='ocr_line' id='line_1_58' title="bbox 984 655 1767 692; baseline -0.003 -8"><span class='ocrx_word' id='word_1_453' title='bbox 984 666 1042 684; x_wconf 89' lang='lat' dir='ltr'><strong>rum</strong></span> <span class='ocrx_word' id='word_1_454' title='bbox 1055 665 1114 685; x_wconf 86' lang='lat' dir='ltr'><strong>esse</strong></span> <span class='ocrx_word' id='word_1_455' title='bbox 1129 659 1243 684; x_wconf 89' lang='lat' dir='ltr'><strong>unitum.</strong></span> <span class='ocrx_word' id='word_1_456' title='bbox 1263 657 1318 692; x_wconf 84' lang='lat' dir='ltr'><strong>Ego</strong></span> <span class='ocrx_word' id='word_1_457' title='bbox 1331 657 1413 690; x_wconf 87' lang='lat' dir='ltr'><strong>enim,</strong></span> <span class='ocrx_word' id='word_1_458' title='bbox 1437 656 1532 690; x_wconf 78' lang='lat' dir='ltr'><strong>inquit.</strong></span> <span class='ocrx_word' id='word_1_459' title='bbox 1551 659 1574 682; x_wconf 73' lang='grc' dir='ltr'><strong>τι</strong></span> <span class='ocrx_word' id='word_1_460' title='bbox 1591 655 1670 682; x_wconf 79' lang='lat' dir='ltr'><strong>Pater</strong></span> <span class='ocrx_word' id='word_1_461' title='bbox 1688 663 1767 682; x_wconf 88' lang='lat' dir='ltr'><strong>unum</strong></span> 
     </span>
    </p>
   </div>
   <div class='ocr_carea' id='block_1_59' title="bbox 983 701 1767 737">
    <p class='ocr_par' dir='ltr' id='par_1_59' title="bbox 983 701 1767 737">
     <span class='ocr_line' id='line_1_59' title="bbox 983 701 1767 737; baseline -0.003 -7"><span class='ocrx_word' id='word_1_462' title='bbox 983 712 1071 730; x_wconf 75' lang='lat' dir='ltr'><strong>sumus</strong></span> <span class='ocrx_word' id='word_1_463' title='bbox 1082 704 1109 737; x_wconf 83' lang='grc'><strong>⁸;</strong></span> <span class='ocrx_word' id='word_1_464' title='bbox 1132 709 1168 735; x_wconf 85' lang='lat' dir='ltr'><strong>et,</strong></span> <span class='ocrx_word' id='word_1_465' title='bbox 1189 703 1244 737; x_wconf 80' lang='lat' dir='ltr'><strong>Ego</strong></span> <span class='ocrx_word' id='word_1_466' title='bbox 1261 704 1287 730; x_wconf 81' lang='lat' dir='ltr'><strong>in</strong></span> <span class='ocrx_word' id='word_1_467' title='bbox 1309 703 1395 734; x_wconf 78' lang='lat' dir='ltr'><strong>Patre,</strong></span> <span class='ocrx_word' id='word_1_468' title='bbox 1416 707 1440 729; x_wconf 82' lang='lat' dir='ltr'><strong>et</strong></span> <span class='ocrx_word' id='word_1_469' title='bbox 1453 702 1535 729; x_wconf 83' lang='lat' dir='ltr'><strong>Pater</strong></span> <span class='ocrx_word' id='word_1_470' title='bbox 1551 702 1577 728; x_wconf 85' lang='lat' dir='ltr'><strong>in</strong></span> <span class='ocrx_word' id='word_1_471' title='bbox 1593 709 1632 727; x_wconf 78' lang='lat' dir='ltr'><strong>me</strong></span> <span class='ocrx_word' id='word_1_472' title='bbox 1649 701 1713 728; x_wconf 74' lang='lat' dir='ltr'><strong>ut&quot;.</strong></span> <span class='ocrx_word' id='word_1_473' title='bbox 1730 701 1767 728; x_wconf 82' lang='lat' dir='ltr'><strong>Ita</strong></span> 
     </span>
    </p>
   </div>
   <div class='ocr_carea' id='block_1_60' title="bbox 983 746 1767 781">
    <p class='ocr_par' dir='ltr' id='par_1_60' title="bbox 983 746 1767 781">
     <span class='ocr_line' id='line_1_60' title="bbox 983 746 1767 781; baseline -0.006 -4"><span class='ocrx_word' id='word_1_474' title='bbox 983 750 1087 777; x_wconf 81' lang='lat' dir='ltr'><strong>scilicet</strong></span> <span class='ocrx_word' id='word_1_475' title='bbox 1102 750 1192 776; x_wconf 90' lang='lat' dir='ltr'><strong>divina</strong></span> <span class='ocrx_word' id='word_1_476' title='bbox 1211 749 1331 776; x_wconf 86' lang='lat' dir='ltr'><strong>Trinitas</strong></span> <span class='ocrx_word' id='word_1_477' title='bbox 1346 754 1373 776; x_wconf 85' lang='lat' dir='ltr'><strong>et</strong></span> <span class='ocrx_word' id='word_1_478' title='bbox 1385 753 1478 775; x_wconf 87' lang='lat' dir='ltr'><strong>sancta</strong></span> <span class='ocrx_word' id='word_1_479' title='bbox 1492 746 1654 774; x_wconf 69' lang='lat' dir='ltr'><strong>monarcbize</strong></span> <span class='ocrx_word' id='word_1_480' title='bbox 1669 747 1767 781; x_wconf 65' lang='lat' dir='ltr'><strong>praedi-</strong></span> 
     </span>
    </p>
   </div>
   <div class='ocr_carea' id='block_1_61' title="bbox 983 796 1368 831">
    <p class='ocr_par' dir='ltr' id='par_1_61' title="bbox 983 796 1368 831">
     <span class='ocr_line' id='line_1_61' title="bbox 983 796 1368 831; baseline 0 -8"><span class='ocrx_word' id='word_1_481' title='bbox 983 796 1053 824; x_wconf 81' lang='lat' dir='ltr'><strong>catio</strong></span> <span class='ocrx_word' id='word_1_482' title='bbox 1064 796 1166 831; x_wconf 80' lang='lat' dir='ltr'><strong>integra</strong></span> <span class='ocrx_word' id='word_1_483' title='bbox 1183 796 1344 823; x_wconf 70' lang='lat' dir='ltr'><strong>servabitur.</strong></span> <span class='ocrx_word' id='word_1_484' title='bbox 1359 805 1368 822; x_wconf 77' lang='grc' dir='ltr'><strong>ι</strong></span> 
     </span>
    </p>
   </div>
   <div class='ocr_carea' id='block_1_62' title="bbox 948 874 1765 919">
    <p class='ocr_par' dir='ltr' id='par_1_62' title="bbox 948 874 1765 919">
     <span class='ocr_line' id='line_1_62' title="bbox 948 874 1765 919; baseline -0.004 -7"><span class='ocrx_word' id='word_1_485' title='bbox 948 874 968 901; x_wconf 78' lang='grc' dir='ltr'><strong>Β</strong></span> <span class='ocrx_word' id='word_1_486' title='bbox 1017 885 1062 913; x_wconf 74' lang='lat'><strong>2&#39;].</strong></span> <span class='ocrx_word' id='word_1_487' title='bbox 1083 885 1159 919; x_wconf 87' lang='lat' dir='ltr'><strong>Quod</strong></span> <span class='ocrx_word' id='word_1_488' title='bbox 1179 890 1268 913; x_wconf 89' lang='lat' dir='ltr'><strong>autem</strong></span> <span class='ocrx_word' id='word_1_489' title='bbox 1290 885 1406 912; x_wconf 89' lang='lat' dir='ltr'><strong>Verbum</strong></span> <span class='ocrx_word' id='word_1_490' title='bbox 1428 885 1460 912; x_wconf 86' lang='lat' dir='ltr'><strong>ab</strong></span> <span class='ocrx_word' id='word_1_491' title='bbox 1480 885 1630 912; x_wconf 69' lang='lat' dir='ltr'><strong>aeternitate</strong></span> <span class='ocrx_word' id='word_1_492' title='bbox 1654 885 1765 911; x_wconf 86' lang='lat' dir='ltr'><strong>sitcum</strong></span> 
     </span>
    </p>
   </div>
   <div class='ocr_carea' id='block_1_63' title="bbox 984 930 1766 966">
    <p class='ocr_par' dir='ltr' id='par_1_63' title="bbox 984 930 1766 966">
     <span class='ocr_line' id='line_1_63' title="bbox 984 930 1766 966; baseline -0.005 -7"><span class='ocrx_word' id='word_1_493' title='bbox 984 932 1072 963; x_wconf 85' lang='lat' dir='ltr'><strong>Patre,</strong></span> <span class='ocrx_word' id='word_1_494' title='bbox 1102 939 1151 959; x_wconf 90' lang='lat' dir='ltr'><strong>nec</strong></span> <span class='ocrx_word' id='word_1_495' title='bbox 1173 931 1285 958; x_wconf 89' lang='lat' dir='ltr'><strong>alterius</strong></span> <span class='ocrx_word' id='word_1_496' title='bbox 1310 939 1391 966; x_wconf 87' lang='lat' dir='ltr'><strong>quam</strong></span> <span class='ocrx_word' id='word_1_497' title='bbox 1421 930 1510 958; x_wconf 86' lang='lat' dir='ltr'><strong>Patris</strong></span> <span class='ocrx_word' id='word_1_498' title='bbox 1536 931 1692 958; x_wconf 66' lang='lat' dir='ltr'><strong>snhslanliaz</strong></span> <span class='ocrx_word' id='word_1_499' title='bbox 1724 930 1766 956; x_wconf 89' lang='lat' dir='ltr'><strong>vel</strong></span> 
     </span>
    </p>
   </div>
   <div class='ocr_carea' id='block_1_64' title="bbox 982 975 1767 1014">
    <p class='ocr_par' dir='ltr' id='par_1_64' title="bbox 982 975 1767 1014">
     <span class='ocr_line' id='line_1_64' title="bbox 982 975 1767 1014; baseline -0.005 -9"><span class='ocrx_word' id='word_1_500' title='bbox 982 979 1135 1014; x_wconf 71' lang='lat' dir='ltr'><strong>bypostasis</strong></span> <span class='ocrx_word' id='word_1_501' title='bbox 1158 978 1283 1012; x_wconf 85' lang='lat' dir='ltr'><strong>proprius</strong></span> <span class='ocrx_word' id='word_1_502' title='bbox 1301 978 1345 1008; x_wconf 82' lang='lat' dir='ltr'><strong>sit,</strong></span> <span class='ocrx_word' id='word_1_503' title='bbox 1366 976 1395 1004; x_wconf 79' lang='lat' dir='ltr'><strong>ut</strong></span> <span class='ocrx_word' id='word_1_504' title='bbox 1419 977 1568 1004; x_wconf 82' lang='lat' dir='ltr'><strong>declaravit</strong></span> <span class='ocrx_word' id='word_1_505' title='bbox 1588 976 1716 1010; x_wconf 76' lang='lat' dir='ltr'><strong>synodus,</strong></span> <span class='ocrx_word' id='word_1_506' title='bbox 1736 975 1767 1002; x_wconf 93' lang='lat' dir='ltr'><strong>li-</strong></span> 
     </span>
    </p>
   </div>
   <div class='ocr_carea' id='block_1_65' title="bbox 982 1020 1766 1056">
    <p class='ocr_par' dir='ltr' id='par_1_65' title="bbox 982 1020 1766 1056">
     <span class='ocr_line' id='line_1_65' title="bbox 982 1020 1766 1056; baseline -0.005 -6"><span class='ocrx_word' id='word_1_507' title='bbox 982 1029 1041 1051; x_wconf 87' lang='lat' dir='ltr'><strong>ceat</strong></span> <span class='ocrx_word' id='word_1_508' title='bbox 1058 1031 1104 1050; x_wconf 79' lang='lat' dir='ltr'><strong>vos</strong></span> <span class='ocrx_word' id='word_1_509' title='bbox 1123 1024 1220 1050; x_wconf 90' lang='lat' dir='ltr'><strong>ilerutn</strong></span> <span class='ocrx_word' id='word_1_510' title='bbox 1249 1031 1262 1049; x_wconf 87' lang='lat' dir='ltr'><strong>a</strong></span> <span class='ocrx_word' id='word_1_511' title='bbox 1288 1022 1421 1049; x_wconf 85' lang='lat' dir='ltr'><strong>laborioso</strong></span> <span class='ocrx_word' id='word_1_512' title='bbox 1445 1022 1559 1056; x_wconf 79' lang='lat' dir='ltr'><strong>Origene</strong></span> <span class='ocrx_word' id='word_1_513' title='bbox 1577 1021 1679 1047; x_wconf 89' lang='lat' dir='ltr'><strong>attdire.</strong></span> <span class='ocrx_word' id='word_1_514' title='bbox 1700 1020 1766 1047; x_wconf 87' lang='lat' dir='ltr'><strong>Nam</strong></span> 
     </span>
    </p>
   </div>
   <div class='ocr_carea' id='block_1_66' title="bbox 982 1067 1766 1103">
    <p class='ocr_par' dir='ltr' id='par_1_66' title="bbox 982 1067 1766 1103">
     <span class='ocr_line' id='line_1_66' title="bbox 982 1067 1766 1103; baseline -0.005 -6"><span class='ocrx_word' id='word_1_515' title='bbox 982 1077 1041 1103; x_wconf 71' lang='lat' dir='ltr'><strong>quae</strong></span> <span class='ocrx_word' id='word_1_516' title='bbox 1059 1069 1102 1096; x_wconf 86' lang='lat' dir='ltr'><strong>ille</strong></span> <span class='ocrx_word' id='word_1_517' title='bbox 1123 1069 1195 1095; x_wconf 88' lang='lat' dir='ltr'><strong>velut</strong></span> <span class='ocrx_word' id='word_1_518' title='bbox 1214 1069 1354 1102; x_wconf 84' lang='lat' dir='ltr'><strong>inquirens</strong></span> <span class='ocrx_word' id='word_1_519' title='bbox 1370 1072 1396 1095; x_wconf 89' lang='lat' dir='ltr'><strong>et</strong></span> <span class='ocrx_word' id='word_1_520' title='bbox 1417 1068 1555 1102; x_wconf 88' lang='lat' dir='ltr'><strong>disputans</strong></span> <span class='ocrx_word' id='word_1_521' title='bbox 1578 1067 1699 1103; x_wconf 85' lang='lat' dir='ltr'><strong>scripsit,</strong></span> <span class='ocrx_word' id='word_1_522' title='bbox 1715 1075 1766 1093; x_wconf 90' lang='lat' dir='ltr'><strong>non</strong></span> 
     </span>
    </p>
   </div>
   <div class='ocr_carea' id='block_1_67' title="bbox 982 1113 1765 1150">
    <p class='ocr_par' dir='ltr' id='par_1_67' title="bbox 982 1113 1765 1150">
     <span class='ocr_line' id='line_1_67' title="bbox 982 1113 1765 1150; baseline -0.004 -8"><span class='ocrx_word' id='word_1_523' title='bbox 982 1116 1018 1143; x_wconf 89' lang='lat' dir='ltr'><strong>ita</strong></span> <span class='ocrx_word' id='word_1_524' title='bbox 1037 1115 1191 1150; x_wconf 82' lang='lat' dir='ltr'><strong>accipienda</strong></span> <span class='ocrx_word' id='word_1_525' title='bbox 1217 1119 1290 1148; x_wconf 88' lang='lat' dir='ltr'><strong>sunt,</strong></span> <span class='ocrx_word' id='word_1_526' title='bbox 1307 1115 1383 1148; x_wconf 82' lang='lat' dir='ltr'><strong>quasi</strong></span> <span class='ocrx_word' id='word_1_527' title='bbox 1403 1114 1441 1141; x_wconf 79' lang='lat' dir='ltr'><strong>sic</strong></span> <span class='ocrx_word' id='word_1_528' title='bbox 1462 1114 1519 1148; x_wconf 83' lang='lat' dir='ltr'><strong>ipse</strong></span> <span class='ocrx_word' id='word_1_529' title='bbox 1544 1113 1765 1143; x_wconf 78' lang='lat' dir='ltr'><strong>sentiret.sedex</strong></span> 
     </span>
    </p>
   </div>
   <div class='ocr_carea' id='block_1_68' title="bbox 981 1160 1767 1194">
    <p class='ocr_par' dir='ltr' id='par_1_68' title="bbox 981 1160 1767 1194">
     <span class='ocr_line' id='line_1_68' title="bbox 981 1160 1767 1194; baseline -0.006 -4"><span class='ocrx_word' id='word_1_530' title='bbox 981 1170 1073 1190; x_wconf 88' lang='lat' dir='ltr'><strong>eorum</strong></span> <span class='ocrx_word' id='word_1_531' title='bbox 1093 1166 1184 1188; x_wconf 89' lang='lat' dir='ltr'><strong>mente</strong></span> <span class='ocrx_word' id='word_1_532' title='bbox 1197 1161 1357 1194; x_wconf 82' lang='lat' dir='ltr'><strong>quibuscum</strong></span> <span class='ocrx_word' id='word_1_533' title='bbox 1374 1160 1491 1194; x_wconf 86' lang='lat' dir='ltr'><strong>disputat</strong></span> <span class='ocrx_word' id='word_1_534' title='bbox 1507 1169 1515 1187; x_wconf 83' lang='lat'><strong>:</strong></span> <span class='ocrx_word' id='word_1_535' title='bbox 1539 1164 1566 1186; x_wconf 88' lang='lat' dir='ltr'><strong>at</strong></span> <span class='ocrx_word' id='word_1_536' title='bbox 1581 1167 1640 1194; x_wconf 70' lang='lat' dir='ltr'><strong>quin</strong></span> <span class='ocrx_word' id='word_1_537' title='bbox 1654 1160 1767 1186; x_wconf 83' lang='lat' dir='ltr'><strong>iblenter</strong></span> 
     </span>
    </p>
   </div>
   <div class='ocr_carea' id='block_1_69' title="bbox 985 1205 1765 1240">
    <p class='ocr_par' dir='ltr' id='par_1_69' title="bbox 985 1205 1765 1240">
     <span class='ocr_line' id='line_1_69' title="bbox 985 1205 1765 1240; baseline -0.005 -6"><span class='ocrx_word' id='word_1_538' title='bbox 985 1207 1079 1234; x_wconf 83' lang='lat' dir='ltr'><strong>deﬁnit</strong></span> <span class='ocrx_word' id='word_1_539' title='bbox 1096 1211 1122 1233; x_wconf 85' lang='lat' dir='ltr'><strong>et</strong></span> <span class='ocrx_word' id='word_1_540' title='bbox 1137 1206 1261 1238; x_wconf 71' lang='lat' dir='ltr'><strong>aiiirtuat,</strong></span> <span class='ocrx_word' id='word_1_541' title='bbox 1275 1207 1332 1234; x_wconf 58' lang='lat' dir='ltr'><strong>ha‘c</strong></span> <span class='ocrx_word' id='word_1_542' title='bbox 1348 1214 1409 1233; x_wconf 88' lang='lat' dir='ltr'><strong>vera</strong></span> <span class='ocrx_word' id='word_1_543' title='bbox 1422 1211 1462 1233; x_wconf 88' lang='lat' dir='ltr'><strong>est</strong></span> <span class='ocrx_word' id='word_1_544' title='bbox 1477 1205 1528 1233; x_wconf 92' lang='lat' dir='ltr'><strong>viri</strong></span> <span class='ocrx_word' id='word_1_545' title='bbox 1541 1205 1619 1240; x_wconf 86' lang='lat' dir='ltr'><strong>hujus</strong></span> <span class='ocrx_word' id='word_1_546' title='bbox 1637 1212 1765 1239; x_wconf 78' lang='lat' dir='ltr'><strong>perqt&#39;atu</strong></span> 
     </span>
    </p>
   </div>
   <div class='ocr_carea' id='block_1_70' title="bbox 982 1250 1766 1287">
    <p class='ocr_par' dir='ltr' id='par_1_70' title="bbox 982 1250 1766 1287">
     <span class='ocr_line' id='line_1_70' title="bbox 982 1250 1766 1287; baseline -0.006 -6"><span class='ocrx_word' id='word_1_547' title='bbox 982 1253 1096 1281; x_wconf 77' lang='lat' dir='ltr'><strong>studiosi</strong></span> <span class='ocrx_word' id='word_1_548' title='bbox 1115 1253 1261 1280; x_wconf 71' lang='lat' dir='ltr'><strong>sententia.</strong></span> <span class='ocrx_word' id='word_1_549' title='bbox 1279 1252 1371 1287; x_wconf 87' lang='lat' dir='ltr'><strong>Itaque</strong></span> <span class='ocrx_word' id='word_1_550' title='bbox 1398 1257 1458 1286; x_wconf 88' lang='lat' dir='ltr'><strong>post</strong></span> <span class='ocrx_word' id='word_1_551' title='bbox 1473 1259 1503 1278; x_wconf 84' lang='lat' dir='ltr'><strong>ea</strong></span> <span class='ocrx_word' id='word_1_552' title='bbox 1517 1259 1576 1286; x_wconf 72' lang='lat' dir='ltr'><strong>quze</strong></span> <span class='ocrx_word' id='word_1_553' title='bbox 1592 1250 1766 1278; x_wconf 81' lang='lat' dir='ltr'><strong>exercitatio-</strong></span> 
     </span>
    </p>
   </div>
   <div class='ocr_carea' id='block_1_71' title="bbox 982 1297 1766 1334">
    <p class='ocr_par' dir='ltr' id='par_1_71' title="bbox 982 1297 1766 1334">
     <span class='ocr_line' id='line_1_71' title="bbox 982 1297 1766 1334; baseline -0.005 -7"><span class='ocrx_word' id='word_1_554' title='bbox 982 1300 1023 1327; x_wconf 88' lang='lat' dir='ltr'><strong>nis</strong></span> <span class='ocrx_word' id='word_1_555' title='bbox 1038 1299 1122 1334; x_wconf 83' lang='lat' dir='ltr'><strong>gratia</strong></span> <span class='ocrx_word' id='word_1_556' title='bbox 1141 1298 1173 1324; x_wconf 89' lang='lat' dir='ltr'><strong>ad</strong></span> <span class='ocrx_word' id='word_1_557' title='bbox 1192 1298 1335 1325; x_wconf 77' lang='lat' dir='ltr'><strong>ha-reticos</strong></span> <span class='ocrx_word' id='word_1_558' title='bbox 1348 1297 1425 1331; x_wconf 78' lang='lat' dir='ltr'><strong>dixit,</strong></span> <span class='ocrx_word' id='word_1_559' title='bbox 1444 1298 1534 1324; x_wconf 79' lang='lat' dir='ltr'><strong>statim</strong></span> <span class='ocrx_word' id='word_1_560' title='bbox 1551 1297 1686 1332; x_wconf 88' lang='lat' dir='ltr'><strong>propriam</strong></span> <span class='ocrx_word' id='word_1_561' title='bbox 1709 1299 1766 1331; x_wconf 76' lang='lat' dir='ltr'><strong>ipso</strong></span> 
     </span>
    </p>
   </div>
   <div class='ocr_carea' id='block_1_72' title="bbox 981 1343 1766 1378">
    <p class='ocr_par' dir='ltr' id='par_1_72' title="bbox 981 1343 1766 1378">
     <span class='ocr_line' id='line_1_72' title="bbox 981 1343 1766 1378; baseline -0.005 -6"><span class='ocrx_word' id='word_1_562' title='bbox 981 1351 1098 1372; x_wconf 81' lang='lat' dir='ltr'><strong>mentem</strong></span> <span class='ocrx_word' id='word_1_563' title='bbox 1123 1344 1165 1372; x_wconf 82' lang='lat' dir='ltr'><strong>his</strong></span> <span class='ocrx_word' id='word_1_564' title='bbox 1185 1343 1277 1370; x_wconf 84' lang='lat' dir='ltr'><strong>verbis</strong></span> <span class='ocrx_word' id='word_1_565' title='bbox 1292 1343 1400 1378; x_wconf 79' lang='lat' dir='ltr'><strong>exponit</strong></span> <span class='ocrx_word' id='word_1_566' title='bbox 1416 1353 1422 1370; x_wconf 87' lang='lat'>:</span> <span class='ocrx_word' id='word_1_567' title='bbox 1442 1353 1451 1368; x_wconf 76' lang='grc' dir='ltr'><strong>ι</strong></span> <span class='ocrx_word' id='word_1_568' title='bbox 1462 1343 1489 1370; x_wconf 87' lang='lat' dir='ltr'><strong>Si</strong></span> <span class='ocrx_word' id='word_1_569' title='bbox 1505 1347 1546 1370; x_wconf 78' lang='lat' dir='ltr'><strong>cst</strong></span> <span class='ocrx_word' id='word_1_570' title='bbox 1563 1343 1651 1377; x_wconf 76' lang='lat' dir='ltr'><strong>imago</strong></span> <span class='ocrx_word' id='word_1_571' title='bbox 1667 1343 1713 1370; x_wconf 81' lang='lat' dir='ltr'><strong>D~i</strong></span> <span class='ocrx_word' id='word_1_572' title='bbox 1726 1344 1766 1369; x_wconf 94' lang='lat' dir='ltr'><strong>in-</strong></span> 
     </span>
    </p>
   </div>
   <div class='ocr_carea' id='block_1_73' title="bbox 981 1387 1765 1424">
    <p class='ocr_par' dir='ltr' id='par_1_73' title="bbox 981 1387 1765 1424">
     <span class='ocr_line' id='line_1_73' title="bbox 981 1387 1765 1424; baseline -0.004 -7"><span class='ocrx_word' id='word_1_573' title='bbox 981 1391 1106 1423; x_wconf 74' lang='lat' dir='ltr'><strong>visibilis,</strong></span> <span class='ocrx_word' id='word_1_574' title='bbox 1130 1389 1275 1417; x_wconf 86' lang='lat' dir='ltr'><strong>iuvisibilis</strong></span> <span class='ocrx_word' id='word_1_575' title='bbox 1301 1397 1410 1424; x_wconf 90' lang='lat' dir='ltr'><strong>quoque</strong></span> <span class='ocrx_word' id='word_1_576' title='bbox 1435 1393 1477 1415; x_wconf 82' lang='lat' dir='ltr'><strong>est</strong></span> <span class='ocrx_word' id='word_1_577' title='bbox 1501 1389 1557 1422; x_wconf 87' lang='lat' dir='ltr'><strong>ipsa</strong></span> <span class='ocrx_word' id='word_1_578' title='bbox 1582 1389 1679 1423; x_wconf 72' lang='lat' dir='ltr'><strong>imago.</strong></span> <span class='ocrx_word' id='word_1_579' title='bbox 1697 1387 1765 1420; x_wconf 85' lang='lat' dir='ltr'><strong>Quin</strong></span> 
     </span>
    </p>
   </div>
   <div class='ocr_carea' id='block_1_74' title="bbox 981 1434 1765 1466">
    <p class='ocr_par' dir='ltr' id='par_1_74' title="bbox 981 1434 1765 1466">
     <span class='ocr_line' id='line_1_74' title="bbox 981 1434 1765 1466; baseline -0.006 0"><span class='ocrx_word' id='word_1_580' title='bbox 981 1438 1061 1466; x_wconf 88' lang='lat' dir='ltr'><strong>etiam</strong></span> <span class='ocrx_word' id='word_1_581' title='bbox 1077 1437 1176 1464; x_wconf 81' lang='lat' dir='ltr'><strong>addere</strong></span> <span class='ocrx_word' id='word_1_582' title='bbox 1196 1436 1281 1463; x_wconf 82' lang='lat' dir='ltr'><strong>ausim</strong></span> <span class='ocrx_word' id='word_1_583' title='bbox 1295 1443 1355 1462; x_wconf 94' lang='lat' dir='ltr'><strong>cum</strong></span> <span class='ocrx_word' id='word_1_584' title='bbox 1379 1435 1414 1462; x_wconf 89' lang='lat' dir='ltr'><strong>sit</strong></span> <span class='ocrx_word' id='word_1_585' title='bbox 1435 1435 1581 1462; x_wconf 84' lang='lat' dir='ltr'><strong>similitudo</strong></span> <span class='ocrx_word' id='word_1_586' title='bbox 1599 1434 1696 1464; x_wconf 75' lang='lat' dir='ltr'><strong>Patris.</strong></span> <span class='ocrx_word' id='word_1_587' title='bbox 1713 1442 1765 1461; x_wconf 86' lang='lat' dir='ltr'><strong>non</strong></span> 
     </span>
    </p>
   </div>
   <div class='ocr_carea' id='block_1_75' title="bbox 981 1480 1765 1520">
    <p class='ocr_par' dir='ltr' id='par_1_75' title="bbox 981 1480 1765 1520">
     <span class='ocr_line' id='line_1_75' title="bbox 981 1480 1765 1520; baseline -0.006 -9"><span class='ocrx_word' id='word_1_588' title='bbox 981 1493 1059 1520; x_wconf 80' lang='lat' dir='ltr'><strong>posse</strong></span> <span class='ocrx_word' id='word_1_589' title='bbox 1083 1484 1139 1510; x_wconf 68' lang='lat' dir='ltr'><strong>ﬁeri</strong></span> <span class='ocrx_word' id='word_1_590' title='bbox 1164 1488 1193 1510; x_wconf 86' lang='grc' dir='ltr'><strong>ιιι</strong></span> <span class='ocrx_word' id='word_1_591' title='bbox 1219 1482 1363 1517; x_wconf 77' lang='lat' dir='ltr'><strong>aliquando</strong></span> <span class='ocrx_word' id='word_1_592' title='bbox 1379 1490 1429 1508; x_wconf 89' lang='lat' dir='ltr'><strong>non</strong></span> <span class='ocrx_word' id='word_1_593' title='bbox 1460 1482 1551 1508; x_wconf 80' lang='lat' dir='ltr'><strong>fuerit.</strong></span> <span class='ocrx_word' id='word_1_594' title='bbox 1567 1480 1678 1514; x_wconf 70' lang='lat' dir='ltr'><strong>Quando</strong></span> <span class='ocrx_word' id='word_1_595' title='bbox 1694 1481 1765 1507; x_wconf 86' lang='lat' dir='ltr'><strong>enim</strong></span> 
     </span>
    </p>
   </div>
   <div class='ocr_carea' id='block_1_76' title="bbox 981 1526 1767 1564">
    <p class='ocr_par' dir='ltr' id='par_1_76' title="bbox 981 1526 1767 1564">
     <span class='ocr_line' id='line_1_76' title="bbox 981 1526 1767 1564; baseline -0.01 -5"><span class='ocrx_word' id='word_1_596' title='bbox 981 1532 1060 1563; x_wconf 84' lang='lat' dir='ltr'><strong>Deus,</strong></span> <span class='ocrx_word' id='word_1_597' title='bbox 1077 1538 1156 1564; x_wconf 86' lang='lat' dir='ltr'><strong>quem</strong></span> <span class='ocrx_word' id='word_1_598' title='bbox 1181 1528 1298 1556; x_wconf 82' lang='lat' dir='ltr'><strong>Joannes</strong></span> <span class='ocrx_word' id='word_1_599' title='bbox 1314 1529 1398 1555; x_wconf 82' lang='lat' dir='ltr'><strong>lucem</strong></span> <span class='ocrx_word' id='word_1_600' title='bbox 1416 1527 1530 1562; x_wconf 88' lang='lat' dir='ltr'><strong>appellat</strong></span> <span class='ocrx_word' id='word_1_601' title='bbox 1550 1527 1622 1562; x_wconf 89' lang='lat' dir='ltr'><strong>(nam</strong></span> <span class='ocrx_word' id='word_1_602' title='bbox 1639 1526 1707 1552; x_wconf 65' lang='lat' dir='ltr'><strong>Deus</strong></span> <span class='ocrx_word' id='word_1_603' title='bbox 1722 1526 1767 1552; x_wconf 70' lang='lat' dir='ltr'><strong>ius</strong></span> 
     </span>
    </p>
   </div>
   <div class='ocr_carea' id='block_1_77' title="bbox 981 1572 1765 1611">
    <p class='ocr_par' dir='ltr' id='par_1_77' title="bbox 981 1572 1765 1611">
     <span class='ocr_line' id='line_1_77' title="bbox 981 1572 1765 1611; baseline -0.008 -8"><span class='ocrx_word' id='word_1_604' title='bbox 981 1583 1017 1604; x_wconf 80' lang='lat' dir='ltr'><strong>est</strong></span> <span class='ocrx_word' id='word_1_605' title='bbox 1028 1576 1062 1611; x_wconf 75' lang='grc'><strong>³),</strong></span> <span class='ocrx_word' id='word_1_606' title='bbox 1082 1576 1196 1610; x_wconf 61' lang='lat' dir='ltr'><strong>proprias</strong></span> <span class='ocrx_word' id='word_1_607' title='bbox 1219 1574 1310 1609; x_wconf 64' lang='lat' dir='ltr'><strong>gloriae</strong></span> <span class='ocrx_word' id='word_1_608' title='bbox 1332 1573 1473 1608; x_wconf 87' lang='lat' dir='ltr'><strong>splendore</strong></span> <span class='ocrx_word' id='word_1_609' title='bbox 1494 1572 1589 1603; x_wconf 85' lang='lat' dir='ltr'><strong>caruit,</strong></span> <span class='ocrx_word' id='word_1_610' title='bbox 1604 1572 1704 1605; x_wconf 88' lang='lat' dir='ltr'><strong>utquis</strong></span> <span class='ocrx_word' id='word_1_611' title='bbox 1717 1580 1765 1598; x_wconf 86' lang='lat' dir='ltr'><strong>att-</strong></span> 
     </span>
    </p>
   </div>
   <div class='ocr_carea' id='block_1_78' title="bbox 981 1617 1764 1657">
    <p class='ocr_par' dir='ltr' id='par_1_78' title="bbox 981 1617 1764 1657">
     <span class='ocr_line' id='line_1_78' title="bbox 981 1617 1764 1657; baseline -0.008 -7"><span class='ocrx_word' id='word_1_612' title='bbox 981 1624 1041 1650; x_wconf 82' lang='lat' dir='ltr'><strong>deat</strong></span> <span class='ocrx_word' id='word_1_613' title='bbox 1070 1622 1230 1657; x_wconf 86' lang='lat' dir='ltr'><strong>principium</strong></span> <span class='ocrx_word' id='word_1_614' title='bbox 1257 1619 1402 1647; x_wconf 76' lang='lat' dir='ltr'><strong>exsistendi</strong></span> <span class='ocrx_word' id='word_1_615' title='bbox 1428 1617 1498 1645; x_wconf 82' lang='lat' dir='ltr'><strong>Filio</strong></span> <span class='ocrx_word' id='word_1_616' title='bbox 1531 1618 1661 1650; x_wconf 84' lang='lat' dir='ltr'><strong>tribuere,</strong></span> <span class='ocrx_word' id='word_1_617' title='bbox 1688 1618 1764 1652; x_wconf 85' lang='lat' dir='ltr'><strong>quasi</strong></span> 
     </span>
    </p>
   </div>
   <div class='ocr_carea' id='block_1_79' title="bbox 980 1664 1764 1698">
    <p class='ocr_par' dir='ltr' id='par_1_79' title="bbox 980 1664 1764 1698">
     <span class='ocr_line' id='line_1_79' title="bbox 980 1664 1764 1698; baseline -0.008 -3"><span class='ocrx_word' id='word_1_618' title='bbox 980 1668 1085 1696; x_wconf 79' lang='lat' dir='ltr'><strong>sciliCet</strong></span> <span class='ocrx_word' id='word_1_619' title='bbox 1106 1672 1183 1694; x_wconf 85' lang='lat' dir='ltr'><strong>antea</strong></span> <span class='ocrx_word' id='word_1_620' title='bbox 1212 1674 1265 1693; x_wconf 93' lang='lat' dir='ltr'><strong>non</strong></span> <span class='ocrx_word' id='word_1_621' title='bbox 1293 1665 1406 1692; x_wconf 81' lang='lat' dir='ltr'><strong>fuisset?</strong></span> <span class='ocrx_word' id='word_1_622' title='bbox 1425 1664 1602 1698; x_wconf 82' lang='lat' dir='ltr'><strong>Quandonam</strong></span> <span class='ocrx_word' id='word_1_623' title='bbox 1630 1671 1693 1690; x_wconf 86' lang='lat' dir='ltr'><strong>vero</strong></span> <span class='ocrx_word' id='word_1_624' title='bbox 1711 1671 1764 1690; x_wconf 90' lang='lat' dir='ltr'><strong>non</strong></span> 
     </span>
    </p>
   </div>
   <div class='ocr_carea' id='block_1_80' title="bbox 980 1710 1763 1745">
    <p class='ocr_par' dir='ltr' id='par_1_80' title="bbox 980 1710 1763 1745">
     <span class='ocr_line' id='line_1_80' title="bbox 980 1710 1763 1745; baseline -0.005 -5"><span class='ocrx_word' id='word_1_625' title='bbox 980 1719 1039 1741; x_wconf 88' lang='lat' dir='ltr'><strong>erat</strong></span> <span class='ocrx_word' id='word_1_626' title='bbox 1059 1713 1185 1744; x_wconf 82' lang='lat' dir='ltr'><strong>Verbum,</strong></span> <span class='ocrx_word' id='word_1_627' title='bbox 1211 1712 1339 1742; x_wconf 85' lang='lat' dir='ltr'><strong>Verbum.</strong></span> <span class='ocrx_word' id='word_1_628' title='bbox 1369 1711 1488 1745; x_wconf 87' lang='lat' dir='ltr'><strong>inquam,</strong></span> <span class='ocrx_word' id='word_1_629' title='bbox 1518 1711 1588 1745; x_wconf 92' lang='lat' dir='ltr'><strong>quod</strong></span> <span class='ocrx_word' id='word_1_630' title='bbox 1607 1714 1634 1737; x_wconf 89' lang='lat' dir='ltr'><strong>ct</strong></span> <span class='ocrx_word' id='word_1_631' title='bbox 1658 1710 1763 1737; x_wconf 87' lang='lat' dir='ltr'><strong>Patrem</strong></span> 
     </span>
    </p>
   </div>
   <div class='ocr_carea' id='block_1_81' title="bbox 981 1754 1766 1793">
    <p class='ocr_par' dir='ltr' id='par_1_81' title="bbox 981 1754 1766 1793">
     <span class='ocr_line' id='line_1_81' title="bbox 981 1754 1766 1793; baseline -0.005 -8"><span class='ocrx_word' id='word_1_632' title='bbox 981 1758 1132 1793; x_wconf 77' lang='lat' dir='ltr'><strong>cognoscit,</strong></span> <span class='ocrx_word' id='word_1_633' title='bbox 1149 1762 1177 1784; x_wconf 86' lang='lat' dir='ltr'><strong>et</strong></span> <span class='ocrx_word' id='word_1_634' title='bbox 1195 1761 1236 1784; x_wconf 89' lang='lat' dir='ltr'><strong>est</strong></span> <span class='ocrx_word' id='word_1_635' title='bbox 1251 1757 1392 1783; x_wconf 84' lang='lat' dir='ltr'><strong>character</strong></span> <span class='ocrx_word' id='word_1_636' title='bbox 1417 1764 1448 1782; x_wconf 88' lang='lat' dir='ltr'><strong>ac</strong></span> <span class='ocrx_word' id='word_1_637' title='bbox 1464 1755 1551 1790; x_wconf 73' lang='lat' dir='ltr'><strong>imago</strong></span> <span class='ocrx_word' id='word_1_638' title='bbox 1568 1755 1688 1790; x_wconf 71' lang='lat' dir='ltr'><strong>ejusdem</strong></span> <span class='ocrx_word' id='word_1_639' title='bbox 1703 1754 1766 1782; x_wconf 56' lang='lat' dir='ltr'><strong>sub-</strong></span> 
     </span>
    </p>
   </div>
   <div class='ocr_carea' id='block_1_82' title="bbox 984 1801 1764 1838">
    <p class='ocr_par' dir='ltr' id='par_1_82' title="bbox 984 1801 1764 1838">
     <span class='ocr_line' id='line_1_82' title="bbox 984 1801 1764 1838; baseline -0.006 -6"><span class='ocrx_word' id='word_1_640' title='bbox 984 1805 1090 1832; x_wconf 52' lang='lat' dir='ltr'><strong>stantia;</strong></span> <span class='ocrx_word' id='word_1_641' title='bbox 1100 1805 1122 1836; x_wconf 73' lang='grc' dir='ltr'>ο,</span> <span class='ocrx_word' id='word_1_642' title='bbox 1142 1811 1201 1838; x_wconf 74' lang='lat' dir='ltr'><strong>qttze</strong></span> <span class='ocrx_word' id='word_1_643' title='bbox 1226 1803 1306 1838; x_wconf 78' lang='lat' dir='ltr'><strong>digne</strong></span> <span class='ocrx_word' id='word_1_644' title='bbox 1328 1810 1378 1829; x_wconf 89' lang='lat' dir='ltr'><strong>nec</strong></span> <span class='ocrx_word' id='word_1_645' title='bbox 1399 1802 1525 1837; x_wconf 85' lang='lat' dir='ltr'><strong>exprimi,</strong></span> <span class='ocrx_word' id='word_1_646' title='bbox 1549 1809 1599 1828; x_wconf 84' lang='lat' dir='ltr'><strong>nec</strong></span> <span class='ocrx_word' id='word_1_647' title='bbox 1621 1801 1764 1832; x_wconf 88' lang='lat' dir='ltr'><strong>nominari,</strong></span> 
     </span>
    </p>
   </div>
   <div class='ocr_carea' id='block_1_83' title="bbox 980 1847 1764 1885">
    <p class='ocr_par' dir='ltr' id='par_1_83' title="bbox 980 1847 1764 1885">
     <span class='ocr_line' id='line_1_83' title="bbox 980 1847 1764 1885; baseline -0.005 -8"><span class='ocrx_word' id='word_1_648' title='bbox 980 1858 1030 1878; x_wconf 85' lang='lat' dir='ltr'><strong>nec</strong></span> <span class='ocrx_word' id='word_1_649' title='bbox 1046 1849 1160 1885; x_wconf 76' lang='lat' dir='ltr'><strong>proferri</strong></span> <span class='ocrx_word' id='word_1_650' title='bbox 1175 1850 1279 1883; x_wconf 73' lang='lat' dir='ltr'><strong>possit?</strong></span> <span class='ocrx_word' id='word_1_651' title='bbox 1298 1848 1433 1882; x_wconf 81' lang='lat' dir='ltr'><strong>lnlelligat</strong></span> <span class='ocrx_word' id='word_1_652' title='bbox 1455 1849 1527 1875; x_wconf 86' lang='lat' dir='ltr'><strong>enim</strong></span> <span class='ocrx_word' id='word_1_653' title='bbox 1548 1848 1592 1882; x_wconf 88' lang='lat' dir='ltr'><strong>qtti</strong></span> <span class='ocrx_word' id='word_1_654' title='bbox 1611 1847 1700 1874; x_wconf 87' lang='lat' dir='ltr'><strong>dicere</strong></span> <span class='ocrx_word' id='word_1_655' title='bbox 1715 1854 1764 1873; x_wconf 83' lang='lat' dir='ltr'><strong>au-</strong></span> 
     </span>
    </p>
   </div>
   <div class='ocr_carea' id='block_1_84' title="bbox 980 1893 1764 1930">
    <p class='ocr_par' dir='ltr' id='par_1_84' title="bbox 980 1893 1764 1930">
     <span class='ocr_line' id='line_1_84' title="bbox 980 1893 1764 1930; baseline -0.006 -6"><span class='ocrx_word' id='word_1_656' title='bbox 980 1897 1035 1930; x_wconf 78' lang='lat' dir='ltr'><strong>det,</strong></span> <span class='ocrx_word' id='word_1_657' title='bbox 1068 1896 1128 1923; x_wconf 85' lang='lat' dir='ltr'><strong>Fuit</strong></span> <span class='ocrx_word' id='word_1_658' title='bbox 1151 1895 1296 1930; x_wconf 87' lang='lat' dir='ltr'><strong>aliquando</strong></span> <span class='ocrx_word' id='word_1_659' title='bbox 1317 1902 1377 1921; x_wconf 89' lang='lat' dir='ltr'><strong>cum</strong></span> <span class='ocrx_word' id='word_1_660' title='bbox 1404 1902 1456 1921; x_wconf 90' lang='lat' dir='ltr'><strong>non</strong></span> <span class='ocrx_word' id='word_1_661' title='bbox 1478 1899 1551 1921; x_wconf 84' lang='lat' dir='ltr'><strong>esset</strong></span> <span class='ocrx_word' id='word_1_662' title='bbox 1572 1893 1667 1924; x_wconf 78' lang='lat' dir='ltr'><strong>Filius.</strong></span> <span class='ocrx_word' id='word_1_663' title='bbox 1694 1893 1764 1920; x_wconf 83' lang='lat' dir='ltr'><strong>idem</strong></span> 
     </span>
    </p>
   </div>
   <div class='ocr_carea' id='block_1_85' title="bbox 980 1940 1764 1975">
    <p class='ocr_par' dir='ltr' id='par_1_85' title="bbox 980 1940 1764 1975">
     <span class='ocr_line' id='line_1_85' title="bbox 980 1940 1764 1975; baseline -0.006 -6"><span class='ocrx_word' id='word_1_664' title='bbox 980 1950 1040 1970; x_wconf 78' lang='lat' dir='ltr'><strong>esse</strong></span> <span class='ocrx_word' id='word_1_665' title='bbox 1060 1950 1091 1969; x_wconf 90' lang='lat' dir='ltr'><strong>ac</strong></span> <span class='ocrx_word' id='word_1_666' title='bbox 1108 1942 1129 1969; x_wconf 90' lang='lat' dir='ltr'><strong>si</strong></span> <span class='ocrx_word' id='word_1_667' title='bbox 1152 1941 1270 1974; x_wconf 87' lang='lat' dir='ltr'><strong>diceret,</strong></span> <span class='ocrx_word' id='word_1_668' title='bbox 1291 1940 1428 1975; x_wconf 82' lang='lat' dir='ltr'><strong>Sapientia</strong></span> <span class='ocrx_word' id='word_1_669' title='bbox 1451 1940 1596 1974; x_wconf 88' lang='lat' dir='ltr'><strong>aliquando</strong></span> <span class='ocrx_word' id='word_1_670' title='bbox 1622 1946 1676 1966; x_wconf 92' lang='lat' dir='ltr'><strong>non</strong></span> <span class='ocrx_word' id='word_1_671' title='bbox 1696 1943 1764 1970; x_wconf 87' lang='lat' dir='ltr'><strong>erat,</strong></span> 
     </span>
    </p>
   </div>
   <div class='ocr_carea' id='block_1_86' title="bbox 980 1984 1763 2020">
    <p class='ocr_par' dir='ltr' id='par_1_86' title="bbox 980 1984 1763 2020">
     <span class='ocr_line' id='line_1_86' title="bbox 980 1984 1763 2020; baseline -0.005 -5"><span class='ocrx_word' id='word_1_672' title='bbox 980 1988 1096 2015; x_wconf 87' lang='lat' dir='ltr'><strong>Verbum</strong></span> <span class='ocrx_word' id='word_1_673' title='bbox 1107 1995 1160 2015; x_wconf 91' lang='lat' dir='ltr'><strong>non</strong></span> <span class='ocrx_word' id='word_1_674' title='bbox 1170 1993 1238 2020; x_wconf 81' lang='lat' dir='ltr'><strong>erat,</strong></span> <span class='ocrx_word' id='word_1_675' title='bbox 1248 1991 1286 2020; x_wconf 87' lang='lat' dir='ltr'><strong>et,</strong></span> <span class='ocrx_word' id='word_1_676' title='bbox 1300 1987 1358 2015; x_wconf 85' lang='lat' dir='ltr'><strong>Vita</strong></span> <span class='ocrx_word' id='word_1_677' title='bbox 1370 1994 1420 2012; x_wconf 82' lang='lat' dir='ltr'><strong>nun</strong></span> <span class='ocrx_word' id='word_1_678' title='bbox 1429 1991 1499 2013; x_wconf 88' lang='lat' dir='ltr'><strong>erat.</strong></span> <span class='ocrx_word' id='word_1_679' title='bbox 1514 1996 1523 2012; x_wconf 71' lang='grc' dir='ltr'><strong>ι</strong></span> <span class='ocrx_word' id='word_1_680' title='bbox 1539 1984 1610 2013; x_wconf 85' lang='lat' dir='ltr'><strong>idem</strong></span> <span class='ocrx_word' id='word_1_681' title='bbox 1625 1993 1717 2012; x_wconf 90' lang='lat' dir='ltr'><strong>rursus</strong></span> <span class='ocrx_word' id='word_1_682' title='bbox 1728 1984 1763 2011; x_wconf 87' lang='lat' dir='ltr'><strong>ita</strong></span> 
     </span>
    </p>
   </div>
   <div class='ocr_carea' id='block_1_87' title="bbox 981 2031 1763 2069">
    <p class='ocr_par' dir='ltr' id='par_1_87' title="bbox 981 2031 1763 2069">
     <span class='ocr_line' id='line_1_87' title="bbox 981 2031 1763 2069; baseline -0.005 -8"><span class='ocrx_word' id='word_1_683' title='bbox 981 2035 1043 2062; x_wconf 88' lang='lat' dir='ltr'><strong>alibi</strong></span> <span class='ocrx_word' id='word_1_684' title='bbox 1061 2034 1200 2069; x_wconf 86' lang='lat' dir='ltr'><strong>loquitur:</strong></span> <span class='ocrx_word' id='word_1_685' title='bbox 1220 2043 1229 2059; x_wconf 76' lang='grc' dir='ltr'><strong>ι</strong></span> <span class='ocrx_word' id='word_1_686' title='bbox 1248 2034 1344 2060; x_wconf 92' lang='lat' dir='ltr'><strong>Verum</strong></span> <span class='ocrx_word' id='word_1_687' title='bbox 1363 2032 1438 2059; x_wconf 79' lang='lat' dir='ltr'><strong>nefas</strong></span> <span class='ocrx_word' id='word_1_688' title='bbox 1452 2036 1502 2064; x_wconf 87' lang='lat' dir='ltr'><strong>est,</strong></span> <span class='ocrx_word' id='word_1_689' title='bbox 1515 2039 1564 2058; x_wconf 89' lang='lat' dir='ltr'><strong>nec</strong></span> <span class='ocrx_word' id='word_1_690' title='bbox 1583 2031 1700 2066; x_wconf 88' lang='lat' dir='ltr'><strong>periculo</strong></span> <span class='ocrx_word' id='word_1_691' title='bbox 1717 2038 1763 2057; x_wconf 89' lang='lat' dir='ltr'><strong>va-</strong></span> 
     </span>
    </p>
   </div>
   <div class='ocr_carea' id='block_1_88' title="bbox 980 2071 1763 2115">
    <p class='ocr_par' dir='ltr' id='par_1_88' title="bbox 980 2071 1763 2115">
     <span class='ocr_line' id='line_1_88' title="bbox 980 2071 1763 2115; baseline -0.006 -7"><span class='ocrx_word' id='word_1_692' title='bbox 980 2086 1033 2113; x_wconf 87' lang='lat' dir='ltr'><strong>cat,</strong></span> <span class='ocrx_word' id='word_1_693' title='bbox 1051 2085 1160 2115; x_wconf 85' lang='lat' dir='ltr'><strong>propter</strong></span> <span class='ocrx_word' id='word_1_694' title='bbox 1178 2085 1297 2107; x_wconf 86' lang='lat' dir='ltr'><strong>nostram</strong></span> <span class='ocrx_word' id='word_1_695' title='bbox 1316 2079 1513 2109; x_wconf 83' lang='lat' dir='ltr'><strong>inﬁrmitatem,</strong></span> <span class='ocrx_word' id='word_1_696' title='bbox 1533 2071 1763 2112; x_wconf 62' lang='lat' dir='ltr'><strong>Deum,quatitutn</strong></span> 
     </span>
    </p>
   </div>
   <div class='ocr_carea' id='block_1_89' title="bbox 981 2123 1764 2161">
    <p class='ocr_par' dir='ltr' id='par_1_89' title="bbox 981 2123 1764 2161">
     <span class='ocr_line' id='line_1_89' title="bbox 981 2123 1764 2161; baseline -0.006 -7"><span class='ocrx_word' id='word_1_697' title='bbox 981 2128 1007 2154; x_wconf 95' lang='lat' dir='ltr'><strong>in</strong></span> <span class='ocrx_word' id='word_1_698' title='bbox 1024 2127 1101 2154; x_wconf 88' lang='lat' dir='ltr'><strong>nobis</strong></span> <span class='ocrx_word' id='word_1_699' title='bbox 1118 2131 1169 2158; x_wconf 79' lang='lat' dir='ltr'><strong>est,</strong></span> <span class='ocrx_word' id='word_1_700' title='bbox 1187 2126 1326 2161; x_wconf 69' lang='lat' dir='ltr'><strong>unigenito</strong></span> <span class='ocrx_word' id='word_1_701' title='bbox 1349 2125 1457 2159; x_wconf 85' lang='lat' dir='ltr'><strong>privare</strong></span> <span class='ocrx_word' id='word_1_702' title='bbox 1472 2123 1561 2152; x_wconf 83' lang='lat' dir='ltr'><strong>Verbo</strong></span> <span class='ocrx_word' id='word_1_703' title='bbox 1574 2123 1644 2158; x_wconf 88' lang='lat' dir='ltr'><strong>quod</strong></span> <span class='ocrx_word' id='word_1_704' title='bbox 1659 2129 1764 2156; x_wconf 88' lang='lat' dir='ltr'><strong>semper</strong></span> 
     </span>
    </p>
   </div>
   <div class='ocr_carea' id='block_1_90' title="bbox 980 2169 1764 2205">
    <p class='ocr_par' dir='ltr' id='par_1_90' title="bbox 980 2169 1764 2205">
     <span class='ocr_line' id='line_1_90' title="bbox 980 2169 1764 2205; baseline -0.008 -5"><span class='ocrx_word' id='word_1_705' title='bbox 980 2182 1040 2200; x_wconf 91' lang='lat' dir='ltr'><strong>cum</strong></span> <span class='ocrx_word' id='word_1_706' title='bbox 1066 2173 1111 2200; x_wconf 91' lang='lat' dir='ltr'><strong>illo</strong></span> <span class='ocrx_word' id='word_1_707' title='bbox 1136 2172 1195 2204; x_wconf 76' lang='lat' dir='ltr'><strong>fuit,</strong></span> <span class='ocrx_word' id='word_1_708' title='bbox 1211 2177 1238 2199; x_wconf 83' lang='lat' dir='ltr'><strong>et</strong></span> <span class='ocrx_word' id='word_1_709' title='bbox 1258 2172 1300 2198; x_wconf 90' lang='lat' dir='ltr'><strong>illa</strong></span> <span class='ocrx_word' id='word_1_710' title='bbox 1316 2176 1376 2198; x_wconf 89' lang='lat' dir='ltr'><strong>erat</strong></span> <span class='ocrx_word' id='word_1_711' title='bbox 1398 2171 1528 2205; x_wconf 87' lang='lat' dir='ltr'><strong>sapientia</strong></span> <span class='ocrx_word' id='word_1_712' title='bbox 1543 2178 1594 2205; x_wconf 87' lang='lat' dir='ltr'><strong>qua</strong></span> <span class='ocrx_word' id='word_1_713' title='bbox 1610 2169 1764 2196; x_wconf 67' lang='lat' dir='ltr'><strong>delectaba-</strong></span> 
     </span>
    </p>
   </div>
   <div class='ocr_carea' id='block_1_91' title="bbox 140 2215 929 2255">
    <p class='ocr_par' dir='ltr' id='par_1_91' title="bbox 140 2216 926 2254">
     <span class='ocr_line' id='line_1_91' title="bbox 140 2216 926 2254; baseline 0.004 -12"><span class='ocrx_word' id='word_1_714' title='bbox 140 2216 328 2252; x_wconf 76' lang='grc' dir='ltr'>διαϐεϐηκέναι</span> <span class='ocrx_word' id='word_1_715' title='bbox 343 2218 392 2252; x_wconf 79' lang='grc' dir='ltr'>τὴν</span> <span class='ocrx_word' id='word_1_716' title='bbox 408 2217 535 2251; x_wconf 81' lang='grc' dir='ltr'>τοιαύτην</span> <span class='ocrx_word' id='word_1_717' title='bbox 558 2217 679 2245; x_wconf 86' lang='grc' dir='ltr'>διάνοιαν</span> <span class='ocrx_word' id='word_1_718' title='bbox 699 2219 909 2254; x_wconf 80' lang='grc' dir='ltr'>ἀποδεικνύομεν</span> <span class='ocrx_word' id='word_1_719' title='bbox 919 2228 926 2234; x_wconf 92' lang='grc'><strong>·</strong></span> 
     </span>
    </p>
   </div>
   <div class='ocr_carea' id='block_1_92' title="bbox 980 2215 1762 2255">
    <p class='ocr_par' dir='ltr' id='par_1_92' title="bbox 982 2215 1762 2254">
     <span class='ocr_line' id='line_1_92' title="bbox 982 2215 1762 2254; baseline -0.009 -7"><span class='ocrx_word' id='word_1_720' title='bbox 982 2226 1024 2247; x_wconf 93' lang='lat' dir='ltr'><strong>tur</strong></span> <span class='ocrx_word' id='word_1_721' title='bbox 1035 2220 1067 2247; x_wconf 86' lang='grc'><strong>¹⁰.</strong></span> <span class='ocrx_word' id='word_1_722' title='bbox 1082 2219 1207 2254; x_wconf 82' lang='lat' dir='ltr'><strong>Alioquin</strong></span> <span class='ocrx_word' id='word_1_723' title='bbox 1226 2225 1286 2245; x_wconf 90' lang='lat' dir='ltr'><strong>eum</strong></span> <span class='ocrx_word' id='word_1_724' title='bbox 1305 2225 1358 2244; x_wconf 88' lang='lat' dir='ltr'><strong>non</strong></span> <span class='ocrx_word' id='word_1_725' title='bbox 1383 2224 1490 2252; x_wconf 86' lang='lat' dir='ltr'><strong>semper</strong></span> <span class='ocrx_word' id='word_1_726' title='bbox 1506 2217 1588 2243; x_wconf 80' lang='lat' dir='ltr'><strong>fuisse</strong></span> <span class='ocrx_word' id='word_1_727' title='bbox 1603 2215 1762 2242; x_wconf 86' lang='lat' dir='ltr'><strong>delectatum</strong></span> 
     </span>
    </p>
   </div>
   <div class='ocr_carea' id='block_1_93' title="bbox 140 2260 927 2300">
    <p class='ocr_par' dir='ltr' id='par_1_93' title="bbox 140 2260 927 2300">
     <span class='ocr_line' id='line_1_93' title="bbox 140 2260 927 2300; baseline 0.004 -11"><span class='ocrx_word' id='word_1_728' title='bbox 140 2263 219 2298; x_wconf 82' lang='grc' dir='ltr'>ὑμεῖς</span> <span class='ocrx_word' id='word_1_729' title='bbox 235 2263 273 2294; x_wconf 79' lang='grc' dir='ltr'>δὲ,</span> <span class='ocrx_word' id='word_1_730' title='bbox 287 2260 310 2289; x_wconf 80' lang='grc' dir='ltr'>ὦ</span> <span class='ocrx_word' id='word_1_731' title='bbox 325 2263 379 2289; x_wconf 84' lang='grc' dir='ltr'>νέοι</span> <span class='ocrx_word' id='word_1_732' title='bbox 399 2264 518 2290; x_wconf 79' lang='grc' dir='ltr'>Ἰουδαῖοι</span> <span class='ocrx_word' id='word_1_733' title='bbox 534 2264 580 2291; x_wconf 78' lang='grc' dir='ltr'>καὶ</span> <span class='ocrx_word' id='word_1_734' title='bbox 595 2264 642 2290; x_wconf 79' lang='grc' dir='ltr'>τοῦ</span> <span class='ocrx_word' id='word_1_735' title='bbox 662 2266 773 2300; x_wconf 77' lang='grc' dir='ltr'>Καϊάφα</span> <span class='ocrx_word' id='word_1_736' title='bbox 794 2266 927 2300; x_wconf 70' lang='grc' dir='ltr'>μαθηταὶ,</span> 
     </span>
    </p>
   </div>
   <div class='ocr_carea' id='block_1_94' title="bbox 140 2309 927 2347">
    <p class='ocr_par' dir='ltr' id='par_1_94' title="bbox 140 2309 927 2347">
     <span class='ocr_line' id='line_1_94' title="bbox 140 2309 927 2347; baseline 0.004 -12"><span class='ocrx_word' id='word_1_737' title='bbox 140 2309 215 2340; x_wconf 85' lang='grc' dir='ltr'>τίνας</span> <span class='ocrx_word' id='word_1_738' title='bbox 228 2309 280 2345; x_wconf 80' lang='grc' dir='ltr'>ἄρα</span> <span class='ocrx_word' id='word_1_739' title='bbox 293 2309 346 2336; x_wconf 81' lang='grc' dir='ltr'>τῶν</span> <span class='ocrx_word' id='word_1_740' title='bbox 362 2310 492 2345; x_wconf 75' lang='grc' dir='ltr'>ῥημάτων</span> <span class='ocrx_word' id='word_1_741' title='bbox 508 2311 585 2346; x_wconf 81' lang='grc' dir='ltr'>ὑμῶν</span> <span class='ocrx_word' id='word_1_742' title='bbox 598 2312 673 2347; x_wconf 73' lang='grc' dir='ltr'>ἔχετε</span> <span class='ocrx_word' id='word_1_743' title='bbox 688 2311 772 2343; x_wconf 81' lang='grc' dir='ltr'>δεῖξαι</span> <span class='ocrx_word' id='word_1_744' title='bbox 789 2312 927 2347; x_wconf 76' lang='grc' dir='ltr'>Πατέραςς</span> 
     </span>
    </p>
   </div>
   <div class='ocr_carea' id='block_1_95' title="bbox 147 2355 926 2395">
    <p class='ocr_par' dir='ltr' id='par_1_95' title="bbox 147 2355 926 2395">
     <span class='ocr_line' id='line_1_95' title="bbox 147 2355 926 2395; baseline 0.005 -14"><span class='ocrx_word' id='word_1_745' title='bbox 147 2355 215 2381; x_wconf 80' lang='grc' dir='ltr'>Ἀλλ’</span> <span class='ocrx_word' id='word_1_746' title='bbox 238 2355 333 2382; x_wconf 77' lang='grc' dir='ltr'>οὐδένα</span> <span class='ocrx_word' id='word_1_747' title='bbox 352 2356 405 2382; x_wconf 77' lang='grc' dir='ltr'>τῶν</span> <span class='ocrx_word' id='word_1_748' title='bbox 422 2357 560 2395; x_wconf 83' lang='grc' dir='ltr'>φρονίμων</span> <span class='ocrx_word' id='word_1_749' title='bbox 582 2358 629 2384; x_wconf 79' lang='grc' dir='ltr'>καὶ</span> <span class='ocrx_word' id='word_1_750' title='bbox 652 2357 740 2392; x_wconf 70' lang='grc' dir='ltr'>σοφῶν</span> <span class='ocrx_word' id='word_1_751' title='bbox 760 2357 792 2384; x_wconf 81' lang='grc' dir='ltr'><strong>ἃν</strong></span> <span class='ocrx_word' id='word_1_752' title='bbox 808 2357 926 2384; x_wconf 77' lang='grc' dir='ltr'>εἶποιτε”</span> 
     </span>
    </p>
   </div>
   <div class='ocr_carea' id='block_1_96' title="bbox 142 2401 927 2439">
    <p class='ocr_par' dir='ltr' id='par_1_96' title="bbox 142 2401 927 2439">
     <span class='ocr_line' id='line_1_96' title="bbox 142 2401 927 2439; baseline 0.004 -12"><span class='ocrx_word' id='word_1_753' title='bbox 142 2401 240 2433; x_wconf 75' lang='grc' dir='ltr'>πάντες</span> <span class='ocrx_word' id='word_1_754' title='bbox 262 2401 315 2438; x_wconf 81' lang='grc' dir='ltr'><strong>γὰρ</strong></span> <span class='ocrx_word' id='word_1_755' title='bbox 343 2402 414 2437; x_wconf 74' lang='grc' dir='ltr'>ὑμᾶς</span> <span class='ocrx_word' id='word_1_756' title='bbox 440 2403 655 2438; x_wconf 68' lang='grc' dir='ltr'>ἀποστρέφονται</span> <span class='ocrx_word' id='word_1_757' title='bbox 680 2403 748 2439; x_wconf 79' lang='grc' dir='ltr'>πλὴν</span> <span class='ocrx_word' id='word_1_758' title='bbox 775 2404 854 2438; x_wconf 86' lang='grc' dir='ltr'>μόνου</span> <span class='ocrx_word' id='word_1_759' title='bbox 880 2402 927 2430; x_wconf 81' lang='grc' dir='ltr'>τοῦ</span> 
     </span>
    </p>
   </div>
   <div class='ocr_carea' id='block_1_97' title="bbox 139 2444 927 2485">
    <p class='ocr_par' dir='ltr' id='par_1_97' title="bbox 139 2444 927 2485">
     <span class='ocr_line' id='line_1_97' title="bbox 139 2444 927 2485; baseline 0.004 -12"><span class='ocrx_word' id='word_1_760' title='bbox 139 2447 278 2473; x_wconf 76' lang='grc' dir='ltr'>διαϐόλου·</span> <span class='ocrx_word' id='word_1_761' title='bbox 303 2447 383 2482; x_wconf 87' lang='grc' dir='ltr'>μόνος</span> <span class='ocrx_word' id='word_1_762' title='bbox 406 2447 459 2482; x_wconf 81' lang='grc' dir='ltr'><strong>γὰρ</strong></span> <span class='ocrx_word' id='word_1_763' title='bbox 476 2449 539 2483; x_wconf 79' lang='grc' dir='ltr'>ὑμῖν</span> <span class='ocrx_word' id='word_1_764' title='bbox 562 2444 639 2480; x_wconf 72' lang='grc' dir='ltr'>οὗτος</span> <span class='ocrx_word' id='word_1_765' title='bbox 652 2449 701 2484; x_wconf 83' lang='grc' dir='ltr'>τῆς</span> <span class='ocrx_word' id='word_1_766' title='bbox 716 2449 843 2485; x_wconf 83' lang='grc' dir='ltr'>τοιαύτης</span> <span class='ocrx_word' id='word_1_767' title='bbox 863 2450 927 2476; x_wconf 77' lang='grc' dir='ltr'><strong>ἀπο-</strong></span> 
     </span>
    </p>
   </div>
   <div class='ocr_carea' id='block_1_98' title="bbox 140 2493 925 2531">
    <p class='ocr_par' dir='ltr' id='par_1_98' title="bbox 140 2493 925 2531">
     <span class='ocr_line' id='line_1_98' title="bbox 140 2493 925 2531; baseline 0.004 -12"><span class='ocrx_word' id='word_1_768' title='bbox 140 2493 251 2524; x_wconf 73' lang='grc' dir='ltr'>στασίας</span> <span class='ocrx_word' id='word_1_769' title='bbox 267 2494 357 2529; x_wconf 80' lang='grc' dir='ltr'>πατὴρ</span> <span class='ocrx_word' id='word_1_770' title='bbox 379 2494 497 2528; x_wconf 83' lang='grc' dir='ltr'>γέγονεν,</span> <span class='ocrx_word' id='word_1_771' title='bbox 511 2495 525 2520; x_wconf 85' lang='grc' dir='ltr'>ὁ</span> <span class='ocrx_word' id='word_1_772' title='bbox 542 2495 588 2521; x_wconf 76' lang='grc' dir='ltr'>καὶ</span> <span class='ocrx_word' id='word_1_773' title='bbox 603 2495 672 2521; x_wconf 79' lang='grc' dir='ltr'>κατὰ</span> <span class='ocrx_word' id='word_1_774' title='bbox 686 2495 734 2531; x_wconf 77' lang='grc' dir='ltr'>τὴν</span> <span class='ocrx_word' id='word_1_775' title='bbox 755 2497 841 2531; x_wconf 80' lang='grc' dir='ltr'>ἀρχὴν</span> <span class='ocrx_word' id='word_1_776' title='bbox 862 2497 925 2531; x_wconf 82' lang='grc' dir='ltr'>ὑμῖν</span> 
     </span>
    </p>
   </div>
   <div class='ocr_carea' id='block_1_99' title="bbox 139 2539 925 2578">
    <p class='ocr_par' dir='ltr' id='par_1_99' title="bbox 139 2539 925 2578">
     <span class='ocr_line' id='line_1_99' title="bbox 139 2539 925 2578; baseline 0.005 -13"><span class='ocrx_word' id='word_1_777' title='bbox 139 2539 302 2576; x_wconf 72' lang='grc' dir='ltr'>ἐπισπείρας</span> <span class='ocrx_word' id='word_1_778' title='bbox 324 2540 372 2576; x_wconf 86' lang='grc' dir='ltr'>τὴν</span> <span class='ocrx_word' id='word_1_779' title='bbox 389 2541 516 2567; x_wconf 80' lang='grc' dir='ltr'>ἀσέϐειαν</span> <span class='ocrx_word' id='word_1_780' title='bbox 530 2541 641 2576; x_wconf 83' lang='grc' dir='ltr'>ταύτην.</span> <span class='ocrx_word' id='word_1_781' title='bbox 659 2542 706 2568; x_wconf 75' lang='grc' dir='ltr'>καὶ</span> <span class='ocrx_word' id='word_1_782' title='bbox 727 2542 774 2568; x_wconf 75' lang='grc' dir='ltr'>νῦν</span> <span class='ocrx_word' id='word_1_783' title='bbox 798 2542 925 2578; x_wconf 75' lang='grc' dir='ltr'>λοιδορεῖν</span> 
     </span>
    </p>
   </div>
   <div class='ocr_carea' id='block_1_100' title="bbox 139 2582 925 2624">
    <p class='ocr_par' dir='ltr' id='par_1_100' title="bbox 139 2582 925 2624">
     <span class='ocr_line' id='line_1_100' title="bbox 139 2582 925 2624; baseline 0.008 -15"><span class='ocrx_word' id='word_1_784' title='bbox 139 2582 187 2617; x_wconf 84' lang='grc' dir='ltr'>τὴν</span> <span class='ocrx_word' id='word_1_785' title='bbox 204 2585 393 2620; x_wconf 80' lang='grc' dir='ltr'>οἰκουμενικὴν</span> <span class='ocrx_word' id='word_1_786' title='bbox 419 2584 526 2612; x_wconf 86' lang='grc' dir='ltr'>σύνοδον</span> <span class='ocrx_word' id='word_1_787' title='bbox 551 2585 648 2618; x_wconf 86' lang='grc' dir='ltr'>πείσας</span> <span class='ocrx_word' id='word_1_788' title='bbox 672 2587 754 2622; x_wconf 79' lang='grc' dir='ltr'>ὑμᾶς,</span> <span class='ocrx_word' id='word_1_789' title='bbox 767 2587 807 2613; x_wconf 86' lang='grc' dir='ltr'>ὅτι</span> <span class='ocrx_word' id='word_1_790' title='bbox 832 2588 868 2624; x_wconf 90' lang='grc' dir='ltr'>μὴ</span> <span class='ocrx_word' id='word_1_791' title='bbox 891 2587 925 2615; x_wconf 80' lang='grc' dir='ltr'><strong>τὰ</strong></span> 
     </span>
    </p>
   </div>
   <div class='ocr_carea' id='block_1_101' title="bbox 175 2665 929 2700">
    <p class='ocr_par' dir='ltr' id='par_1_101' title="bbox 175 2665 898 2700">
     <span class='ocr_line' id='line_1_101' title="bbox 175 2665 898 2700; baseline 0.003 -8"><span class='ocrx_word' id='word_1_792' title='bbox 175 2665 185 2680; x_wconf 84' lang='grc'><strong>⁸</strong></span> <span class='ocrx_word' id='word_1_793' title='bbox 200 2665 278 2693; x_wconf 86' lang='lat' dir='ltr'><strong>Joan.</strong></span> <span class='ocrx_word' id='word_1_794' title='bbox 292 2675 319 2699; x_wconf 75' lang='grc' dir='ltr'>ι,</span> <span class='ocrx_word' id='word_1_795' title='bbox 335 2666 381 2694; x_wconf 77' lang='lat'><strong>50.</strong></span> <span class='ocrx_word' id='word_1_796' title='bbox 416 2667 426 2682; x_wconf 96' lang='lat'><strong><em>&quot;</em></strong></span> <span class='ocrx_word' id='word_1_797' title='bbox 442 2666 520 2694; x_wconf 86' lang='lat' dir='ltr'><strong>Joan.</strong></span> <span class='ocrx_word' id='word_1_798' title='bbox 537 2675 593 2700; x_wconf 77' lang='lat' dir='ltr'><strong>xw,</strong></span> <span class='ocrx_word' id='word_1_799' title='bbox 607 2665 650 2693; x_wconf 83' lang='lat' dir='ltr'><strong>lO.</strong></span> <span class='ocrx_word' id='word_1_800' title='bbox 688 2666 699 2682; x_wconf 84' lang='lat'><strong>&#39;</strong></span> <span class='ocrx_word' id='word_1_801' title='bbox 715 2665 814 2694; x_wconf 83' lang='lat' dir='ltr'><strong>lJoan.</strong></span> <span class='ocrx_word' id='word_1_802' title='bbox 834 2674 853 2699; x_wconf 78' lang='grc' dir='ltr'><strong>ι,</strong></span> <span class='ocrx_word' id='word_1_803' title='bbox 871 2666 898 2694; x_wconf 85' lang='grc'><strong>5.</strong></span> 
     </span>
    </p>
   </div>
   <div class='ocr_carea' id='block_1_102' title="bbox 980 2665 1127 2700">
    <p class='ocr_par' dir='ltr' id='par_1_102' title="bbox 980 2665 1127 2697">
     <span class='ocr_line' id='line_1_102' title="bbox 980 2665 1127 2697; baseline -0.007 -5"><span class='ocrx_word' id='word_1_804' title='bbox 980 2665 1047 2693; x_wconf 81' lang='lat' dir='ltr'><strong>lebr.</strong></span> <span class='ocrx_word' id='word_1_805' title='bbox 1063 2673 1083 2697; x_wconf 87' lang='grc' dir='ltr'><strong>ι,</strong></span> <span class='ocrx_word' id='word_1_806' title='bbox 1099 2665 1127 2691; x_wconf 79' lang='grc'><strong>5.</strong></span> 
     </span>
    </p>
   </div>
   <div class='ocr_carea' id='block_1_103' title="bbox 176 2711 566 2747">
    <p class='ocr_par' dir='ltr' id='par_1_103' title="bbox 176 2711 566 2747">
     <span class='ocr_line' id='line_1_103' title="bbox 176 2711 566 2747; baseline 0.005 -10"><span class='ocrx_word' id='word_1_807' title='bbox 176 2711 232 2747; x_wconf 57' lang='grc'><strong>(26)</strong></span> <span class='ocrx_word' id='word_1_808' title='bbox 248 2711 314 2747; x_wconf 59' lang='grc' dir='ltr'><strong>Ιξθς.</strong></span> <span class='ocrx_word' id='word_1_809' title='bbox 329 2718 356 2738; x_wconf 88' lang='lat' dir='ltr'><strong>et</strong></span> <span class='ocrx_word' id='word_1_810' title='bbox 375 2711 456 2739; x_wconf 87' lang='lat' dir='ltr'><strong>Basil.</strong></span> <span class='ocrx_word' id='word_1_811' title='bbox 470 2712 566 2747; x_wconf 81' lang='grc' dir='ltr'>ψευδῆ.</span> 
     </span>
    </p>
   </div>
   <div class='ocr_carea' id='block_1_104' title="bbox 176 2746 925 2782">
    <p class='ocr_par' dir='ltr' id='par_1_104' title="bbox 176 2746 925 2782">
     <span class='ocr_line' id='line_1_104' title="bbox 176 2746 925 2782; baseline 0.004 -10"><span class='ocrx_word' id='word_1_812' title='bbox 176 2746 232 2782; x_wconf 72' lang='lat'><strong>(27)</strong></span> <span class='ocrx_word' id='word_1_813' title='bbox 248 2746 327 2774; x_wconf 76' lang='lat' dir='ltr'><strong>Certe</strong></span> <span class='ocrx_word' id='word_1_814' title='bbox 345 2748 486 2782; x_wconf 77' lang='lat' dir='ltr'><strong>legendum</strong></span> <span class='ocrx_word' id='word_1_815' title='bbox 502 2747 559 2774; x_wconf 75' lang='grc' dir='ltr'>ἀλλ’</span> <span class='ocrx_word' id='word_1_816' title='bbox 571 2748 597 2780; x_wconf 82' lang='grc' dir='ltr'>ἂ,</span> <span class='ocrx_word' id='word_1_817' title='bbox 622 2747 701 2782; x_wconf 89' lang='lat' dir='ltr'><strong>idque</strong></span> <span class='ocrx_word' id='word_1_818' title='bbox 716 2747 828 2775; x_wconf 87' lang='lat' dir='ltr'><strong>omnino</strong></span> <span class='ocrx_word' id='word_1_819' title='bbox 841 2747 925 2782; x_wconf 73' lang='lat' dir='ltr'><strong>exigit</strong></span> 
     </span>
    </p>
   </div>
   <div class='ocr_carea' id='block_1_105' title="bbox 139 2789 912 2853">
    <p class='ocr_par' dir='ltr' id='par_1_105' title="bbox 139 2789 912 2853">
     <span class='ocr_line' id='line_1_105' title="bbox 139 2789 912 2853; baseline 0.004 -11"><span class='ocrx_word' id='word_1_820' title='bbox 139 2789 292 2853; x_wconf 39' lang='grc' dir='ltr'><strong>έωίὲἒῖδξο</strong></span> <span class='ocrx_word' id='word_1_821' title='bbox 321 2817 386 2852; x_wconf 77' lang='lat' dir='ltr'><strong>Reg.</strong></span> <span class='ocrx_word' id='word_1_822' title='bbox 411 2816 461 2844; x_wconf 83' lang='lat' dir='ltr'><strong>Alii</strong></span> <span class='ocrx_word' id='word_1_823' title='bbox 480 2821 506 2844; x_wconf 89' lang='lat' dir='ltr'><strong>el.</strong></span> <span class='ocrx_word' id='word_1_824' title='bbox 533 2818 608 2847; x_wconf 84' lang='lat' dir='ltr'><strong>editi.</strong></span> <span class='ocrx_word' id='word_1_825' title='bbox 625 2817 732 2853; x_wconf 72' lang='grc' dir='ltr'>τούτου.</span> <span class='ocrx_word' id='word_1_826' title='bbox 765 2816 826 2846; x_wconf 80' lang='lat' dir='ltr'><strong>Mox</strong></span> <span class='ocrx_word' id='word_1_827' title='bbox 856 2817 912 2853; x_wconf 78' lang='lat' dir='ltr'><strong>Reg</strong></span> 
     </span>
    </p>
   </div>
   <div class='ocr_carea' id='block_1_106' title="bbox 140 2851 693 2887">
    <p class='ocr_par' dir='ltr' id='par_1_106' title="bbox 140 2851 693 2887">
     <span class='ocr_line' id='line_1_106' title="bbox 140 2851 693 2887; baseline 0.005 -9"><span class='ocrx_word' id='word_1_828' title='bbox 140 2852 216 2879; x_wconf 64' lang='grc' dir='ltr'>Μετὰ</span> <span class='ocrx_word' id='word_1_829' title='bbox 230 2851 304 2887; x_wconf 68' lang='grc' dir='ltr'>γοῦν,</span> <span class='ocrx_word' id='word_1_830' title='bbox 318 2851 419 2880; x_wconf 67' lang='grc' dir='ltr'>υὺῖιιιίι</span> <span class='ocrx_word' id='word_1_831' title='bbox 433 2857 459 2880; x_wconf 85' lang='lat' dir='ltr'><strong>ct</strong></span> <span class='ocrx_word' id='word_1_832' title='bbox 471 2853 533 2881; x_wconf 77' lang='lat' dir='ltr'><strong>editi</strong></span> <span class='ocrx_word' id='word_1_833' title='bbox 549 2853 623 2880; x_wconf 78' lang='grc' dir='ltr'><strong>Μετᾶ</strong></span> <span class='ocrx_word' id='word_1_834' title='bbox 637 2852 693 2881; x_wconf 73' lang='grc' dir='ltr'>οὖν.</span> 
     </span>
    </p>
   </div>
   <div class='ocr_carea' id='block_1_107' title="bbox 981 2259 1763 2300">
    <p class='ocr_par' dir='ltr' id='par_1_107' title="bbox 981 2259 1763 2300">
     <span class='ocr_line' id='line_1_107' title="bbox 981 2259 1763 2300; baseline -0.01 -7"><span class='ocrx_word' id='word_1_835' title='bbox 981 2266 1181 2300; x_wconf 72' lang='lat' dir='ltr'><strong>intelligendum</strong></span> <span class='ocrx_word' id='word_1_836' title='bbox 1208 2264 1269 2291; x_wconf 89' lang='lat' dir='ltr'><strong>crit.</strong></span> <span class='ocrx_word' id='word_1_837' title='bbox 1286 2272 1295 2289; x_wconf 74' lang='grc' dir='ltr'><strong>ι</strong></span> <span class='ocrx_word' id='word_1_838' title='bbox 1318 2262 1357 2290; x_wconf 92' lang='lat' dir='ltr'><strong>En</strong></span> <span class='ocrx_word' id='word_1_839' title='bbox 1382 2263 1463 2297; x_wconf 82' lang='lat' dir='ltr'><strong>igitur</strong></span> <span class='ocrx_word' id='word_1_840' title='bbox 1489 2269 1537 2289; x_wconf 90' lang='lat' dir='ltr'><strong>nos</strong></span> <span class='ocrx_word' id='word_1_841' title='bbox 1560 2261 1667 2294; x_wconf 87' lang='lat' dir='ltr'><strong>quidem</strong></span> <span class='ocrx_word' id='word_1_842' title='bbox 1693 2259 1763 2286; x_wconf 87' lang='lat' dir='ltr'><strong>hanc</strong></span> 
     </span>
    </p>
   </div>
   <div class='ocr_carea' id='block_1_108' title="bbox 980 2305 1762 2340">
    <p class='ocr_par' dir='ltr' id='par_1_108' title="bbox 980 2305 1762 2340">
     <span class='ocr_line' id='line_1_108' title="bbox 980 2305 1762 2340; baseline -0.012 0"><span class='ocrx_word' id='word_1_843' title='bbox 980 2313 1143 2340; x_wconf 86' lang='lat' dir='ltr'><strong>sententiam</strong></span> <span class='ocrx_word' id='word_1_844' title='bbox 1161 2319 1175 2337; x_wconf 89' lang='lat' dir='ltr'><strong>a</strong></span> <span class='ocrx_word' id='word_1_845' title='bbox 1189 2310 1314 2337; x_wconf 81' lang='lat' dir='ltr'><strong>Patribus</strong></span> <span class='ocrx_word' id='word_1_846' title='bbox 1333 2308 1366 2336; x_wconf 86' lang='lat' dir='ltr'><strong>ad</strong></span> <span class='ocrx_word' id='word_1_847' title='bbox 1384 2308 1477 2335; x_wconf 88' lang='lat' dir='ltr'><strong>Patres</strong></span> <span class='ocrx_word' id='word_1_848' title='bbox 1502 2307 1631 2334; x_wconf 80' lang='lat' dir='ltr'><strong>transisse</strong></span> <span class='ocrx_word' id='word_1_849' title='bbox 1652 2305 1762 2332; x_wconf 87' lang='lat' dir='ltr'><strong>demon-</strong></span> 
     </span>
    </p>
   </div>
   <div class='ocr_carea' id='block_1_109' title="bbox 980 2351 1756 2386">
    <p class='ocr_par' dir='ltr' id='par_1_109' title="bbox 980 2351 1756 2386">
     <span class='ocr_line' id='line_1_109' title="bbox 980 2351 1756 2386; baseline -0.009 -2"><span class='ocrx_word' id='word_1_850' title='bbox 980 2364 1097 2385; x_wconf 89' lang='lat' dir='ltr'><strong>stramus</strong></span> <span class='ocrx_word' id='word_1_851' title='bbox 1112 2369 1117 2384; x_wconf 91' lang='grc'>;</span> <span class='ocrx_word' id='word_1_852' title='bbox 1134 2364 1181 2383; x_wconf 87' lang='lat' dir='ltr'><strong>vos</strong></span> <span class='ocrx_word' id='word_1_853' title='bbox 1204 2363 1277 2386; x_wconf 83' lang='lat' dir='ltr'><strong>vero,</strong></span> <span class='ocrx_word' id='word_1_854' title='bbox 1301 2362 1317 2380; x_wconf 88' lang='grc' dir='ltr'><strong>ο</strong></span> <span class='ocrx_word' id='word_1_855' title='bbox 1338 2353 1398 2380; x_wconf 89' lang='lat' dir='ltr'><strong>novi</strong></span> <span class='ocrx_word' id='word_1_856' title='bbox 1413 2352 1494 2380; x_wconf 76' lang='lat' dir='ltr'><strong>Judaei</strong></span> <span class='ocrx_word' id='word_1_857' title='bbox 1511 2357 1537 2379; x_wconf 80' lang='lat' dir='ltr'><strong>et</strong></span> <span class='ocrx_word' id='word_1_858' title='bbox 1551 2351 1658 2385; x_wconf 79' lang='lat' dir='ltr'><strong>Caiphae</strong></span> <span class='ocrx_word' id='word_1_859' title='bbox 1675 2351 1756 2378; x_wconf 87' lang='lat' dir='ltr'><strong>disci-</strong></span> 
     </span>
    </p>
   </div>
   <div class='ocr_carea' id='block_1_110' title="bbox 980 2397 1762 2440">
    <p class='ocr_par' dir='ltr' id='par_1_110' title="bbox 980 2397 1762 2440">
     <span class='ocr_line' id='line_1_110' title="bbox 980 2397 1762 2440; baseline -0.01 -9"><span class='ocrx_word' id='word_1_860' title='bbox 980 2404 1046 2440; x_wconf 89' lang='lat' dir='ltr'><strong>pttli,</strong></span> <span class='ocrx_word' id='word_1_861' title='bbox 1063 2411 1130 2438; x_wconf 86' lang='lat' dir='ltr'><strong>quos</strong></span> <span class='ocrx_word' id='word_1_862' title='bbox 1145 2402 1240 2429; x_wconf 78' lang='lat' dir='ltr'><strong>Patres</strong></span> <span class='ocrx_word' id='word_1_863' title='bbox 1257 2401 1302 2436; x_wconf 91' lang='lat' dir='ltr'><strong>qui</strong></span> <span class='ocrx_word' id='word_1_864' title='bbox 1321 2401 1418 2428; x_wconf 86' lang='lat' dir='ltr'><strong>vestris</strong></span> <span class='ocrx_word' id='word_1_865' title='bbox 1434 2399 1537 2426; x_wconf 86' lang='lat' dir='ltr'><strong>voculis</strong></span> <span class='ocrx_word' id='word_1_866' title='bbox 1557 2399 1671 2425; x_wconf 81' lang='lat' dir='ltr'><strong>faverint</strong></span> <span class='ocrx_word' id='word_1_867' title='bbox 1686 2397 1762 2424; x_wconf 87' lang='lat' dir='ltr'><strong>e.\hi-</strong></span> 
     </span>
    </p>
   </div>
   <div class='ocr_carea' id='block_1_111' title="bbox 951 2444 1761 2484">
    <p class='ocr_par' dir='ltr' id='par_1_111' title="bbox 951 2444 1761 2484">
     <span class='ocr_line' id='line_1_111' title="bbox 951 2444 1761 2484; baseline -0.011 -7"><span class='ocrx_word' id='word_1_868' title='bbox 951 2449 958 2453; x_wconf 88' lang='grc'><em>’</em></span> <span class='ocrx_word' id='word_1_869' title='bbox 980 2449 1045 2476; x_wconf 86' lang='lat' dir='ltr'><strong>bere</strong></span> <span class='ocrx_word' id='word_1_870' title='bbox 1061 2448 1196 2484; x_wconf 85' lang='lat' dir='ltr'><strong>potestis?</strong></span> <span class='ocrx_word' id='word_1_871' title='bbox 1210 2447 1315 2474; x_wconf 88' lang='lat' dir='ltr'><strong>Nullum</strong></span> <span class='ocrx_word' id='word_1_872' title='bbox 1333 2450 1406 2473; x_wconf 90' lang='lat' dir='ltr'><strong>certe</strong></span> <span class='ocrx_word' id='word_1_873' title='bbox 1426 2446 1583 2480; x_wconf 86' lang='lat' dir='ltr'><strong>prudentem</strong></span> <span class='ocrx_word' id='word_1_874' title='bbox 1608 2448 1634 2470; x_wconf 89' lang='lat' dir='ltr'><strong>et</strong></span> <span class='ocrx_word' id='word_1_875' title='bbox 1653 2444 1761 2476; x_wconf 77' lang='lat' dir='ltr'><strong>sapien—</strong></span> 
     </span>
    </p>
   </div>
   <div class='ocr_carea' id='block_1_112' title="bbox 981 2487 1762 2528">
    <p class='ocr_par' dir='ltr' id='par_1_112' title="bbox 981 2487 1762 2528">
     <span class='ocr_line' id='line_1_112' title="bbox 981 2487 1762 2528; baseline -0.014 -6"><span class='ocrx_word' id='word_1_876' title='bbox 981 2501 1033 2522; x_wconf 90' lang='lat' dir='ltr'><strong>tem</strong></span> <span class='ocrx_word' id='word_1_877' title='bbox 1045 2501 1161 2528; x_wconf 91' lang='lat' dir='ltr'><strong>unquam</strong></span> <span class='ocrx_word' id='word_1_878' title='bbox 1177 2492 1335 2526; x_wconf 85' lang='lat' dir='ltr'><strong>proferetis;</strong></span> <span class='ocrx_word' id='word_1_879' title='bbox 1350 2497 1444 2518; x_wconf 79' lang='lat' dir='ltr'><strong>omnes</strong></span> <span class='ocrx_word' id='word_1_880' title='bbox 1457 2489 1530 2516; x_wconf 90' lang='lat' dir='ltr'><strong>enim</strong></span> <span class='ocrx_word' id='word_1_881' title='bbox 1541 2496 1556 2515; x_wconf 90' lang='lat' dir='ltr'><strong>a</strong></span> <span class='ocrx_word' id='word_1_882' title='bbox 1572 2487 1648 2515; x_wconf 90' lang='lat' dir='ltr'><strong>vobis</strong></span> <span class='ocrx_word' id='word_1_883' title='bbox 1663 2487 1762 2513; x_wconf 87' lang='lat' dir='ltr'><strong>abhor-</strong></span> 
     </span>
    </p>
   </div>
   <div class='ocr_carea' id='block_1_113' title="bbox 980 2532 1763 2575">
    <p class='ocr_par' dir='ltr' id='par_1_113' title="bbox 980 2532 1763 2575">
     <span class='ocr_line' id='line_1_113' title="bbox 980 2532 1763 2575; baseline -0.013 -7"><span class='ocrx_word' id='word_1_884' title='bbox 980 2545 1040 2568; x_wconf 89' lang='lat' dir='ltr'><strong>rent</strong></span> <span class='ocrx_word' id='word_1_885' title='bbox 1059 2545 1155 2575; x_wconf 65' lang='lat' dir='ltr'><strong>pt&#39;aeter</strong></span> <span class='ocrx_word' id='word_1_886' title='bbox 1173 2547 1254 2566; x_wconf 92' lang='lat' dir='ltr'><strong>unum</strong></span> <span class='ocrx_word' id='word_1_887' title='bbox 1271 2536 1419 2569; x_wconf 86' lang='lat' dir='ltr'><strong>diabolum,</strong></span> <span class='ocrx_word' id='word_1_888' title='bbox 1433 2535 1477 2570; x_wconf 89' lang='lat' dir='ltr'><strong>qui</strong></span> <span class='ocrx_word' id='word_1_889' title='bbox 1501 2541 1596 2569; x_wconf 85' lang='lat' dir='ltr'><strong>nempe</strong></span> <span class='ocrx_word' id='word_1_890' title='bbox 1619 2533 1690 2560; x_wconf 90' lang='lat' dir='ltr'><strong>solus</strong></span> <span class='ocrx_word' id='word_1_891' title='bbox 1711 2532 1763 2559; x_wconf 84' lang='lat' dir='ltr'><strong>hu-</strong></span> 
     </span>
    </p>
   </div>
   <div class='ocr_carea' id='block_1_114' title="bbox 978 2579 1760 2622">
    <p class='ocr_par' dir='ltr' id='par_1_114' title="bbox 978 2579 1760 2622">
     <span class='ocr_line' id='line_1_114' title="bbox 978 2579 1760 2622; baseline -0.013 -8"><span class='ocrx_word' id='word_1_892' title='bbox 978 2587 1022 2622; x_wconf 72' lang='lat' dir='ltr'><strong>ius</strong></span> <span class='ocrx_word' id='word_1_893' title='bbox 1037 2591 1133 2614; x_wconf 79' lang='lat' dir='ltr'><strong>vestrae</strong></span> <span class='ocrx_word' id='word_1_894' title='bbox 1147 2585 1307 2613; x_wconf 82' lang='lat' dir='ltr'><strong>deiectionis</strong></span> <span class='ocrx_word' id='word_1_895' title='bbox 1325 2589 1402 2620; x_wconf 87' lang='lat' dir='ltr'><strong>pater</strong></span> <span class='ocrx_word' id='word_1_896' title='bbox 1421 2587 1451 2610; x_wconf 88' lang='lat' dir='ltr'><strong>et</strong></span> <span class='ocrx_word' id='word_1_897' title='bbox 1471 2585 1565 2609; x_wconf 87' lang='lat' dir='ltr'><strong>auctor</strong></span> <span class='ocrx_word' id='word_1_898' title='bbox 1582 2579 1697 2612; x_wconf 81' lang='lat' dir='ltr'><strong>exstitit,</strong></span> <span class='ocrx_word' id='word_1_899' title='bbox 1713 2585 1760 2605; x_wconf 87' lang='lat' dir='ltr'><strong>vo-</strong></span> 
     </span>
    </p>
   </div>
   <div class='ocr_carea' id='block_1_115' title="bbox 1177 2664 1716 2698">
    <p class='ocr_par' dir='ltr' id='par_1_115' title="bbox 1177 2664 1716 2698">
     <span class='ocr_line' id='line_1_115' title="bbox 1177 2664 1716 2698; baseline 0.006 -7"><span class='ocrx_word' id='word_1_900' title='bbox 1177 2665 1198 2680; x_wconf 80' lang='grc'><strong>¹⁰</strong></span> <span class='ocrx_word' id='word_1_901' title='bbox 1211 2664 1292 2691; x_wconf 85' lang='lat' dir='ltr'><strong>Prov.</strong></span> <span class='ocrx_word' id='word_1_902' title='bbox 1304 2671 1363 2698; x_wconf 75' lang='lat' dir='ltr'><strong>&quot;ll,</strong></span> <span class='ocrx_word' id='word_1_903' title='bbox 1383 2665 1428 2692; x_wconf 82' lang='grc'><strong>50.</strong></span> <span class='ocrx_word' id='word_1_904' title='bbox 1715 2680 1716 2683; x_wconf 57' lang='grc' dir='ltr'><strong>η</strong></span> 
     </span>
    </p>
   </div>
   <div class='ocr_carea' id='block_1_116' title="bbox 1015 2708 1758 2745">
    <p class='ocr_par' dir='ltr' id='par_1_116' title="bbox 1015 2708 1758 2745">
     <span class='ocr_line' id='line_1_116' title="bbox 1015 2708 1758 2745; baseline -0.004 -7"><span class='ocrx_word' id='word_1_905' title='bbox 1015 2711 1070 2743; x_wconf 76' lang='grc' dir='ltr'><strong>(Ξ9)</strong></span> <span class='ocrx_word' id='word_1_906' title='bbox 1088 2710 1174 2737; x_wconf 88' lang='lat' dir='ltr'><strong>Editio</strong></span> <span class='ocrx_word' id='word_1_907' title='bbox 1188 2710 1345 2738; x_wconf 80' lang='lat' dir='ltr'><strong>Parisiensis</strong></span> <span class='ocrx_word' id='word_1_908' title='bbox 1361 2710 1516 2745; x_wconf 85' lang='lat' dir='ltr'><strong>particulam</strong></span> <span class='ocrx_word' id='word_1_909' title='bbox 1532 2709 1570 2741; x_wconf 84' lang='grc' dir='ltr'>ὡς</span> <span class='ocrx_word' id='word_1_910' title='bbox 1594 2708 1667 2745; x_wconf 74' lang='lat' dir='ltr'><strong>addit</strong></span> <span class='ocrx_word' id='word_1_911' title='bbox 1696 2712 1758 2736; x_wconf 76' lang='lat' dir='ltr'><strong>arte</strong></span> 
     </span>
    </p>
   </div>
   <div class='ocr_carea' id='block_1_117' title="bbox 979 2744 1756 2782">
    <p class='ocr_par' dir='ltr' id='par_1_117' title="bbox 979 2744 1756 2782">
     <span class='ocr_line' id='line_1_117' title="bbox 979 2744 1756 2782; baseline -0.004 -9"><span class='ocrx_word' id='word_1_912' title='bbox 979 2746 1186 2782; x_wconf 52' lang='lat' dir='ltr'><strong>npétapo‘nsed</strong></span> <span class='ocrx_word' id='word_1_913' title='bbox 1207 2745 1312 2782; x_wconf 79' lang='lat' dir='ltr'><strong>abcsl_a</strong></span> <span class='ocrx_word' id='word_1_914' title='bbox 1328 2744 1391 2773; x_wconf 78' lang='lat' dir='ltr'><strong>mss.</strong></span> <span class='ocrx_word' id='word_1_915' title='bbox 1411 2751 1437 2772; x_wconf 89' lang='lat' dir='ltr'><strong>et</strong></span> <span class='ocrx_word' id='word_1_916' title='bbox 1454 2747 1519 2782; x_wconf 77' lang='lat' dir='ltr'><strong>edit.</strong></span> <span class='ocrx_word' id='word_1_917' title='bbox 1541 2744 1684 2782; x_wconf 78' lang='lat' dir='ltr'><strong>Cotntuel.;</strong></span> <span class='ocrx_word' id='word_1_918' title='bbox 1698 2751 1756 2773; x_wconf 61' lang='lat' dir='ltr'><strong>eam</strong></span> 
     </span>
    </p>
   </div>
   <div class='ocr_carea' id='block_1_118' title="bbox 979 2780 1647 2815">
    <p class='ocr_par' dir='ltr' id='par_1_118' title="bbox 979 2780 1647 2815">
     <span class='ocr_line' id='line_1_118' title="bbox 979 2780 1647 2815; baseline -0.006 -6"><span class='ocrx_word' id='word_1_919' title='bbox 979 2780 1146 2809; x_wconf 38' lang='lat' dir='ltr'><strong>ta&#39;tnen&#39;niltil</strong></span> <span class='ocrx_word' id='word_1_920' title='bbox 1163 2785 1234 2806; x_wconf 65' lang='lat' dir='ltr'><strong>Vt‘l‘dl.</strong></span> <span class='ocrx_word' id='word_1_921' title='bbox 1251 2781 1275 2806; x_wconf 92' lang='lat' dir='ltr'><strong>in</strong></span> <span class='ocrx_word' id='word_1_922' title='bbox 1289 2780 1383 2808; x_wconf 80' lang='lat' dir='ltr'><strong>Latino</strong></span> <span class='ocrx_word' id='word_1_923' title='bbox 1397 2780 1522 2815; x_wconf 76' lang='lat' dir='ltr'><strong>exprimi.</strong></span> <span class='ocrx_word' id='word_1_924' title='bbox 1645 2780 1647 2783; x_wconf 76' lang='grc'><em>’</em></span> 
     </span>
    </p>
   </div>
   <div class='ocr_carea' id='block_1_119' title="bbox 1013 2816 1372 2850">
    <p class='ocr_par' dir='ltr' id='par_1_119' title="bbox 1013 2816 1372 2850">
     <span class='ocr_line' id='line_1_119' title="bbox 1013 2816 1372 2850; baseline 0 -7"><span class='ocrx_word' id='word_1_925' title='bbox 1013 2817 1068 2850; x_wconf 83' lang='grc'>(50)</span> <span class='ocrx_word' id='word_1_926' title='bbox 1086 2816 1150 2849; x_wconf 74' lang='lat' dir='ltr'><strong>Heg.</strong></span> <span class='ocrx_word' id='word_1_927' title='bbox 1170 2816 1250 2842; x_wconf 77' lang='grc' dir='ltr'>εἰκών</span> <span class='ocrx_word' id='word_1_928' title='bbox 1264 2817 1372 2843; x_wconf 80' lang='lat' dir='ltr'><strong>cntittit.</strong></span> 
     </span>
    </p>
   </div>
   <div class='ocr_carea' id='block_1_120' title="bbox 1013 2849 1660 2888">
    <p class='ocr_par' dir='ltr' id='par_1_120' title="bbox 1013 2849 1660 2888">
     <span class='ocr_line' id='line_1_120' title="bbox 1013 2849 1660 2888; baseline -0.005 -9"><span class='ocrx_word' id='word_1_929' title='bbox 1013 2853 1069 2888; x_wconf 70' lang='lat'>(3|)</span> <span class='ocrx_word' id='word_1_930' title='bbox 1091 2852 1135 2879; x_wconf 76' lang='lat' dir='ltr'><strong>Sic</strong></span> <span class='ocrx_word' id='word_1_931' title='bbox 1155 2850 1263 2886; x_wconf 68' lang='lat' dir='ltr'><strong>Iit-gius.</strong></span> <span class='ocrx_word' id='word_1_932' title='bbox 1281 2851 1349 2879; x_wconf 79' lang='lat' dir='ltr'><strong>Editi</strong></span> <span class='ocrx_word' id='word_1_933' title='bbox 1366 2856 1454 2880; x_wconf 82' lang='lat' dir='ltr'><strong>autem</strong></span> <span class='ocrx_word' id='word_1_934' title='bbox 1470 2855 1494 2878; x_wconf 74' lang='lat' dir='ltr'><strong>ct</strong></span> <span class='ocrx_word' id='word_1_935' title='bbox 1506 2849 1660 2885; x_wconf 50' lang='lat' dir='ltr'><strong>aliipmttiiv.</strong></span> 
     </span>
    </p>
   </div>
  </div>
