2018 3048
165 129 217 156 “i9

693 132 736 160 DE
755 131 927 161 DECRETIS
947 134 1097 162 NlCJEN/E
1119 134 1254 162 δγλουι.

1735 136 1788 164 6το

165 188 336 222 διηγησάμην
346 197 352 203 ·
370 189 418 216 κα).
435 189 510 217 αὐτοὶ
522 190 560 221 δὲ.
575 190 655 227 εἴπερ
666 191 720 227 ἄρα
735 191 871 221 δύνανται.
888 193 955 218 ἀπο-

1008 195 1122 229 synodus
1137 195 1186 221 has
1203 201 1281 221 voces
1303 202 1335 221 ex
1352 193 1497 220 ετιίιςιηηιὶπ
1511 197 1538 219 et
1555 193 1788 221 ranaubﬂomiulit

166 233 349 266 κρινέσοωσαν
367 234 426 267 πῶς
440 233 517 272 εὗρον
536 238 585 272 τὴν
607 238 728 272 ἄγραφον
747 238 849 274 ταύτην
870 239 954 271 λέξιν,

165 278 181 314 ἦ
202 279 266 314 ποίᾳ
283 279 385 316 διανοίᾳ
400 281 446 308 τὸν
469 282 534 308 Θεὸν
558 282 690 318 ἀγένητον
714 283 837 316 λέγουσι·
863 283 956 317 διαφό-

167 326 302 362 ρους.γὰρ
326 327 463 362 σημασίας
488 327 560 364 ἔχειν
583 328 613 355 τὺ
638 329 723 364 ὄνομα
750 330 866 364 ἀκήκοα.
901 329 954 356 Λέ-

166 370 261 405 γεσθαι
275 372 329 408 γάρ
345 382 425 408 φασιν
441 374 497 410 (56)
513 375 644 410 ἀγένητον
662 375 693 401 τὸ
708 376 791 410 μήπω
810 375 860 410 μὲν
879 375 956 409 γενό-

168 426 259 452 μενον,
274 418 421 455 δυνάμενον
436 420 464 446 δὲ
489 421 633 455 γενέσθαι·
659 422 706 448 καὶ
727 421 807 448 πάλιν
832 422 860 448 τὸ
887 423 955 458 μήτε

167 462 299 499 ὑπάρχον,
318 465 385 501 μήτε
402 465 547 502 δυνάμενον
561 468 600 498 εἰς
615 466 645 493 τὸ
666 465 732 494 εἶναι
749 467 873 501 γενέσθαι
884 476 890 482 ·
906 467 953 494 καὶ

171 509 259 545 τρίτον
273 510 346 538 ἐστὶν
364 511 445 538 αὐτοῦ
470 512 678 548 σημαινόμενον,
699 513 730 540 τὸ
753 514 876 549 ὑπάρχον
894 513 955 548 μὲν.

170 557 238 592 μήτε
253 557 281 584 δὲ
301 559 424 593 γενητὸν,
444 560 511 595 μήτε
534 560 620 596 ἀρχὴν
635 560 752 595 ἐσχηκὺς
768 561 808 592 είς
822 560 852 586 τὸ
875 558 954 591 εἶναι,

169 602 226 630 ἀλλ’
249 604 334 631 ἀΐδιον
348 604 377 631 ὂν
401 606 447 632 καὶ
469 605 643 641 ἀδιάφθορον.
659 606 738 638 Ἴσως
763 606 812 641 μὲν
835 603 881 632 οὖν
905 606 956 638 τὰς

170 648 279 685 πρώτας
300 649 346 676 δύο
364 650 482 682 διανοίας
506 651 650 687 παρελθεῖν
675 650 843 686 ἐθελήσουσι,
865 651 909 678 διὰ
925 651 956 678 τὸ

170 694 274 722 ἐκεῖθεν
294 696 350 732 (57)
371 697 483 724 ἄτοπον·
500 697 571 724 κατὰ
591 697 645 733 γὰρ
661 697 710 733 τὴν
736 697 857 732 πρώτην.
881 696 956 724 ἔσται

169 740 204 768 τά
221 749 252 767 τε
274 741 323 778 ἤδη
340 742 474 778 γενόμενα
489 744 536 770 καὶ
551 743 584 770 τὰ
601 742 814 778 προσδοκώμενα
830 742 956 777 γενέσθαι

170 786 305 822 ἀγένητα⁸
326 788 356 814 τὺ
384 789 438 825 γὰρ
464 788 589 826 δεύτερον
620 789 701 816 πλέον
724 789 781 824 ἔχει
807 789 902 816 τούτου
925 789 956 816 τὸ

170 832 280 860 ἄτοπον.
300 833 360 860 Ἐπὶ
373 833 401 861 δὲ
420 835 470 870 τὴν
490 835 584 871 τρίτην
607 834 698 862 λοιπὸν
717 834 878 870 βαδιοῦνται,
895 835 955 861 κατ’

170 877 255 914 αὐτὴν
273 878 450 914 ὀνομάζοντες
474 879 504 907 τὸ
529 880 685 915 ἀγένητον.
704 879 784 906 Ἀλλά
807 880 854 907 καὶ
879 879 957 907 τοῦτο

171 923 303 958 λέγοντες,
325 925 400 952 οὐδὲν
420 923 500 961 ἧττόν
525 927 592 953 είσιν
614 926 733 958 ἀσεϐεῖς.
749 926 780 952 El
796 925 850 962 γὰρ
864 926 895 952 τὸ
919 926 956 961 μὴ

171 969 232 1006 ἔχον
249 970 335 1007 ἀρχὴν
356 972 396 1003 είς
418 972 448 998 τὸ
465 969 545 1004 εἶναι,
565 973 631 1008 μηδὲ
657 972 770 1008 γενητὸν
794 972 810 1008 ἢ
837 972 956 1003 κτιστὸν,

169 1013 227 1041 ἀλλ’
242 1016 325 1044 ἀΐδιον
334 1015 373 1048 δν,
389 1017 467 1044 τοῦτο
481 1017 604 1051 λέγουσιν
615 1017 755 1053 ἀγένητον,
766 1017 919 1044 τούναντίον
928 1017 956 1044 δὲ

169 1059 262 1088 τοῦτον
277 1061 332 1097 (58)
347 1060 416 1089 εἶναι
436 1063 481 1090 τὸν
497 1063 563 1090 Θεοῦ
580 1063 679 1098 Λόγον·
697 1063 738 1095 τίς
752 1063 782 1090 οὐ
797 1065 894 1099 συνορᾷ
908 1063 957 1099 τὴν

170 1108 337 1143 πανουργίαν
356 1108 411 1135 τῶν
420 1108 581 1144 Θεομάχων;
601 1109 649 1141 Τις
659 1109 708 1136 οὐκ
725 1109 757 1136 ἂν
775 1109 872 1141 αὐτοὺς
886 1109 957 1136 οὕτω

172 1153 350 1189 μαινομένους
363 1154 572 1182 καταλιθώσειεν
582 1163 589 1187 ;
599 1155 707 1190 Ἐπειδὴ
722 1155 776 1191 γὰρ
787 1156 958 1190 αἰσχύνονται

171 1200 318 1235 προφέρειν
332 1200 372 1228 ἑτι
388 1201 422 1228 τὰ
439 1201 534 1237 πρῶτα
544 1201 599 1228 τῶν
616 1201 707 1236 μύθων
719 1201 823 1228 ἑαυτῶν
834 1202 957 1237 λογάρια,

171 1246 213 1279 ἐφ’
223 1244 264 1277 οἷς
277 1246 513 1282 κατεγνώσθησαν,
527 1247 614 1279 ἄλλως
631 1247 711 1274 πάλιν
730 1247 799 1274 αὐτὰ
817 1248 958 1283 σημαίνειν

171 1292 321 1327 ἐπενόησαν
335 1294 359 1319 οἱ
373 1293 483 1320 δείλαιοι
500 1293 542 1320 διὰ
557 1293 604 1320 τοῦ
618 1293 747 1329 ὀνόματος
758 1293 815 1325 τοῦ,
830 1294 868 1326 ὡς
883 1294 959 1321 αὐτοὶ

171 1335 303 1370 λέγουσιν,
317 1338 457 1373 ἀγενήτου.
470 1339 501 1365 Et
517 1338 571 1374 γὰρ
586 1340 601 1365 ὁ
613 1339 674 1370 Υἱὺς
689 1338 743 1365 τῶν
756 1339 875 1374 γενητῶν
890 1340 957 1371 ἐστι,

170 1380 292 1417 δηλονότι
311 1382 340 1415 ἐξ
355 1385 404 1410 οὐκ
420 1384 503 1411 ὄντων
522 1385 568 1411 καὶ
585 1385 665 1416 αὐτὸς
679 1385 773 1419 γέγονε
783 1394 789 1400 ·
807 1385 854 1412 καὶ
873 1385 897 1411 εί
913 1385 960 1420 ἀρα

171 1428 222 1463 χὴν
238 1428 294 1464 ἔχει
309 1429 364 1456 τοῦ
373 1428 457 1462 εἶναι,
478 1431 527 1457 οὐκ
550 1429 583 1466 ἦν
600 1431 653 1467 ἄρα
673 1432 737 1466 πρὶν
761 1431 891 1467 γεννηθῇ·
912 1431 959 1458 καὶ

171 1475 197 1501 εί
210 1475 247 1511 μὴ
264 1475 336 1502 ἔστιν
349 1476 443 1508 ἀΐδιος,
456 1475 488 1512 ἦν
504 1485 567 1504 ποτε
578 1477 622 1501 ἵετε
637 1477 686 1503 οὐκ
698 1475 738 1513 ἦν.

1007 247 1186 275 congruenter
1203 241 1255 273 his,
1277 249 1336 275 qum
1363 248 1396 267 ex
1421 240 1569 273 Scripturis
1591 240 1624 266 de
1646 239 1788 266 Salvatore

1005 288 1074 315 dicta
1088 291 1160 319 sunt,
1174 287 1289 314 ediderit
1305 296 1311 314 :
1330 288 1375 322 qui
1391 287 1454 314 item
1469 286 1562 313 Patres
1580 291 1642 312 ante
1654 286 1786 320 synodum

1006 333 1100 360 iisdem
1119 333 1158 360 usi
1182 332 1280 360 fuerint
1294 340 1302 359 :
1316 333 1483 368 ipsiautem,
1500 332 1522 358 si
1552 332 1644 366 utique
1669 331 1786 365 possint,

1005 377 1195 412 respondeant,
1217 385 1333 412 quonam
1355 377 1433 403 modo
1456 376 1506 403 hoc
1527 375 1700 407 vocabulum,
1715 375 1787 409 quod

1005 425 1111 458 quidem
1129 424 1155 450 in
1171 423 1311 458 Scriptura
1326 431 1379 450 non
1391 427 1490 454 exstat,
1504 422 1665 456 repererint,
1683 420 1724 446 vel
1736 427 1789 453 quo

1006 477 1085 496 sensu
1111 469 1192 496 Deum
1221 468 1390 496 non-factum
1411 468 1520 494 dicant:
1536 467 1669 501 siquidem
1691 465 1790 492 multas

1005 515 1068 543 huic
1086 515 1142 542 voci
1160 515 1248 542 inesse
1267 515 1478 549 signiﬁcationes
1495 513 1594 540 audivi.
1612 513 1695 540 Aiunt
1715 513 1787 539 enim

1006 560 1177 588 non-factum
1196 560 1258 592 dici,
1277 560 1346 594 quod
1368 560 1487 586 nondum
1513 559 1614 586 factum
1631 563 1683 590 est,
1699 559 1789 593 potest

1006 610 1095 633 tamen
1113 605 1170 632 ﬁeri
1185 614 1191 632 :
1209 605 1282 636 item,
1299 605 1370 639 quod
1393 612 1442 632 nec
1461 604 1578 637 exsistit,
1596 611 1645 631 nec
1662 603 1719 631 llcri
1736 611 1786 638 po-

1007 656 1058 679 test
1077 656 1106 678 ut
1123 652 1157 678 sit
1171 661 1178 679 :
1196 652 1286 684 tertio,
1299 651 1370 686 quod
1382 651 1488 678 exsistit
1503 651 1622 684 quidem,
1635 658 1684 678 nec
1699 654 1788 677 tamen

1006 703 1048 725 est
1070 697 1184 728 factum.
1205 704 1292 732 neque
1310 697 1471 732 principium
1489 696 1581 723 habuit
1600 700 1629 722 ut
1644 701 1727 728 esset,
1741 696 1788 723 sed

1006 744 1076 779 quod
1090 748 1220 771 aeternum
1234 748 1260 769 et
1276 743 1462 777 incorruptum
1476 747 1527 770 est.
1541 741 1674 769 Fortassis
1682 742 1788 776 quidem

1006 790 1110 824 priores
1131 789 1197 816 duas
1217 788 1430 822 signiﬁcationes
1449 787 1602 822 rejecerint,
1624 787 1659 814 ob
1680 795 1710 814 ea
1730 795 1789 822 qme

1008 835 1070 862 inde
1085 835 1255 870 proveniunt,
1270 834 1395 861 absurda.
1416 833 1445 862 Si
1458 834 1529 861 enim
1552 834 1639 868 prima
1663 834 1791 860 admitta—

1009 885 1052 907 Iur
1069 881 1229 916 signiﬁcatio
1241 901 1248 914 ,
1269 885 1343 908 certe
1362 888 1422 915 qute
1443 881 1499 915 jam
1515 879 1583 907 facta
1602 884 1676 912 sunt,
1688 885 1714 907 et
1727 887 1791 915 qum

1008 927 1066 954 ﬁeri
1082 927 1188 958 debent,
1203 927 1342 953 non-facta
1356 931 1434 953 erunt
1449 927 1572 953 dicenda.
1591 926 1656 953 Nam
1671 926 1741 961 quod
1756 925 1791 952 ad

1009 973 1152 1000 secundam
1181 973 1287 1004 attinet,
1311 981 1341 999 ea
1362 973 1454 1001 utique
1475 971 1560 1004 magis
1577 971 1662 998 adhuc
1678 971 1730 998 crit
1743 971 1792 997 alt-

1008 1020 1099 1046 surda.
1119 1018 1211 1046 Restat
1225 1019 1307 1053 igitur
1321 1023 1349 1045 ut
1364 1019 1470 1046 tertiam
1484 1018 1693 1052 amplectantur,
1710 1023 1791 1051 atque

1009 1072 1041 1092 eo
1054 1072 1133 1091 sensu
1149 1065 1218 1092 hanc
1234 1072 1337 1094 vocem.
1359 1064 1537 1098 non-{nctum,
1563 1063 1723 1098 intelligant.
1742 1062 1793 1090 Vc-

1011 1119 1069 1138 rum
1084 1112 1188 1138 etiamsi
1205 1111 1230 1138 id
1247 1111 1374 1142 dixerint.
1390 1111 1564 1138 nihilominus
1580 1111 1654 1146 impii
1673 1109 1789 1138 habendi

1011 1163 1083 1186 sint.
1099 1158 1126 1185 Si
1141 1159 1212 1185 enim
1224 1159 1294 1193 quod
1311 1159 1412 1185 nullum
1427 1159 1507 1186 habet
1521 1157 1681 1192 principium
1693 1165 1726 1184 ex
1738 1164 1791 1192 quo

1011 1204 1057 1237 sit,
1075 1204 1199 1238 quodque
1219 1212 1267 1231 nec
1279 1204 1379 1231 factum
1399 1204 1439 1230 vel
1453 1209 1585 1234 creatum.
1600 1204 1646 1231 sed
1661 1208 1790 1230 :cternum

1011 1251 1116 1283 cst,.id
1142 1250 1312 1278 non-factum
1337 1250 1482 1285 appellent,
1511 1251 1727 1284 contendantque
1743 1249 1790 1276 Dei

1013 1295 1129 1322 Ver-lium
1146 1296 1283 1321 contrario
1299 1302 1328 1322 se
1343 1295 1442 1322 habere
1456 1295 1544 1323 modo.
1555 1295 1609 1327 cui,
1620 1302 1721 1328 qmeso,
1738 1301 1791 1321 non

1012 1341 1152 1374 perspicua
1174 1345 1215 1368 est
1235 1340 1378 1375 lmpiorum
1398 1341 1516 1366 astutia?
1532 1341 1597 1373 Quis
1619 1340 1678 1368 illos
1695 1341 1730 1367 ita
1748 1339 1791 1366 in-

1011 1386 1148 1413 sanientes
1159 1386 1292 1421 lapidibus
1311 1394 1364 1413 non
1383 1386 1498 1413 obruat?
1512 1386 1578 1413 Cum
1598 1386 1668 1413 enim
1687 1386 1792 1420 priores

1012 1440 1121 1460 suarum
1146 1431 1296 1459 fabularum
1321 1432 1442 1464 voculas,
1468 1438 1578 1467 propter
1603 1438 1670 1467 quas
1694 1430 1792 1458 merito

1013 1482 1075 1504 sunt
1088 1477 1269 1508 condemnati,
1283 1476 1337 1511 jam
1353 1477 1474 1510 proferre
1489 1476 1663 1508 erubescam,
1683 1476 1790 1503 easdem

172 1531 266 1551 rursus
280 1524 332 1551 alio
347 1528 435 1556 modo,
452 1525 560 1552 nomine
573 1532 624 1552 non
639 1525 712 1558 facti,
723 1529 751 1551 ut
771 1525 820 1559 ipsi
838 1525 995 1560 loquontur,
1009 1525 1174 1560 excogitato.
1191 1525 1313 1560 ingerere
1344 1529 1406 1552 sunt
1435 1525 1535 1552 conati.
1571 1523 1636 1551 Nam
1656 1524 1677 1551 si
1707 1522 1792 1550 Filius

173 1570 243 1597 inter
260 1578 303 1598 res
325 1570 411 1597 factas
430 1577 596 1603 numeretur,
615 1577 689 1598 certe
717 1571 774 1604 ipse
798 1579 906 1606 quoque
921 1579 952 1598 ex
974 1571 1060 1598 nihilo
1073 1576 1114 1598 est
1128 1571 1235 1598 factus:
1252 1571 1274 1598 si
1293 1571 1356 1598 item
1390 1571 1551 1606 principium
1581 1570 1727 1598 exsistendi
1743 1570 1792 1597 ha-

172 1617 225 1645 bet.
245 1624 311 1643 sane
326 1624 378 1643 non
391 1622 448 1642 erat
467 1621 529 1643 ante
546 1624 626 1651 quam
644 1617 750 1650 getiitus
766 1622 804 1644 est
819 1626 826 1644 :
841 1617 956 1652 denique
975 1617 997 1644 si
1014 1621 1130 1644 :eteruus
1155 1624 1207 1643 non
1230 1621 1282 1647 est,
1296 1617 1345 1643 fuit
1359 1616 1503 1650 aliquando
1525 1624 1584 1642 cum
1601 1623 1652 1642 non
1674 1620 1762 1642 esset»

206 1661 250 1689 23.
273 1662 346 1689 Ἔδει
364 1660 421 1692 οὖν,
441 1662 527 1689 ταῦτα
553 1662 634 1689 πάλιν
658 1664 756 1694 αὐτοὺς
781 1663 957 1699 φρονοῦντας,

1048 1662 1127 1699 185
1156 1663 1201 1690 29.
1231 1662 1356 1690 Profecto
1379 1662 1437 1690 illos
1464 1662 1498 1689 ita
1531 1662 1618 1689 denuo
1643 1659 1790 1688 sentientes

171 1708 202 1735 ἓν
220 1709 311 1740 αὐτοῖς
331 1709 387 1739 τοῖς
409 1708 482 1740 ίόίοις
505 1708 593 1734 αὐτῶν
615 1709 670 1743 (59)
695 1710 797 1744 ῥήμασι
820 1710 960 1745 σημαίνειν

172 1754 278 1781 ἑαυτῶν
294 1755 343 1789 τὴν
360 1754 536 1790 ἐτεροδοξίαν,
551 1755 597 1780 καὶ
615 1754 652 1790 μὴ
674 1756 707 1788 τῇ
727 1755 798 1788 λέξει
813 1754 892 1790 δῆθεν
914 1755 960 1782 τοῦ

172 1801 306 1836 ἀγενήτου
331 1800 443 1826 σκέπειν
468 1800 571 1826 ἑαυτῶν
595 1800 644 1835 τὴν
670 1801 823 1828 κακόνοιαν.
843 1801 911 1827 Ἀλλ’
928 1801 958 1827 οὑ

172 1846 280 1874 ποιοῦσι
296 1845 374 1873 τοῦτο
390 1847 414 1872 οἱ
432 1846 586 1881 κακοήθεις,
607 1846 695 1873 πάντα
710 1846 738 1872 δὲ
758 1846 827 1872 κατά
845 1847 889 1873 τὸν
906 1855 959 1872 πα-

171 1891 240 1928 τέρα
258 1891 362 1918 ἑαυτῶν
383 1891 430 1918 τὸν
451 1891 572 1918 διάϐολον
595 1891 663 1926 μετὰ
688 1891 852 1926 πανουργίας
874 1891 960 1926 πράτ-

171 1945 272 1964 τουσιν.
294 1937 338 1969 Ὠς
359 1936 412 1973 γὰρ
431 1937 534 1967 ἐκεῖνος
556 1935 625 1971 μετὰ
643 1935 789 1970 ἀλλοτρίων
806 1935 960 1970 ἐνδυμάτων

171 1987 279 2021 ἀπατᾷν
293 1986 434 2022 ἐπιχειρεῖ,
446 1984 532 2016 οὕτως
543 1981 615 2011 οὗτοι
629 1984 658 2010 τὺ
674 1984 803 2018 ἀγένητον
817 1983 959 2018 ὀνομάζειν

172 2033 331 2068 ἐπενόησαν,
351 2031 405 2063 ἵνα,
426 2029 653 2066 προσποιούμενοι
668 2030 713 2056 τὸν
729 2029 794 2056 Θεὸν
815 2029 958 2064 εὐφημεῖν,

172 2078 365 2114 κεκρυμμένην
376 2078 458 2112 ἔχωσι
466 2077 515 2112 τὴν
527 2077 597 2103 κατὰ
605 2076 652 2103 τοῦ
661 2076 762 2112 Κυρίου
775 2075 958 2111 βλασφημίαν,

171 2125 220 2152 καὶ
246 2124 314 2160 μετὰ
344 2124 521 2159 καλύμματος
544 2123 627 2158 αὐτὴν
659 2122 747 2154 ἄλλοις
779 2122 958 2158 σημαίνωσιν,

178 2170 257 2197 Ἀλλά
272 2171 318 2197 καὶ
337 2169 432 2196 τούτου
451 2169 498 2196 τοῦ
522 2169 687 2204 σοφίσματος
709 2167 798 2194 αὐτῶν
819 2167 873 2202 (40)
891 2175 960 2200 γνω-

173 2215 292 2247 σθέντος,
306 2215 332 2241 τί
347 2215 400 2250 ἄρα
426 2214 506 2241 πάλιν
524 2215 615 2245 αὐτοῖς
637 2214 730 2249 ἕτερον
754 2213 958 2253 περιλείπεται,

171 2262 333 2296 λεγέτωσαν.
353 2261 485 2296 Εὕρομεν.
500 2261 581 2295 φασὶν
596 2261 619 2286 ot
637 2259 794 2295 κακοῦργοι,
810 2259 856 2286 καὶ
877 2267 961 2294 προσ-

171 2307 289 2339 τιθέντες
320 2307 376 2339 τοῖξ
405 2307 548 2343 προτέροις
580 2306 704 2340 λέγουσιν
730 2305 859 2340 ἀγένητον
891 2302 958 2330 εἶναι

170 2353 259 2385 τοῦτο.
280 2336 311 2380 τὸ
336 2336 373 2388 μη
397 2336 457 2388 ἔχον
472 2336 518 2379 τοῦ
536 2336 603 2379 εἶναι
617 2336 675 2378 ’τὸν
698 2336 792 2383 αἴτιον,
808 2336 884 2378 ’ἀλλὰ
910 2350 956 2377 καὶ
975 2336 997 2363 D

170 2401 226 2431 τοῖς
241 2400 364 2434 γενητοῖς
386 2398 466 2425 αὑτὸν
487 2399 573 2425 αἴτιον
596 2398 634 2429 εἰς
654 2398 685 2424 τὺ
705 2397 830 2431 γενέσθαι
854 2397 956 2432 τυγχά-

170 2453 261 2473 νοντα.
280 2445 432 2480 ’Δχάριστοι
447 2444 493 2471 καὶ
509 2443 548 2478 τῷ
564 2443 620 2469 δντι
636 2442 689 2469 τῶν
705 2442 724 2468 Γ
727 2441 820 2477 ραφῶν
835 2442 956 2476 ἀνήκοοι,

171 2492 195 2518 σί
213 2491 250 2526 μὴ
267 2490 309 2517 διὰ
330 2490 411 2526 τιμὴν
426 2489 474 2526 τὴν
493 2490 534 2521 είς
553 2489 598 2516 τὸν
614 2489 690 2519 Θεὸν.
712 2488 779 2515 ἀλλὰ
795 2488 838 2515 διὰ
853 2487 901 2522 τὴν
918 2488 957 2519 είς

171 2538 217 2564 τὸν
229 2537 292 2563 Υίδν
306 2536 417 2572 ἀτιμίαν
428 2537 515 2563 πάντα
529 2536 575 2562 καὶ
591 2533 730 2566 ποιοῦντες
744 2534 790 2560 καὶ
803 2532 956 2564 λαλοῦντες,

170 2583 220 2610 οὐκ
236 2582 349 2613 εἰδότες,
371 2582 412 2608 ὅτι
426 2582 441 2608 ὀ
457 2581 501 2608 τὸν
518 2581 580 2607 Υἰδν
605 2580 744 2615 ἀτιμάζων
763 2578 889 2614 ἀτιμάζει
911 2577 956 2604 τὸν

171 2629 291 2664 Πατέρα.
311 2628 420 2664 Πρῶτον
439 2627 487 2662 μὲν
509 2627 572 2662 γὰρ,
594 2625 644 2652 κᾶν
663 2625 733 2652 οὕτω
748 2625 793 2651 τὸν
814 2625 879 2651 Θεὸν
898 2625 956 2650 ὀνο-

172 2675 304 2710 μάζωσιν.
327 2674 357 2701 οὺ
383 2673 519 2700 δείκνυται
545 2672 599 2699 τῶν
618 2672 738 2706 γενητῶν
754 2672 768 2697 ὀ
785 2670 878 2704 Λόγος.
902 2670 957 2705 Τῆς

169 2721 224 2757 γὰρ
246 2720 338 2752 οὐσίας
358 2719 403 2746 τοῦ
427 2719 533 2754 Πατρὸς
556 2719 594 2751 ὡς
615 2718 737 2753 γέννημα
772 2717 863 2747 πάλιν,
886 2715 957 2742 οὕτω

206 2789 262 2825 (56)
277 2790 322 2817 Sic
337 2789 446 2825 Regius.
460 2789 528 2816 Etliti
543 2797 618 2819 vero.
635 2798 725 2825 φησιν.

207 2822 262 2857 (57)
274 2826 309 2851 Ita
323 2822 391 2861 Reg:
404 2830 430 2854 et
444 2824 525 2853 Basil.
543 2825 630 2853 Editio
642 2822 736 2853 autem
756 2822 886 2851 Commel.
907 2823 950 2850 διά

170 2869 200 2888 τε
219 2861 330 2888 ἐκεῖθεν.

1012 1718 1118 1744 acquum
1132 1713 1190 1736 erat
1207 1709 1300 1736 iisdem
1313 1709 1368 1735 suis
1382 1708 1470 1735 verbis
1481 1708 1615 1742 propriam
1629 1707 1790 1734 sententiam

1010 1755 1176 1790 signiﬁcare,
1191 1761 1243 1780 non
1264 1758 1353 1780 autem
1368 1761 1444 1780 suam
1461 1753 1620 1787 pravitatem
1644 1759 1709 1778 voce
1723 1758 1791 1778 non-

1010 1801 1072 1828 fat‘ti
1090 1800 1225 1834 obtegere.
1243 1800 1341 1827 Verum
1362 1799 1387 1826 id
1408 1805 1488 1832 agere
1505 1798 1648 1825 noluerunt
1671 1796 1791 1832 perversi

1010 1847 1143 1877 homines,
1159 1846 1204 1874 sed
1221 1846 1309 1873 omnia
1331 1845 1443 1872 subdole
1456 1845 1488 1871 atl
1514 1844 1666 1878 exemplum
1684 1843 1724 1871 sui
1741 1850 1790 1878 pa-
1824 1839 1827 1842 ’

1011 1893 1059 1919 tris
1071 1892 1169 1919 diaboli
1191 1891 1290 1919 fecere.
1309 1891 1342 1919 Ut
1358 1891 1428 1917 enim
1449 1891 1494 1918 ille
1508 1890 1604 1918 alienis
1617 1890 1726 1916 indutus
1743 1896 1791 1915 vc-

1009 1938 1096 1965 stibus
1118 1938 1212 1965 fallere
1234 1938 1343 1970 nititur;
1362 1938 1398 1964 ita
1416 1937 1458 1964 isti
1481 1936 1641 1964 vocabulum
1656 1935 1791 1963 non-facti

1010 1983 1209 2017 excogitavere,
1235 1987 1264 2009 ut
1280 1983 1359 2017 digne
1384 1982 1416 2009 de
1443 1982 1496 2008 Deo
1524 1981 1595 2015 loqui
1621 1979 1789 2012 simulantes,

1009 2028 1114 2055 occulte
1147 2028 1276 2054 adversus
1302 2027 1443 2054 Dominum
1478 2026 1632 2061 proferrent
1659 2025 1788 2058 blasphe-

1009 2075 1109 2106 miam,
1141 2081 1221 2108 quam
1254 2073 1360 2100 scilicet
1383 2080 1444 2100 cum
1473 2071 1628 2106 hujttsmodi
1650 2069 1791 2097 involucra

1010 2119 1071 2145 aliis
1088 2119 1241 2144 innuereul.
1258 2117 1357 2144 Verum
1373 2125 1434 2144 cum
1454 2117 1590 2151 cognitum
1607 2116 1642 2143 sit
1660 2116 1710 2142 hoc
1729 2115 1791 2142 illo-
1834 2119 1837 2122 '

1010 2173 1068 2199 rum
1087 2165 1242 2196 artiﬁcium,
1258 2164 1384 2199 quidjam
1398 2164 1469 2191 aliud
1481 2164 1530 2191 sibi
1546 2163 1663 2198 supersit
1680 2170 1791 2197 respon-

1010 2212 1101 2240 deant.
1122 2211 1287 2242 Invenimus,
1310 2211 1435 2245 inquiunt
1458 2210 1582 2245 improbi,
1599 2210 1643 2244 qui
1662 2209 1790 2235 nimirum

1010 2263 1110 2292 prater
1128 2258 1231 2292 priores
1256 2257 1469 2292 significationes
1485 2258 1560 2283 aiunt
1577 2256 1602 2282 id
1621 2254 1789 2282 non-factum

1011 2311 1082 2336 esse,
1099 2303 1169 2338 quod
1185 2312 1238 2330 non
1258 2304 1338 2331 hahet
1351 2302 1495 2329 exsisteudi
1509 2309 1616 2328 causam
1633 2301 1689 2327 sive
1700 2303 1791 2327 aucto-

1011 2357 1078 2382 rem,
1100 2350 1146 2375 sed
1165 2349 1251 2384 ipsum
1269 2350 1349 2375 rebus
1377 2348 1456 2374 factis
1470 2346 1617 2374 exsistendi
1631 2353 1712 2374 causa
1737 2349 1789 2373 est.

1009 2395 1110 2429 Ingrati
1137 2401 1202 2421 sane
1230 2394 1266 2421 illi
1291 2401 1408 2429 vereque
1433 2392 1633 2427 Scripturarum
1661 2391 1789 2426 imperiti,

1009 2442 1056 2478 qui
1073 2449 1124 2468 non
1140 2446 1168 2468 ut
1185 2442 1267 2468 Deum
1287 2441 1428 2471 honorent,
1454 2439 1500 2466 sed
1522 2443 1550 2464 ut
1564 2437 1660 2465 Filium
1678 2437 1791 2472 ignomi-

1011 2487 1054 2514 nia
1069 2485 1198 2516 athciant,
1213 2484 1279 2511 nihil
1296 2491 1348 2511 non
1371 2484 1474 2511 faciunt
1491 2482 1532 2510 vel
1548 2482 1649 2510 dicunt.
1662 2481 1791 2508 Nesciunt

1010 2531 1135 2558 videlicet
1151 2530 1221 2565 quod
1247 2530 1291 2564 qui
1319 2529 1417 2556 Filium
1439 2528 1553 2563 spernit.
1568 2527 1672 2560 spernit
1693 2531 1718 2554 et
1737 2525 1789 2552 Pa-

1009 2583 1088 2604 trem.
1106 2576 1226 2610 Namque
1242 2576 1340 2610 primo,
1356 2575 1460 2602 etiamsi
1474 2575 1556 2601 Deum
1577 2574 1613 2600 ita
1635 2572 1789 2608 appellave-

1008 2624 1072 2654 rint,
1089 2630 1141 2649 uon
1164 2622 1226 2648 imle
1248 2626 1336 2648 tamen
1361 2620 1503 2648 coniicitur
1518 2620 1634 2647 Verbum
1660 2627 1692 2647 ex
1709 2618 1789 2646 factis

1009 2669 1089 2696 rebus
1101 2675 1172 2694 esse.
1200 2666 1233 2694 Ut
1258 2667 1329 2693 enim
1350 2666 1406 2701 ipse
1422 2665 1492 2692 fetus
1507 2670 1550 2693 est
1569 2666 1725 2693 substantia:
1738 2664 1789 2691 Pa-

1009 2715 1068 2747 tris,
1085 2713 1124 2741 sic
1135 2714 1204 2748 apud
1221 2713 1294 2740 illum
1311 2717 1441 2748 perpetuo
1455 2712 1573 2739 exsistit.
1586 2711 1641 2740 Nec
1653 2711 1723 2740 enim
1736 2711 1788 2740 hoc

1040 2785 1096 2816 (38)
1113 2784 1183 2819 Lege
1197 2785 1308 2811 τούτων.

1040 2821 1094 2853 (59)
1112 2819 1176 2853 Reg.
1194 2819 1306 2846 ἑαυτῶν.

1039 2855 1094 2892 (-lO)
1110 2856 1153 2882 Sic
1171 2855 1235 2889 ilcg.
1256 2857 1287 2882 At
1302 2855 1345 2882 alii
1363 2859 1388 2883 ct
1399 2855 1474 2888 cditi,
1490 2855 1591 2888 αὐτοῖς.
