2018 3048
248 143 298 172 ιτι

554 143 582 170 S.
604 143 789 171 ATHANASII
808 143 884 172 OPP.
906 144 995 172 PARS
1016 145 1036 172 ί.
1056 160 1090 166 -
1110 145 1296 173 HISTORICA
1317 145 1361 172 El‘
1381 144 1591 172 DOGMATICA.

1818 143 1874 170 L73

250 209 348 229 nomen
371 206 495 229 naturam
514 200 573 228 Filii
590 201 716 234 destruit,
731 209 816 236 neque
830 209 881 229 vox
897 203 947 230 ista
962 210 1030 230 non-

1085 203 1148 238 παρ’
1171 202 1246 238 αὐτῷ
1268 203 1342 229 ἐστιν
1367 202 1470 234 ἁῖδίως.
1494 203 1531 228 Ui»
1555 202 1608 236 γὰρ
1628 201 1658 227 τὸ
1680 201 1764 236 ὕνομα
1792 199 1873 226 τοῦτο

250 247 313 275 facti
335 248 450 275 refertur
465 248 498 274 ad
513 246 621 279 Filium,
634 247 681 274 sed
698 248 731 274 ad
753 255 784 275 ea
802 255 862 282 qua
874 256 923 282 per
934 247 1031 275 Filium

250 294 322 321 facta
347 300 433 321 sunt:
456 300 488 321 ac
513 292 738 327 quemadmodum
763 293 809 328 qui
839 293 1031 326 architectum,

251 341 347 367 domus
359 339 400 366 vel
415 339 489 366 urbis
513 339 703 366 aediﬁcatorem
720 339 846 373 appellal,
865 347 918 367 non
938 339 1032 373 hujus-

252 386 323 413 ntodi
348 385 480 413 vocabulo
495 385 579 412 illium
596 393 629 413 ex
654 386 710 420 ipso
725 386 843 420 genitum
857 386 1035 420 comprehen-

252 431 301 463 dit,
317 432 362 458 sed
381 432 431 458 hoc
449 433 568 462 nomine,
585 432 655 466 quod
677 432 784 466 quidem
813 431 850 458 illi
867 433 902 458 ob
916 439 991 458 suam
1006 431 1032 458 itt

250 477 373 505 aediliciis
389 478 577 505 construendis
594 484 679 505 artem
695 483 722 504 et
737 478 878 504 soientiatn
894 477 1031 510 tribuitur,

251 524 387 559 signiﬁcat
409 532 470 551 eum
491 524 606 551 similem
630 532 682 551 non
705 531 765 550 esse
789 524 832 551 his
851 531 910 557 qua:
925 524 959 550 ab
975 524 1033 557 ipso

252 569 322 597 facta
349 576 510 598 suntzcum
538 575 626 596 autem
651 570 792 596 architecti
823 574 946 596 naturam
963 570 1032 596 idem

251 623 304 642 non
321 614 437 648 innaret,
453 614 529 641 novit
546 622 652 649 quoque
669 622 742 645 eum,
759 614 803 647 qui
819 621 851 640 ex
868 614 913 640 illo
927 614 1034 648 genitus

251 667 303 693 est,
316 662 397 688 alium
411 662 520 689 omnino
532 668 590 688 esse
606 660 639 687 ab
657 660 709 687 illis
723 659 845 686 aediliciis
858 668 863 685 :
877 668 909 687 ac
922 661 1034 694 proinde

252 713 361 743 propter
387 708 482 739 lilium,
507 707 592 742 ipsum
619 711 723 740 patrem
752 710 846 739 vocat;
873 710 899 732 et
925 711 1035 741 propter

251 761 344 788 opera,
357 757 505 779 creatorem
521 756 548 778 et
560 751 712 778 effectorem
724 761 730 778 :
747 751 840 778 eodem
854 751 931 784 plane
945 751 1033 783 modo.

251 799 297 833 qui
313 798 395 825 Deum
415 797 581 825 non-factum
597 797 672 828 dicit,
691 805 723 824 ex
745 797 810 832 ipsis
826 797 953 831 operibus
973 803 1034 822 eum

252 844 289 871 ita
313 843 445 874 nominat,
467 842 655 878 signiﬁcatque
681 842 756 868 illum
787 849 840 869 non
871 841 957 869 solum
981 849 1034 868 non

251 897 312 918 esse
330 890 442 922 factum,
457 891 504 917 sed
525 889 613 924 potius
630 897 719 915 rerum
743 888 876 916 factarum
894 894 1033 916 auctorem
1050 883 1070 910 Β

251 943 321 964 esse.
339 935 455 962 Verbum
476 941 565 962 autent
577 935 649 962 aliud
667 942 681 961 a
699 934 777 962 factis
793 934 872 962 rebus
888 942 947 962 esse
965 935 1033 962 idem

253 981 336 1013 novit,
362 981 502 1015 solumque
523 981 661 1015 proprium
688 979 776 1007 Patris
791 979 875 1007 fetum
901 987 970 1012 esse,
987 988 1035 1015 per

251 1035 330 1063 quem
347 1027 428 1054 etiam
445 1028 533 1054 omnia
547 1028 616 1054 facta
632 1031 694 1054 sunt
708 1034 741 1054 ac
757 1026 916 1054 consistunt.

287 1073 331 1100 50.
352 1072 408 1100 Nec
424 1073 495 1100 enim
515 1073 564 1108 ipsi
585 1079 691 1107 quoque
716 1072 865 1107 prophetae,
881 1073 927 1107 qui
947 1073 1032 1100 Deum

252 1119 464 1154 omnipotentem
489 1118 670 1154 appellabant,
695 1126 756 1145 eum
786 1119 837 1146 hoc
864 1119 1034 1147 exornabant

253 1167 372 1198 nomine,
386 1170 415 1192 ut
432 1165 584 1192 indicarent
597 1164 714 1192 Verbum
730 1173 812 1192 unum
825 1173 885 1192 esse
904 1173 937 1192 ex
949 1166 1035 1192 omni-

253 1211 321 1243 bus;
344 1211 444 1246 quippe
472 1219 533 1237 cum
559 1211 612 1238 illis
637 1215 806 1245 perspectum
839 1215 909 1238 esset
937 1209 1034 1237 Filium

253 1256 335 1283 alium
355 1263 415 1283 esse
440 1263 455 1282 a
478 1255 556 1282 factis
581 1255 680 1286 rebus;
697 1262 813 1289 eumque
826 1255 860 1282 ob
879 1262 955 1281 suam
972 1262 1034 1282 cum

252 1301 333 1330 Patre
353 1301 569 1334 similitudinem,
585 1302 705 1329 omnium
728 1309 836 1336 quoque
854 1309 914 1329 esse
943 1301 1034 1328 Domi-

254 1357 317 1375 num
333 1357 340 1375 :
354 1348 400 1375 sed
419 1349 481 1382 quia
497 1348 617 1375 omnium
640 1355 699 1382 quae
713 1355 760 1381 per
776 1347 872 1374 Filium
888 1347 961 1379 fecit,
978 1348 1035 1382 ipse

255 1394 383 1421 Dominus
395 1399 606 1428 est,eornmqne
621 1398 780 1428 potestatem
797 1393 866 1420 Filio
884 1394 966 1426 dedit,
982 1402 1034 1429 qua

253 1440 326 1473 data,
341 1440 398 1474 ipse
413 1447 505 1467 rursus
515 1440 640 1467 omnibus
660 1447 707 1475 per
721 1439 837 1466 Verbum
859 1439 1012 1467 dominatur
1026 1450 1032 1467 :

253 1487 378 1514 similiter
391 1486 472 1513 Deum
483 1506 491 1518 ,
506 1485 647 1513 Dominum
663 1486 787 1512 virtutum
798 1485 899 1518 dixere,
909 1493 961 1512 non
973 1485 1034 1520 quia

254 1533 371 1560 Verbum
385 1540 436 1559 una
449 1533 530 1559 etiam
544 1537 617 1559 esset
629 1538 662 1558 ex
679 1530 731 1558 illis
747 1530 898 1562 virtutibus,
914 1531 960 1558 sed
973 1530 1034 1564 quia

253 1585 281 1608 et
299 1579 358 1607 Filii
378 1579 467 1610 Pater,
481 1583 508 1605 et
519 1578 648 1605 virtutum
661 1585 708 1612 per
723 1576 820 1604 Filium
837 1576 968 1604 factarum
984 1577 1035 1604 Do-

255 1625 343 1652 minus
364 1629 416 1651 cst.
435 1623 503 1650 Nam
523 1628 551 1651 et
574 1623 661 1658 ipsum
675 1623 756 1650 etiam
774 1621 889 1649 Verbum
905 1623 975 1656 quod
994 1627 1036 1650 est

255 1672 282 1698 in
298 1671 388 1703 Patre,
414 1671 509 1697 horum
532 1671 653 1697 omnium
680 1669 810 1697 Dominus
823 1673 875 1700 est,
891 1669 1037 1703 onmiaque

254 1718 337 1745 habet
354 1717 380 1743 in
395 1721 539 1751 potestate,
554 1716 772 1751 quandoquidem
791 1715 851 1742 Filii
867 1719 930 1741 sunt
944 1714 1036 1741 omnia

254 1769 314 1796 qute
329 1761 408 1788 Pater
422 1761 512 1788 habet.
530 1759 567 1788 Ut
585 1760 667 1796 igitur
688 1760 731 1787 hic
747 1765 790 1787 est
815 1759 921 1786 illarutn
941 1759 1036 1786 dictio-

255 1815 318 1834 num
334 1814 441 1837 sensus,
453 1807 492 1833 sie
509 1806 555 1841 qui
573 1806 655 1833 Deum
668 1806 836 1834 non-factum
850 1806 922 1839 cupit
936 1805 1036 1837 dicere,

255 1853 330 1881 dicat
348 1861 414 1880 Sane
431 1852 453 1880 si
469 1860 581 1887 prorsus
597 1853 633 1879 ita
659 1853 708 1887 ipsi
727 1853 854 1879 videtur:
869 1859 962 1878 verum
983 1859 1036 1878 non

254 1907 288 1928 eo
301 1904 392 1926 utatur
408 1899 517 1925 nomine
532 1903 561 1924 ut
580 1897 716 1932 signiﬁcet
732 1897 848 1924 Verbum
865 1897 945 1924 rebus
960 1897 1036 1924 factis

256 1947 487 1972 annutnerandum
506 1951 584 1977 esse;
602 1944 648 1971 sed
665 1944 728 1978 quia
740 1944 818 1974 Deus.
833 1948 952 1977 utsupra
971 1943 1036 1974 dixi,

257 2001 310 2020 tton
331 1992 417 2018 solum
435 1998 487 2017 non
505 1995 547 2017 est
561 1990 660 2022 factus,
677 1990 724 2017 sed
745 1994 773 2016 et
790 1997 881 2016 rerum
899 1988 1036 2016 factarum

255 2046 305 2073 per
324 2037 461 2072 proprium
480 2036 596 2064 Verbum
614 2036 725 2064 eil‘ector
739 2041 791 2064 est.
814 2035 934 2070 Namque
954 2035 1037 2062 etiam

256 2093 316 2111 cum
334 2084 396 2111 talis
413 2084 510 2111 dicitur
522 2083 612 2114 Pater,
636 2083 716 2118 186
731 2082 905 2109 nihilominus
923 2081 1037 2109 Verbum

256 2134 283 2156 et.
304 2130 392 2163 imago
416 2127 503 2155 Patris
520 2133 548 2155 et
571 2128 656 2155 eidem
684 2127 914 2154 consubstantiale
936 2131 989 2158 est,
1006 2134 1038 2153 ac

256 2175 368 2210 proinde
389 2182 451 2202 cum
479 2175 538 2208 ejus
559 2174 593 2201 sit
617 2173 799 2208 imago,aliud
826 2178 898 2200 certe
917 2180 931 2199 a
957 2173 1038 2199 rebus

1048 1561 1070 1591 ο

1082 250 1212 284 παραιρεῖ
1220 248 1270 284 τὴν
1279 247 1326 275 τοῦ
1335 248 1420 282 Λόγου
1432 248 1522 282 φύσιν,
1535 248 1595 274 οὐδὲ
1606 247 1686 274 πάλιν
1699 247 1730 274 τὸ
1740 246 1872 282 ἀγένητον

1083 295 1150 330 πρὸς
1168 296 1213 322 τὸν
1229 295 1292 322 Υίὸν
1313 295 1370 330 ἔχει
1394 295 1425 322 τὸ
1440 295 1647 330 σημαινόμενον,
1663 293 1732 320 ἀλλὰ
1751 293 1820 328 πρὸς
1837 293 1873 320 τὰ

1082 341 1127 368 διὰ
1147 340 1194 368 τοῦ
1219 341 1283 368 Υίοῦ
1304 341 1452 377 γενόμενα·
1478 341 1524 368 καὶ
1546 341 1641 376 ὥσπερ
1659 341 1673 367 ό
1691 339 1737 367 τὸν
1759 339 1872 375 ἀρχιτέ-

1083 396 1165 414 κτονα
1190 387 1356 423 προσφωνῶν
1379 387 1425 414 καὶ
1447 387 1534 421 λέγων
1555 385 1719 422 δημιουργὸν
1745 384 1834 415 οἰκίας
1855 384 1872 419 ἦ

1083 433 1186 465 πόλεως
1202 434 1232 460 οὐ
1250 433 1412 469 συναριθμεῖ
1432 433 1471 468 τῷ
1487 432 1599 468 ὀνόματι
1615 431 1702 467 τούτῳ
1715 431 1761 457 τὸν
1777 430 1808 462 ἐξ
1821 431 1871 456 αὒ-

1083 479 1128 507 τοῦ
1143 479 1305 514 γεννηθέντα
1320 479 1393 511 υἱὸν,
1416 479 1483 505 ἀλλὰ
1496 479 1540 506 διὰ
1561 479 1610 514 μὲν
1626 478 1675 514 τὴν
1690 478 1729 508 είς
1749 476 1783 503 τὰ
1803 476 1873 512 ἔργα

1083 527 1179 561 τέχνην
1192 526 1238 552 καὶ
1252 525 1300 561 τὴν
1313 526 1477 561 ἐπιστήμην,
1494 525 1634 560 σημαίνων
1651 524 1688 559 μὴ
1705 521 1775 550 εἶναι
1790 521 1871 549 αὑτὸν

1083 572 1200 599 τοιοῦτον
1214 570 1258 599 οἷά
1274 574 1330 599 ἐστι
1350 571 1384 598 τὰ
1400 572 1464 607 παρ’
1483 571 1565 598 αὑτοῦ
1582 571 1724 605 γενόμενα,
1741 570 1873 605 δημιουρ-

1083 618 1131 653 γὸν
1147 619 1228 645 αὑτὸν
1240 618 1330 645 καλεῖ·
1347 617 1396 653 τὴν
1407 618 1435 644 δὲ
1451 617 1530 652 φύσιν
1544 617 1590 644 τοῦ
1607 617 1767 651 ποιήσαντος
1782 614 1871 646 εἰδὼς,

1084 662 1153 692 οἶδεν
1174 665 1252 692 ἄλλον
1268 663 1335 690 εἶναι
1352 663 1427 700 παρὰ
1449 663 1535 690 ταῦτα
1556 663 1601 689 τὸν
1623 662 1652 694 ἐξ
1674 661 1756 687 αὑτοῦ
1777 669 1873 695 γεννη-

1085 711 1179 738 θέντα·
1194 711 1242 737 καὶ
1263 710 1307 737 διὰ
1322 711 1371 746 μὲν
1387 710 1432 736 τὸν
1450 709 1505 735 υἱὸν
1515 729 1522 741 .
1550 708 1656 744 πατέρα
1677 707 1757 734 αὐτὸν
1777 706 1870 736 καλεῖ,

1083 757 1127 784 διὰ
1152 757 1180 784 δὲ
1207 756 1242 783 τὰ
1269 756 1337 792 ἔργα
1363 755 1474 791 κτίστην
1497 755 1544 782 καὶ
1566 755 1696 789 ποιητήν·
1716 753 1762 780 τὸν
1791 751 1873 778 αὑτὸν

1083 803 1208 838 τρόπονό
1232 803 1319 837 λέγων
1342 802 1414 828 οὕτω
1442 802 1488 828 τὸν
1510 801 1574 827 Θεὸν
1600 800 1731 834 ἀγένητον
1762 799 1794 824 ἐκ
1818 797 1872 823 τῶν

1084 850 1172 886 ἔργων
1187 849 1275 876 αὐτῶν
1293 849 1348 883 (41)
1369 848 1506 883 ὀνομάζει,
1525 847 1663 882 σημαίνων
1680 845 1716 880 μὴ
1736 845 1816 880 μόνον
1835 843 1872 878 μὴ

1084 893 1153 922 εἶναι
1167 894 1247 921 αὑτὸν
1264 894 1385 930 γενητὸν,
1407 893 1463 919 ἀλλ’
1479 893 1519 919 ὅτι
1538 891 1585 918 καὶ
1604 890 1657 916 τῶν
1678 888 1800 924 γενητῶν
1817 886 1872 921 (42)

1084 942 1198 976 ποιητής
1213 941 1298 966 ἐστιν·
1317 937 1369 966 οἶδε
1387 939 1477 974 μέντοι
1493 938 1538 965 τὸν
1552 937 1635 971 Λόγον
1649 935 1727 963 ἄλλον
1742 935 1806 961 ὂντα
1819 932 1872 963 τῶν

1084 974 1215 1021 γενήτῶν,
1230 985 1278 1011 καὶ
1293 985 1371 1020 μόνον
1389 984 1454 1010 ίδιον
1467 983 1514 1010 τοῦ
1530 981 1636 1018 Πατρὸς
1649 981 1782 1015 γέννημα,
1794 979 1826 1004 δι’
1841 974 1872 1004 οὗ

1084 1030 1132 1057 καὶ
1143 1029 1178 1056 τὰ
1191 1030 1278 1056 πάντα
1294 1029 1388 1063 γέγονε
1403 1029 1449 1055 καὶ
1466 1028 1625 1062 συνέστηκε,

1120 1075 1162 1102 50.
1184 1075 1239 1102 Καὶ
1253 1075 1307 1110 γὰρ
1323 1075 1369 1101 καὶ
1387 1073 1592 1110 παντοκράτορα
1606 1072 1652 1098 τὸν
1675 1071 1740 1098 Θεὸν
1760 1071 1784 1096 ei.
1807 1077 1874 1105 προ-

1085 1121 1167 1156 φῆται
1184 1120 1318 1155 λέγοντες,
1339 1120 1369 1146 οὺ
1383 1119 1428 1146 διὰ
1442 1119 1472 1146 τὸ
1494 1117 1563 1145 εἶναι
1583 1118 1628 1145 τὸν
1642 1118 1726 1152 Λόγον
1747 1116 1796 1142 ἕνα
1819 1115 1873 1142 τῶν

1085 1167 1204 1199 πάντων,
1224 1167 1309 1198 οὕτως
1324 1166 1404 1192 αὑτὸν
1426 1164 1616 1197 ἐπεκαλοῦντο,
1633 1164 1742 1199 ᾔδεισαν
1760 1162 1814 1198 γὰρ
1827 1162 1874 1188 τὸν

1085 1213 1147 1240 Υἱὸν
1169 1213 1247 1240 ἄλλον
1265 1212 1329 1239 ὄντα
1349 1212 1404 1238 τῶν
1418 1211 1549 1247 γενητῶν,
1571 1211 1618 1237 καὶ
1632 1210 1740 1236 πάντων
1760 1209 1806 1237 καὶ
1826 1207 1875 1235 αὑ-

1084 1260 1130 1287 τὸν
1147 1259 1313 1296 κρατοῦντα,
1338 1259 1407 1286 κατὰ
1432 1259 1482 1295 τὴν
1505 1257 1551 1286 τοῦ
1580 1258 1685 1294 Πατρὸς
1708 1257 1872 1292 ὁμοιότητα·

1085 1305 1142 1333 ἀλλ’
1157 1306 1198 1332 ὅτι
1222 1305 1341 1338 πάντων,
1361 1301 1398 1332 ὧν
1413 1304 1458 1331 διὰ
1472 1303 1520 1331 τοῦ
1537 1303 1601 1330 Υἱοῦ
1618 1303 1777 1337 πεποίηκεν,
1793 1301 1874 1333 αὐτὸς

1086 1353 1190 1388 κρατεῖ,
1210 1351 1311 1378 τούτων
1324 1359 1353 1377 τε
1367 1351 1416 1386 τὴν
1431 1350 1554 1382 ἐξουσίαν
1576 1349 1614 1384 τῷ
1629 1348 1687 1383 Υξῷ
1702 1348 1812 1377 δέδωκε,
1826 1347 1874 1374 καὶ

1085 1397 1219 1429 δεδωκὼς,
1237 1397 1317 1424 πάλιν
1337 1396 1417 1428 αὐτὸς
1442 1395 1496 1422 τῶν
1523 1395 1630 1422 πάντων
1645 1394 1690 1420 διὰ
1715 1393 1760 1420 τοῦ
1787 1392 1874 1427 Λόγου

1086 1442 1217 1479 κυριεύει’
1239 1443 1320 1469 πάλιν
1341 1451 1371 1468 τε
1389 1441 1490 1476 Κύριον
1507 1441 1560 1468 τῶν
1585 1432 1724 1475 δυνάμεων
1749 1438 1875 1473 λέγοντες

1086 1490 1130 1516 τὸν
1144 1489 1220 1520 Θεὸν.
1234 1489 1264 1515 οὐ
1278 1488 1322 1515 διὰ
1333 1488 1364 1514 τὸ
1380 1485 1450 1514 εἶναι
1467 1487 1514 1514 καὶ
1536 1487 1581 1514 τὸν
1597 1487 1682 1520 Λόγον
1701 1486 1750 1512 ἕνα
1771 1484 1874 1511 τούτων

1086 1536 1140 1562 τῶν
1156 1535 1306 1570 δυνάμεων,
1320 1534 1391 1561 τοῦτ’
1407 1534 1498 1568 ἔλεγον
1521 1532 1577 1568 (45)
1589 1553 1595 1563 ,
1618 1532 1674 1559 ἀλλ’
1690 1532 1731 1558 ὃτι
1755 1530 1801 1557 τοῦ
1825 1530 1876 1565 μὲν

1086 1581 1151 1609 Υίοῦ
1167 1581 1262 1617 Πατήρ
1279 1582 1350 1612 ἐστι,
1372 1580 1427 1606 τῶν
1445 1580 1473 1606 δὲ
1493 1579 1537 1606 διὰ
1561 1579 1608 1605 τοῦ
1633 1578 1697 1604 Υίοῦ
1723 1577 1876 1613 γενομένων

1086 1627 1226 1663 δυνάμεων
1239 1627 1340 1662 Κύριός
1355 1627 1421 1654 ἐστι.
1433 1626 1488 1652 Καὶ
1502 1625 1557 1661 γὰρ
1571 1625 1617 1652 καὶ
1631 1625 1711 1656 αὐτὸς
1725 1624 1780 1659 (48)
1792 1623 1875 1650 πάλιν

1085 1674 1100 1700 ὁ
1112 1673 1197 1707 Λόγος
1213 1673 1241 1699 ὲν
1255 1672 1294 1707 τῷ
1311 1671 1400 1707 Πατρὶ
1424 1670 1472 1702 ὢν,
1492 1670 1600 1697 πάντων
1620 1669 1721 1696 τούτων
1741 1669 1798 1695 ἐστί
1817 1667 1874 1695 Κύ-

1087 1728 1160 1755 ριος,
1181 1719 1228 1746 καὶ
1251 1719 1360 1745 πάντων
1388 1719 1500 1754 κρατεῖ·
1526 1718 1614 1744 πάντα
1635 1716 1689 1752 γὰρ
1712 1716 1762 1742 ὅσα
1785 1715 1840 1750 ἔχει
1861 1716 1876 1741 ὁ

1087 1765 1191 1801 Πατὴρ,
1210 1765 1256 1791 τοῦ
1277 1764 1344 1791 Υἱοῦ
1366 1764 1447 1790 ἐστιν.
1465 1764 1568 1799 Ὥσπερ
1589 1761 1635 1789 οὖν
1660 1762 1738 1789 τοῦτο
1757 1761 1875 1787 τοιοῦτον

1087 1811 1144 1846 ἔχει
1166 1811 1210 1838 τὸν
1230 1811 1292 1837 νοῦν
1309 1810 1375 1846 (45),
1396 1810 1482 1841 οὓτως
1502 1809 1516 1835 ό
1534 1808 1693 1844 βουλόμενος
1719 1807 1807 1841 λέγειν
1829 1805 1875 1832 τὸν

1087 1855 1153 1882 Θεὸν
1167 1856 1297 1891 ἀγένητον
1311 1855 1413 1889 λεγέτω
1436 1855 1498 1890 μὴν,
1512 1855 1534 1881 εί
1554 1854 1628 1886 ἅπαξ
1642 1853 1727 1884 οὕτως
1742 1851 1814 1886 αὐτῷ
1833 1852 1875 1878 δο-

1087 1902 1140 1933 κεῖ,
1159 1902 1195 1938 μὴ
1214 1902 1305 1938 μέντοι
1325 1901 1369 1928 διὰ
1382 1901 1412 1928 τὸ
1433 1899 1502 1927 εἶναι
1516 1900 1562 1927 τὸν
1575 1900 1660 1934 Λόγον
1675 1898 1726 1925 τῶν
1743 1898 1874 1933 γενητῶν,

1087 1947 1144 1975 ἀλλ’
1160 1947 1211 1979 ὄτι,
1231 1947 1303 1974 καθὰ
1328 1948 1469 1982 προεῖπον,
1483 1947 1496 1972 ὁ
1516 1945 1582 1977 Θεὸς
1602 1945 1631 1972 οὺ
1657 1945 1735 1980 μόνον
1751 1944 1800 1970 οὐκ
1818 1943 1876 1970 ἐστι

1087 1993 1210 2029 γενητὸς,
1225 1992 1292 2019 ἀλλὰ
1306 1992 1352 2019 καὶ
1367 1992 1421 2019 τῶν
1434 1991 1555 2026 γενητῶν
1566 1991 1681 2026 ποιητής
1693 1991 1750 2016 ὲστι
1767 1989 1811 2016 διὰ
1828 1989 1875 2015 τοῦ

1090 2038 1155 2064 ἰδίου
1174 2038 1270 2072 Λόγου.
1286 2038 1342 2064 Καὶ
1369 2037 1421 2072 γὰρ
1445 2037 1491 2063 κα).
1507 2036 1577 2063 οὕτω
1596 2035 1741 2070 λεγομένου
1757 2035 1802 2061 τοῦ
1820 2034 1862 2061 Πα

1089 2084 1161 2120 τρὸς,
1181 2084 1260 2111 πάλιν
1280 2082 1363 2110 εἰκὼν
1378 2084 1391 2109 ὁ
1408 2083 1492 2117 Λόγος
1517 2083 1575 2109 ἐστὶ
1594 2082 1641 2108 καὶ
1660 2081 1802 2116 ὁμοούσιος
1827 2080 1875 2106 τοῦ

1088 2131 1193 2166 Πατρός
1203 2139 1210 2146 -
1227 2129 1308 2157 εἰκὼν
1322 2129 1351 2156 δὲ
1370 2129 1407 2156 ὢν
1421 2129 1513 2161 αὐτοῦ,
1531 2128 1609 2160 ἄλλος
1625 2128 1657 2155 ἂν
1672 2129 1714 2163 εἴη
1727 2127 1781 2154 τῶν
1795 2135 1877 2161 γενη-

1088 2175 1143 2202 τῶν
1165 2176 1210 2202 καὶ
1235 2175 1288 2201 τῶν
1310 2175 1431 2201 πάντωνσ
1448 2172 1479 2200 οἶ)
1495 2174 1548 2209 γάρ
1570 2174 1643 2200 ἐστιν
1667 2173 1758 2204 εἰκὼν,
1780 2172 1875 2198 τούτου

257 2221 337 2248 factis
361 2224 388 2247 ct
410 2220 444 2247 ab
469 2219 596 2246 omnibus
619 2225 680 2246 esse
708 2217 849 2245 dicendum
874 2221 925 2244 est.
950 2215 1035 2251 Cujus

1089 2221 1134 2248 καὶ
1153 2221 1202 2257 τὴν
1228 2221 1344 2256 ἰδιότητα
1367 2220 1413 2247 καὶ
1433 2219 1481 2255 τὴν
1501 2219 1630 2254 ὁμοίωσιν
1646 2218 1718 2254 ἔχει,
1739 2218 1808 2244 ὥστε
1829 2217 1876 2244 τὸν

255 2267 328 2294 enim
342 2271 384 2293 est
401 2265 501 2300 imago.
515 2265 572 2298 ejus
588 2270 615 2291 et
630 2264 822 2298 proprietatem
842 2267 869 2290 et
881 2262 1036 2290 similitudi-

256 2320 317 2339 nem
339 2312 432 2343 nabet,
445 2312 512 2338 adeo
536 2315 564 2338 ut
580 2310 624 2344 qui
642 2309 747 2336 Patrem
763 2308 930 2336 non-factum
943 2314 969 2335 et
980 2316 1038 2335 om-

257 2359 422 2392 nipotentem
436 2357 562 2392 appellat,
576 2357 599 2384 is
617 2358 642 2384 in
657 2356 801 2383 non-facto
816 2361 843 2383 et
857 2356 1040 2390 omnipotente

257 2405 337 2439 hujus
353 2403 468 2431 Verbum
484 2408 510 2430 et
532 2403 702 2438 sapientiam,
724 2410 783 2437 qua:
809 2403 864 2436 ipse
887 2406 927 2429 est
943 2401 1039 2435 Filius,

257 2451 399 2485 intelligat.
419 2449 517 2476 Verum
540 2449 640 2484 egregii
658 2449 696 2476 illi
720 2453 801 2483 atque
824 2450 856 2476 ad
871 2450 1037 2484 impietatem

257 2497 390 2532 proclives
416 2496 539 2523 homines
561 2503 657 2522 nomen
689 2495 820 2522 non-facti
851 2496 1039 2530 excogitavere

257 2550 310 2570 lt0l|
335 2547 364 2568 ut
380 2541 462 2568 Deum
488 2540 664 2572 honorarcnt,
678 2541 724 2568 sed
740 2545 768 2567 ut
787 2541 891 2576 signum
909 2548 964 2568 SlliB
975 2548 1038 2575 erga

262 2589 429 2615 Salvatorem
448 2587 642 2614 malevolentiae
663 2586 832 2613 exhiberem.
858 2587 886 2614 Si
899 2586 971 2613 enim
988 2586 1035 2613 Dei

256 2633 344 2661 honor
363 2639 391 2661 et
409 2634 548 2660 veneratio
569 2632 622 2660 illis
641 2640 713 2660 cura:
736 2632 840 2666 fuiSset,
864 2633 948 2660 satius
972 2640 1037 2660 sane

290 2749 348 2782 (Η)
364 2749 444 2776 Basil.
459 2750 550 2776 αὐτὸν.

291 2785 348 2820 (4‘2)
364 2786 410 2813 Sic
422 2785 488 2820 Reg.
506 2787 540 2812 At
553 2785 598 2812 alii
615 2789 641 2812 et
657 2785 740 2813 editio
752 2785 882 2813 Comntel.
900 2785 1037 2820 γεννημά-

255 2828 350 2890 τωῖἑδ)
371 2855 415 2882 Sic
446 2856 510 2890 Reg.
532 2860 558 2882 et
583 2855 664 2883 Basil.
682 2855 733 2884 Alii
750 2863 812 2885 vero
835 2861 862 2883 et
876 2855 949 2887 editi,
967 2855 1038 2882 τοῦτ’

1087 2267 1199 2302 λέγοντα
1222 2267 1353 2302 ἀγένητον
1377 2266 1424 2293 καὶ
1451 2265 1657 2300 παντοκράτορα
1681 2265 1726 2291 τὸν
1750 2264 1874 2299 Πατέρα,

1087 2313 1155 2339 νοεῖν
1173 2313 1201 2338 ἐν
1216 2311 1254 2346 τῷ
1271 2311 1394 2346 ἀγενήτῳ
1411 2313 1459 2337 καὶ
1475 2310 1514 2345 τῷ
1532 2310 1587 2345 (46)
1609 2309 1809 2345 παντοκράτορι
1829 2309 1876 2335 καὶ

1086 2357 1132 2385 τὸν
1145 2358 1240 2384 τούτου
1255 2357 1339 2391 Λόγον
1354 2357 1400 2383 καὶ
1416 2357 1465 2392 τὴν
1485 2356 1590 2391 σοφίαν,
1607 2356 1667 2391 ἣτις
1682 2356 1754 2382 ἐστὶν
1773 2356 1787 2382 ό
1799 2355 1874 2386 Υἱός.

1094 2403 1163 2430 Ἀλλ’
1175 2405 1199 2430 οἱ
1214 2403 1366 2438 (θαυμαστοὶ
1380 2403 1426 2430 καὶ
1442 2403 1482 2434 είς
1493 2402 1618 2429 ἀσέϐειαν
1633 2402 1764 2438 εὐχερεῖς,
1777 2401 1807 2428 οὐ
1825 2401 1876 2436 τῆς

1090 2452 1130 2483 εἰς
1145 2451 1190 2477 τὸν
1205 2450 1270 2476 Θεὸν
1284 2449 1366 2485 τιμῆς
1389 2449 1590 2484 φροντίζοντες,
1613 2448 1728 2483 ἐφεῦρον
1745 2447 1775 2474 τὸ
1790 2447 1876 2482 όνομα

1090 2496 1137 2523 τοῦ
1153 2497 1294 2532 ἀγενήτου,
1317 2496 1365 2531 τῆς
1384 2496 1412 2522 δὲ
1435 2495 1505 2522 κατὰ
1519 2494 1566 2521 τοῦ
1586 2494 1711 2529 Σωτῆρος
1731 2494 1809 2529 χάριν
1827 2502 1878 2520 κα-

1090 2542 1211 2574 κονοίας·
1225 2543 1248 2568 εί
1262 2542 1316 2577 γὰρ
1338 2541 1449 2576 ἔμελλεν
1464 2541 1554 2572 αὐτοῖς
1567 2541 1650 2575 τιμῆς
1661 2539 1707 2566 καὶ
1723 2540 1875 2574 εὐφημίας,

1090 2587 1143 2614 ἔδει
1155 2587 1261 2622 μᾶλλον
1277 2587 1324 2614 καὶ
1340 2586 1418 2614 τοῦτο
1443 2586 1545 2621 βέλτιον
1566 2585 1599 2621 ἦν
1616 2586 1726 2621 Πατέρα
1748 2585 1794 2612 τὸν
1811 2585 1878 2612 Θεὸν

1088 2632 1187 2660 ειδέναι
1207 2642 1237 2660 τε
1261 2633 1308 2660 καὶ
1332 2633 1421 2667 λέγειν
1437 2633 1544 2666 αὐτοὺς,
1566 2632 1582 2668 ἢ
1607 2632 1719 2664 ἐκείνως
1733 2632 1878 2668 ὀνομάζειν

1090 2750 1244 2818 dimi-Sic
1258 2783 1313 2816 Reg
1336 2784 1369 2810 At
1382 2784 1424 2810 alii
1439 2788 1464 2810 ct
1476 2783 1551 2814 cditi,
1567 2783 1622 2809 Καὶ
1635 2782 1688 2818 γὰρ
1700 2782 1791 2813 αὑτός.

1127 2819 1181 2852 (65)
1198 2818 1261 2851 Reg.
1277 2819 1321 2844 τὸν
1340 2819 1456 2845 τοιοῦτον
1468 2819 1523 2853 ἔχει
1540 2818 1610 2844 νοῦν.

1127 2853 1184 2890 (ili)
1199 2854 1243 2882 Sic
1259 2854 1322 2889 Ih-g.
1337 2855 1389 2881 Atii
1403 2852 1498 2881 autent
1512 2859 1540 2881 et
1553 2854 1616 2881 editi
1631 2852 1670 2887 τῷ
1682 2852 1817 2881 omittunt.
