2018 3048
131 149 184 178 ΛΠ

655 145 700 173 DE
717 145 889 173 DECRETIS
908 144 1060 172 NICIENE
1082 144 1218 171 SYNODI.

1700 144 1753 171 ΑΗ

130 208 242 240 αὐτούς·
263 207 387 241 λέγοντες
411 206 460 242 μὲν
482 206 537 241 γὰρ
552 206 650 232 ἐκεῖνοι
670 206 716 232 τὸν
732 204 798 232 Θεὸν
821 205 915 242 ἀγένη-

970 210 1028 232 erat
1048 206 1246 240 praestabatque
1267 204 1327 232 illos
1348 204 1442 234 Deum.
1469 203 1578 231 Patrem
1605 211 1753 238 agnoscere

127 263 184 287 τον,
198 255 229 281 ἐκ
243 253 297 280 τῶν
312 253 464 289 γενομένων
480 252 570 285 αὑτὸν,
594 251 665 278 καθὰ
681 252 822 287 προεῖπον,
840 259 919 287 ποιη-

127 301 176 337 τὴν
195 300 274 336 μόνον
290 299 424 333 λέγουσιν,
439 299 482 325 ἵνα
505 298 551 325 καὶ
572 298 620 325 τὸν
641 298 726 332 Λόγον
743 298 847 333 ποίημα
871 306 918 333 ση-

130 347 235 381 μάνωσι
261 345 329 372 κατὰ
351 345 400 380 τὴν
427 344 494 371 ἰδίαν
518 344 628 380 ἡδονήν·
647 345 661 370 ὁ
677 344 704 370 δὲ
721 344 766 370 τὸν
781 343 846 370 Θεὸν
862 344 918 370 Πα-

126 392 193 428 τέρα
210 391 296 424 λέγων
313 390 392 422 εὐθὺς
415 391 444 416 ὲν
460 389 535 424 αὐτῷ
559 390 607 416 καὶ
624 389 668 416 τὸν
691 389 755 416 Υἱὸν
777 389 917 424 σημαίνει,

125 438 173 464 καὶ
188 437 238 463 οὐκ
252 436 389 470 ἀγνοήσει,
408 436 460 467 ὅτι,
480 435 545 462 Υἱοῦ
572 435 662 467 ὄντος,
683 435 727 462 διὰ
743 434 789 461 τοῦ
804 434 867 461 Υἱοῦ
884 434 919 461 τὰ

127 484 261 518 γενόμενα.
272 482 382 516 ἐκτίσθη
397 482 493 509 πάντα.

968 255 996 277 et
1015 251 1114 283 dicere.
1139 258 1220 285 quarti
1243 257 1304 277 eum
1333 249 1485 284 hujusmodi
1512 249 1621 276 nomine
1642 257 1752 276 vocare.

969 296 1035 324 Cum
1055 297 1126 323 enim
1150 297 1186 323 illi
1211 296 1294 323 Deum
1316 297 1487 324 non-factum
1512 295 1658 330 appellant,
1675 296 1750 322 illum

969 349 1001 369 ex
1025 343 1104 369 rebus
1127 342 1218 374 factis,
1236 347 1266 370 ut
1288 350 1368 377 supra
1390 343 1456 375 diti,
1479 342 1631 370 eﬂ‘cctorem
1647 347 1752 369 tantum

969 389 1073 422 dicant,
1100 394 1128 416 ut
1154 390 1257 417 scilicet
1281 390 1398 416 Verbum
1424 391 1531 424 Quoque
1561 390 1662 416 factum
1692 395 1753 416 esse

968 435 1214 470 signiﬁcent,quod
1239 437 1346 471 quidem
1377 435 1521 470 plurimum
1548 436 1614 470 ipsis
1640 435 1752 462 arridet.

968 479 1018 513 Qui
1043 488 1108 507 vero
1135 481 1228 515 Deum,
1249 481 1358 508 Patrem
1382 482 1514 512 nominat,
1540 481 1631 508 statim
1658 481 1685 508 in
1709 481 1756 508 illo

128 529 224 557 l-‘dium
241 536 348 563 quoque
361 528 499 563 intelligit,
517 535 567 555 nec
586 527 712 555 dubitare
735 531 825 562 potest
846 527 922 561 quin,
944 526 966 553 si
985 525 1069 554 Filius
1100 528 1225 560 exsistat,
1247 535 1291 554 res
1308 527 1385 554 facta:
1402 535 1496 554 omnes
1516 534 1564 560 per
1578 527 1676 554 Filium
1700 527 1756 553 sint

127 581 236 604 creatae.

161 625 207 652 51.
229 623 332 651 Οὐκοῦν
350 624 396 651 καὶ
424 624 523 659 μᾶλλον
547 624 563 658 ἢ
591 623 646 659 (47)
675 623 855 659 ἀληθέστερον
883 622 916 650 ἂν

127 671 168 706 εἴη
186 671 231 696 τὸν
246 670 311 696 Θεὸν
327 671 359 696 ὲκ
378 669 424 696 τοῦ
440 670 505 696 Υίοῦ
523 670 665 705 σημαίνειν
685 670 730 696 καὶ
745 669 853 704 Πατέρα
876 669 917 695 λέ-

127 724 196 749 γειν,
217 715 280 750 ἢὲκ
305 716 391 750 μόνων
412 714 465 741 τῶν
485 715 572 751 ἔργων
595 714 736 749 ὀνομάζειν
760 708 811 741 καΐ
828 713 916 747 λέγειν

127 762 206 789 αὑτὸν
229 761 372 796 ἀγένητον·
397 761 476 787 τοῦτο
495 761 542 796 μὲν
565 760 618 796 γὰρ
635 760 669 786 τὰ
693 761 725 785 ὲκ
750 759 796 785 τοῦ
821 759 916 795 βουλή-

128 816 212 844 ματος
234 807 281 834 τοῦ
304 806 370 834 Θεοῦ
393 807 436 833 διὰ
451 807 497 832 τοῦ
514 807 600 840 Λόγου
624 806 758 841 γενόμενα
780 805 848 841 ἔργα
866 814 911 840 ση-

128 853 231 889 μαίνει·
256 853 286 879 τὸ
307 852 336 879 δὲ
364 851 410 879 τοῦ
433 851 539 888 Πατρός
564 852 649 887 ὗνομα
670 852 700 877 τὸ
720 851 783 878 ἴδιον
809 852 840 877 ὲκ
866 851 915 886 τῆς

125 898 219 930 οὐσίας
238 898 319 924 αὑτοῦ
341 897 463 933 γέννημα
485 898 622 932 γνωρίζει.
643 898 718 932 Ὄσῳ
741 897 768 923 δὲ
792 897 806 923 ό
831 897 916 931 Λόγος

125 945 179 971 τῶν
198 944 319 979 γενητῶν
333 943 467 979 διαφέρει,
483 943 608 970 τοσοῦτον
621 943 667 969 καὶ
683 943 762 969 πλέον
777 943 806 969 τὸ
826 942 915 977 λέγειν

125 990 170 1017 τὸν
181 990 246 1017 Θεὸν
255 990 363 1026 Πατέρα
370 990 417 1017 τοῦ
429 991 517 1024 λέγειν
529 990 660 1026 ἀγένητον
674 990 795 1025 διαφέροι
804 990 849 1016 ἄν·
869 989 916 1016 καὶ

125 1038 180 1073 γὰρ
188 1036 266 1063 τοῦτο
276 1036 324 1072 μὲν
335 1036 458 1071 ἄγραφον
470 1037 517 1063 καὶ
527 1036 657 1067 ὕποπτον,
667 1036 792 1071 ποικίλην
801 1035 860 1071 ἔχον
868 1035 916 1071 τὴν

126 1083 264 1118 σημασίαν
280 1081 363 1108 ἐστιν’
377 1083 463 1108 έκεῖνο
477 1081 531 1117 (48)
544 1081 573 1108 δὲ
590 1080 690 1108 ἁπλοῦν
706 1081 753 1107 καὶ
767 1081 915 1116 ἔγγραφον,

127 1129 173 1156 καὶ
183 1128 374 1165 ἀληθέστερον,
386 1130 434 1155 καὶ
449 1129 527 1164 μόνον
536 1130 665 1164 σημαῖνον
675 1128 720 1155 τὸν
729 1128 801 1155 Υἱόν.
818 1129 874 1155 Καὶ
887 1128 917 1154 τὸ

127 1176 176 1210 μὲν
191 1176 322 1210 ἀγένητον
337 1176 402 1210 παρ’
420 1175 554 1210 Ἑλλήνων
569 1174 684 1210 εὓρηται
700 1174 752 1200 τῶν
776 1174 813 1209 μὴ
834 1182 916 1208 γινω-

126 1223 245 1249 σκόντων
264 1222 309 1248 τὸν
329 1222 409 1249 Υίόψ
429 1222 460 1248 τὸ
475 1221 504 1247 δὲ
529 1221 623 1256 Πατὴρ
649 1221 724 1256 παρὰ
748 1220 794 1246 τοῦ
815 1220 916 1256 Κυρίου

125 1269 204 1305 ἡμῶν
223 1268 348 1303 ἐγνώσθη
373 1268 419 1295 καὶ
437 1267 615 1303 κεχάρισται·
632 1267 679 1293 καὶ
699 1266 753 1302 γὰρ
772 1265 850 1297 εἰδὼς
869 1265 918 1292 αὑ-

125 1316 171 1349 τὸς
192 1315 263 1347 τίνος
283 1314 355 1341 ἐστὶν
376 1315 449 1346 Υἱὸς,
472 1314 577 1348 ἔλεγεν·
598 1312 668 1348 Ἐγὼ
691 1313 726 1339 ἐν
746 1312 786 1345 τῷ
811 1311 916 1345 "arpi,

125 1362 173 1389 καὶ
187 1364 202 1389 ὀ
214 1361 315 1395 Πατὴρ
327 1360 362 1387 ἐν
373 1360 453 1395 ἐμοί·
467 1360 525 1393 καὶ,
543 1360 573 1386 '0
583 1357 718 1393 ἑωρακὼς
727 1357 790 1392 ἐμὲ,
803 1357 915 1391 ἑώρακε

124 1407 178 1434 τὸν
192 1407 321 1441 Πατέρα·
346 1407 402 1437 καὶ,
424 1406 494 1441 Ἐγὼ
513 1405 561 1432 καὶ
586 1406 602 1431 ό
625 1403 726 1438 Πατὴρ
748 1403 782 1430 ἓν
805 1403 914 1437 ἐσμεν·

125 1455 172 1480 καὶ
188 1453 306 1488 οὐδαμοῦ
326 1453 449 1487 φαίνεται
469 1452 515 1478 τὸν
539 1451 647 1486 Πατέρα
672 1450 762 1477 καλῶν
784 1450 915 1485 ἀγένητον

933 833 952 860 Β

124 1501 205 1532 αὐτός
215 1509 221 1516 ·
234 1500 301 1527 ἀλλὰ
320 1500 366 1526 καὶ
378 1500 452 1534 ἡμᾶς
466 1497 593 1534 εὔχεσθαι
610 1497 742 1524 διδάσκων
757 1497 806 1523 οὐκ
822 1494 896 1523 εἶπεν
906 1504 914 1512 ’
929 1509 949 1538 C

125 1547 208 1573 Ὅταν
233 1546 261 1572 δὲ
287 1544 485 1581 προσεύχησθε,
503 1544 610 1578 λέγετε·
635 1542 685 1569 Θεὲ
704 1542 818 1578 ἀγένητε
844 1541 913 1576 (49)·

124 1591 193 1619 ἀλλὰ
218 1591 330 1627 μᾶλλον-
349 1591 432 1616 Ὅταν
458 1588 663 1624 προσεύχησθε,
689 1588 797 1622 λέγετεσ
820 1586 916 1621 Πάτερ

125 1638 209 1673 ἡμῶν
225 1640 241 1664 ό
263 1639 299 1664 ἐν
322 1636 385 1669 τοῖς
413 1635 566 1669 οὐρανοῖς·
595 1636 642 1661 καὶ
665 1634 695 1660 τὸ
718 1633 863 1668 κεφάλαιον
887 1632 915 1659 δὲ

125 1681 173 1716 τῆς
193 1681 309 1712 πίστεως
333 1679 411 1715 ἡμῶν
432 1681 470 1711 εἰς
499 1678 579 1705 τοῦτο
601 1678 746 1704 συντείνειν
773 1677 914 1713 ἠθέλησεν.

131 1727 272 1753 Ἐκέλευσε
297 1726 351 1762 γὰρ
377 1727 450 1761 ἡμᾶς
477 1725 654 1760 βαπτίζεσθαι
687 1725 736 1751 οὐκ
766 1725 806 1756 εἰς
831 1725 916 1760 ὄνομα

125 1774 258 1808 ἁγενήτου
277 1773 325 1799 καὶ
341 1771 467 1807 γενητοῦ,
485 1771 544 1798 οὐδὲ
560 1772 600 1802 εἰς
622 1771 706 1806 ὄνομα
726 1770 853 1796 ἀκτίστου
870 1771 916 1796 καὶ

125 1817 290 1852 κτίσματος,
314 1815 370 1843 ἀλλ’
393 1817 432 1847 εἰς
460 1815 546 1851 ὄνομα
568 1815 674 1850 Πατρὸς
703 1815 748 1841 καὶ
781 1815 846 1841 Υἱοῦ
869 1815 916 1842 καὶ

125 1863 203 1896 ἁγίου
227 1862 400 1897 Πνεύματοςο
427 1860 498 1887 οὕτω
513 1861 566 1896 γὰρ
587 1860 766 1895 τελειούμενοι
780 1860 914 1886 υἰοποιού-

127 1908 196 1944 μεθα
211 1909 259 1935 καὶ
273 1909 352 1943 ἡμεῖς
368 1906 485 1942 ἀληθῶς,
502 1907 549 1933 καὶ
563 1906 593 1932 τὸ
606 1906 653 1932 τοῦ
669 1905 775 1941 Πατρὸς
789 1905 817 1932 δὲ
829 1905 916 1941 ὄνομα

125 1955 265 1989 λέγοντες,
292 1952 509 1988 ἐπιγινώσκομεν
533 1953 566 1979 ἐκ
589 1951 636 1978 τοῦ
663 1952 794 1987 ὀνόματος
819 1950 913 1977 τούτου

125 2001 173 2027 καὶ
188 1999 233 2027 τὸν
250 2001 278 2026 ὲν
293 2000 332 2035 τῷ
350 1999 437 2035 Πατρὶ
448 1998 544 2033 Λόγον.
566 1998 597 2024 Εἰ
613 1997 640 2024 δὲ
656 1997 703 2024 καὶ
720 1996 828 2031 Πατέρα
841 1996 912 2023 θέλει

125 2046 213 2080 λέγειν
238 2044 315 2081 ἡμῶν
335 2044 381 2071 τὸν
403 2044 468 2071 ἴδιον
485 2043 581 2070 ἑαυτοῦ
605 2043 724 2078 Πατέρα,
743 2043 772 2068 οὺ
796 2042 847 2078 χρὴ
870 2041 914 2068 διὰ

124 2092 204 2119 τοῦτο
218 2091 398 2119 συνεκτείνειν
412 2091 524 2122 ἑαυτοὺς
538 2089 577 2125 τῷ
596 2089 653 2124 Υιῷ
667 2089 737 2115 κατὰ
754 2089 803 2125 τὴν
816 2087 896 2123 φύσιν
905 2097 912 2103 ·

125 2138 173 2166 καὶ
184 2137 262 2164 τοῦτο
277 2138 332 2173 γὰρ
344 2137 378 2164 δι’
392 2137 472 2164 αὐτὸν
491 2136 599 2170 λέγεται
617 2136 681 2171 παρ’
694 2135 784 2172 ἡμῶν.
804 2136 912 2172 Ἐπειδὴ

1002 622 1046 650 51.
1064 622 1157 656 Itaque
1176 621 1271 649 melius
1293 621 1417 648 veriusve
1438 620 1519 648 fuerit
1535 621 1617 647 Deum
1633 629 1665 648 ex
1685 620 1754 648 Filio

967 669 1119 703 signiﬁcare
1143 668 1306 704 Patremque
1329 668 1432 700 dicere,
1451 675 1532 703 quam
1552 676 1613 695 eum
1636 675 1669 695 ex
1688 669 1753 696 solis

966 715 1094 749 operibus
1119 713 1288 742 non-factum
1320 714 1466 749 appellare.
1497 713 1564 740 Nam
1587 714 1612 741 id
1644 714 1752 748 quidem

967 768 1063 788 nomen
1080 768 1162 794 opera
1186 768 1218 787 ex
1242 760 1287 787 Dei
1311 761 1447 787 voluntate
1467 768 1516 794 per
1538 760 1655 788 Verbum
1680 760 1749 787 facta

967 805 1190 832 indicat:Patris
1218 810 1306 832 autem
1336 812 1433 832 nomen
1464 806 1602 840 proprium
1630 813 1662 833 ex
1692 805 1752 840 ejus

967 851 1117 878 substantia
1140 851 1226 877 fetum
1251 851 1394 885 signiﬁcat.
1421 851 1556 884 Quantum
1589 857 1679 878 autem
1709 856 1750 878 est

966 897 1129 924 discriminis
1145 897 1263 924 Verbum
1284 896 1355 924 inter
1374 901 1401 924 et
1418 904 1462 924 res
1486 897 1582 930 factas,
1601 902 1704 924 tanttun
1724 889 1751 925 et

967 942 1080 976 amplius
1090 941 1179 969 diﬁ'erl
1196 943 1290 976 Deum,
1307 941 1412 969 Patrem
1430 943 1529 974 dicere,
1539 949 1565 970 et
1581 943 1748 970 non~factum

966 989 1110 1023 appellare.
1129 987 1186 1015 Hoc
1201 988 1272 1015 enim
1288 996 1384 1016 nomen
1408 990 1433 1016 in
1463 989 1613 1024 Scripturis
1629 998 1682 1017 non
1701 998 1752 1017 ex—

966 1040 1020 1061 stat
1037 1040 1246 1070 suspectumque
1267 1039 1319 1067 est,
1341 1043 1372 1062 ac
1390 1035 1493 1062 variam
1515 1035 1595 1063 habet
1615 1036 1753 1069 signiﬁca-

967 1081 1077 1107 tionem.
1097 1081 1130 1107 At
1143 1081 1257 1115 simplex
1272 1086 1313 1109 est
1328 1081 1398 1109 aliud
1414 1089 1524 1115 nomen,
1538 1083 1706 1116 habeturque
1722 1083 1749 1110 in

967 1127 1125 1161 Scripturis,
1155 1135 1187 1154 ac
1211 1127 1319 1154 veritati
1349 1129 1435 1163 magis
1460 1133 1500 1156 est
1524 1134 1749 1161 consentaneum,

967 1180 1052 1207 eoque
1080 1173 1153 1200 solus
1177 1173 1259 1200 Filius
1282 1174 1462 1209 signiﬁcatur.
1481 1174 1631 1207 Praeterea,
1649 1183 1747 1202 nomen

967 1218 1098 1246 nou-tacti
1121 1227 1136 1246 a
1153 1220 1298 1253 gentilibus
1319 1220 1364 1254 qui
1382 1219 1479 1247 Filium
1506 1228 1559 1247 non
1584 1225 1752 1255 cognoscunt

968 1264 1105 1291 inventum
1129 1271 1189 1292 est:
1205 1269 1232 1292 at
1258 1264 1345 1292 Patris
1371 1273 1468 1293 nomen
1492 1265 1526 1293 ab
1551 1265 1610 1300 ipso
1637 1265 1752 1292 Domino

967 1314 1059 1336 nostro
1074 1310 1214 1344 prohatutn
1231 1314 1258 1337 et
1275 1311 1368 1337 datum
1382 1316 1431 1337 est.
1446 1310 1502 1344 Ipse
1514 1310 1597 1343 enim,
1612 1311 1656 1345 qui
1675 1316 1752 1338 certe

966 1356 1042 1390 cuius
1054 1356 1136 1383 Filius
1146 1361 1227 1387 esset,
1245 1365 1297 1384 non
1314 1357 1459 1389 nesciebat,
1476 1356 1513 1383 ait
1528 1366 1534 1384 :
1548 1355 1602 1392 Ego
1614 1358 1640 1383 in
1656 1356 1750 1390 Patre,

969 1407 991 1428 et
1008 1400 1091 1428 Pater
1108 1403 1134 1428 in
1151 1410 1191 1429 me
1210 1408 1245 1428 est
1256 1402 1344 1434 “,et:
1358 1402 1409 1434 Qui
1428 1403 1495 1429 videt
1509 1411 1558 1435 me,
1571 1402 1639 1429 uidet
1653 1407 1677 1429 et
1696 1402 1751 1429 Pa-

966 1453 1031 1474 trem
1042 1449 1073 1481 “,
1088 1455 1114 1476 et
1130 1456 1137 1475 :
1152 1449 1206 1482 Ego
1225 1453 1248 1475 et
1269 1448 1350 1475 Pater
1367 1457 1446 1475 unum
1466 1449 1596 1476 sumus".
1612 1449 1689 1476 Nullo
1703 1456 1753 1476 au-

968 1498 1020 1520 tem
1046 1494 1072 1519 in
1098 1493 1156 1520 loco
1182 1493 1289 1520 Patrem
1308 1494 1364 1528 ipse
1380 1493 1548 1520 non-factum
1573 1499 1660 1522 vocat.
1677 1494 1750 1527 Quin

966 1540 1046 1566 etiam
1061 1548 1120 1566 cum
1132 1547 1180 1566 nos
1193 1547 1271 1566 orare
1286 1539 1386 1570 docuit.
1400 1548 1450 1566 non
1465 1539 1531 1566 dixit
1545 1548 1552 1566 :
1567 1539 1634 1566 Cum
1651 1541 1746 1572 oratis,

966 1586 1046 1612 dicite
1063 1594 1069 1612 :
1085 1586 1153 1612 Dens
1177 1585 1327 1612 non-facte.
1345 1584 1397 1612 Sed
1414 1587 1502 1620 potius
1516 1594 1522 1611 :
1534 1584 1600 1612 Cum
1617 1586 1740 1613 oraveri-

967 1631 1011 1664 tis,
1032 1631 1129 1658 dicite:
1147 1629 1226 1658 Pater
1241 1637 1328 1658 noster
1342 1632 1386 1666 qui
1399 1640 1425 1658 es
1452 1632 1479 1658 in
1500 1631 1569 1658 cazlis
1582 1631 1614 1659 “.
1644 1631 1749 1660 Nostra

966 1684 1072 1710 quoque
1087 1677 1148 1703 ﬁdei
1163 1682 1243 1710 caput
1254 1678 1348 1703 eodem
1365 1677 1446 1703 voluit
1459 1683 1590 1711 spectare.
1607 1676 1660 1704 Nec
1675 1678 1747 1705 enim

966 1730 1016 1750 nos
1041 1723 1067 1749 in
1099 1724 1206 1749 numine
1234 1723 1365 1750 tuon-facti
1390 1728 1417 1750 et
1440 1723 1514 1755 lacti,
1529 1723 1570 1749 vel
1589 1715 1747 1751 iuinomiue

967 1769 1119 1795 non-creati
1136 1773 1163 1795 et
1178 1770 1260 1795 creati
1283 1769 1413 1803 baptizari
1427 1769 1517 1803 jussit,
1532 1770 1578 1797 sed
1597 1769 1623 1796 in
1639 1771 1748 1797 nomine

966 1814 1054 1842 Patris
1075 1819 1101 1841 et
1123 1814 1183 1842 Filii
1197 1820 1223 1842 et
1241 1815 1358 1849 Spiritus
1379 1816 1476 1842 sancti.
1499 1816 1537 1842 lla
1551 1816 1623 1842 enim
1639 1824 1688 1843 nos
1701 1817 1749 1843 ini-

968 1860 1026 1887 tiati
1044 1867 1107 1888 vere
1128 1861 1258 1887 etlicimur
1276 1861 1320 1887 lilii
1338 1861 1395 1893 Dei,
1413 1866 1438 1888 et
1455 1861 1544 1888 Patris
1562 1870 1658 1888 nomen
1683 1869 1745 1896 pro-

966 1905 1133 1940 nuntiantes,
1145 1914 1178 1932 ει
1194 1906 1244 1933 hoc
1263 1907 1371 1934 nomine
1389 1905 1514 1938 Verbum,
1532 1908 1603 1942 quod
1628 1908 1653 1934 in
1668 1907 1748 1934 Patre

965 1957 1017 1985 est.
1032 1952 1230 1987 cognoscimus.
1251 1951 1327 1979 Licet
1341 1959 1422 1987 porro
1447 1953 1584 1988 proprium
1596 1954 1647 1980 .sni
1665 1954 1748 1988 ipsius

964 1997 1084 2031 Patrem,
1103 2004 1223 2026 nostrum
1245 2006 1353 2034 quoque
1371 1999 1478 2026 Patrem
1502 1999 1630 2034 appellari
1651 2007 1747 2027 conce-

964 2045 1020 2077 dat,
1042 2052 1094 2072 non
1116 2049 1204 2072 tamen
1233 2045 1335 2073 idcirco
1357 2052 1405 2072 nos
1426 2052 1486 2072 cum
1508 2045 1576 2073 Filio
1600 2047 1746 2074 secundum

965 2095 1088 2118 naturam
1110 2097 1253 2124 exaequare
1272 2091 1412 2118 debemus.
1431 2089 1532 2125 Nempe
1549 2091 1573 2117 is
1589 2091 1646 2126 ipse
1665 2098 1746 2119 causa

964 2140 1007 2163 est
1033 2143 1082 2163 cur
1102 2136 1139 2163 ita
1163 2137 1245 2164 etiam
1268 2144 1282 2163 a
1297 2136 1374 2164 nobis
1396 2136 1556 2171 appelletur.
1576 2137 1643 2170 Quia
1671 2138 1744 2164 enim

125 2183 179 2220 γὰρ
194 2184 225 2210 τὸ
238 2183 369 2219 ἡμέτερον
383 2183 397 2208 ό
410 2182 496 2216 Λόγος
510 2182 623 2217 ὲφόρεσε
639 2181 729 2216 σῶμα,
744 2181 791 2208 καὶ
802 2181 912 2216 γέγονεν

966 2181 1083 2210 Vcroum
1109 2190 1206 2217 corpus
1227 2188 1348 2210 nostrum
1369 2183 1524 2217 assumpsit,
1553 2188 1579 2209 et
1605 2184 1675 2210 inter
1697 2190 1746 2210 nos

125 2233 154 2258 ἑν
167 2231 246 2267 ἡμῖν·
261 2229 414 2260 ἀκολούθως
427 2228 472 2254 διὰ
485 2228 530 2254 τὸν
542 2229 572 2254 ἐν
588 2229 654 2263 ἡμῖν
668 2227 753 2261 Λόγον
767 2229 814 2254 κα)⁸
833 2227 911 2263 ἡμῶν

123 2280 138 2305 ὸ
153 2278 217 2310 Θεὸς
241 2277 349 2311 λέγεται
363 2276 468 2311 Πατήρ.
487 2275 523 2301 Τὸ
539 2274 593 2311 γὰρ
607 2275 636 2301 ὲν
650 2276 715 2310 ἡμῖν
736 2274 848 2309 Πνεῦμα
857 2272 911 2300 ’τοῦ

125 2323 210 2357 Λόγου
231 2322 264 2348 δι’
286 2322 364 2357 ἡμῶν
383 2321 429 2348 τὸν
450 2319 546 2347 ἑαυτοῦ
565 2320 673 2356 Πατέρα
697 2320 734 2352 ὡς
755 2320 832 2356 ἡμῶν
853 2320 912 2347 ὀνο-

126 2368 222 2404 μάζει·
243 2365 319 2398 οὗτος
339 2367 366 2393 δὲ
381 2367 436 2401 (50)
458 2366 505 2392 τοῦ
526 2365 686 2392 ’Δποστόλου
704 2365 766 2397 νοῦς
789 2367 846 2392 ἐστι
869 2365 911 2392 λέ-

123 2421 232 2449 γοντος·
267 2412 496 2444 Ἐξαπέστειλεν
517 2413 533 2438 ό
558 2411 629 2444 Θεὸς
654 2411 686 2437 τὸ
712 2411 833 2445 Πνεῦμα
858 2411 911 2437 τοῦ

129 2459 196 2487 Υιοῦ
211 2459 304 2486 αὑτοῦ
322 2459 365 2491 εἰς
378 2458 431 2491 τὰς
444 2457 566 2492 καρδίας
582 2457 666 2492 ἡμῶν
680 2457 802 2492 κρᾶζον·
827 2456 909 2486 Ἆϐϐιί

123 2507 139 2532 ό
159 2505 272 2539 Πατήρ.

159 2551 203 2578 51.
232 2550 300 2577 Ἀλλ’
328 2550 392 2582 ἴσως
415 2550 462 2576 καὶ
489 2550 533 2577 διὰ
557 2551 588 2577 τὸ
610 2550 694 2585 ὄνομα
716 2549 746 2576 τὸ
779 2548 908 2584 ἀγένητον

124 2597 304 2634 ἐλεγχθέντες,
329 2598 441 2634 πονηροὶ
464 2598 509 2625 τὸν
525 2599 623 2634 τρόπον
639 2599 730 2630 ὄντες,
754 2597 910 2633 ἐθελήσουσι

124 2646 172 2672 καὶ
193 2645 270 2672 αὐτοὶ
293 2644 397 2679 λέγειν·
418 2645 490 2671 Ἔδει
515 2646 562 2672 καὶ
587 2646 650 2681 περὶ
674 2637 720 2672 tofi
739 2645 841 2682 Κυρίου
866 2645 911 2671 καὶ

125 2691 249 2728 Σωτῆρος
270 2691 347 2728 ἡμῶν
363 2691 448 2728 Ἰησοῦ
472 2692 590 2728 Χριστοῦ
611 2693 644 2719 ὲκ
665 2692 720 2719 τῶν
741 2692 856 2727 Γραφῶν
877 2692 911 2719 τὰ

963 2229 1065 2256 versari
1081 2228 1182 2262 voluit;
1197 2229 1393 2257 convenienter
1403 2229 1437 2257 ob
1460 2229 1575 2256 Verbum
1591 2229 1662 2263 quod
1676 2230 1746 2263 apud

964 2281 1014 2301 nos
1030 2279 1081 2306 est,
1106 2279 1199 2301 noster
1221 2282 1328 2309 quoque
1354 2274 1435 2302 Pater
1459 2274 1529 2302 Dens
1550 2276 1607 2309 ipse
1636 2274 1745 2300 dicitur.

964 2318 1030 2346 Nam
1046 2320 1125 2347 Verbi
1142 2321 1258 2354 Spiritus
1273 2322 1318 2355 qui
1335 2321 1361 2347 in
1377 2321 1452 2348 nobis
1469 2325 1520 2351 est,
1541 2328 1590 2354 per
1606 2327 1654 2346 nos
1667 2327 1745 2346 suum

964 2367 1048 2400 ipsius
1066 2366 1172 2394 Patrem
1188 2372 1315 2401 tanquam
1334 2373 1455 2394 nostrum
1481 2367 1609 2401 appellat.
1626 2367 1660 2392 Ea
1680 2373 1746 2392 sane

965 2419 1041 2440 mens
1061 2417 1103 2439 est
1128 2413 1246 2446 Apustoli
1273 2414 1386 2439 dicentis
1401 2420 1408 2438 :
1425 2411 1498 2439 Misit
1523 2412 1591 2438 Deus
1616 2411 1744 2445 Spintum

964 2457 1031 2485 Filii
1039 2459 1080 2485 sui
1097 2459 1124 2484 in
1135 2459 1214 2485 corda
1229 2464 1317 2485 nostra
1328 2460 1484 2485 clumunlem
1495 2466 1505 2485 .'
1517 2459 1589 2485 Abba
1599 2458 1677 2484 Pater
1687 2457 1719 2485 ”‘.

998 2549 1042 2578 32.
1059 2549 1157 2576 Verum
1178 2549 1302 2576 fortassis
1317 2549 1366 2584 ipsi
1384 2547 1491 2575 Laudent
1516 2546 1631 2574 convicti
1648 2553 1746 2573 nomen

964 2596 1096 2624 non-facti
1122 2596 1211 2628 inepte
1228 2603 1382 2630 usurpaSse,
1399 2595 1455 2620 lia-c
1478 2594 1555 2620 nobis
1571 2601 1619 2627 pro
1634 2601 1680 2619 sua
1696 2592 1746 2619 im-

966 2643 1097 2676 probitate
1113 2641 1195 2667 \'e|iut
1208 2648 1337 2675 reponere
1354 2649 1361 2666 :
1377 2640 1515 2666 Dccuisset
1532 2639 1613 2672 igltur
1631 2637 1697 2665 nillil
1712 2638 1745 2664 de

965 2689 1079 2717 Durniuo
1104 2692 1132 2715 et
1156 2687 1298 2714 Salvatore
1322 2691 1414 2713 nustro
1429 2685 1492 2713 Jesu
1513 2685 1622 2712 tibristo
1643 2684 1746 2716 dicere,

175 2785 194 2800 ¹¹
210 2783 286 2812 Joan.
303 2792 358 2816 xtv,
377 2783 420 2811 l0.
458 2783 480 2799 “
494 2783 557 2810 ibid.
571 2783 597 2811 9.
637 2783 660 2799 ”
673 2782 752 2811 Joan.
770 2791 798 2815 ι,
813 2783 858 2812 50.
897 2783 915 2799 ¹¹

966 2781 1028 2808 tttlt.
1047 2787 1083 2812 Vt,
1098 2780 1125 2807 9.
1163 2777 1185 2795 ί·
1200 2778 1288 2807 Galat.
1306 2787 1342 2812 tv,
1357 2777 1383 2806 ϐ.

158 2845 218 2881 ,(47)
236 2845 272 2881 ῘΊΙ
287 2845 400 2872 deletum
413 2849 454 2873 est
466 2845 492 2872 in
512 2844 596 2878 Regio
608 2844 712 2872 codice.

163 2882 218 2915 (t8)
233 2880 278 2909 Sic
292 2881 357 2915 lteg.
374 2881 426 2908 Alii
441 2886 529 2908 autent
546 2885 572 2907 et
587 2881 662 2913 editi,
679 2880 746 2906 ἐκεῖ.

998 2840 1054 2875 (ι9)
1071 2840 1115 2867 Sic
1135 2840 1200 2874 Reg.
1216 2839 1251 2866 Λι
1269 2839 1314 2866 alii
1330 2844 1356 2867 et
1370 2838 1446 2871 editi,
1459 2837 1525 2869 Θεὸς
1533 2837 1686 2875 Ᾱᾲγέννητε.

997 2873 1052 2912 (iis!)
1067 2876 1112 2904 Sic
1127 2875 1191 2911 lteg.
1208 2875 1236 2903 In
1251 2875 1311 2903 aliis
1323 2883 1386 2903 vero
1396 2881 1422 2902 et
1437 2875 1516 2902 editis
1529 2873 1557 2900 δέ
1574 2873 1659 2902 deest.
