2018 3048
147 167 199 196 4η
639 169 681 196 DE
700 169 892 197 SENTENTIA
913 169 1068 196 DIUNYSII.
1079 185 1111 189 ——-
1126 169 1283 196 MONITUM
1715 169 1768 198 4⁵18

779 338 1130 384 ADMONITIO

536 471 576 502 IN
596 470 823 502 EPISTOLAM
846 470 899 500 DE
920 469 1143 500 SENTENTIA
1166 470 1360 501 DIONYSH.

179 720 200 750 l.
217 720 303 754 Quam
314 721 438 748 hactenus
454 722 545 748 sectati
555 729 646 748 sumus
659 720 782 754 temporis
797 721 936 753 rationem.
948 721 1021 747 haud
1033 722 1111 748 certis
1125 722 1194 748 notis
1209 722 1236 747 in
1248 721 1296 748 hac
1305 721 1417 755 epistola
1429 720 1621 755 deprehendere
1633 723 1748 749 valemus
1756 729 1768 755 ;

144 766 200 794 solo
210 767 304 801 quippe
319 765 438 800 Dionysii
455 766 608 792 vindicandi
623 766 710 792 studio
726 766 848 792 incensus
867 766 1026 793 Athanasius
1048 767 1197 794 nullatenus
1214 766 1268 800 fere
1287 767 1394 801 attingit
1413 767 1520 793 illorum
1546 772 1690 802 temporum
1703 776 1768 794 rats-

145 812 281 839 ditionem.
305 810 366 838 Non
381 813 474 838 desunt
489 816 574 837 tanien
585 810 743 843 conjectures
765 818 823 844 qute
839 818 885 837 nos
901 816 1022 837 moveant
1036 812 1070 837 ad
1089 820 1145 838 eam
1158 817 1215 846 post
1234 816 1374 838 tractatum
1389 820 1434 838 seu
1447 813 1585 846 epistolam
1599 813 1631 840 de
1647 812 1767 840 Nica'nis

145 860 257 886 decretis
269 859 453 894 reponendam.
474 858 546 885 Nam
563 862 652 884 eodem
667 858 747 892 ferale
762 864 875 892 tempore
891 860 1066 892 conscriptam
1083 859 1200 886 indicant
1215 867 1274 894 qua:
1290 867 1363 886 num.
1378 859 1411 886 19
1429 859 1563 894 leguntur,
1579 860 1694 887 Arianas
1714 860 1767 886 sci-

149 908 209 936 licet
224 907 349 934 adversus
366 905 504 933 Nicdnam
517 905 645 940 synodum
658 910 712 930 tum
727 904 825 937 passim
840 910 864 930 et
881 904 975 939 ubique
994 905 1217 938 obmurmurasse,
1235 906 1305 940 quod
1321 907 1490 940 pra'cedentis
1513 906 1630 940 epistalte
1655 904 1767 940 tempori

144 954 261 988 apprime
281 952 412 987 congruit.
422 951 490 978 Item
506 959 539 978 ea:
556 951 633 976 ntada
645 949 724 983 hujus
737 950 855 982 epistolw
867 950 1000 976 ordiendtc
1016 950 1086 977 haud
1099 951 1152 977 leae
1168 951 1275 978 ducitur
1286 957 1465 987 argumentum
1479 953 1592 979 :etenim
1604 952 1697 979 iisdem
1711 951 1765 986 fere

150 999 233 1026 verbis
245 1000 320 1026 initio
333 998 467 1030 adhibitis,
482 997 549 1023 hanc
566 997 671 1032 perinde
687 1001 764 1030 atque
777 998 971 1029 prwcedentem,
988 998 1021 1023 ad
1035 999 1116 1024 virum
1128 998 1217 1032 dirigit
1232 999 1416 1025 controversiis
1437 998 1584 1026 Catholich
1599 999 1668 1026 inter
1679 999 1763 1026 Aria-

144 1055 242 1081 ssosque
253 1046 350 1073 habilis
366 1047 491 1072 interesse
504 1044 622 1076 solitum,
635 1043 703 1069 unde
715 1043 840 1077 augurari
857 1042 932 1068 liceat
945 1043 979 1068 ad
994 1044 1112 1070 eumdem
1136 1045 1220 1076 ipsum
1242 1050 1377 1079 utramque
1393 1044 1474 1079 fuisse
1491 1045 1607 1072 missam.
1623 1045 1681 1073 Ima
1696 1047 1763 1074 sub-

143 1095 288 1121 adoramur
314 1093 393 1126 hujus
417 1092 562 1120 scribenda
591 1092 755 1117 occasionem
781 1096 814 1116 ea:
838 1090 996 1124 prwcedenti
1023 1091 1141 1117 obortam
1154 1098 1228 1117 esse:
1245 1091 1338 1126 quippe
1352 1099 1410 1118 cum
1425 1091 1461 1117 ibi
1479 1090 1598 1126 Dionysii
1612 1092 1698 1119 locum
1717 1101 1766 1126 pro

144 1141 256 1167 tutanda
275 1141 400 1167 adversus
420 1140 532 1166 Arianos
548 1137 595 1164 τοῦ
614 1136 758 1172 ὁμοουσίου
779 1144 840 1163 uoce
864 1136 994 1162 attulisset
1015 1136 1195 1169 Athanasius;
1215 1138 1271 1164 ha-c
1290 1146 1370 1163 causa
1388 1137 1469 1171 fuisse
1483 1137 1585 1164 videtur
1601 1146 1649 1164 cur
1671 1138 1766 1165 Ariani

146 1185 265 1220 Dionysii
280 1186 377 1218 scripta
394 1185 428 1211 ad
445 1192 520 1211 suans
537 1183 693 1209 sententiam
709 1182 864 1215 detorquere
879 1181 1055 1216 nequidquam
1071 1187 1210 1209 tentarent.
1227 1182 1277 1209 Sed
1292 1183 1332 1209 lue
1346 1183 1505 1217 conjectura:
1519 1191 1570 1209 non
1581 1191 1681 1210 omnem
1691 1192 1767 1218 pror-

143 1239 188 1258 sus
203 1236 322 1258 amarent
336 1231 474 1258 dubitandi
488 1229 585 1256 locum.

179 1286 211 1314 I1.
228 1287 321 1313 Ariani
335 1287 422 1322 itaque
436 1285 634 1313 Catholicorum
653 1285 813 1319 argumentis
827 1285 926 1319 passim
936 1284 1077 1318 confutati,
1100 1292 1174 1311 suam
1187 1283 1307 1312 haeresim
1323 1283 1448 1319 Dionysii
1461 1283 1636 1311 Alexandrini
1651 1285 1766 1320 episcopi

143 1336 302 1362 auctoritate
313 1335 407 1369 fulcire
421 1334 471 1360 nisi
483 1337 554 1364 sunt,
565 1333 676 1367 prolatis
697 1333 814 1367 ejusdem
832 1333 927 1359 litteris
945 1340 1014 1358 anno
1028 1332 1080 1359 265
1092 1333 1263 1366 conscriptis.-
1280 1332 1323 1359 ubi
1340 1332 1402 1358 dum
1415 1331 1627 1359 Sabellianorum
1643 1333 1767 1368 confuta-

144 1388 179 1408 ret
194 1389 321 1413 errorem,
331 1383 357 1408 in
376 1381 564 1408 similitudines
576 1380 705 1414 quasdam
722 1380 868 1413 inciderat,
883 1381 988 1415 quibus,
1000 1381 1059 1406 licet
1074 1386 1169 1413 prtvter
1183 1381 1299 1407 auctoris
1320 1385 1444 1412 utentem.
1455 1381 1519 1408 lassa
1534 1382 1666 1408 videretur
1688 1380 1766 1408 Verbi

141 1427 275 1454 diuinitas.
298 1425 391 1454 Verum
405 1435 435 1453 ea
455 1427 487 1452 de
502 1434 528 1452 re
545 1431 633 1459 postea
652 1426 723 1459 apud
736 1425 857 1460 gentilem
876 1433 951 1452 suunt
967 1425 1122 1460 Dionysium
1136 1424 1284 1452 Romanum
1301 1433 1442 1453 accusatus
1458 1427 1540 1454 libros
1555 1428 1683 1460 quosdam
1696 1427 1768 1462 Apo-

141 1471 289 1507 iogt’amque
304 1472 461 1505 conscripsit
477 1471 510 1498 ad
525 1479 581 1498 eam
605 1471 812 1505 propulsandam
839 1470 1059 1496 criminationem.
1083 1469 1125 1496 Ea,
1139 1470 1180 1496 Itis
1193 1475 1278 1496 autent
1295 1471 1434 1503 postremis
1445 1471 1590 1497 decessoris
1605 1473 1646 1498 sui
1660 1472 1766 1504 scriptis

141 1518 303 1546 Athanasius
317 1519 451 1546 luculenta
475 1518 596 1553 quaedam
608 1521 721 1546 (πει-νη
740 1516 808 1548 locu,
824 1516 918 1549 quibus
942 1519 1134 1549 peropportune
1150 1515 1303 1542 Arianicam
1319 1515 1434 1542 retundit
1449 1515 1652 1550 impudentiam.
1669 1515 1766 1543 Cat/to-

141 1562 269 1600 licumque
285 1565 438 1600 Dionysium
451 1565 528 1599 plane
540 1567 738 1594 commonstrat,
750 1567 774 1589 et
793 1562 824 1588 ab
842 1562 899 1588 Arii
917 1566 1046 1588 sententia
1061 1562 1264 1588 alienissimum.

176 1621 218 1650 Ill.
237 1621 343 1650 Eximia
361 1630 439 1656 parra
453 1621 495 1647 hic
507 1620 579 1647 obvia
597 1619 719 1654 Dionysii
729 1619 797 1652 loca,
814 1619 908 1653 quibus
921 1620 998 1646 tertio
1012 1618 1109 1645 sa'culo
1123 1618 1242 1654 Dionysii
1254 1619 1467 1647 adversariorum
1477 1619 1587 1654 depulsa
1595 1620 1764 1653 criminatio;

140 1676 245 1704 quarta,
259 1669 416 1694 Arianorum
428 1667 559 1693 calumnia
572 1665 649 1692 simul
663 1671 685 1692 et
696 1673 777 1699 prava
789 1665 908 1690 doctrina
919 1665 1056 1698 confutata
1067 1671 1123 1695 est;
1141 1667 1200 1698 pari
1215 1665 1342 1699 hodieque
1365 1665 1389 1691 ui
1406 1661 1521 1698 polleant
1534 1667 1568 1691 ad
1584 1673 1663 1692 navos
1685 1665 1762 1700 refel-

140 1716 230 1742 lendas
248 1715 372 1744 Arianos.
383 1713 427 1747 qui
449 1711 526 1738 Verbi
548 1712 672 1738 deitatem
685 1711 756 1737 haud
775 1712 876 1737 minore
898 1718 976 1745 quam
991 1710 1068 1743 prisci
1088 1709 1128 1735 illi
1151 1710 1284 1743 impietate
1304 1715 1454 1744 oppugnant
1470 1717 1480 1736 :
1496 1710 1591 1744 quique
1615 1718 1690 1737 suam
1704 1719 1766 1738 sets-

141 1763 249 1791 tentiam
265 1761 395 1788 venditant
409 1765 435 1785 ut
449 1757 705 1793 priaribusEcclesite
718 1757 819 1784 saeculis
837 1757 911 1791 vulgo
929 1755 1106 1791 188-191
1119 1762 1257 1786 receptam.
1270 1755 1400 1791 Namque.
1413 1762 1440 1783 ut
1454 1763 1550 1784 ctetera
1562 1763 1674 1789 taceam,
1683 1765 1716 1784 es
1730 1758 1765 1784 iis

140 1817 198 1844 qua
212 1816 285 1835 nunt.
308 1807 339 1833 i9
352 1807 482 1832 habentur
503 1805 612 1840 planum
636 1809 675 1831 est
700 1812 773 1831 voces
788 1804 861 1834 illas.
876 1805 908 1830 ἐκ
930 1812 937 1828 π

966 1812 979 1835 ς
993 1802 1097 1834 οὐσίας.
1121 1807 1145 1829 et
1166 1802 1318 1837 ὁμοοὺσιον,
1333 1803 1388 1836 jam
1399 1808 1455 1829 tum
1466 1804 1579 1830 usitatas
1593 1803 1763 1838 vulgatasque

140 1856 244 1890 fuisse;
260 1855 297 1881 ita
310 1859 337 1880 ut
355 1853 386 1879 de
400 1851 473 1878 Filia
486 1853 635 1888 loquentem
649 1859 679 1878 ea
696 1851 774 1878 verba
789 1851 956 1885 intpugnasse
972 1858 1110 1877 erroneum
1129 1850 1288 1882 haberetur;
1305 1850 1433 1882 omisisse,
1454 1851 1639 1885 suspiciosum.
1658 1849 1763 1877 Eminet

141 1908 199 1928 vero
214 1899 334 1927 omnibus
346 1899 407 1925 aliis
424 1897 543 1933 Dionysii
557 1898 649 1930 dictis,
667 1897 722 1924 htec
737 1895 878 1930 prteclara.
897 1895 1036 1930 aureisque
1051 1896 1170 1930 apicibus
1189 1895 1326 1922 exoranda
1341 1895 1479 1926 sententia,
1493 1903 1544 1930 qua
1560 1903 1646 1922 omnes
1667 1895 1764 1930 proﬂi-

141 1953 237 1982 gantur
250 1946 375 1973 adversus
387 1945 541 1972 Trinitatem
557 1943 655 1971 oborta:
670 1942 793 1975 htzreses,
808 1950 881 1969 num.
893 1941 925 1968 i7
937 1962 938 1966 η

968 1941 1038 1968 tim)
1051 1941 1100 1977 μὲν
1116 1942 1196 1977 ἡμεῖς
1212 1941 1252 1972 εῐς
1272 1949 1302 1967 τε
1325 1940 1374 1977 τὴν
1387 1941 1490 1977 Τριάδα
1504 1941 1553 1977 τὴν
1567 1941 1677 1969 Μονάδα
1693 1941 1765 1969 πλα-

140 1995 255 2030 τύνομεν
272 1993 431 2030 ἀδιαίρετον,
449 1992 495 2019 καὶ
522 1991 571 2026 τὴν
587 1989 689 2026 Τριάδα
713 1989 794 2016 πάλιν
807 1988 944 2024 ἀμειωτον
959 1989 1000 2020 εις
1021 1988 1071 2024 τὴν
1094 1988 1203 2016 Μονάδα
1221 1988 1505 2024 συγκεφαλαιούμιθα.
1521 1988 1568 2016 Sic
1583 1996 1633 2016 nos
1651 1989 1763 2024 quidem

144 2040 280 2068 Unitatem
294 2039 487 2067 indivisibilem
503 2037 529 2065 in
542 2037 706 2064 Trinitatem
726 2035 884 2067 dilatalnus,
899 2042 932 2062 ac
946 2034 1069 2062 vicissim
1083 2034 1258 2068 Trinitatem,
1271 2042 1331 2070 quas
1347 2035 1471 2062 imminui
1489 2035 1594 2071 nequit,
1621 2037 1648 2063 in
1668 2035 1764 2064 Unius-

142 2090 198 2114 tetn
210 2086 409 2114 contrahimus.
426 2084 502 2116 Haec,
517 2084 635 2118 inquam,
648 2081 777 2109 sententia
787 2089 846 2116 qua:
862 2081 890 2108 in
903 2081 1024 2107 omnibus
1039 2079 1142 2108 Grtccis
1160 2080 1302 2108 Athanasii
1319 2081 1398 2108 editis
1413 2081 1538 2109 hactenus
1551 2082 1762 2113 desiderabatur.

138 2133 195 2169 jam
209 2133 294 2168 primo
306 2132 396 2160 Greece
410 2132 498 2167 prodit
510 2131 626 2158 omnium
642 2130 694 2164 fide
705 2129 945 2163 manuscriptorum
963 2129 1097 2155 restituta.
1111 2127 1234 2163 Collapsa
1254 2128 1346 2164 quippe
1359 2128 1422 2163 fuit,
1435 2129 1505 2164 quod
1520 2136 1593 2156 voces
1608 2128 1712 2156 Τοιάδα
1736 2133 1762 2157 et

140 2178 250 2208 Μονάδα
264 2179 387 2206 similiter
403 2178 508 2204 omnino
520 2177 678 2204 desinerent.

176 2237 221 2264 ιν.
235 2235 269 2263 Et
284 2244 342 2263 vero
359 2244 411 2262 non
437 2236 492 2261 Ιηιέ
509 2243 562 2261 una
579 2242 611 2261 etc
627 2233 720 2261 Graeco
736 2238 807 2259 textu
822 2231 957 2259 exciderat
974 2231 1122 2258 sententia:
1149 2231 1240 2257 multa
1267 2230 1360 2266 quippe
1376 2230 1437 2258 alite
1458 2235 1520 2258 sunt
1533 2231 1561 2258 in
1579 2232 1629 2257 hac
1650 2230 1761 2265 epistola

139 2283 339 2311 amanuensium
356 2282 419 2309 vitio
430 2283 545 2312 omissae.
563 2281 631 2316 quod
649 2280 768 2307 videlicet
785 2281 846 2306 duae
870 2284 1058 2312 consequenter
1067 2279 1159 2313 posita!
1175 2277 1315 2310 clausulae,
1336 2279 1374 2305 vel
1395 2278 1483 2305 cadent
1503 2278 1542 2304 rel
1555 2277 1676 2304 similiter
1691 2279 1762 2304 desi-

139 2336 215 2358 nente
231 2339 291 2357 uoce
303 2331 426 2356 caderent
441 2337 451 2355 .'
468 2336 527 2362 qua:
543 2335 630 2354 omnes
647 2329 803 2362 optimorum
816 2326 1054 2360 manuscriptorum
1071 2334 1117 2360 ope
1126 2325 1183 2360 jam
1196 2330 1257 2352 sunt
1271 2325 1384 2359 feliciter
1394 2325 1531 2353 restituta.
1548 2324 1581 2351 Et
1609 2332 1672 2351 sane
1694 2325 1761 2351 nihil

138 2378 303 2412 frequentius
315 2377 342 2403 in
358 2381 412 2402 toto
423 2375 564 2401 Athanasii
578 2381 684 2408 operum
698 2373 810 2400 decursu
824 2373 910 2398 ardere
929 2376 977 2403 est.
990 2379 1068 2406 quant
1090 2371 1224 2398 clattsulas
1242 2372 1356 2406 integras
1376 2371 1424 2397 hoc
1443 2371 1532 2404 lapsus
1545 2379 1637 2406 genere
1654 2377 1762 2406 prseter-

138 2424 245 2452 missas.
262 2421 297 2449 Ut
314 2422 352 2449 uel
368 2421 428 2448 hinc
441 2422 529 2456 palam
545 2421 666 2447 omnibus
678 2419 711 2446 sit
722 2426 801 2453 quam
823 2417 970 2444 neressaria
983 2416 1063 2451 fuerit
1078 2424 1143 2442 nova
1160 2415 1277 2450 ejusdem
1289 2417 1371 2442 sancti
1387 2416 1502 2443 doctoris
1514 2424 1619 2450 operum
1633 2417 1721 2444 editio.

173 2482 207 2510 Υ.
228 2481 305 2515 Quod
317 2485 404 2507 autent
417 2479 560 2511 Eusebius,
576 2478 619 2513 qui
634 2477 752 2512 Dionysii
763 2482 834 2511 gesta
853 2476 911 2509 fuse
924 2477 988 2502 satis
1001 2475 1180 2508 prosequitur,
1195 2481 1226 2500 ne
1242 2474 1345 2500 verbum
1357 2474 1462 2508 quidem
1479 2474 1510 2500 de
1523 2473 1573 2500 hac
1597 2474 1709 2500 historia
1719 2473 1761 2509 fe-

138 2529 221 2560 cerit;
238 2527 299 2553 hinc
314 2532 378 2552 sane
392 2529 503 2558 augetur
516 2522 571 2556 iam
591 2522 697 2556 vulgata
711 2522 743 2548 de
759 2522 825 2555 ipsa,
841 2521 968 2557 nimisque
984 2521 1061 2553 ﬁrma
1082 2519 1225 2546 Arianismi
1252 2518 1378 2553 suspicio.
1408 2518 1510 2546 Callide
1533 2519 1651 2555 profecto
1677 2520 1748 2546 tacui
1763 2536 1765 2540 ν

136 2573 231 2601 heresi
243 2580 298 2599 sum
310 2572 448 2598 exitiosam
460 2568 597 2595 historiam
612 2576 620 2594 :
638 2576 718 2602 quam
736 2568 881 2599 incautius,
895 2572 922 2593 ut
939 2567 975 2593 ait
987 2566 1158 2599 Athanasius,
1171 2565 1216 2591 alii
1233 2566 1337 2597 Ariani,
1354 2566 1382 2592 in
1393 2574 1519 2600 suamque
1536 2566 1760 2600 pernicsemeoul-

137 2623 244 2655 garunt.
256 2618 371 2653 Apparet
383 2621 469 2643 anteiit
484 2623 516 2642 ea:
533 2616 690 2649 quibusdam
706 2615 785 2649 hujus
801 2613 917 2647 epistola:
929 2613 992 2640 locis
1004 2614 1085 2646 ipsum
1096 2612 1187 2639 Arium
1198 2613 1229 2638 de
1244 2611 1368 2646 Dionysia
1379 2620 1509 2638 rumorem
1522 2612 1596 2639 illum
1611 2613 1737 2647 sparsisse
1748 2619 1759 2639 ε

138 2666 191 2693 nisi
202 2665 270 2700 forte
286 2664 384 2698 tropice
399 2662 493 2689 Arium
505 2669 553 2695 pro
567 2660 678 2687 Arionis
690 2660 857 2688 Athanasius
884 2659 1017 2695 signiﬁcet
1030 2666 1039 2685 ε
1055 2666 1131 2693 quem
1144 2659 1205 2685 item
1219 2658 1311 2685 Ariuns
1333 2658 1410 2693 quasi
1427 2659 1593 2692 superstitem
1616 2658 1762 2693 aliquando

136 2711 284 2746 loquentem
295 2709 417 2742 inducit;
433 2708 536 2735 tametsi
546 2707 614 2734 hanc
624 2706 760 2742 epistolam
772 2711 830 2741 post
844 2706 998 2741 defunctum
1011 2704 1108 2731 Arium
1130 2703 1255 2738 scriptam
1270 2702 1350 2730 fuisse
1365 2703 1409 2730 vix
1424 2703 1553 2738 quispiam
1569 2704 1602 2731 sit
1619 2704 1761 2733 dubitandi

136 2758 220 2787 locus.
