2018 3048
267 151 319 182 483

266 217 342 244 sunt,
358 219 372 238 a
387 212 483 246 quibus
496 210 576 238 etiam
587 210 722 238 Christum
738 210 872 244 abnegare
883 210 1041 238 didicerunt.
1057 216 1078 242 Α

266 258 306 286 Ιιῖἰ
323 257 455 293 siquidem
475 261 618 291 postquam
637 260 690 283 tam
711 255 793 282 multa
811 261 938 288 tantaque
954 256 1043 283 Domi-

266 310 316 330 nus
331 301 453 329 ediderat
466 308 558 335 opera,
574 301 671 335 quibus
692 301 779 336 palam
797 301 897 329 iaceret
921 309 951 329 se
961 301 1043 328 Chri-

264 352 335 377 stum
349 355 410 375 esse
422 347 519 374 Filium
534 347 579 374 Dei
598 348 723 379 viventis,
752 355 812 374 cum
828 347 863 374 ab
878 354 910 374 eo
925 347 1042 374 convicti

264 393 354 421 omnia
367 393 493 427 deinceps
507 392 648 419 adversum
662 392 816 427 Scripturas
829 393 961 420 sentirent
973 392 1044 420 dice~

265 445 388 474 rcntque,
411 446 460 466 nec
477 438 598 466 valerent
622 444 778 473 argumenta
806 440 903 473 quibus
920 438 1043 467 confuta-

264 485 362 512 bantur
375 484 416 511 vel
433 484 568 519 paulisper
582 485 698 516 obtucri,
711 485 744 511 ad
768 485 952 519 patriarcham
976 492 1042 512 con-

264 529 388 565 fugerunt
401 529 538 556 dicentes:
554 528 611 555 Νοε
627 537 726 563 patrem
738 529 861 556 lmbemu:
875 530 1040 556 Abraham":

263 576 314 602 rati
328 582 357 602 se
377 575 411 601 ita
425 581 504 610 posse
519 574 660 601 stultitiam
675 574 811 602 occultare
826 583 913 602 suam.
927 575 980 602 Sed
994 584 1042 603 nec

262 621 314 648 illis
327 621 472 656 quidquam
486 620 617 654 ejusmodi
633 621 713 647 verba
738 620 880 655 profuere,
909 629 995 655 neque
1015 622 1041 648 hi

262 666 416 703 Dionysium
434 667 607 697 nominando,
620 665 738 699 ejusdem
755 666 876 694 criminis
896 672 986 694 notam
1003 667 1042 693 cf-

261 713 354 749 fugere
364 712 498 740 valebunt.
513 711 578 738 Nam
598 711 675 746 193
686 716 713 738 et
723 711 781 739 illos
795 720 828 739 ex
841 712 905 747 ipsis
919 712 975 740 suis
984 719 1042 739 sce—

261 759 362 786 leribus
375 759 496 793 coarguit
512 758 651 791 Dominus,
673 758 715 785 his
737 758 827 786 verbis
843 767 849 785 τ
877 757 934 785 [Ioc
952 758 1041 785 Abra-

261 805 321 832 ham
337 813 387 832 nan
399 805 459 839 fecit
474 805 497 820 “
513 813 519 832 :
536 805 623 832 ethos
642 811 748 831 rursum
765 804 912 837 impietatis
928 804 1038 831 menda-

261 851 348 886 ciiqne
358 852 414 886 ipsa
428 850 527 878 veritas
540 851 690 882 convincet,
700 850 875 884 ostendetque
885 850 1039 884 Dionysium

260 898 412 933 episcopum
425 905 473 924 nec
488 897 580 924 eadem
592 904 651 932 quae
664 896 744 924 Arius
754 896 883 928 sensisse,
897 903 945 923 nec
960 897 1037 930 igno-
1054 892 1074 921 Β

261 951 334 971 rasse
346 945 496 971 veritatem.
514 943 567 970 Sed
580 951 641 971 cum
659 943 761 977 antiqui
784 942 832 975 illi,
849 947 904 969 tum
921 943 981 969 novi
995 942 1038 969 isti

259 989 354 1022 Judaei,
369 997 383 1016 a
399 993 476 1024 patre
492 996 540 1016 suo
561 988 666 1016 diabolo
687 989 840 1022 hujusmodi
856 989 883 1015 in
899 988 1038 1015 Christum

261 1035 379 1063 furorem
390 1034 544 1062 hiereditate
553 1041 694 1069 accepere.
705 1033 791 1068 Magni
804 1039 877 1061 certe
887 1033 1038 1069 argumenti

259 1087 301 1109 est
315 1082 341 1108 in
359 1081 409 1108 hoc
423 1080 484 1108 illos
503 1087 564 1107 vere
585 1087 638 1107 non
655 1079 755 1113 dicere,
775 1080 822 1107 sed
837 1080 922 1107 virum
936 1080 1039 1107 calum-

260 1127 339 1157 niari,
355 1126 427 1161 quod
449 1133 498 1153 nec
521 1125 566 1153 ille
588 1132 704 1159 unquam
723 1125 757 1152 ab
769 1125 829 1152 aliis
844 1125 976 1160 episcopis
992 1126 1038 1152 de-

259 1173 399 1205 prehensze
419 1171 565 1206 impietatis
592 1172 746 1203 damnatus,
773 1172 928 1206 episcopatu
945 1171 1037 1206 pulsus

258 1220 294 1246 sit
307 1223 337 1246 ut
360 1218 397 1245 illi
411 1225 427 1245 e
447 1218 520 1245 clero
532 1217 609 1251 eiecti
626 1221 687 1244 sunt
703 1236 710 1248 ,
729 1224 815 1251 neque
839 1217 950 1244 haeresis
975 1224 1038 1251 pro-

259 1263 409 1298 pugnandae
428 1269 508 1290 causa
525 1262 668 1290 secesserit
681 1264 714 1288 ab
730 1262 865 1294 Ecclesia,
889 1262 936 1288 sed
952 1261 978 1288 in
993 1261 1036 1288 illa

258 1308 304 1344 pie
326 1308 514 1339 obdormierit,
537 1308 649 1343 ejusque
667 1299 798 1334 memoria
828 1307 959 1334 hactenus
974 1314 1035 1335 cum

258 1353 381 1381 I’atribus
401 1352 535 1380 celebrata
551 1357 578 1380 et
596 1360 647 1380 una
675 1353 701 1380 in
711 1353 801 1380 album
832 1353 915 1380 relata
930 1353 975 1380 sit.
1006 1352 1035 1380 Si

258 1399 330 1425 enim
343 1400 449 1430 eadem,
466 1405 526 1433 quae
540 1398 588 1431 illi,
601 1398 742 1430 sensisset,
768 1402 814 1424 aut
829 1398 850 1425 si
871 1398 1034 1431 scriptorum

258 1451 367 1471 suorum
386 1443 515 1470 rationem
537 1451 589 1470 non
606 1443 776 1475 reddidisset,
793 1443 903 1470 minime
924 1443 1033 1470 dubium

257 1490 321 1525 quin
336 1489 429 1517 eadem
447 1488 542 1516 fuisset
556 1496 607 1523 qua
620 1488 657 1515 illi
672 1496 749 1524 pinna
762 1488 928 1523 plectendus.

1048 1573 1071 1604 C

291 1627 319 1654 4.
347 1627 380 1654 Ει
397 1627 455 1655 haec
471 1627 576 1661 quidem
597 1627 662 1655 satis
685 1632 763 1654 erant
783 1627 816 1654 ad
834 1627 964 1662 integram
986 1635 1034 1654 no-

255 1681 350 1701 vorum
384 1673 535 1700 Judmorum
565 1672 782 1705 confutationem,
811 1673 856 1708 qui
895 1673 1035 1700 Dominum

256 1721 399 1755 abnegauit,
412 1719 505 1746 Patres
521 1719 729 1752 calumniantur,
747 1726 893 1754 omnesque
906 1721 1036 1747 Christia-

257 1773 306 1793 nos
330 1766 454 1800 decipere
476 1771 616 1793 conantur.
641 1765 774 1792 Caeterum
795 1766 856 1800 quia
879 1767 1036 1794 occasiones

256 1812 436 1840 calumniandi
457 1812 573 1846 episcopi
598 1819 631 1838 ex
655 1812 815 1846 quibusdam
838 1812 895 1846 ejus
918 1813 1036 1847 epistolie

257 1858 378 1892 partibus
399 1865 429 1885 se
449 1857 548 1885 habere
570 1858 747 1890 arbitrantur,
763 1865 812 1893 age
833 1863 860 1885 et
880 1858 939 1885 illas
953 1859 1037 1893 inspi-

257 1904 359 1931 ciamus
369 1923 376 1936 ,
394 1908 423 1930 ιιι
436 1903 497 1930 inde
511 1911 604 1930 eorum
619 1903 817 1938 vaniloquentia
838 1909 1034 1932 commonstre-

258 1955 312 1982 tur,
328 1954 410 1984 utque
421 1949 462 1976 vel
475 1957 536 1976 sero
549 1949 655 1976 tandem
673 1948 875 1983 blasphemandi
893 1949 1035 1976 Dominum

258 1997 338 2024 linem
356 1996 468 2027 iaciant,
486 2001 513 2022 et
531 2003 591 2022 cum
616 1995 744 2022 militibus
766 1995 872 2028 saltem,
893 2001 1036 2030 conspecto

257 2047 442 2069 creaturarum
459 2041 622 2074 testimonio,
641 2041 777 2068 fateantur
796 2048 860 2068 vere
884 2041 955 2069 hunc
975 2050 1036 2070 esse

257 2087 355 2116 Filium
378 2088 435 2122 Dei,
451 2092 478 2115 et
502 2095 555 2115 non
571 2092 734 2115 creaturam.
752 2087 834 2113 Aiunt
854 2087 936 2121 igitur
951 2088 1035 2116 beata

291 2169 398 2197 "Joan.
415 2177 472 2201 vm,
494 2169 537 2196 '59.
575 2168 597 2184 “
618 2168 738 2196 ibidJO.

255 2233 340 2256 totum
365 2228 436 2254 hunc
461 2227 547 2254 locum
569 2227 608 2254 sic
636 2227 736 2254 habet:
752 2226 807 2253 Καὶ
821 2225 876 2261 γὰρ
901 2227 925 2252 ot
949 2225 1034 2261 πάλαι

260 2263 388 2294 Ἰουδαῖοι,
406 2262 523 2297 τοσαῦτα
549 2262 595 2288 τοῦ
614 2262 715 2297 Κυρίου
741 2259 919 2296 πεποιήκὸτος
937 2259 1035 2297 ,ἔργῳν

256 2299 324 2337 tisse
346 2298 484 2337 3979,35“
503 2294 716 2337 ᾦι-έγνὼρὲςον
742 2296 822 2337 ςιῡτδν
835 2294 839 2296 ’
850 2294 970 2337 ξρισῖέί
991 2295 1036 2337 τὲν

257 2329 318 2361 Ῡίδν
327 2329 373 2359 τοῦ
385 2329 458 2359 ’Θεοῦ
469 2332 516 2359 τοῦ
531 2329 629 2364 ζῶντος
637 2329 649 2364 ,”
659 2332 832 2367 ἐλεγχόμενος
847 2329 919 2367 (lege
927 2329 1035 2367 ἐλεγχό-

278 2371 342 2410 ενοι)
374 2369 438 2410 παρ’
458 2367 551 2410 αὐτοῦ,
569 2368 621 2410 κα).¹
646 2368 687 2410 μὴ.
701 2366 848 2408 ’δυνᾶμενοι
875 2366 942 2400 πρὸς
959 2366 1036 2406 ’τους

254 2378 342 2430 ἑλενοι)
374 2378 430 2410 παρ
458 2378 551 2408 αυτουη,
569 2378 616 2394 και
701 2378 848 2408 ’συναμενρι
875 2378 941 2400 πρυς
959 2378 1034 2406 ’τριβῇ

270 2404 381 2438 λέγχους
406 2411 465 2431 αντ,
496 2404 546 2436 Qui
573 2403 657 2430 codex
681 2403 724 2429 Inc
749 2407 851 2436 Incipit,
870 2409 932 2428 nam
959 2406 1035 2427 tnttlo

255 2442 366 2466 mutilus
385 2444 434 2464 est.

292 2474 350 2500 Mox
367 2472 448 2506 idem,
460 2473 637 2507 κατέφευγον.
656 2472 737 2499 Paulo
750 2477 809 2506 post
827 2472 853 2498 in
883 2469 993 2507 Taurin.
1009 2475 1036 2497 et

255 2507 374 2535 Felckm.
390 2508 406 2534 '5
421 2516 499 2535 anon.
511 2505 557 2534 καί
576 2505 638 2534 ante
649 2505 804 2542 νομίζοντες
818 2507 903 2542 deest.
931 2505 1034 2542 ibidem

255 2543 366 2570 Taurin.
384 2542 459 2570 Colb.
474 2542 530 2570 Jes.
546 2549 573 2570 et
594 2540 710 2569 Felckm.
724 2543 741 2569 5
758 2550 850 2572 anon.,
863 2540 912 2574 τὴν
925 2540 1035 2574 ἀλογίαν

255 2578 367 2613 ἑαυτῶν,
385 2578 455 2613 Ειιίιί
469 2583 495 2604 et
511 2579 586 2613 Reg.,
603 2578 713 2612 ἀλογίαν
727 2576 826 2613 αὐτῶπρ
842 2575 902 2601 Mox
919 2575 993 2613 ξομ).
1009 2580 1036 2601 el.

255 2613 300 2649 Er.
318 2608 599 2649 1,λέγοντεςῆνγυὲὀιν
619 2608 663 2639 τιξ
682 2613 779 2649 Ibidem
805 2611 896 2649 Taur.‘
918 2608 1035 2649 Co|_ber_t.

253 2646 322 2679 εει,
337 2643 403 2674 ὀὕτε
416 2643 634 2675 αὑτὸίδΕοῑώιιι.
648 2654 711 2674 vero
723 2647 740 2674 5
763 2655 856 2678 anon.,
869 2643 929 2671 οὔτε
945 2645 970 2670 οἱ
988 2644 1035 2671 νῦν

260 2682 380 2710 Ἰουδαῖοι
395 2683 535 2718 Διονύσιον
553 2682 730 2718 ὀνομάζοντες
749 2682 858 2718 φεύγειν
873 2680 933 2718 τήν,
949 2685 1001 2707 etc.

290 2718 345 2752 (67)
357 2717 474 2745 Felckm.
492 2719 509 2745 ὃ
522 2714 613 2750 ςιυοηξ,
629 2714 770 2752 διελέγχει,
791 2714 873 2743 sultis.
885 2714 966 2747 lul'ra,
976 2718 1036 2749 post

255 2752 396 2788 ἠγνόησεν.
414 2753 503 2784 Ἀλλά,
519 2753 638 2780 Felckm.
655 2753 761 2779 33mm.
781 2752 880 2788 dciicit.

292 2784 348 2821 (68)
377 2789 487 2815 Taurin.
515 2789 589 2815 (Zoili.
616 2787 683 2823 Jes.,
700 2786 930 2823 ἐκληρονρμησαν.
952 2784 1036 2823 Paulo

276 2827 317 2848 ost
327 2823 436 2849 'l‘aurin.
450 2823 524 2850 Colb.
542 2823 586 2849 Fr.
601 2823 628 2851 1,
641 2822 707 2848 ἀλλὰ
727 2821 773 2848 καῖ
789 2822 842 2847 τόν.
871 2821 928 2847 Mox
947 2821 1034 2851 Coll).,

287 2864 301 2883 ε
319 2858 396 2892 μήτε.
422 2857 484 2885 Post
498 2857 706 2892 καταγνωσθείς,
731 2861 798 2888 Ιιιιξε,
813 2855 952 2890 ἀπεϐλήθη
988 2855 1036 2891 τῆς

547 152 573 180 S.
596 151 780 178 ATHANASII
800 151 874 179 OPl’.
896 151 985 179 PARS
1003 152 1025 180 I.
1045 167 1080 172 —
1096 151 1278 179 HISTORICA
1296 151 1339 178 ΕΤ
1359 149 1567 178 DOGMATICA.

1051 2217 1073 2244 ι)
1087 2225 1239 2262 ἐπισκοπῆς
1254 2222 1357 2262 ῷσπερί
1369 2222 1440 2252 οὗτοι
1454 2226 1501 2262 τοῦ
1526 2226 1636 2262 κλήρου,

1825 149 1882 179 484

1093 210 1146 246 γὰρ
1164 209 1302 236 καὶτοῦτο
1319 209 1372 236 τῶν
1388 209 1451 244 περὶ
1468 208 1594 242 Καῐάςραν
1615 208 1765 243 ἐζήλωσαν,
1784 208 1882 246 ὥσπερ

1093 257 1139 283 καὶ
1155 257 1186 282 τὸ
1203 255 1341 291 ἀρνεῖσθαι
1357 255 1402 282 τὸν
1426 255 1542 290 Χριστὸν
1559 253 1622 289 παρ’
1639 253 1730 280 αὐτῶν
1751 255 1880 290 μεμαθή-

1093 311 1166 329 κασι.
1186 302 1241 328 Καὶ
1260 301 1315 337 γὰρ
1337 302 1472 333 κάκεῖνοι,
1495 300 1614 327 τοσαῦτα
1635 299 1681 326 τοῦ
1701 301 1804 335 Κυρίου
1831 309 1879 327 πε-

1094 348 1235 382 ποιηκότος
1254 347 1332 383 ἔργα,
1350 347 1384 373 δι’
1410 345 1446 374 ὧν
1462 345 1610 382 ἐγνώριζεν
1627 346 1721 372 ἑαυτὸν
1739 343 1809 372 εἶναι
1830 346 1878 372 τὸν

1092 394 1208 430 Χριστὸν
1222 394 1267 420 τὸν
1288 394 1351 420 Υἱὺν
1368 393 1414 419 τοῦ
1433 392 1500 419 Θεοῦ
1515 392 1561 418 τοῦ
1579 391 1687 424 ζῶντος,
1706 391 1878 427 ἐλεγχόμενοί

1091 448 1121 466 τε
1135 439 1197 475 παρ’
1218 439 1310 473 αὑτοῦ,
1335 439 1423 466 πάντα
1437 438 1511 474 παρὰ
1523 438 1573 469 τὰς
1590 437 1700 473 Γραφὰς
1718 438 1810 464 λοιπὸν
1829 438 1878 465 καὶ

1092 485 1252 521 φρονοῦντες
1262 485 1308 512 καὶ
1318 485 1452 519 λέγοντες,
1470 485 1517 511 καὶ
1533 484 1570 520 μὴ
1587 484 1730 519 δυνάμενοι
1742 483 1794 511 κᾶν
1810 485 1877 520 πρὸς

1091 531 1120 557 τὸ
1131 531 1216 566 βραχὺ
1230 531 1297 566 πρὸς
1309 532 1372 562 τοὺς
1385 531 1443 558 κατ’
1454 530 1542 557 αὐτῶν
1555 530 1680 564 ἐλέγχους
1694 530 1875 562 ἀντιὸλέπειν,

1091 578 1130 609 εἰς
1149 577 1194 604 τὸν
1214 577 1385 613 πατριάρχην
1407 577 1576 611 κατέφυγον,
1602 576 1726 610 λέγοντες
1739 584 1745 590 ·
1778 576 1876 610 Ἡμεῖς

1090 624 1201 657 πατέρα
1219 623 1327 657 ἔχομεν
1353 622 1407 649 τὸν
1431 622 1567 656 Ἀϐραάμ·
1593 622 1639 648 καὶ
1662 621 1819 656 νομίζοντες
1845 621 1876 647 ἐν

1090 669 1175 704 τούτῳ
1193 668 1321 695 δύνασθαι
1343 668 1391 704 τὴν
1417 667 1526 702 ἀλογίαν
1547 667 1649 693 ἑαυτῶν
1669 666 1874 694 ἐπικαλύπτειν.

1097 715 1165 740 Ἀλλ’
1189 714 1250 741 οὔτε
1273 715 1371 741 ἐκεῖνοι
1388 713 1466 740 τοῦτο
1489 713 1612 747 λέγοντες
1633 711 1739 748 ὢνησάν
1755 721 1790 745 τι,
1812 711 1875 738 οὔτε

1090 758 1160 787 οὗτοι
1176 761 1310 787 Διονύσιον
1326 760 1502 795 ὀνομάζοντες
1519 760 1613 793 φυγεῖν
1626 758 1675 793 τὴν
1688 758 1784 793 ὁμοίαν
1799 758 1875 784 ὲκεί-

1090 815 1144 838 νοις
1163 807 1251 833 αἰτίαν
1271 807 1445 842 δυνήσονται·
1471 807 1518 832 καὶ
1536 806 1589 841 γὰρ
1607 805 1749 836 κάκείνους
1768 805 1809 839 ἐφ’
1832 801 1875 836 οἷς

1090 853 1263 888 παρηνύμουν
1275 852 1386 888 ἤλεγξεν
1396 853 1410 878 ὁ
1419 851 1520 887 Κύριος
1534 851 1628 885 λέγων·
1644 850 1732 877 Τοῦτο
1752 850 1874 884 Ἀϐραὰμ

1088 899 1142 924 οὐκ
1153 897 1286 931 ἐποίησε
1295 897 1341 923 καὶ
1349 897 1459 928 τούτους
1469 896 1632 927 ἀσεϐοῦντας
1639 896 1685 922 καὶ
1692 895 1873 930 ψευδομένους

1089 945 1105 979 ἡ
1120 944 1188 979 αὑτὴ
1206 944 1286 971 πάλιν
1298 944 1408 979 ἀλήθεια
1425 942 1554 977 διελέγξει
1568 942 1638 978 (67)’
1651 943 1692 969 ὃτι
1704 941 1739 968 τὰ
1765 941 1871 977 ’Δρείου

1088 989 1222 1020 Διονύσιος
1233 989 1247 1014 ὁ
1261 989 1408 1020 ἐπίσκοπος
1421 987 1475 1014 οὔτ’
1491 988 1650 1023 ὲτρόνησεν,
1665 986 1727 1013 οὔτε
1741 986 1790 1021 τὴν
1806 986 1873 1021 ἁλή-

1089 1036 1163 1062 θειαν
1179 1035 1321 1070 ἠγνόησεν.
1346 1035 1424 1061 Ἀλλὰ
1439 1034 1485 1061 καὶ
1502 1035 1527 1060 οἱ
1543 1034 1603 1060 τότε
1625 1033 1755 1063 Ἰουδαῖοι,
1778 1032 1824 1059 καὶ
1845 1031 1872 1058 οι

1087 1082 1141 1108 νέοι
1158 1081 1205 1108 νῦν
1222 1081 1297 1116 παρὰ
1316 1081 1362 1107 τοῦ
1380 1080 1481 1115 πατρὸς
1498 1079 1601 1107 ἑαυτῶν
1615 1078 1661 1106 τοῦ
1676 1078 1799 1105 διαϐόλου
1820 1077 1872 1113 τὴν

1087 1127 1275 1164 Χριστομάχον
1297 1125 1486 1161 ἐκληρώσαντο
1506 1125 1569 1159 (68)
1587 1124 1694 1159 μανίαν.
1718 1123 1798 1157 Μέγα
1822 1122 1872 1157 μὲν

1086 1170 1131 1199 οὖν
1143 1173 1290 1207 τεκμήριον
1305 1171 1352 1198 τοῦ
1367 1171 1431 1207 μηδέ
1446 1170 1524 1197 τοῦτο
1543 1170 1632 1204 λέγειν
1649 1170 1746 1201 αὐτοὺς
1761 1168 1871 1203 ἀληθὲς,

1085 1217 1151 1244 ἀλλὰ
1168 1217 1213 1244 τὸν
1227 1217 1310 1252 ἄνδρα
1326 1218 1501 1251 συκοφαντεῖν
1511 1235 1518 1247 ,
1537 1217 1577 1242 ἂι
1599 1216 1667 1251 μήτε
1690 1216 1754 1251 παρ’
1769 1215 1870 1250 ἐτέρων

1085 1263 1241 1290 ἐπισκόπων
1255 1264 1300 1289 ἐπ’
1322 1263 1431 1298 ἀσεϐείᾳ.
1448 1262 1648 1296 καταγνωσθεὶς
1662 1261 1802 1296 ἀπεϐλήθη
1818 1261 1870 1296 τῆς

1084 1308 1245 1343 ἐπισκοπῆς,
1259 1308 1352 1343 ὥσπερ
1372 1305 1443 1334 οὗτοι
1462 1308 1508 1334 τοῦ
1524 1308 1636 1343 κλήρου,
1654 1307 1723 1342 μήτε
1738 1307 1817 1338 αὐτὸς
1832 1306 1870 1338 ὡς

1084 1355 1188 1391 αἵρεσιν
1200 1353 1311 1380 ἐκδικῶν
1326 1353 1419 1388 ἐξῆλθε
1433 1355 1482 1389 τῆς
1501 1353 1675 1388 Ἐκκλησίας’
1689 1353 1746 1379 ἀλλ’
1760 1353 1788 1380 ἐν
1800 1353 1869 1388 αὐτῇ

1084 1401 1245 1435 κεκοίμηται
1269 1400 1369 1431 καλῶς,
1392 1400 1439 1426 καὶ
1461 1401 1477 1434 ἡ
1501 1400 1593 1434 μνήμη
1617 1399 1696 1434 μέχρι
1720 1398 1767 1426 νῦν
1786 1398 1870 1425 αὑτοῦ

1085 1446 1154 1482 μετὰ
1168 1446 1220 1473 τῶν
1237 1447 1362 1481 πατέρων
1381 1446 1439 1473 ἐστὶ
1463 1446 1510 1473 καὶ
1529 1447 1692 1481 γέγραπται.
1712 1446 1743 1472 Εἰ
1766 1445 1819 1481 γὰρ
1834 1443 1870 1480 ἦν

1083 1493 1118 1520 τὰ
1141 1492 1243 1519 τούτων
1269 1493 1416 1527 φρονήσας,
1447 1492 1463 1527 ἦ
1493 1492 1557 1526 περὶ
1581 1489 1618 1518 ὧν
1644 1491 1746 1526 ἔγραψε
1774 1491 1810 1526 μὴ
1832 1489 1868 1526 ἦν

1085 1541 1322 1577 ἀπολογησάμενος
1332 1560 1340 1572 ,
1354 1540 1404 1566 οὐκ
1420 1538 1453 1576 ἦν
1469 1539 1627 1574 ἀμφίὸολον,
1645 1539 1685 1565 ὅτι
1703 1539 1809 1570 πάντως
1832 1538 1867 1565 τὰ

1086 1587 1156 1615 αὐτὰ
1169 1587 1215 1614 καὶ
1236 1586 1316 1618 αὐτὸς
1330 1586 1422 1617 αὐτοῖς
1443 1585 1596 1612 ἐπεπόνθει.

1120 1634 1148 1661 4.
1166 1633 1222 1660 Καὶ
1241 1633 1319 1668 ήρκει
1338 1632 1387 1667 μὲν
1402 1631 1488 1658 ταῦτα
1509 1632 1578 1666 πρὸς
1591 1632 1680 1658 πᾶσαν
1698 1632 1866 1666 κατάγνωσιν

1085 1680 1140 1706 τῶν
1156 1679 1222 1706 νέων
1245 1678 1391 1708 Ἰουδαίων.
1412 1677 1465 1704 τῶν
1482 1678 1529 1704 καὶ
1550 1678 1594 1703 τὸν
1616 1678 1716 1712 Κύριον
1737 1679 1869 1714 ἀρνουμέ-

1086 1733 1138 1751 νων
1153 1724 1219 1761 (69),
1238 1725 1284 1751 καὶ
1299 1725 1361 1755 τοὺς
1377 1724 1496 1758 πατέρας
1515 1723 1718 1756 διαϐαλλόντων,
1736 1725 1781 1751 καὶ
1798 1725 1866 1751 πάν-

1086 1778 1135 1801 τας
1155 1770 1334 1805 Χριστιανοὺς
1350 1768 1558 1804 ἐπιχειρούντων
1581 1769 1701 1804 ἀπατᾷν·
1723 1770 1815 1806 ἐπειδὴ
1838 1771 1867 1797 δὲ

1084 1815 1233 1850 προφάσεις
1245 1814 1316 1849 ἔχειν
1328 1813 1465 1848 νομίζουσι
1476 1815 1525 1849 τῆς
1537 1814 1577 1845 εἰς
1589 1814 1634 1840 τὸν
1647 1814 1794 1841 ἐπίσκοπον
1807 1816 1867 1842 δια-

1084 1860 1180 1896 ϐολῆς,
1197 1860 1267 1895 μέρη
1287 1860 1347 1887 τινὰ
1362 1859 1504 1894 ἐπιστολῆς
1524 1859 1616 1891 αὑτοῦ,
1637 1860 1703 1896 φέρε
1720 1861 1767 1887 καὶ
1783 1861 1869 1889 ταῦτα

1083 1906 1194 1941 ἴδωμεν,
1221 1906 1263 1932 ἵνα
1279 1906 1324 1932 καὶ
1347 1907 1378 1932 ἐκ
1401 1906 1502 1932 τούτων
1528 1906 1617 1933 αὐτῶν
1644 1908 1660 1942 ἡ
1691 1908 1868 1942 ματαιολογία

1082 1951 1184 1987 δειχθῇ,
1195 1952 1241 1978 καὶ
1254 1951 1409 1978 παύσωνται
1421 1951 1476 1987 (70)
1490 1951 1537 1986 μὲν
1549 1951 1600 1978 κᾶν
1613 1951 1662 1986 ὀψέ
1674 1961 1736 1979 ποτε
1748 1953 1868 1989 βλασφη-

1088 1997 1199 2032 μοῦντες
1221 1998 1285 2033 παρ’
1304 1998 1409 2028 ἑαυτοῖς
1432 1998 1476 2024 τδν
1500 1997 1618 2033 Κύριον,
1635 1998 1822 2034 ὁμολογήσωσι
1837 1999 1867 2026 δὲ

1085 2043 1137 2069 κᾶν
1154 2043 1223 2078 μετὰ
1239 2043 1293 2070 τῶν
1320 2043 1499 2079 στρατιωτῶν,
1518 2043 1660 2078 βλέποντες
1678 2046 1867 2081 μαρτυροῦσαν

1085 2089 1134 2124 τὴν
1155 2089 1252 2123 κτίσιν,
1277 2091 1318 2116 ὅτι
1337 2089 1443 2125 ἀληθῶς
1460 2086 1536 2121 οὗτος
1552 2090 1608 2125 (71)
1621 2091 1636 2117 ὁ
1656 2091 1718 2122 Υἱὸς
1732 2091 1779 2118 τοῦ
1798 2092 1866 2119 Θεοῦ

1684 2235 1724 2254 me
1745 2228 1771 2254 in
1786 2228 1866 2256 editis

1085 2261 1205 2292 deerant,
1219 2262 1244 2287 in
1257 2261 1323 2296 Reg.
1336 2261 1448 2288 Taurin.
1463 2261 1538 2288 Colh.
1555 2261 1609 2288 les.
1626 2267 1652 2289 et
1664 2261 1709 2288 Fr.
1737 2264 1747 2289 l
1767 2263 1869 2290 haben-

1087 2300 1150 2332 tur:
1164 2296 1212 2332 sed
1229 2296 1254 2322 in
1277 2296 1327 2323 hoc
1339 2296 1435 2332 ultimo
1451 2296 1589 2332 ὑπεξλήθη
1605 2297 1736 2332 mendose
1756 2297 1865 2332 legitur.

1086 2330 1146 2367 Mog
1154 2330 1318 2367 _"|'aurin.Aet
1331 2331 1461 2367 Colberln
1478 2330 1572 2366 ἐξῆλθε
1584 2330 1634 2367 τὴν
1650 2330 1821 2367 Ἐκκλησίαν.

1121 2364 1176 2400 (69)
1199 2366 1244 2392 Sic
1268 2365 1334 2398 Reg.
1360 2366 1474 2393 Taurin.
1502 2364 1578 2394 Colb.
1610 2364 1667 2395 lies.
1688 2364 1779 2396 Frfi.
1794 2368 1866 2395 Editi

1086 2407 1159 2432 vero,
1177 2400 1382 2435 ἀρνησαμένων.

1122 2435 1176 2470 (70)
1189 2436 1254 2470 llcg.
1272 2435 1394 2468 Taurin.,
1410 2436 1569 2463 παύσονται.

1121 2470 1178 2504 (71)
1197 2471 1242 2497 Sic
1264 2471 1330 2503 Reg.
1343 2471 1442 2498 Taurin
1472 2472 1589 2499 Colbert.
1603 2471 1649 2500 Fr.
1666 2472 1692 2501 Ι.
1708 2472 1778 2499 Editi
1791 2479 1866 2505 vero,

1085 2501 1162 2537 οὗτος
1179 2505 1252 2536 Υἱός,
1268 2501 1366 2533 omisso
1379 2507 1503 2534 articulo.
1524 2507 1605 2534 Paulo
1619 2513 1678 2540 post
1693 2507 1758 2534 edit.
1779 2501 1866 2533 Paris:

1086 2541 1179 2567 Colon.
1193 2546 1219 2567 et
1232 2540 1351 2568 Felckm.
1367 2542 1383 2567 5
1396 2549 1476 2568 auon.
1489 2542 1533 2574 qui
1547 2542 1589 2568 hic
1606 2543 1728 2572 resumit,
1745 2542 1868 2574 postroi-

1085 2576 1243 2611 vruvrliabent
1256 2577 1280 2602 οί
1299 2575 1391 2611 ἐχθροὶ
1412 2576 1461 2611 τῆς
1478 2577 1615 2611 ἀληθείας,
1630 2584 1688 2610 qua:
1701 2577 1791 2606 verba,
1805 2584 1867 2602 cum

1086 2610 1173 2636 desint
1192 2611 1217 2636 in
1231 2610 1357 2637 omnibus
1371 2610 1430 2637 aliis
1446 2613 1584 2638 codicibus
1598 2617 1623 2637 et
1648 2612 1674 2637 in
1692 2611 1757 2638 edit.
1787 2611 1868 2637 Com-

1086 2645 1189 2675 melin.,
1206 2646 1395 2679 expunximus.
1412 2645 1512 2672 ibidem
1531 2647 1595 2680 Reg.
1613 2646 1722 2672 Taurin.
1747 2646 1801 2672 Jes.
1822 2645 1868 2672 Fr.

1086 2679 1112 2712 l,
1132 2681 1294 2715 μακαρίτην.
1316 2681 1367 2707 Alii
1387 2689 1447 2707 cum
1461 2681 1539 2716 editis
1555 2679 1699 2716 μακάριον.
1718 2680 1777 2716 Mox
1795 2680 1869 2706 Tau-

1087 2715 1138 2742 rin.
1154 2722 1180 2742 et
1193 2716 1281 2746 Colb.,
1296 2716 1434 2750 γεννητόν.
1455 2715 1574 2743 Felckni.
1597 2717 1613 2742 5
1625 2715 1717 2746 auom,
1734 2715 1869 2750 γέννημα,

1086 2757 1237 2784 perperam.
1258 2751 1323 2777 Ibid.
1349 2749 1376 2778 in
1390 2751 1504 2777 Taurin.
1520 2751 1593 2778 Uolb.
1608 2756 1634 2778 et
1651 2751 1696 2777 Fr.
1709 2749 1783 2781 Lee
1807 2755 1870 2784 post.

1088 2783 1156 2820 μήτε
1177 2785 1260 2812 deest.
1286 2785 1369 2812 Paulo
1394 2790 1454 2819 post
1478 2785 1544 2819 lieg.
1577 2786 1687 2812 Taurin.
1710 2785 1784 2812 Coll).
1808 2783 1867 2820 des.

1086 2818 1235 2847 Felckm.3
1264 2828 1359 2853 anon.,
1383 2818 1442 2847 κατ’
1473 2818 1565 2847 οὐσίαν
1591 2821 1682 2847 αὐτόν.
1708 2821 1759 2848 Sed
1786 2818 1869 2846 αὐτόν

1087 2855 1179 2883 deerat
1194 2855 1220 2882 in
1235 2855 1322 2883 editis.
