2018 3048
255 150 302 178 491

538 151 566 178 S.
586 151 771 180 ATHANASII
790 153 864 180 OPP.
887 154 977 182 PARS
995 155 1016 182 Ι.
1036 170 1070 175 -—
1090 154 1276 182 HISTORICA
1296 155 1340 182 ET
1359 155 1565 185 DOGMATICA.

1821 156 1876 184 L93

254 215 315 242 qua
327 208 398 236 edita
418 209 532 241 Fuerant,
545 217 597 237 non
613 211 741 244 hominis,
753 213 800 239 sed
813 213 858 241 Dei
871 222 941 242 esse.
959 215 1036 243 Certe

1090 215 1177 250 μένων
1193 215 1313 251 σημείων
1332 216 1488 251 ἐληλυθέναι
1504 216 1550 243 τὸν
1570 217 1697 252 Χριστὸν,
1719 216 1810 243 λοιπὸν
1827 218 1876 244 καὶ

255 254 352 281 Petrus
376 263 437 281 cum
469 254 579 282 dixisset
609 257 695 284 virum
719 258 871 291 passibilem
898 260 1034 288 Christum

255 307 324 331 esse,
338 299 408 326 illico
424 299 561 333 subjunxit
580 309 587 326 :
609 299 661 328 Hic
673 307 766 329 auctor
785 304 842 330 vim:
861 310 898 331 est
916 305 948 338 ",
966 305 1037 339 ipse~

254 353 305 377 que
324 345 349 372 in
362 345 506 380 Evangelio
523 346 667 374 conﬁtetur
683 357 689 374 :
715 347 753 374 Tu
772 357 797 376 es
813 349 931 377 Christus
949 350 1036 379 Filius

256 390 304 416 Dei
315 390 363 416 ι·ἰυί
375 390 416 422 ³¹;
432 393 459 418 et
475 391 499 417 in
516 391 632 425 Epistola
646 401 692 419 sua
706 394 744 420 ait
764 393 867 428 ipsum,
881 395 1036 430 episcopum

256 434 417 467 animarum,
432 441 512 470 atque
530 437 670 464 Dominum
697 447 774 466 suum
795 447 843 467 nec
856 448 908 467 non
928 441 1036 475 angelo-

255 488 314 508 rum
330 487 356 508 et
371 487 530 516 potestatum
543 491 613 511 esse.
628 483 727 512 Paulus
743 486 819 517 item,
837 487 882 521 qui
901 487 940 514 ait
953 488 1035 514 Chri-

255 531 326 553 stum
338 535 396 554 csse
411 528 496 555 virum
521 537 553 556 ex
577 530 680 557 semine
703 531 802 563 David,
819 532 844 558 in
866 532 982 563 Epistula
1005 535 1037 561 ad

255 571 382 600 Hebraeos
403 573 459 600 haec
473 574 554 601 habet.
577 583 584 601 :
602 575 654 608 Qui
673 585 732 602 cum
754 578 787 604 sit
808 578 930 611 splendor
948 580 1038 613 gloriae

253 625 277 646 ει
291 619 377 654 ﬁgura
402 621 553 648 substanliw
568 621 623 656 ejus
642 621 664 638 "
679 631 687 655 ;
700 622 733 650 ad
749 623 933 659 Philippeuses
950 633 1013 652 vero
1030 635 1035 652 :

255 665 307 698 Qui
321 675 378 692 cum
394 667 421 693 in
443 667 527 701 [arma
553 667 601 694 Dei
619 673 695 697 esset.
718 677 770 695 non
785 671 905 704 rapinam
926 672 1038 698 arbitra-

254 717 296 737 tus
309 717 411 738 estesse
428 721 454 738 se
476 713 601 747 inqua/em
619 713 671 740 Deo
683 713 715 740 ³⁷.
751 714 811 741 Ηιιιο
832 723 921 749 porro.
945 721 1038 743 auctor

255 758 323 790 vim,
337 757 426 784 Filius
443 757 501 791 Dei,
514 759 645 792 splendor,
663 760 758 794 ﬁgura,
775 761 884 795 wqualir
897 761 952 788 Dea
962 781 969 793 ,
982 761 1034 789 Do-

254 803 352 835 minus,
368 803 503 837 episcopus
526 805 686 837 animarum,
706 805 768 840 quid
788 806 860 833 aliud
881 807 931 834 sibi
945 807 1036 840 velint,

254 856 333 881 quam
363 848 389 876 in
415 857 529 883 corpore
555 850 638 878 fuisse
661 850 778 878 Verbum
809 852 866 884 Dei,
893 859 942 887 per
967 853 1038 888 quod

1087 257 1127 291 εἰς
1140 260 1191 296 τὴν
1209 261 1271 295 περὶ
1292 261 1342 296 τῆς
1357 261 1482 296 θεότητος
1502 261 1584 288 αὑτοῦ
1607 261 1645 296 (2)
1667 261 1757 288 πίστιν
1774 262 1875 294 αὐτοὺς

1087 307 1245 340 ἀναγάγωσι
1261 314 1265 320 ·
1290 306 1452 339 δεικνύντες,
1475 308 1515 333 ὅτι
1530 307 1564 334 τὰ
1579 307 1711 342 γενόμενα
1735 307 1804 343 ἔργα
1823 308 1875 336 οὐκ

1088 352 1162 379 ἐστιν
1186 352 1340 388 ἀνθρώπου,
1365 353 1433 379 ἀλλὰ
1449 353 1526 379 θεοῦ.
1554 353 1660 388 ’Δμέλει
1675 353 1778 388 Πέτρος
1795 355 1810 379 ὁ
1829 353 1875 380 λέ-

1088 407 1144 432 γων
1159 398 1242 434 ἄνδρα
1259 399 1378 434 παθητὸν
1389 399 1434 425 τὸν
1444 399 1570 434 Χριστὸν,
1583 398 1663 430 εὐθὺς
1678 399 1814 433 συνῆπτεν
1824 399 1873 433 (5)-

1089 442 1182 477 Οὗτος
1198 445 1328 479 ἀρχηγὸς
1343 445 1397 478 τῆς
1411 444 1484 478 ζωῆς
1497 445 1583 471 ἐστιν
1596 453 1602 459 ·
1623 446 1651 471 ὲν
1661 445 1688 471 δὲ
1703 445 1741 480 τῷ
1754 445 1876 478 Εὑαγγε-

1087 491 1136 526 λίῳ
1152 491 1292 525 ὁμολογεῖ·
1310 491 1351 518 Σὺ
1372 492 1400 518 εἶ
1423 493 1439 518 ό
1457 491 1593 525 Χριστὸς,
1615 493 1630 518 ὀ
1650 492 1714 524 Υἱὸς
1730 490 1784 517 τοῦ
1800 489 1875 517 Θεοῦ

1087 537 1141 564 τοῦ
1157 536 1274 569 ζῶντος.
1295 537 1338 563 Ἐν
1356 537 1384 563 δὲ
1400 538 1432 572 τῇ
1455 536 1596 572 Ἐπιστολῇ
1617 545 1698 572 φησιν
1720 536 1800 563 αὐτὸν
1816 536 1876 562 ἐπί-

1089 590 1190 609 σκοπον
1203 581 1308 617 ψυχῶν,
1335 582 1382 609 καὶ
1402 581 1503 617 Κύριον
1529 582 1624 608 ἑαυτοῦ
1639 591 1668 608 τε
1691 582 1736 608 καὶ
1752 582 1876 616 ἀγγέλων

1087 627 1134 652 καὶ
1161 626 1301 661 δυνάμεων
1327 626 1365 661 (4)
1389 625 1468 653 εἶναι.
1490 627 1574 653 Πάλιν
1596 636 1625 653 τε
1643 627 1746 658 Παῦλος
1762 629 1775 654 ὁ
1789 628 1876 661 λέγων

1088 671 1171 707 ἄνδρα
1188 672 1220 698 ἐκ
1236 672 1390 707 σπέρματος
1417 672 1498 699 Δαὸὶδ
1514 670 1582 698 εἶναι
1596 672 1642 698 τὸν
1658 672 1784 708 Χριστὸν,
1799 670 1877 703 οὗτος

1088 717 1246 744 ἐπέστελλεν
1268 718 1402 753 Ἑϐραίοις
1416 718 1464 753 μέν
1475 727 1482 734 ⁸
1503 719 1551 751 Ὃς
1563 717 1606 744 ὢν
1618 718 1800 753 ἀπαύγασμα
1821 717 1877 752 τῆς

1088 762 1191 796 δόξης,
1215 763 1264 790 καὶ
1287 764 1439 798 χαρακτὴρ
1459 763 1512 798 τῆς
1537 763 1736 802 ὑποστάσεως
1764 763 1874 791 αὐτοῦ’

1089 808 1278 844 ιιιιλιππησίοις
1287 809 1316 836 δέ
1324 818 1330 824 '
1347 811 1409 842 Ὃς,
1421 809 1560 844 ἑνμορφῇ
1573 809 1645 836 Θεοῦ
1658 809 1809 844 ὑπάρχων.
1819 811 1876 844 οὐχ

1089 855 1246 890 ἁρπαγμὸν
1257 855 1392 890 ἡγήσατο
1407 856 1439 882 τὸ
1450 856 1525 882 εἶναι
1539 855 1592 882 ἴσα
1606 855 1675 888 Θεῷ.
1696 856 1733 882 Τὸ
1743 856 1771 882 δὲ
1786 856 1877 890 λέγειν

253 893 343 920 omnia
359 893 427 920 facta
443 899 521 927 sunt,
544 893 663 928 illudque
683 895 826 923 indivisum
839 904 900 924 esse
915 905 930 924 α
944 897 1034 931 Patre,

1087 901 1221 936 ἀρχηγὸν
1232 901 1286 936 τῆς
1295 902 1332 936 (5)
1340 901 1425 935 ζωῆς,
1433 902 1479 928 καὶ
1494 902 1562 929 Υιὸν
1569 902 1621 929 τοῦ
1632 902 1716 934 Θεοῦ,
1727 903 1773 928 καὶ
1785 903 1877 930 dum}

255 939 480 972 quemadmodum
498 939 624 973 splendor
636 947 650 966 a
667 940 747 968 luce?

1088 955 1198 981 γαρ-μα,
1216 948 1262 974 καὶ
1279 947 1461 981 χαρακτῆρα,
1479 948 1526 974 καὶ
1545 947 1598 974 ἴσα
1611 947 1681 980 Θεῷ,
1696 948 1743 975 καὶ
1757 949 1876 982 Κύριον,

255 986 302 1010 καὶ
315 984 485 1011 ἐπίσκοπον
496 984 612 1019 ψυχῶν,
630 985 656 1011 τί
672 984 704 1012 ἂν
719 986 760 1022 εἴη
776 987 868 1022 ἕτερον
884 987 932 1022 (6),
950 988 967 1024 ἢ
983 989 1023 1016 ὅτι
1039 991 1067 1016 ὲν
1087 990 1193 1026 σώματι
1207 992 1292 1027 Λόγος
1311 990 1344 1028 ἧν
1356 992 1434 1026 Θεοῦ,
1447 993 1480 1019 δι’
1495 990 1524 1020 οὗ
1541 992 1576 1019 τὰ
1590 992 1678 1019 πάντα
1692 992 1808 1027 ἐγένετο,
1830 994 1878 1022 καὶ

254 1029 327 1056 ἔστιν
342 1029 491 1065 ἀδιαίρετος
504 1029 550 1056 τοῦ
566 1031 681 1066 Πατρὸς,
692 1031 729 1062 ὡς
745 1032 802 1058 ἔπι
817 1033 847 1059 τὸ
860 1034 1029 1070 ἀπαύγασμα
1048 1036 1116 1071 πρὸς
1132 1037 1162 1063 τὸ
1173 1037 1245 1072 φῶςς

290 1077 317 1105 9.
334 1077 450 1112 ldipsum
464 1077 519 1111 egit
531 1078 673 1113 Dionysius
697 1078 732 1104 ab
757 1079 886 1113 apostolis
901 1080 1012 1108 edoctus
1029 1091 1035 1109 :

256 1132 318 1151 cum
337 1123 408 1151 enitn
420 1123 475 1158 jam
492 1124 645 1157 irrepsisset
664 1123 773 1151 Sabellii
790 1125 913 1158 haeresis,
929 1132 1038 1154 coactus

255 1175 296 1197 est
308 1169 459 1203 huiusmodi
477 1169 628 1204 epistolam,
641 1175 672 1197 ut
685 1170 751 1202 dixi,
764 1171 894 1203 scribere,
909 1179 940 1199 ac
955 1173 1036 1201 verba

253 1223 313 1250 qua:
327 1216 422 1243 humili
450 1222 477 1243 et
503 1216 622 1243 lmmano
640 1223 714 1243 more
737 1217 769 1243 de
797 1217 877 1252 196
899 1217 1038 1245 Salvatore

254 1262 324 1289 dicta
336 1268 409 1294 sunt,
436 1262 488 1289 illis
501 1262 635 1297 obiicere,
651 1266 680 1289 ut
701 1270 749 1296 per
762 1263 878 1290 humana
901 1264 960 1291 illos
976 1265 1038 1291 abs-

255 1314 367 1336 Ierreret
383 1318 398 1336 a
424 1309 537 1336 dicendo
548 1330 555 1340 ,
571 1309 668 1336 Filiqu
683 1317 741 1337 esse
756 1310 876 1342 Patrem,
892 1312 984 1346 sicque
997 1312 1038 1339 fa-

253 1355 375 1382 ciliorem
394 1355 447 1382 illis
462 1356 533 1382 viam
550 1356 583 1382 ad
600 1355 752 1383 doctrinam
769 1356 803 1383 de
816 1357 876 1383 Filii
899 1357 1039 1385 divinitate

254 1402 390 1433 muniret,
407 1401 450 1428 ubi
464 1402 489 1428 in
506 1402 732 1437 subsequentibus
757 1403 877 1436 epistolis
904 1403 978 1430 illum
1004 1411 1036 1430 ex

254 1447 402 1483 Scripturis
422 1449 507 1475 sacris
535 1449 682 1483 appellaret
705 1447 841 1481 Verbum,
865 1450 1036 1484 sapientiam.

252 1495 392 1526 virtutem,
408 1502 544 1528 vaporem,
557 1500 584 1521 et
594 1494 764 1529 splendorem
778 1495 876 1523 Patris.
895 1495 923 1522 In
935 1497 1036 1530 episto-

253 1541 286 1567 lis
306 1541 396 1576 itaque
417 1541 450 1567 ad
476 1542 516 1568 sui
543 1541 728 1568 defensionem
750 1541 868 1575 scriptis.
893 1541 979 1575 palam
1004 1542 1037 1568 de

253 1587 305 1614 ﬁde
322 1587 451 1622 loquitur,
465 1589 646 1622 pietatemque
657 1594 720 1622 erga
732 1586 868 1614 Christum
883 1587 1035 1622 proﬁtetur.

252 1634 290 1661 Ut
310 1634 392 1669 igitur
414 1634 526 1669 apostoli
542 1633 685 1661 accusandi
699 1641 752 1661 non
775 1637 837 1661 sunt
854 1633 888 1660 ob
904 1634 985 1660 verba
1004 1634 1036 1660 de

253 1680 356 1707 Domini
377 1681 545 1707 humanitate
570 1681 672 1714 prolata
701 1679 779 1716 (nam
804 1680 931 1707 Dominus
956 1680 1035 1707 homo

1122 1083 1149 1111 9.
1160 1084 1213 1110 Καὶ
1227 1084 1364 1116 Διονύσιος
1375 1084 1465 1111 τοίνυν
1480 1085 1555 1120 παρά
1567 1085 1620 1112 τῶν
1631 1086 1787 1114 ἀποστόλων
1798 1088 1878 1115 τοῦτο

1090 1129 1183 1165 μαθὼν
1211 1131 1374 1166 πεποίηκεν·
1397 1131 1490 1167 ἐπειδὴ
1506 1132 1559 1168 γὰρ
1583 1129 1677 1168 εἷρπεν
1694 1134 1711 1168 ἡ
1733 1133 1877 1161 Σαϐελλίου

1088 1177 1204 1212 αἵρεσις,
1223 1177 1382 1213 ἠναγκάσθη
1406 1178 1455 1213 τὴν
1480 1177 1617 1214 τοιαύτην,
1640 1179 1711 1206 καθὰ
1736 1182 1876 1216 προεῖπον,

1088 1223 1232 1257 ἐπιστολὴν
1251 1223 1364 1259 γράψαι,
1381 1224 1428 1250 καὶ
1444 1224 1477 1250 τὰ
1495 1224 1673 1260 ἀνθρωπίνως
1691 1225 1738 1252 καὶ
1760 1227 1878 1259 εὐτελῶς

1088 1268 1210 1303 περὶτοῦ
1227 1269 1353 1304 Σωτῆρος
1369 1270 1406 1304 (7)
1430 1269 1562 1306 εἰρημένα
1590 1271 1666 1305 ῥίψαι
1694 1272 1754 1298 κατ’
1769 1272 1875 1299 αὐτῶν·

1089 1313 1142 1345 ἵνα,
1155 1314 1265 1346 τούτους
1275 1316 1467 1350 ἀποσχοινίσας
1484 1316 1529 1342 διὰ
1542 1316 1577 1342 τὰ
1597 1315 1755 1352 ἀνθρώπινα
1773 1318 1821 1344 τοῦ
1837 1319 1876 1353 μὴ

1088 1360 1178 1394 λέγειν
1192 1360 1255 1386 Υίὸν
1278 1359 1347 1387 εῖναι
1372 1361 1416 1387 τὸν
1440 1361 1560 1397 Πατέρα,
1587 1362 1770 1398 εὐκολωτέραν
1786 1363 1877 1394 αὐτοῖς

1088 1407 1280 1442 κατασκευάσῃ
1296 1407 1345 1442 τὴν
1362 1407 1428 1442 περὶ
1444 1407 1493 1442 τῆς
1510 1407 1636 1442 Θεότητος
1655 1408 1701 1434 τοῦ
1721 1408 1786 1435 Υἱοῦ
1801 1409 1876 1436 διδα-

1088 1451 1212 1482 σκαλίαν,
1239 1451 1303 1478 ὅταν
1330 1452 1410 1478 αὑτὸν
1425 1452 1454 1477 ὲν
1467 1453 1527 1484 ταῖς
1542 1452 1634 1484 ἄλλαις
1652 1453 1807 1485 ἐπιστολαῖς
1823 1454 1877 1480 ἀπὸ

1086 1496 1140 1523 τῶν
1155 1497 1269 1532 Γραῳῶν
1286 1497 1362 1534 λέγῃ,
1380 1497 1475 1532 Λόγον,
1494 1497 1598 1532 σοφίαν,
1626 1498 1749 1534 δύναμιν,
1765 1499 1876 1534 ἀτμίδα,

1089 1543 1136 1570 καὶ
1150 1542 1321 1578 ἀπαύγασμα
1333 1543 1381 1569 τοῦ
1396 1544 1512 1579 Πατρός.
1534 1545 1578 1571 Ἐν
1594 1544 1659 1579 γοῦν
1680 1546 1740 1576 ταῖς
1757 1545 1794 1580 (8)
1818 1546 1878 1572 ἐπι-

1088 1590 1193 1621 στολαῖς
1209 1589 1259 1624 τῆς
1273 1589 1421 1623 ἀπολογίας
1434 1589 1546 1616 τοιαῦτα
1564 1590 1661 1624 λέγων,
1690 1590 1876 1625 παρρησιάζε-

1086 1644 1131 1662 ται
1145 1636 1173 1662 ὲν
1185 1637 1216 1671 τῇ
1232 1635 1331 1666 πίστει,
1346 1636 1394 1662 καὶ
1407 1637 1441 1670 τῇ
1451 1637 1491 1667 εἰς
1502 1635 1619 1671 Χριστὸν
1628 1636 1760 1672 εὐσεϐείᾳ.
1772 1636 1876 1672 Ὥσπερ

1086 1679 1133 1708 οὖν
1147 1682 1176 1708 οὐ
1195 1681 1393 1717 κατηγορητέοι
1407 1681 1432 1708 οἱ
1446 1682 1588 1709 ἀπόστολοι
1606 1682 1650 1709 διὰ
1670 1681 1704 1708 τὰ
1721 1681 1877 1718 ἀνθρώπινα

252 1724 339 1752 factus
351 1725 413 1761 est),
430 1727 493 1761 quin
514 1727 604 1762 potius
627 1727 807 1753 admiratione
831 1726 903 1761 digni
926 1731 988 1753 sunt
1001 1726 1036 1753 ob

1091 1729 1201 1764 ῥήματα
1217 1727 1280 1762 περὶ
1302 1726 1349 1753 τοῦ
1366 1727 1467 1762 Κυρίου
1490 1727 1548 1762 (καὶ
1571 1727 1625 1763 γὰρ
1641 1727 1783 1764 ἄνθρωπος
1797 1728 1875 1762 γέγο-

252 1771 409 1804 prudentem
431 1773 659 1807 dispensationem
680 1777 707 1800 et
737 1772 886 1800 doctrinam
922 1773 1037 1808 tempori

252 1817 496 1850 accommodatam;
514 1818 552 1845 sic
570 1819 712 1854 Dionysius
720 1826 770 1854 pro
783 1819 883 1846 Ariano
898 1819 1036 1848 habendus

252 1870 305 1889 non
317 1867 369 1896 est,
386 1868 495 1899 propter
506 1865 646 1898 epistolam
666 1865 698 1892 ad
714 1865 916 1899 Euphranorem
931 1866 1036 1893 etAm-

252 1910 371 1936 monium
389 1915 484 1938 contra
501 1910 647 1939 Sabellium
672 1912 811 1946 scriptam.
828 1912 947 1939 Tametsi
963 1912 1035 1939 enim

254 1953 400 1981 humilibus
413 1955 501 1981 verbis
515 1960 542 1982 et
556 1955 686 1990 exemplis
706 1961 747 1983 est
766 1964 847 1988 usus,
863 1961 891 1983 at
905 1956 948 1983 illa
973 1961 1036 1984 sunt

254 2005 285 2024 ex
304 1998 457 2034 Evangeliis
472 2001 641 2035 deprompta,
657 2002 785 2036 adestque
802 2002 837 2029 illi
851 2002 966 2037 legitima
979 2002 1037 2030 hinc

252 2045 440 2072 conscribendi
454 2054 547 2078 causa,
560 2046 708 2074 Salvatoris
724 2048 828 2075 scilicet
845 2048 870 2074 in
891 2056 974 2075 carne
989 2048 1036 2074 ad-

251 2096 357 2123 ventus,
383 2096 492 2127 propter
514 2101 593 2126 quem
616 2094 673 2120 lnec
684 2098 710 2120 et
726 2094 824 2121 similia
847 2094 948 2128 scripta
962 2099 1033 2121 sunt.

251 2135 318 2163 Nam
345 2142 374 2163 ut
394 2137 450 2172 ipse
471 2137 587 2165 Verbum
612 2144 653 2166 est
665 2140 722 2170 Dei,
746 2139 782 2166 ita
800 2145 900 2174 postea
922 2139 1035 2167 Verbum

250 2190 312 2209 mro
335 2183 435 2216 factum
457 2188 495 2210 est
515 2184 551 2217 '8;
577 2189 609 2212 et
627 2184 663 2212 In
694 2185 823 2220 principio
848 2185 956 2220 quidem
978 2189 1035 2212 erat

1090 1782 1133 1800 νεν
1150 1775 1164 1800 ὁ
1177 1772 1314 1808 Κύριος),
1329 1772 1396 1798 ἀλλὰ
1411 1773 1457 1799 καὶ
1474 1773 1512 1808 (9)
1533 1773 1630 1808 μᾶλλον
1648 1773 1786 1809 θαύματος
1807 1773 1876 1806 ἄξιοι

1089 1819 1133 1846 διὰ
1156 1819 1205 1854 τὴν
1221 1818 1376 1853 οἰκονομίαν
1398 1819 1446 1845 καὶ
1461 1819 1509 1854 τὴν
1534 1821 1562 1846 ὲν
1578 1820 1667 1855 καιρῷ
1686 1819 1875 1846 διδασκαλίαν·

1089 1863 1176 1895 οὕτως
1198 1864 1249 1890 οὐκ
1266 1863 1403 1898 Ἀρειανὺς
1414 1864 1428 1889 ό
1445 1863 1582 1895 Διονύσιος
1598 1864 1665 1898 (l0),
1680 1864 1724 1891 διὰ
1742 1864 1791 1900 τὴν
1809 1865 1876 1900 πρὸς

1088 1909 1250 1945 Εὒψράνορα
1261 1909 1307 1936 καὶ
1325 1908 1477 1944 Ἀμμώνιον
1486 1910 1556 1936 κατὰ
1566 1909 1709 1936 Σαόελλίου
1721 1910 1874 1945 ἐπιστολήν,

1089 1956 1121 1982 Εἰ
1135 1956 1191 1992 γὰρ
1207 1956 1255 1982 καὶ
1280 1957 1417 1987 ταπεινοῖς
1441 1955 1576 1990 ἐχρήσατο
1600 1955 1689 1990 λόγοις
1715 1956 1761 1982 κα).
1786 1965 1876 1991 παρα-

1089 2001 1242 2036 δείγμασιν,
1260 2001 1316 2027 ἀλλ’
1336 2002 1368 2028 ὲκ
1383 2001 1437 2028 τῶν
1450 2001 1621 2035 Εὑαγγελίων
1636 2002 1694 2028 ἐστὶ
1709 2003 1755 2028 καὶ
1768 2001 1855 2028 ταῦτα
1866 2011 1877 2017 ι

1089 2048 1136 2073 καὶ
1151 2047 1286 2082 πρόφασιν
1298 2047 1354 2082 ἔχει
1368 2047 1479 2080 τούτων,
1489 2048 1537 2083 τὴν
1549 2047 1594 2073 τοῦ
1610 2048 1734 2083 Σωτῆρος
1745 2047 1875 2083 ἕνσαρδων

1089 2092 1250 2128 παρουσίαν,
1267 2093 1300 2119 δι’
1313 2094 1345 2128 ἢν
1367 2093 1422 2128 (Η)
1441 2093 1487 2119 καὶ
1505 2093 1590 2119 ταῦτα
1614 2092 1661 2119 καὶ
1683 2093 1716 2120 τὰ
1733 2093 1814 2128 ὃμοια
1828 2094 1876 2128 γέ-

1089 2147 1220 2175 γραπται.
1234 2139 1289 2166 Καὶ
1306 2139 1359 2175 γὰρ
1372 2139 1465 2175 ὥσπερ
1476 2139 1561 2173 Λόγος
1575 2139 1633 2165 ἐστὶ
1645 2138 1691 2165 τοῦ
1705 2139 1785 2170 Θεοῦ,
1805 2138 1875 2165 οὕτω

1090 2185 1158 2220 μετὰ
1173 2184 1258 2212 ταῦτα
1276 2186 1307 2211 Ὀ
1323 2186 1417 2220 Λόγος
1438 2185 1520 2220 σὰρξΔ
1530 2186 1646 2220 ἐγένετο
1664 2186 1719 2222 (1‘2)
1731 2195 1737 2201 '
1754 2186 1810 2219 καὶ,
1828 2186 1875 2212 Ἐν

286 2261 381 2289 "Act.
399 2270 440 2293 ιιι,
458 2262 500 2289 l5.
539 2263 560 2278 ³⁵
576 2262 671 2290 Matth.
690 2271 745 2297 xw,
763 2263 806 2292 16.
845 2263 868 2279 ³⁸
881 2263 962 2291 Hebr.
980 2271 1000 2296 ι,
1015 2261 1036 2291 5η

1087 2263 1103 2279 ’⁷
1119 2263 1236 2304 Philipp.
1250 2271 1280 2297 tt,
1297 2264 1324 2290 6.
1362 2263 1384 2280 ³⁸
1399 2263 1477 2291 Joan.
1494 2271 1513 2296 ι,
1530 2264 1572 2292 M.

285 2344 323 2378 (2)
341 2343 428 2370 Αὐτοῦ
445 2343 519 2370 deest
532 2344 558 2370 itt
577 2343 688 2370 Tauriu.

285 2380 322 2413 (5)
335 2379 536 2415 TaurinaColb.
560 2379 605 2407 Fr.
627 2380 652 2411 1,
666 2380 800 2406 συνεῖπεν.
820 2378 1033 2415 Ιθςηνσυνῆψεν.

249 2413 316 2447 Reg.
345 2420 372 2440 et
400 2414 475 2445 editi,
497 2415 639 2449 συνῆπτεν.
659 2414 717 2440 Mox
743 2414 867 2444 Taurin..
890 2413 1032 2449 ὡμολόγει.

249 2449 351 2475 Ibidem
369 2449 488 2475 τοῦαιιιθ
505 2449 640 2481 ζὼντοςὶιι
651 2450 730 2477 editis
745 2450 821 2476 deest
836 2458 842 2475 :
859 2450 886 2476 iu
897 2451 1034 2478 codicibus

248 2491 314 2510 vero
327 2484 452 2510 omnibus
468 2484 574 2518 legitur.

285 2519 326 2553 (Α)
342 2518 434 2555 Feb-Is.
450 2520 466 2545 5
483 2527 574 2555 auom.
593 2520 638 2546 καὶ
651 2519 795 2555 δαιμόνων.

285 2554 324 2589 (5)
341 2554 368 2580 ln
381 2553 447 2587 Reg.
463 2554 527 2589 etin
541 2555 620 2580 editis
635 2555 684 2589 τῆς
697 2553 770 2581 deest
786 2564 791 2580 :
807 2554 853 2582 sed
876 2555 991 2582 habetur
1005 2555 1032 2582 iu

249 2589 363 2616 Taurin.
378 2589 455 2616 (Jolb.
470 2588 524 2616 les.
539 2594 566 2615 et
580 2589 672 2617 Felclt.
689 2591 705 2616 5
716 2598 797 2617 anon.
824 2591 883 2616 Mox
901 2590 994 2617 Felck.
1018 2591 1035 2617 5

247 2632 342 2656 anon.,
355 2625 410 2651 ἴσον
422 2624 491 2659 Θεῷ.

284 2660 321 2694 (6)
333 2659 446 2696 Taurin.
463 2657 539 2686 Coll).
553 2657 608 2686 Jes.
624 2659 715 2696 Fe‘lck.
725 2659 747 2696 75
761 2667 853 2690 auom,
863 2660 890 2685 τί
907 2661 940 2687 ἂν
954 2658 1037 2696 ᾗὲτε-

250 2695 364 2730 οοναιυὶ
381 2694 493 2721 ultimus
510 2695 648 2730 sequenti:-
664 2696 703 2721 sic
724 2695 804 2730 habet
819 2704 825 2720 :
843 2696 859 2730 ἦ
875 2696 916 2722 ὅτι
938 2694 970 2722 ἐν’
986 2695 1037 2721 σώ-

250 2729 314 2766 ματί
332 2731 389 2756 ἐστι
403 2730 488 2766 Λόγος
508 2728 544 2756 ὼν
565 2729 643 2759 Θεοῦ,
658 2735 712 2766 etc_,.
727 2729 785 2766 Μοῐ
810 2728 890 2766 idein,
904 2731 1038 2766 διαίρετος

247 2763 286 2799 τῷ
301 2765 388 2800 Πατρ).
401 2765 439 2796 ὡς
455 2765 524 2793 ἐστι.
534 2766 671 2791 mendose.
687 2763 798 2790 'l'auriu.
811 2765 886 2793 Colb.
903 2763 1038 2793 Jesfante

247 2804 285 2830 ως
298 2800 354 2826 ἔστι
369 2801 468 2826 habent
480 2799 535 2826 καί.

284 2834 323 2868 (7)
340 2835 453 2862 Tauriu.
469 2834 545 2861 Colb.
560 2833 627 2863 Jes..
644 2843 687 2865 πς.
712 2834 736 2859 id
759 2840 799 2860 est
822 2834 938 2870 Πατρός.
953 2842 1036 2868 prono

248 2870 348 2904 quippe
367 2869 441 2903 lapsu
456 2877 487 2896 ex
517 2877 590 2904 590;,
607 2870 632 2896 id
659 2874 700 2897 est
722 2870 847 2906 Σωτῆρος
865 2869 966 2898 factum
990 2875 1033 2899 est

1052 2347 1075 2374 D
1088 2343 1167 2379 πρὸς,
1180 2343 1298 2376 Πατρός.
1317 2342 1377 2370 Mox
1391 2343 1482 2379 Felfk.
1497 2343 1515 2379 5
1531 2350 1623 2375 auem,
1645 2343 1688 2370 ΐνα
1707 2342 1770 2379 reb;
1786 2343 1875 2379 rotati.

1087 2377 1149 2410 τους
1177 2379 1191 2404 ὁ
1210 2378 1410 2413 ἁποσχοινίσας.
1438 2377 1521 2405 Paulo
1546 2383 1607 2413 post
1630 2379 1710 2410 idem,
1726 2377 1878 2404 εὐκολώτε-

1106 2422 1144 2440 ον.

1090 2423 1161 2483 ροῖὲ)
1180 2448 1268 2475 Felck.
1282 2448 1300 2475 5
1312 2456 1406 2481 anon.,
1418 2449 1462 2475 Ἐν
1472 2448 1526 2483 γὰρ
1541 2449 1609 2480 ταῖς.

1124 2482 1161 2519 (9)
1173 2484 1227 2509 Καί
1242 2484 1326 2519 rdeest
1351 2484 1377 2511 in
1405 2482 1516 2511 Taurin.
1541 2483 1616 2510 Coll).
1644 2482 1703 2510 les.
1721 2483 1768 2510 Fr.
1795 2484 1821 2511 1.
1844 2484 1872 2511 In

1087 2519 1200 2561 reliiittis
1216 2518 1297 2561 editis
1309 2524 1414 2561 CLIIISS:
1434 2519 1541 2561 leﬁitlur.
1556 2519 1803 2561 Plox,"oixovaplav
1821 2519 1873 2561 fel.

1087 2553 1220 2614 τήν.¹51‹ιῑ
1234 2554 1300 2589 Reg.
1322 2553 1434 2581 Tauriu.
1456 2553 1531 2581 Colb.
1550 2553 1605 2581 Jes.
1624 2553 1670 2581 Fr.
1694 2554 1721 2581 1.
1741 2553 1769 2580 lu
1795 2555 1874 2582 editis

1090 2597 1135 2614 και
1146 2598 1153 2613 ι
1164 2596 1209 2614 ees
1223 2607 1230 2614 .

1090 2597 1135 2615 και
1146 2596 1230 2615 ιιεεει.

1126 2624 1179 2660 (10)
1195 2623 1284 2650 Felck.
1301 2624 1317 2651 5
1330 2632 1423 2655 auom,
1439 2624 1489 2650 οὐκ
1500 2624 1638 2660 ’Λρειανὺς
1653 2624 1787 2655 Διονύσιος
1804 2624 1873 2660 πρὸς

1091 2659 1222 2685 Εὑσέὸιον
1236 2659 1283 2686 καὶ
1298 2659 1453 2694 Σαμμωνᾶν
1465 2659 1513 2692 (sic
1529 2661 1578 2686 hoe
1594 2660 1665 2689 loco.
1684 2667 1765 2692 supra
1783 2665 1871 2685 tamen

1097 2694 1251 2731 ’Λμμωνᾶιη
1278 2695 1355 2731 κατὰν
1368 2694 1510 2720 Σαϐελλίου
1532 2694 1673 2731 ἐπιστολὴν
1699 2695 1821 2730 γράφων.
1841 2694 1873 2720 Οί

1090 2730 1153 2764 γάρ·
1166 2730 1204 2756 sic
1221 2730 1264 2756 ille
1279 2730 1414 2756 mendose.

1140 2765 1180 2799 Η)
1203 2765 1269 2799 lleg.
1286 2765 1369 2797 solus,
1385 2765 1418 2791 δι’
1429 2766 1468 2791 ὃν.

1138 2799 1179 2832 12)
1196 2799 1286 2826 Felck.
1305 2799 1322 2826 5
1336 2808 1428 2832 auon.,
1443 2805 1502 2834 post
1519 2800 1637 2834 ἐγένετο,
1659 2799 1752 2829 addit,
1773 2799 1820 2824 καὶ
1841 2799 1872 2825 ὲν

1087 2835 1151 2876 χήμῖν
1163 2835 1311 2870 ἐσκήνωσε.
1327 2835 1402 2868 Quod
1421 2836 1511 2862 itidem
1526 2835 1605 2870 paulo
1623 2834 1693 2862 infra
1717 2835 1789 2862 addit
1812 2839 1878 2868 post.

1085 2877 1203 2905 εγενετο.
