2018 3048
143 169 198 199 491

142 276 195 302 τῶν
212 275 317 302 αἰώνων
330 276 364 302 ὲν
376 276 481 311 γαστρί
495 276 579 311 ἔσχε,
608 277 654 304 καὶ
670 277 780 312 γέγονεν
793 278 807 304 ὁ
827 277 929 314 Κύριος

142 322 293 357 ἄνθρωπος.
312 323 367 349 Καὶ
378 320 418 355 εἷς
432 323 480 358 μὲν
492 323 566 350 ἔστιν
581 324 595 350 ὁ
607 323 636 357 ἐξ
649 324 811 360 ἀμφοτέρων
834 333 930 360 σημαι-

142 369 269 404 νόμενος·
292 368 319 395 ’0
333 368 386 405 γὰρ
405 369 499 405 Λόγος
517 369 595 404 σὰρξ
617 368 750 405 ὲτένεέοο
770 370 804 397 τὰ
821 371 850 397 δὲ
865 371 929 406 περὶ

142 415 191 451 τῆς
207 415 333 450 θεότητος
345 415 427 442 αὑτοῦ
440 416 486 443 καὶ
495 417 542 452 τῆς
556 416 788 452 ὲνανθρωπήσεως
797 417 929 453 εἰρημένα

144 462 253 497 ῥήματα
270 461 336 488 ἰδίαν
350 462 397 489 καὶ
414 462 580 498 κατάλληλον
597 463 653 498 ἔχει
670 464 738 499 πρὸς
749 463 864 490 ’ἑκαστον
875 464 928 490 τῶν

142 508 294 543 λεγομένων
306 508 354 544 τὴν
369 509 516 545 ἑρμηνείαν
529 519 536 524 ·
553 510 600 536 καὶ
611 511 626 536 ὁ
639 510 673 536 τὰ
694 510 850 546 ἀνθρώπινα
872 510 927 546 (15)

142 555 189 581 τοῦ
200 556 287 589 Λόγου
304 555 417 591 γράφων
428 554 481 582 οἵδε
493 556 539 583 καὶ
555 556 589 582 τὰ
607 557 671 592 περὶ
682 556 732 592 τῆς
747 556 871 590 θεότητος
884 557 929 583 αὐ-

141 601 188 628 τοῦ
197 611 203 616 ·
221 602 266 628 κα).
280 603 293 628 ὁ
304 603 367 637 περ).
381 602 430 637 τῆς
441 603 566 637 θεότητος
581 602 761 639 ἐξηγούμενος
776 603 826 630 οὐκ
837 604 930 638 ἀγνοεῖ

141 646 176 674 τὰ
199 647 252 673 tam
267 648 316 682 τῆς
337 648 469 683 ὲνσάρκου
493 648 548 684 (14)
572 649 724 684 παρουσίας
748 649 848 675 αὐτοῦ·
871 649 928 676 ἀλλ’

143 691 258 718 ἕκαστον
273 692 310 724 ὡς
327 693 485 728 ἐπιστήμων
501 693 548 720 καὶ
565 693 676 729 δόκιμος
690 694 857 730 τραπεζίτης
871 695 929 722 δια-

142 737 253 774 κρίνων,
284 739 343 765 κατ’
357 739 436 775 ὀρθὸν
464 739 514 774 τῆς
539 740 678 772 εὐσεϐείας
706 740 844 776 βαδιεῖται.
865 741 928 767 Ὅτε

141 784 207 819 γοῦν
221 785 302 811 αὐτὸν
320 785 448 812 κλαίοντα
468 785 552 820 λέγει,
568 784 648 817 οἶδεν,
661 787 712 818 ὅτι,
729 787 870 823 ἄνθρωπος
884 796 930 822 γε-

142 829 253 864 νόμενος
274 831 287 856 ὁ
302 830 412 865 Κύριος,
435 831 554 857 δείκνυσι
573 831 603 858 τὺ
624 831 673 866 μὲν
691 831 794 858 κλαίειν
814 831 862 858 τοῦ
882 832 929 859 ἀν-

143 873 288 910 θρωπίνου,
303 876 402 911 ἐγείρει
413 876 440 901 δὲ
455 875 578 911 Λάζαρον
592 876 629 908 ὡς
643 876 722 908 Θεός·
733 877 779 903 καὶ
795 877 928 904 πεινῶντα

146 921 194 955 μὲν
210 921 290 949 αὑτὸν
307 921 353 948 καὶ
372 922 490 957 διψῶντα
510 920 757 961 οἶδεσωματικῶς,
782 923 880 956 θεῖκῶς
897 923 925 950 δὲ

145 966 310 1001 χορτάζοντα
334 968 387 994 ἀπὸ
405 969 484 995 πέντε
504 969 594 1004 ἄρτων
615 970 864 1005 πεντακισχιλίους-
880 971 926 997 καὶ

145 1012 281 1047 κείμενονη
296 1014 344 1048 μὲν
362 1011 432 1041 οἶδεν
454 1016 482 1042 ὲν
507 1015 631 1050 μνημείῳ
647 1015 725 1050 σῶμα
740 1015 924 1051 ἀνθρώπινον,

143 1058 315 1095 ἐγειρόμενον
336 1060 364 1086 δὲ
383 1061 421 1092 ὡς
436 1061 503 1087 Θεοῦ
528 1061 607 1097 σῶμα
625 1062 688 1098 παρ’
701 1061 783 1088 αὐτοῦ
803 1061 849 1088 τοῦ
874 1062 925 1089 Λό-

143 1113 193 1139 γου
209 1105 275 1140 (151

179 1151 221 1178 10.
238 1152 329 1179 Ταῦτα
341 1153 386 1180 καὶ
401 1153 535 1186 Διονύσιος
551 1155 693 1187 διδάσκων,
710 1156 738 1182 ἐν
755 1155 803 1190 μὲν
812 1157 844 1192 τῇ
859 1156 927 1192 πρὸς

144 1197 304 1233 Εὗφράνορα
313 1199 359 1225 καὶ
377 1199 530 1235 Ἀμμώνιον
546 1201 672 1236 ἐπιστολῇ
684 1210 717 1227 πε
721 1202 747 1237 pi
761 1202 814 1228 τῶν
822 1202 927 1238 ἀνθρω-

144 1243 229 1275 πίνως
245 1245 398 1280 εἰρημένων
423 1246 485 1281 περί¹
510 1245 556 1273 τοῦ
583 1247 709 1282 Σωτῆρος
724 1248 767 1274 διὰ
784 1248 926 1275 Σαϐέλλιον

144 1289 260 1325 ἔγραψεν
273 1300 279 1305 ·
298 1291 473 1326 ἀνθρωπίνως
489 1292 542 1327 γάρ
559 1293 631 1319 ἐστιν
652 1294 784 1328 εἰρημένα
797 1294 860 1330 περὶ
876 1296 925 1321 αὑ-

145 1334 190 1361 τοῦ
206 1335 246 1368 τὸ,
262 1336 334 1371 Ἐγὼ
345 1337 364 1369 ὴ
377 1337 509 1372 ἄμπελος
524 1337 589 1373 (16),
605 1340 622 1365 ὁ
635 1339 736 1373 Πατὴρ
749 1341 765 1366 ὀ
778 1341 903 1375 γεωργός
917 1349 924 1356 ·

144 1381 190 1408 καὶ
199 1381 239 1414 τὸ,
258 1383 370 1410 Πιστὸν
383 1383 454 1410 ὄντα
468 1384 510 1416 τῷ
522 1384 681 1417 ποιήσαντι
691 1386 784 1412 αὐτόν
796 1394 802 1401 ·
816 1386 862 1412 καὶ
878 1386 924 1418 τὸ,

145 1428 273 1460 Ἕκτισε,
294 1428 351 1461 καὶ,
379 1430 513 1463 Τοσούτῳ
532 1431 672 1464 κρείττων
688 1432 846 1466 γενόμενος
867 1431 926 1458 τῶν

144 1474 288 1508 ἀγγέλων.
301 1474 357 1502 Οὐκ
374 1475 465 1510 ἠγνόει
485 1476 512 1502 δὲ
527 1475 567 1508 τὸ,
587 1477 656 1512 Ἐγὼ
666 1477 701 1504 ἐν·
715 1477 754 1510 τῷ
767 1478 866 1511 Πατρί,
876 1478 924 1505 καί

144 1521 159 1545 o'
172 1519 273 1554 Πατὴρ
287 1521 322 1547 ὲν
335 1521 401 1556 ἐμοί
408 1531 413 1536 ·
432 1522 478 1549 καὶ
493 1522 534 1554 τὸ,
556 1523 581 1549 '0
601 1523 653 1558 ἐμὲ
674 1523 807 1557 ἑωρακὼς
817 1523 926 1557 ἑώρακε

145 1564 195 1591 τὸν
211 1565 326 1600 Πατέρα
337 1575 343 1582 ·
361 1567 447 1593 ταῦτα
470 1567 524 1604 γὰρ
540 1568 619 1595 αὑτὸν
635 1570 664 1595 ἑν
683 1571 742 1600 ταῖς
757 1569 849 1600 ἄλλαις
865 1570 925 1596 ὲπι-
940 1582 961 1609 c

145 1611 250 1644 στολαῖς
276 1613 397 1648 ἔγνωμεν
413 1614 574 1649 γράψαντα*
603 1616 650 1642 καὶ
672 1615 726 1651 γὰρ
748 1617 828 1642 κάκεῖ
843 1616 928 1642 ταῦτα

145 1658 267 1693 γράφων,
282 1659 468 1693 ἐμνημόνευσε
483 1659 536 1686 τῶν
556 1660 732 1695 ἀνθρωπίνων
746 1661 792 1687 τοῦ
812 1662 926 1698 Κυρίου.

146 1703 250 1740 Ὠσπερ
261 1704 325 1739 γὰρ,
340 1705 391 1731 Ἐν
400 1705 501 1739 μορφῇ
513 1705 586 1732 Θεοῦ
594 1706 636 1732 ὢν
644 1707 700 1740 οὺχ
709 1706 764 1741 (17)
776 1707 936 1741 ἁρπαγμὸν-λ

146 1747 281 1783 ἡγήσατο
297 1749 327 1775 τὸ
342 1747 417 1776 εἶναι
430 1749 483 1776 ἴσα
497 1750 568 1782 Θεῷ,
581 1749 649 1776 ἀλλ’
667 1750 776 1776 ἑαυτὸν
788 1750 928 1783 ἑκένωσε,

146 1794 264 1828 μορφὴν
275 1794 387 1821 δούλου
398 1795 514 1822 λαϐὼν·
534 1796 591 1828 καὶ,
604 1797 754 1829 ΙΙλούο-ιος
770 1795 821 1827 ὢν,
837 1796 930 1823 ἐπτώ-

146 1849 233 1874 χευσε
247 1840 284 1867 δι’
301 1840 380 1875 ἡμᾶς
392 1850 400 1857 ο
416 1841 512 1873 οὕτως,
527 1841 611 1868 ὄντων
624 1841 732 1877 ὑψηλῶν
742 1842 788 1869 καὶ
798 1842 930 1869 πλουσίων

150 1886 198 1912 τῶν
217 1887 280 1922 περὶ
302 1886 353 1921 τῆς
378 1887 505 1923 θεότητος
526 1887 608 1913 αὐτοῦ
630 1888 727 1922 λόγων,
751 1889 803 1915 εἰσί
829 1888 876 1915 καὶ
902 1889 931 1916 αἱ

146 1932 211 1968 περὶ
233 1932 282 1968 τῆς
306 1932 438 1968 ὲνσάρκου
460 1933 609 1969 παρουσίας
630 1934 711 1960 αὐτοῦ
735 1935 862 1961 ταπειναὶ
884 1935 932 1960 καὶ

147 1979 253 2013 πτωχαὶ
277 1978 364 2011 λέξεις
394 1979 459 2015 (18).
485 1980 545 2007 Ὅτι
569 1979 597 2006 δὲ
622 1980 799 2016 ἀνθρωπίνως
824 1980 930 2016 εἴρηται

146 2024 231 2051 ταῦτα
242 2025 361 2060 περὶτοῦ
374 2026 449 2061 Σωτῆ
455 2034 509 2061 ρος,
524 2028 634 2054 σκοπεῖν
651 2026 773 2052 ἐντεῦθεν
788 2028 929 2063 προσήκει·

146 2071 159 2097 ό
178 2071 226 2105 μὲν
240 2072 361 2107 γεωργὸς
378 2072 453 2104 ξένος
472 2073 530 2099 ἐστί
549 2073 608 2099 κατ’
624 2072 717 2099 οὐσίαν
736 2073 785 2108 τῆς
799 2073 930 2108 ἀμπέλου,

146 2117 179 2143 τὰ
193 2118 221 2143 δὲ
235 2118 370 2153 κλήματα,
383 2118 512 2153 ὁμοούσια
529 2119 574 2145 καὶ
589 2118 717 2154 συγγενῆ,
735 2119 781 2145 καὶ
793 2119 932 2155 ἀδιαίρετα

147 2163 195 2199 τῆς
208 2164 330 2198 ἀμπέλου
342 2164 468 2199 τυγχάνει
479 2164 553 2196 ὄντα,
566 2165 612 2191 καὶ
626 2165 690 2200 μίαν
703 2165 759 2200 ἔχει
771 2165 818 2192 καὶ
829 2164 877 2200 τὴν
888 2165 933 2191 αὺ-

147 2209 194 2245 τὴν
209 2209 315 2243 γένεσιν
325 2210 411 2237 ταῦτὰ
425 2219 455 2237 τε
466 2211 513 2238 καὶ
526 2212 542 2246 ἡ
552 2211 673 2246 ἄμπελος
684 2211 832 2247 (19).Ἕστι
843 2211 882 2244 δὲ,
896 2210 934 2243 ὼς

741 170 786 197 DE
806 170 998 199 SENTENTIA
1017 172 1178 200 DlONYSll.

143 229 223 264 ἀρχῇ
239 229 288 264 μὲν
302 227 342 265 ἥν
354 230 370 256 o'
386 229 481 264 Λόγος
491 238 497 244 ·
511 230 528 265 ή
544 229 572 256 δὲ
586 229 722 266 Παρθένος
737 231 782 257 ἐπὶ
793 231 929 268 συντελείᾳ

989 232 1098 259 Verbum
1112 233 1134 249 "
1154 243 1160 260 :

1714 177 1765 205 491

1194 232 1274 268 Virgo
1297 238 1385 260 autem
1412 233 1482 260 circa
1505 234 1765 262 consummationem

981 279 1139 307 saeculorum
1167 281 1195 307 in
1220 285 1293 307 utero
1315 280 1405 306 habuit
1416 279 1449 312 ⁸ο,
1478 280 1659 315 Dominusque
1682 281 1765 310 homo

980 326 1070 353 factus
1083 332 1136 353 est.
1153 328 1240 361 Atque
1253 334 1321 353 unus
1333 326 1440 360 quidem
1462 331 1503 353 est
1525 325 1571 360 qui
1589 326 1691 354 duabus
1711 327 1765 355 illis

979 373 1121 400 sententiis
1141 373 1285 406 indicatur,
1304 381 1365 399 nam
1386 371 1499 399 Verbum
1519 379 1580 398 curo
1599 372 1698 406 factum
1715 378 1764 400 est.

980 416 1044 449 Qua:
1060 425 1140 451 porro
1152 418 1184 444 de
1199 418 1341 444 divinitate
1352 418 1423 444 etde
1435 417 1602 444 humanitate
1616 416 1673 450 ejus
1692 417 1763 446 dicta
1798 418 1805 426 ‘

979 468 1053 496 sunt,
1072 463 1207 498 propriam
1220 468 1247 491 et
1263 463 1408 497 unicuique
1422 463 1454 490 de
1473 470 1525 497 quo
1546 463 1635 498 agitur
1649 470 1765 498 congru-

979 513 1069 536 entem
1089 509 1188 536 habent
1215 509 1462 543 interpretationem
1483 509 1542 535 :ita
1565 513 1593 535 ut
1608 510 1653 544 qui
1666 507 1782 537 huma-'

979 563 1012 582 na
1028 555 1107 583 Verbi
1122 556 1229 586 scribit.
1244 556 1303 590 ejus
1315 562 1421 590 quoque
1433 555 1600 582 divinitatem
1615 562 1762 591 agnoscat;

978 607 1005 629 et
1020 602 1064 637 qui
1090 602 1124 630 de
1140 602 1279 630 divinitate
1305 601 1434 636 loquitur,
1450 601 1562 628 minime
1589 602 1625 629 sit
1654 602 1764 637 ignarus

979 656 1071 676 eorum
1087 656 1148 684 qua:
1165 649 1197 676 ad
1213 649 1348 675 carnalem
1370 648 1428 682 ejus
1450 649 1593 676 adventum
1614 654 1736 683 spectant
1753 656 1761 675 :

979 696 1024 721 sed
1041 700 1070 720 ut
1085 694 1186 728 peritus
1198 697 1222 721 et
1237 694 1336 728 probus
1358 693 1489 728 trapezita
1503 693 1574 720 inter
1587 694 1690 729 singula
1709 694 1764 722 dis-

980 741 1114 776 tinguens.
1137 741 1164 768 in
1191 746 1261 768 recta
1281 740 1389 774 pietatis
1410 740 1516 767 incedat
1531 740 1584 767 via.
1601 740 1667 768 Cum
1682 741 1764 776 igitur

978 795 1039 814 eum
1059 787 1251 822 lacrymantem
1270 787 1345 820 dicit,
1360 788 1442 822 probe
1459 787 1533 814 novit
1560 787 1699 814 Dominum
1716 789 1764 815 ho-

980 834 1078 860 minem
1091 833 1190 860 i‘actum
1200 833 1287 867 quoad
1300 833 1496 860 humanitatem
1509 834 1643 869 lacrymas
1652 834 1763 868 profun-

979 877 1058 910 dere;
1073 881 1101 903 ut
1115 877 1197 904 Deum
1213 885 1289 909 vero,
1300 877 1431 905 Lazarum
1450 886 1466 905 a
1480 879 1594 906 mortuis
1608 880 1738 907 suscitare
1753 890 1760 908 :

979 924 1053 951 novit
1069 931 1176 958 quoque
1192 923 1266 951 illum
1281 924 1386 951 esurire
1408 924 1598 959 corporaliter,
1615 932 1647 953 ac
1662 925 1762 953 divini-

978 974 1020 996 tus
1042 977 1081 996 er
1101 970 1221 1004 quinque
1243 970 1357 1005 panibus
1385 970 1504 1005 quinque
1530 970 1613 998 millia
1639 971 1761 998 satiare:

976 1025 1074 1051 corpus
1088 1017 1179 1044 itidem
1198 1017 1346 1044 humanum
1368 1016 1394 1043 in
1419 1016 1541 1051 sepulcro
1566 1015 1658 1051 jacere
1678 1017 1762 1050 novit,

977 1070 1026 1089 nec
1040 1062 1147 1097 ignorat
1161 1062 1225 1089 illud
1251 1062 1337 1097 ipsum
1362 1069 1377 1089 a
1399 1060 1502 1094 Verbo,
1529 1065 1559 1088 ut
1584 1062 1630 1089 Dei
1652 1069 1761 1097 corpus.

976 1108 1112 1138 suscitari.

1011 1157 1055 1184 10.
1077 1155 1137 1183 Haec
1153 1156 1210 1190 ipsa
1226 1156 1324 1183 docens
1338 1156 1499 1192 Dionysius,
1524 1156 1551 1184 in
1573 1155 1686 1191 epistola
1699 1155 1763 1190 qui-

975 1204 1035 1230 dem
1049 1203 1081 1230 ad
1095 1202 1297 1237 Euphranorem
1313 1207 1340 1229 et
1358 1202 1529 1230 Ammonium
1541 1222 1548 1234 ,
1566 1210 1626 1237 qua:
1649 1201 1682 1229 de
1702 1201 1763 1228 Sal-

975 1253 1069 1275 vatore
1093 1248 1239 1275 secundum
1269 1248 1464 1275 humanitatem
1488 1249 1560 1276 dicta
1577 1252 1655 1280 sunt,
1682 1247 1762 1275 refel-

977 1295 1047 1321 lendi
1068 1294 1177 1322 Sabellii
1193 1301 1273 1321 causa
1297 1293 1415 1328 scripsit.
1439 1293 1591 1321 Secundum
1610 1293 1763 1321 humanita-

977 1345 1030 1367 lem
1048 1340 1118 1367 enim
1135 1340 1192 1367 haec
1206 1340 1239 1367 de
1264 1339 1310 1366 illo
1331 1344 1393 1367 sunt
1416 1340 1519 1374 prolata
1542 1349 1548 1367 :
1574 1339 1630 1374 Ego
1651 1339 1719 1370 vilis,
1738 1343 1762 1365 et

977 1385 1057 1413 Pater
1083 1394 1154 1413 meus
1179 1386 1295 1420 agricola
1309 1385 1330 1401 δ’
1348 1394 1359 1418 ς
1376 1391 1403 1413 et
1423 1394 1429 1412 :
1455 1385 1574 1412 Fidelem
1588 1385 1611 1412 ei
1635 1385 1680 1419 qui
1704 1384 1763 1418 fecit

975 1431 1059 1465 ipsum
1071 1430 1104 1463 δ”,
1120 1438 1169 1458 nec
1188 1439 1240 1457 non
1262 1430 1325 1457 illud
1336 1439 1342 1457 :
1353 1430 1497 1463 Creavit“;
1511 1434 1537 1456 et
1551 1439 1558 1456 :
1573 1429 1656 1456 Tanto
1673 1428 1764 1455 melior

976 1476 1076 1512 angelis
1095 1477 1182 1511 factus
1193 1477 1227 1504 “.
1251 1476 1304 1503 Nec
1330 1476 1472 1510 ignorabat
1494 1481 1584 1503 tamen
1604 1475 1688 1501 illud:
1707 1473 1764 1509 Ego

976 1524 1004 1550 in
1030 1523 1113 1550 Patre
1124 1528 1148 1549 et
1168 1522 1247 1549 Pater
1257 1523 1285 1549 in
1300 1530 1339 1548 me
1351 1522 1385 1554 ";
1401 1525 1428 1548 et
1445 1530 1451 1547 :
1469 1521 1522 1554 Qui
1543 1522 1612 1549 uidet
1627 1529 1678 1554 me,
1696 1521 1764 1547 videt

976 1573 1001 1595 et
1020 1568 1127 1596 Patrem
1141 1568 1187 1604 “;
1222 1568 1278 1595 hzec
1304 1567 1376 1594 enim
1404 1566 1479 1593 illum
1508 1567 1630 1593 novimus
1651 1566 1678 1593 in
1704 1564 1765 1592 aliis

978 1614 1122 1650 scripsisse
1145 1614 1276 1649 epistolis,
1309 1613 1353 1640 ubi
1377 1613 1441 1640 dum
1463 1613 1513 1640 ista
1532 1617 1691 1647 pertractat,
1715 1611 1765 1638 bu-

979 1662 1134 1688 manitatem
1159 1667 1265 1694 quoque
1290 1659 1395 1686 Domini
1421 1662 1562 1686 memorat.
1586 1657 1662 1684 Sicut
1680 1657 1764 1689 enim,

979 1708 1045 1735 Cum
1061 1708 1086 1734 in
1101 1709 1187 1742 forma
1203 1706 1251 1733 Dei
1265 1711 1342 1739 esset,
1359 1713 1410 1732 non
1432 1705 1553 1739 rapinam
1567 1704 1711 1731 arbitratus
1727 1708 1765 1731 eu

979 1762 1032 1781 esse
1048 1762 1074 1780 se
1090 1752 1215 1787 a’qualem
1234 1752 1298 1782 Deo,
1315 1751 1360 1778 sed
1376 1751 1542 1784 semetipsum
1556 1749 1697 1776 exinanivit
1709 1748 1767 1782 for-

979 1807 1049 1826 mam
1064 1798 1130 1824 serui
1144 1798 1272 1831 accipiens
1285 1796 1318 1828 ‘7;
1335 1800 1362 1822 et
1375 1815 1382 1828 ,
1396 1794 1461 1822 Cum
1477 1799 1542 1821 emt
1560 1795 1629 1827 dives
1640 1815 1647 1825 ,
1662 1798 1766 1828 propter

981 1854 1026 1873 nos
1046 1853 1140 1880 egenus
1153 1844 1240 1878 factus
1251 1847 1288 1870 est
1299 1843 1337 1876 ‘°;
1354 1843 1393 1870 sic
1407 1849 1467 1869 eum
1477 1841 1557 1868 verba
1573 1841 1606 1868 de
1626 1840 1767 1867 divinitate

980 1892 1038 1926 ejus
1054 1891 1125 1917 dicta
1140 1889 1281 1924 magniﬁca
1295 1889 1349 1916 sint
1359 1891 1386 1915 et
1404 1886 1521 1918 excelsa,
1537 1893 1552 1913 e
1568 1884 1705 1913 contrario
1717 1884 1767 1912 hu-

982 1936 1054 1963 milia
1077 1940 1104 1963 et
1127 1942 1210 1970 egena
1235 1938 1299 1961 sunt
1322 1941 1381 1968 qua:
1407 1933 1439 1959 de
1452 1932 1553 1959 carnali
1577 1930 1635 1965 ejus
1651 1931 1766 1958 adventu

981 1986 1153 2009 enarrantur.
1179 1980 1254 2014 Quod
1280 1983 1369 2006 autem
1393 1978 1450 2006 haec
1466 1978 1522 2012 ipsa
1547 1977 1580 2005 de
1600 1977 1768 2004 humanitate

983 2027 1130 2055 Salvatoris
1152 2026 1222 2054 dicta
1249 2026 1320 2059 sint,
1355 2025 1418 2052 hinc
1450 2023 1664 2051 animadvertere
1693 2022 1766 2055 licet,

982 2074 1055 2108 quod
1075 2072 1192 2108 agricola
1207 2073 1293 2106 quoad
1309 2071 1488 2098 substantiam
1501 2077 1515 2096 ε
1527 2069 1581 2096 vite
1596 2069 1701 2096 alienus
1715 2069 1766 2101 sit.

984 2120 1062 2154 197
1080 2118 1201 2154 palmites
1221 2125 1285 2145 vero
1304 2117 1424 2151 ejusdem
1445 2116 1604 2143 substantiae
1617 2120 1645 2141 et
1661 2114 1769 2149 generis

983 2173 1014 2192 ac
1029 2165 1100 2197 vitis,
1114 2164 1269 2198 abipsaque
1292 2162 1409 2194 indivisi.
1427 2169 1479 2189 una
1501 2169 1597 2196 nempe
1621 2161 1769 2195 eademque

983 2210 1087 2245 origine
1101 2209 1231 2244 pullulant
1248 2208 1372 2243 palmites
1393 2211 1420 2235 et
1437 2208 1511 2235 vitis.
1537 2207 1584 2234 Est
1607 2211 1709 2238 autem,
1732 2205 1770 2232 ait

147 2255 222 2283 εἶπεν
234 2257 248 2283 ό
261 2257 372 2292 Κύριος,
381 2257 462 2289 αὐτὸς
477 2258 494 2293 ὴ
505 2258 636 2293 ἄμπελος,
653 2259 733 2293 ἡμεῖς
747 2257 782 2284 τὰ
794 2257 929 2293 κλήματα.

984 2257 1123 2289 Dominus,
1142 2256 1198 2291 ipse
1214 2255 1286 2287 vitis,
1304 2263 1354 2282 nos
1376 2254 1510 2289 palmites.
1527 2253 1556 2281 Si
1580 2254 1669 2288 itaque
1692 2251 1770 2279 nobis

148 2302 180 2329 Ei
198 2303 246 2338 μὲν
262 2301 308 2329 οὖν
319 2303 459 2338 ὁμοούσιός
473 2304 546 2331 ἐστιν
561 2305 625 2340 ἡμῖν
638 2305 652 2331 ὁ
666 2304 730 2336 Υἱὸς
741 2304 807 2339 (20),
825 2304 870 2330 καὶ
883 2304 931 2340 τὴν

984 2301 1225 2331 consubstantialis
1241 2305 1282 2327 est
1300 2299 1395 2332 Filius,
1419 2303 1447 2325 et
1471 2297 1593 2325 eamdem
1618 2304 1697 2332 quam
1720 2302 1771 2322 nos

182 2385 204 2401 "
217 2384 295 2412 Joan.
312 2392 331 2418 ι,
346 2385 371 2412 1.
391 2384 414 2400 ⁸ο
433 2384 526 2411 Matth.
546 2393 566 2415 ι,
581 2385 626 2411 95.
665 2384 687 2400 ⁴¹
700 2384 779 2412 Joan.
795 2392 840 2416 xv,
855 2384 880 2411 1,
900 2383 923 2400 ⁸⁸

979 2383 1018 2410 br.
1040 2390 1080 2413 In.
1092 2382 1122 2410 2.
1141 2382 1163 2399 ⁵³
1176 2382 1256 2410 Prov.
1274 2389 1332 2413 vui,
1347 2380 1392 2407 22.
1426 2380 1447 2396 “
1459 2379 1540 2407 Hebr.
1555 2387 1576 2413 ι,
1589 2379 1617 2406 4.
1654 2379 1676 2395 ³⁸
1689 2378 1766 2408 Joan.

149 2427 204 2453 xw,
222 2420 324 2452 10,“.

184 2487 238 2522 (15)
247 2488 336 2516 Felck.
360 2489 377 2516 5
397 2495 489 2523 auom,
513 2489 560 2524 τὴν
578 2489 725 2524 σημασίαν,
746 2489 793 2515 καὶ
806 2489 868 2515 ὅταν
887 2488 933 2514 ἀν-

149 2523 280 2551 θοώπινα.

184 2532 280 2550 ωπινα.

166 2533 320 2593 Pi‘iqillvfilcg.
338 2558 448 2594 Taurin.
463 2557 539 2585 Colb.
551 2558 607 2585 .Ics.
625 2567 692 2593 quos
711 2558 933 2594 srqtiimanc-ﬁq

148 2594 292 2629 ἐνσάρκου,
306 2599 334 2619 ιιι
346 2593 415 2620 infra
428 2593 534 2629 legitur.
549 2594 630 2625 Editi,
646 2595 695 2629 τῆς
710 2596 738 2620 ἐν
753 2593 844 2629 σαρκί.
861 2593 931 2624 Mos,

147 2628 257 2664 δόκιμος
274 2629 450 2664 τραπεζίτηςἷ
463 2628 589 2656 Clemens
603 2628 680 2656 Alex.
703 2630 773 2655 hunc
790 2628 881 2664 locum
900 2636 931 2655 ex

148 2663 232 2691 Paulo
245 2663 322 2700 all‘ert
337 2672 343 2690 :
360 2663 475 2700 Γίνεσθε
486 2663 514 2690 δὲ
528 2663 634 2700 δόκιμοι
644 2664 824 2700 τραπεζῖταιζ
835 2663 869 2690 τὰ
885 2663 933 2698 μὲν

148 2699 403 2735 ἀποδοκιμάζοντες,
422 2698 452 2725 τὸ
467 2699 496 2725 δὲ
518 2699 600 2725 καλὸν
615 2698 786 2735 κατέχοντες.
808 2698 859 2725 Sed
877 2700 934 2735 haec

148 2735 269 2762 clausula
287 2734 402 2766 nonjam
419 2738 506 2761 exstat
526 2736 594 2766 apud
613 2734 741 2765 Paulum.
760 2735 854 2761 iisdem
878 2734 933 2760 sal-

150 2776 202 2796 tem
223 2770 313 2796 verbis
332 2777 475 2802 expressa:
495 2769 593 2801 legitur
610 2770 717 2801 quidem
734 2770 830 2796 'l'hess.
843 2777 868 2800 v,
886 2769 931 2801 21,

149 2805 241 2832 Πάντα
256 2803 424 2838 δοκιμάζετε⁸
441 2804 470 2830 τὸ
489 2804 568 2831 καλὸν
583 2805 721 2839 κατέχετε.
744 2805 796 2832 Sed
816 2803 879 2831 illud
891 2804 934 2830 δό-

149 2849 225 2875 κιμοι
239 2840 398 2874 τραπεζῖται
415 2840 537 2867 Ῑιι,ιιιιΙΙίε‹
552 2840 606 2875 jam
619 2839 818 2873 exetnpiaribus
831 2845 930 2866 exstat.

149 2874 295 2902 Familiare
313 2880 402 2901 tamen
419 2875 568 2901 Athanasio
583 2880 632 2906 est,
657 2880 684 2901 et
703 2876 821 2909 antiquis
843 2875 932 2903 Patri-

151 2910 212 2945 bus,
225 2918 338 2946 quorum
354 2909 400 2937 alii
413 2917 445 2937 ex
462 2909 537 2937 Pauli
550 2910 688 2945 Epistolis,
703 2910 748 2938 alii
762 2918 795 2939 ex
808 2910 932 2945 Evange-

379 2419 401 2435 “
414 2420 477 2447 ibid.
492 2420 518 2447 9.
558 2420 579 2436 "
593 2419 690 2454 Philip.
702 2428 732 2452 ιι,
749 2420 776 2452 6,
792 2420 818 2446 7.
854 2419 877 2435 ⁸⁵
891 2418 984 2446 llCor.
1001 2426 1059 2450 vnt,
1078 2417 1105 2445 9.

988 2486 1024 2513 lio
1040 2486 1104 2512 illud
1121 2485 1290 2518 desumptum
1299 2485 1383 2511 aiunt.
1399 2483 1499 2519 Felck.
1510 2483 1527 2510 5
1551 2490 1643 2519 auom.
1665 2483 1770 2519 διακρί-

986 2530 1039 2548 νων
1053 2522 1101 2554 τὴν
1114 2520 1252 2547 εὐσέϐειαν
1268 2518 1478 2555 βαδιεῡταιμΜοχ
1487 2518 1664 2555 Δίιίιξιιι,-λέγῃ.

1023 2551 1085 2590 (15)
1096 2555 1189 2583 Ρθ1ι1ί...
1200 2555 1216 2582 '5
1233 2551 1376 2590 anonyin.,,
1395 2553 1441 2581 τοῦ
1456 2553 1542 2587 Λόγου
1564 2551 1594 2580 οὗ
1616 2551 1662 2581 gat
1676 2553 1770 2588 γέγονε

990 2591 1068 2623 σάρξ.
1087 2591 1121 2617 Et
1139 2591 1181 2617 hic
1203 2598 1307 2616 rursum
1324 2590 1433 2616 desinit.

1036 2626 1078 2660 16)
1090 2624 1245 2659 ,ΙοεηηἙγώ
1259 2626 1314 2659 εἰμι
1328 2625 1345 2660 ἡ
1359 2625 1489 2660 ἄμπελος.

1040 2658 1079 2694 17)
1097 2658 1215 2687 Τιιυιοίιιζ
1226 2658 1344 2687 Ιοεξίῖτζ
1357 2658 1385 2691 1,
1398 2659 1436 2686 ὢν
1446 2660 1460 2685 ὁ
1475 2658 1576 2694 Κύριος
1589 2659 1648 2694 οὺχ.

1021 2693 1076 2732 (18)
1091 2695 1303 2732 Taurin..Colb..
1319 2695 1375 2722 Jes.
1389 2700 1427 2732 _et_
1445 2693 1542 2732 [ξι-,1.-
1558 2693 1717 2728 quossequ.
1729 2693 1772 2720 Vi-

984 2728 1042 2760 sum
1061 2728 1113 2763 est,
1127 2731 1222 2763 λέξεις.
1238 2730 1302 2763 Reg.
1317 2735 1344 2757 et
1363 2730 1439 2760 editi,
1455 2728 1594 2761 διαλέξεις.

1020 2767 1074 2800 (19)
1089 2766 1137 2793 llic
1154 2768 1240 2793 delino
1255 2765 1367 2792 resumit
1381 2764 1470 2791 Felck.
1487 2765 1504 2790 5
1518 2771 1613 2800 anon.,
1632 2763 1677 2799 qni
1694 2763 1772 2798 paulo

983 2808 1044 2835 post
1063 2799 1102 2832 sic
1125 2802 1203 2828 habet
1221 2810 1227 2828 :
1246 2800 1295 2835 τῆς
1310 2800 1432 2836 ἀμπέλου
1447 2799 1621 2833 τυγχάνουσι,
1636 2799 1683 2826 καὶ
1697 2799 1772 2835 μίαν.

984 2838 1043 2865 Mox
1056 2838 1136 2869 idem,
1149 2837 1224 2867 αὑτά,
1232 2845 1260 2862 τε
1276 2837 1330 2864 καί.

1020 2873 1075 2907 (20)
1095 2873 1124 2898 '0
1142 2878 1202 2899 ante
1214 2871 1276 2907 Υἱός
1292 2872 1318 2898 in
1334 2872 1413 2898 editis
1422 2871 1506 2907 deest,
1520 2871 1568 2907 sed
1580 2870 1606 2897 in
1621 2878 1689 2907 mss.
1704 2870 1770 2907 Reg.

985 2905 1096 2936 Taurin.
1116 2907 1193 2935 Colb.
1207 2911 1234 2935 et
1248 2905 1303 2934 les.
1322 2907 1447 2935 habetur.
1461 2905 1546 2934 Paulo
1555 2912 1614 2941 post
1627 2906 1698 2933 κατὰ
1708 2905 1755 2931 τοῦ
