2018 3048
237 124 290 152 499

523 124 551 152 S.
571 123 755 151 ATHANASII
775 123 850 152 OPP.
870 123 959 152 PARS
976 124 995 152 1.
1016 139 1049 144 ——
1069 122 1256 152 HISTORICA
1276 122 1318 149 ΕΤ
1338 121 1546 150 DOGMATICA.

1809 122 1861 150 500

237 182 372 216 epistolas.
394 182 459 209 Cum
488 181 629 216 Dionysius
646 182 787 216 episcopus
800 203 807 215 ,
827 189 968 218 postquam
990 184 1021 210 de

1072 180 1224 213 ἐπιστολὰς,
1244 180 1316 207 ἐστιν
1331 180 1400 216 αὓτη
1415 180 1482 216 (42),
1497 179 1634 206 Διονυσίου
1650 178 1696 205 τοῦ
1711 179 1862 207 ἐπισκόπου

236 227 498 262 l’eutapolitanisilla
514 228 654 258 didicerat,
667 228 819 262 epistolam,
833 229 870 255 uti
883 229 938 262 jam
954 229 1022 261 dixi,

237 279 330 301 contra
349 273 455 300 Sabellii
473 273 614 306 haeresim,
630 274 662 300 ad
677 274 884 302 Ammoniumet
904 275 1023 309 Euphra-

237 327 342 351 noreml
357 319 445 346 studio
461 320 597 353 religionis
610 325 759 354 permotus,
778 321 949 355 scripsisset;
963 321 1024 356 qui-

236 365 297 391 dam
313 372 345 390 ex
363 364 483 391 Ecclesia
501 363 607 396 fratres,
623 372 696 392 same
711 365 816 398 quidem
833 366 962 392 doctrinm
975 366 1024 393 bo-

236 410 333 441 mines,
353 418 404 436 non
429 410 559 438 sciscitati
585 415 674 437 tamen
696 418 756 438 eum
771 418 822 445 qua
839 412 872 437 de
886 419 966 438 causa
987 412 1022 438 ita

236 456 399 490 scripsisset,
413 455 527 483 Romam
540 463 570 483 se
584 456 738 489 contulere,
752 456 881 490 illumque
892 457 960 491 apud
977 464 1023 484 co-

235 501 390 536 gnominem
405 501 561 537 Dionysium
575 503 724 528 ltontanum
741 502 895 536 episcopum
911 510 1023 530 accusa-

234 552 307 575 runt.
321 547 423 580 Quibus
438 548 482 574 ille
495 548 603 580 auditis,
624 555 675 574 una
692 548 800 582 scripsit
819 553 846 574 et
861 554 954 575 contra
972 547 1022 575 Sa-

235 592 307 620 bellii
327 598 475 620 sectatores
496 599 521 619 et
534 599 627 620 contra
650 600 697 620 eos
720 594 764 628 qui
783 593 842 628 ejus
853 600 943 621 essent
958 602 1021 621 scn-

235 638 335 669 tenti:e,
349 645 429 672 quam
444 646 504 665 cum
521 643 579 672 post
597 638 679 665 Arius
697 638 865 671 protulisset,
880 639 912 665 ab
928 638 1021 665 Eccle-

234 682 274 709 sia
291 687 331 709 est
350 683 453 716 ejectus
470 692 477 709 :
497 683 626 717 mqualetn
650 683 723 709 aiens
735 702 742 714 ,
759 683 820 710 licet
838 691 871 710 cx
890 684 1021 710 diametro

233 728 394 761 oppositam,
418 728 526 755 Sabellii
546 729 720 762 impietatem,
735 735 827 754 eorum
851 727 1022 762 blasphemiae

235 773 279 808 qui
295 773 404 805 dicunt,
420 774 537 801 Verbum
563 774 607 800 Dei
637 779 807 806 creaturam,
839 773 973 808 opiﬁcium
994 779 1021 801 et

234 826 291 845 rem
305 819 405 846 factam
422 827 491 846 esse.
508 819 579 846 Misit
595 827 702 854 quoque
724 819 758 846 ad
774 820 928 854 Dionysium
948 819 1020 846 litteo

1076 227 1207 263 μαθόντος
1223 226 1286 263 περὶ
1302 226 1356 252 τῶν
1369 227 1398 253 ὲν
1411 225 1588 257 Πενταπόλει,
1603 224 1651 251 καὶ
1664 220 1738 260 ζήλῳ
1754 226 1804 261 τῆς
1819 227 1862 253 εύ-

1075 273 1183 304 σεδείας
1200 272 1365 306 γράψαντος,
1389 271 1458 298 καθὰ
1474 272 1614 307 προεῖπον,
1631 271 1700 298 κατά
1718 272 1767 307 τῆς
1785 272 1862 307 αίρέ-

1075 327 1142 350 σεως
1152 318 1295 344 Σαδελλίου
1310 318 1358 353 τὴν
1373 317 1440 353 πρὸς
1454 318 1616 353 Εὐφράνορα
1640 318 1685 344 καὶ
1706 317 1860 353 Ἀμμώνιον

1073 363 1232 399 ἐπιστολὴν,
1256 363 1327 395 τινὲς
1350 363 1403 389 τῶν
1429 363 1483 389 ἀπὺ
1515 363 1564 398 τῆς
1597 363 1759 398 Ἐκκλησίας
1783 363 1860 389 ἁδελ-

1073 409 1131 444 φῶν
1144 410 1210 445 (65),
1226 409 1386 445 φρονοῦντες
1400 409 1448 445 μὲν
1461 409 1558 444 ὀρθῶς,
1575 410 1611 445 μὴ
1630 410 1815 445 ἐρωτήσαντες
1830 410 1859 437 δὲ

1073 456 1163 488 αὑτὸν,
1179 456 1220 482 ἴνα
1237 456 1300 490 παρ’
1313 455 1394 482 αὑτοῦ
1413 455 1517 491 μάθωσι
1528 455 1586 487 πῶς
1601 455 1727 491 ἔγραψεν,
1743 455 1859 490 ἀνῆλθον

1073 501 1112 532 εἰς
1132 500 1181 535 τὴν
1207 500 1325 535 Ῥώμην,
1350 500 1396 527 καὶ
1413 501 1606 536 κατειρήκασιν
1620 500 1702 527 αὑτοῦ
1727 501 1802 537 παρὰ
1818 501 1859 536 τῷ
1895 508 1899 513 ⁵

1071 546 1208 581 ὁμωνύμῳ
1231 546 1313 573 αὑτοῦ
1345 546 1475 581 Διονυσίῳ
1496 546 1534 582 τῷ
1559 546 1700 581 ὲπισκόπῳ
1727 547 1835 581 Ῥώμης
1849 555 1857 562 ·

1071 593 1195 623 κάκεῖνος
1205 592 1333 624 ἀκούσας,
1353 592 1471 628 ἔγραψεν
1485 591 1553 628 ὁμοῦ
1571 593 1640 619 κατά
1652 601 1680 618 τε
1694 592 1747 619 τῶν
1760 592 1794 619 τὰ
1805 593 1859 619 Σα-

1072 638 1175 664 ϐελλίου
1188 638 1363 670 δοξαζὸντων,
1373 638 1420 664 καὶ
1431 638 1500 666 κατὰ
1508 638 1561 666 τῶν
1577 638 1745 674 φρονούντων
1756 639 1856 671 ταῦτα,

1071 683 1143 719 ἅπερ
1159 684 1205 710 καὶ
1224 684 1330 718 Ἀρειος
1344 683 1428 718 λέγων
1443 683 1573 719 ἐξεϐλήθη
1596 683 1648 719 τῆς
1676 683 1836 718 Ἐκκλησίας
1848 693 1855 700 ·

1072 729 1132 764 ἴσην
1147 730 1194 755 καὶ
1213 730 1282 756 κατὰ
1303 730 1448 765 διάμετρον
1466 730 1592 756 ἀσέϐειαν
1612 728 1680 756 εἶναι
1698 730 1792 764 λέγων,
1806 731 1858 765 τήν

1070 783 1100 801 τε
1112 775 1255 802 Σαϐελλίου
1266 776 1311 802 καὶ
1320 776 1368 811 τὴν
1378 776 1432 802 τῶν
1440 776 1571 810 λεγόντων
1580 776 1682 811 κτίσμα
1693 776 1740 803 καὶ
1752 776 1858 811 ποίημα

1071 821 1301 856 καὶ(ι14)γενητδν
1317 820 1385 848 εἶναι
1396 822 1440 848 τὸν
1454 821 1500 848 τοῦ
1512 821 1579 848 Θεοῦ
1593 822 1687 856 Λόγον.
1703 822 1858 848 Ἐπέστειλε

235 873 290 899 ras,
303 871 333 892 ut
345 866 495 898 indicaret,
507 873 561 900 qua
579 866 611 892 de
625 873 653 892 re
675 871 818 894 accusatus
835 866 869 893 ab
886 866 937 892 illis
952 865 1020 892 fuis-

1072 867 1098 892 δὲ
1113 867 1159 893 καὶ
1172 867 1300 902 Διονυσίῳ
1318 867 1437 902 δηλῶσαι
1458 868 1520 902 περὶ
1537 864 1574 894 ὧν
1592 868 1720 903 είρήκασι
1736 868 1795 894 κατ’
1808 868 1859 894 αὐ-

234 915 286 938 e-t.
300 910 346 938 lllc
356 918 420 938 vero
434 912 633 945 quamprimum
650 911 690 938 sui
705 911 834 946 purgandi
848 919 927 938 causa
938 911 1019 938 libros

235 958 329 988 edidit,
356 965 424 992 quos
445 957 590 991 inscripsit,
615 956 745 984 Eleuchtu
756 978 766 990 ,
779 961 805 984 et
818 957 955 992 Apologia.
972 957 1021 985 Hic

236 1002 438 1030 animadvertas
463 1002 542 1029 velim
567 1003 761 1030 exsecrandam
784 1002 882 1030 Christi
907 1002 1021 1029 hostium

236 1048 382 1081 oﬂicinam,
403 1055 430 1076 et
451 1057 504 1084 quo
520 1055 602 1084 pacto
623 1050 656 1076 ad
677 1057 752 1077 suam
775 1049 824 1084 ipsi
850 1049 1022 1083 ignominiam

236 1094 295 1121 htec
311 1095 444 1122 moverint
461 1104 469 1122 ς
485 1103 545 1123 cum
562 1096 632 1122 enim
652 1095 796 1130 Dionysius
812 1095 948 1122 Romanus
967 1095 1024 1129 epi-

238 1147 336 1175 scopus
362 1140 491 1168 adversus
514 1148 561 1168 eos
580 1141 659 1167 etiam
686 1140 840 1174 scripseril,
869 1141 914 1174 qui
932 1141 1024 1167 dicunt

238 1184 335 1213 Filium
352 1185 397 1213 Dei
413 1190 562 1213 creaturam
580 1190 606 1212 et
627 1193 682 1212 rem
710 1184 809 1212 factam
831 1192 902 1216 esse,
923 1185 1028 1219 liquido

239 1237 352 1263 constat,
367 1239 418 1259 non
429 1231 614 1266 jamprimum_
632 1232 678 1259 sed
687 1231 752 1259 olim
767 1239 875 1265 quoque
887 1231 921 1258 ab
936 1231 1022 1258 omni-

238 1278 288 1304 bus
308 1277 476 1305 anathemate
504 1278 656 1304 damnatam
678 1277 759 1304 fuisse
777 1277 878 1304 Christi
906 1277 1022 1304 bostittm

237 1324 397 1352 Arianorum
409 1325 541 1351 haeresim.
553 1324 653 1351 Deinde
669 1332 730 1351 cum
753 1323 895 1358 Dionysius
905 1323 1023 1350 Alexan-

237 1371 331 1398 drinus
362 1371 502 1406 episcopus
533 1370 567 1397 de
589 1370 701 1404 epistola
722 1377 771 1396 sua
802 1377 863 1396 sese
891 1369 1028 1403 purgarit,

238 1417 325 1453 palam
337 1423 378 1445 est
394 1417 486 1449 illum,
500 1425 548 1445 nec
572 1417 629 1452 eius
645 1416 729 1444 fuisse
747 1417 889 1443 sententiae
901 1423 981 1450 quam
997 1415 1022 1442 ei

238 1465 388 1496 ascribunt,
404 1471 491 1498 neque
504 1464 612 1490 omnino
630 1470 711 1498 prava
727 1463 785 1490 Arii
800 1462 923 1489 doctrina
937 1461 1023 1489 imbu-

238 1514 294 1536 tum
307 1508 399 1535 fuisse.

273 1555 317 1581 1-1.
348 1554 382 1581 Ει
408 1562 474 1581 sane
498 1553 564 1580 satis
585 1557 656 1580 esset
683 1553 716 1580 ad
746 1552 876 1587 integram
905 1552 1020 1580 Ariano-

237 1610 296 1628 rum
320 1600 542 1633 coul‘utationem,
564 1605 592 1627 et
612 1600 644 1626 ad
670 1599 904 1626 demonstrandam
927 1606 1019 1626 eorum

239 1646 320 1682 199
333 1647 507 1677 calumniam,
525 1646 594 1680 quod
613 1645 756 1680 Dionysius
771 1645 803 1671 de
815 1644 847 1671 iis
859 1645 939 1671 ctiatn
961 1652 1021 1678 qua:

238 1694 281 1721 isti
289 1694 427 1728 iactitant,
438 1701 498 1720 sese
513 1692 666 1727 purgaverit
677 1701 684 1718 :
695 1699 746 1718 non
759 1691 830 1718 enim
843 1691 1019 1718 contendendi

238 1741 329 1768 animo
349 1740 470 1774 scripsit,
492 1740 540 1766 sed
563 1739 604 1765 sui
622 1738 784 1766 defendendi
807 1737 1021 1772 suspicionisque

239 1787 394 1814 amovenda:
408 1794 509 1812 causa:
533 1793 595 1813 cum
617 1792 680 1812 vero
692 1792 740 1812 eas
761 1784 870 1818 depellit
892 1784 1020 1812 crimina-

240 1834 339 1863 tiones,
353 1832 417 1866 quid
433 1830 504 1858 aliud
521 1831 576 1866 agit
589 1839 670 1865 quam
687 1831 758 1865 quod
775 1838 882 1858 omnem
899 1830 1020 1857 criminis

239 1879 420 1912 suspicionem
437 1878 516 1909 levat,
539 1882 566 1903 et
587 1877 613 1903 in
637 1876 687 1903 hoc
709 1876 825 1903 Arianos
842 1876 1021 1911 sycophantas

239 1933 299 1952 esse
311 1925 414 1959 arguit?
431 1923 483 1950 Sed
497 1929 525 1950 ιιι
539 1931 571 1950 ex
591 1923 624 1950 iis
638 1931 697 1957 qua:
711 1923 751 1950 sui
765 1922 922 1949 defendendi
939 1929 1021 1949 causa

239 1970 348 2004 scripsit
371 1969 456 2004 magis
481 1969 689 2001 confundantur,
713 1975 772 2003 age,
793 1969 852 2003 ejus
876 1969 922 1995 tibi
941 1969 1020 1995 verba

240 2023 385 2050 proponam
401 2024 408 2042 :
427 2020 456 2041 ut
470 2015 532 2041 hinc
549 2014 665 2046 noveris,
682 2014 798 2041 Arianos
815 2021 906 2048 prava?
925 2014 1022 2040 mentis

240 2061 362 2088 homines
377 2068 447 2092 esse,
472 2060 682 2095 Dionysiamque
709 2060 743 2086 ab
766 2067 859 2087 eorum
885 2059 1022 2087 erroribus

241 2107 368 2135 alienum.
392 2106 423 2132 Et
439 2106 527 2141 primo
547 2106 656 2140 quidem
678 2105 818 2140 epistolam
833 2113 907 2132 suam
923 2105 1021 2132 inscri-

239 2153 303 2188 psit,
319 2152 472 2187 Apologt'am
489 2155 516 2178 et
536 2151 690 2178 Elencltum.
708 2151 776 2184 Quid
796 2151 846 2178 sibi
864 2150 922 2176 vult
944 2149 1020 2181 illud,

1070 911 1127 938 τοῦ.
1143 911 1197 937 Καὶ
1213 911 1380 947 ἀντέγραψεν
1395 912 1475 943 εὐθὺς
1487 912 1577 945 αὐτος,
1601 913 1648 939 xui.
1669 912 1809 948 ἐπέγραψε
1822 912 1859 939 τὰ

1073 956 1163 991 βιϐλία
1178 956 1319 991 Ἐλέτχου
1331 957 1378 984 καὶ
1397 958 1582 991 Ἀπολογίας.
1606 957 1737 984 Ἐνταῦθα
1757 958 1786 984 τὺ
1807 966 1859 992 μυ-

1073 1003 1154 1038 σαρὸν
1168 1003 1348 1039 ἐργαστήριον
1361 1003 1414 1030 τῶν
1431 1002 1629 1039 Χριστομάχων
1645 1003 1701 1038 (45)
1715 1003 1857 1035 κατανόει,

1073 1049 1118 1075 καὶ
1133 1048 1191 1080 πῶς
1210 1049 1286 1075 αὐτοὶ
1307 1049 1368 1075 καθ’
1380 1050 1481 1076 ἑαυτῶν
1497 1050 1546 1084 τὴν
1567 1049 1695 1085 αἰσχύνην
1711 1049 1838 1084 ἐκίνησαν
1848 1058 1856 1064 ·

1072 1093 1207 1120 Διονυσίου
1215 1094 1268 1129 γὰρ
1285 1095 1430 1121 ἐπισκόπου
1451 1093 1558 1129 Ῥώμης
1567 1094 1720 1130 γράψαντος
1733 1094 1859 1122 καὶκατὰ

1072 1139 1125 1166 τῶν
1136 1139 1266 1174 λεγόντων
1276 1140 1377 1175 κτίσμα
1392 1140 1439 1166 καὶ
1449 1139 1554 1176 ποίημα
1571 1141 1615 1167 τὸν
1633 1141 1696 1167 Υἰὸν
1717 1140 1764 1167 τοῦ
1777 1141 1857 1172 Θεοῦ,

1072 1185 1206 1212 δείκνυται
1232 1185 1269 1221 μὴ
1287 1185 1334 1212 νῦν
1357 1186 1479 1222 πρῶτον,
1500 1186 1558 1212 ἀλλ’
1570 1186 1686 1213 ἔκπαλαι
1699 1186 1775 1222 παρὰ
1795 1186 1859 1213 πάν-

1071 1240 1124 1258 των
1140 1231 1385 1267 ἀναϐεμαιισθεῖσα
1402 1231 1455 1258 τῶν
1470 1233 1668 1268 Χριστομάχων
1679 1232 1734 1268 (46)
1757 1233 1860 1267 Ἀρεια-

1072 1277 1148 1312 νῶνή
1166 1277 1280 1312 αἵρεσις.
1296 1277 1412 1304 Ἔπειτα
1423 1278 1561 1304 Διονυσίου
1580 1277 1627 1304 τοῦ
1641 1278 1792 1305 ἐπισκόπου
1808 1278 1858 1313 τῆς

1079 1322 1279 1357 Ἀλεξανδρείας
1296 1322 1512 1358 ἀπολογουμένου
1527 1323 1590 1360 περὶ
1610 1321 1644 1359 ἦς
1666 1323 1785 1358 ἔγραψεν
1797 1324 1858 1349 ἑπι-

1073 1368 1178 1403 στολῆς,
1194 1367 1376 1402 φαίνεταικαὶ
1392 1367 1472 1399 αὐτὸς
1488 1368 1557 1402 μήτε
1569 1367 1639 1394 οὕτω
1654 1368 1792 1403 φρονήσας
1819 1367 1858 1399 ὡς

1072 1414 1148 1441 αὐτοὶ
1165 1414 1220 1449 (47)
1230 1413 1423 1449 λέγουσι,μήτε
1435 1413 1502 1446 ὅλως
1515 1413 1564 1450 τὴν
1580 1414 1684 1450 Ἀρείου
1699 1414 1858 1447 κακοδοξίαν

1072 1459 1204 1495 ἐσχηκώς.

1107 1551 1148 1578 14.
1177 1551 1232 1578 Καὶ
1248 1552 1327 1588 ἀρκεῖ
1356 1552 1403 1587 μὲν
1432 1552 1472 1583 είς
1498 1551 1605 1578 τελείαν
1618 1552 1788 1586 κατάγνωσιν
1803 1551 1858 1578 τῶν

1076 1597 1230 1634 Ἀρειανῶν,
1254 1598 1300 1624 καὶ
1321 1599 1361 1630 είς
1377 1597 1583 1632 ἀπόδειξιντῆς
1610 1597 1790 1632 συκοφαντίας
1806 1597 1857 1624 αὺ-

1070 1643 1133 1676 τῶν,
1147 1643 1177 1669 τδ
1194 1643 1240 1670 καὶ
1259 1644 1337 1678 μόνον
1351 1643 1571 1678 ἀπολογήσασθαι
1591 1644 1637 1670 τὸν
1653 1643 1790 1670 Διονύσιον
1809 1643 1858 1670 καὶ

1071 1689 1134 1724 περὶ
1148 1685 1184 1715 ὧν
1199 1686 1270 1716 οὗτοι
1286 1689 1513 1724 τεθρυλλήκασιν·
1530 1690 1560 1716 οὐ
1574 1689 1628 1725 γὰρ
1647 1689 1684 1721 ὡς
1701 1689 1857 1724 φιλονεικῶν

1070 1733 1249 1769 ἀντέγραψεν,
1272 1735 1330 1761 ἀλλ’
1346 1735 1561 1770 ἀπολογούμενος
1578 1735 1642 1770 περὶ
1656 1732 1693 1762 ὧν
1715 1734 1859 1761 ὑπωπτεύ-

1071 1778 1104 1815 θη
1119 1779 1173 1815 (48)
1186 1788 1192 1794 ’
1222 1781 1236 1806 ὁ
1255 1779 1282 1806 δὲ
1301 1780 1516 1814 ἀπολογούμενος
1535 1780 1598 1816 περὶ
1617 1776 1654 1806 ὧν
1669 1779 1857 1816 κατηγορήθη,

1070 1825 1096 1851 τί
1110 1825 1201 1861 ἕτερον
1222 1826 1302 1857 ποιεῖ,
1318 1825 1402 1860 ἢλύει
1419 1826 1468 1860 μὲν
1484 1827 1536 1852 πᾶν
1551 1825 1719 1852 ύποπτευθὲν
1734 1825 1859 1862 ἔγκλημα

1070 1871 1130 1897 κατ’
1145 1871 1236 1903 αὑτοῦ,
1249 1871 1352 1906 ἐλέγχει
1367 1872 1396 1898 δὲ
1413 1873 1458 1898 καὶ
1473 1873 1501 1899 ἐν
1516 1871 1602 1906 τούτῳ
1616 1872 1786 1906 συκοφάντας
1803 1872 1857 1907 (49)

1070 1918 1132 1947 τοὺς
1144 1918 1364 1952 ’Λρειομανίτας;
1378 1918 1435 1944 Ἵνα
1451 1918 1479 1944 δὲ
1491 1918 1537 1944 καὶ
1548 1917 1577 1950 ἐξ
1589 1915 1626 1944 ὧν
1643 1917 1860 1952 ἀπολογούμενος

1071 1962 1183 1998 ἔγραψε,
1210 1963 1290 1989 πλέον
1310 1963 1489 1998 αἱσχυνθῶσιν
1503 1960 1586 1994 οὗτοι,
1605 1963 1670 1998 φέρε
1687 1972 1728 1990 σοι
1751 1963 1859 1995 καὶτὰς

1071 2008 1157 2041 λέξεις
1171 2010 1251 2036 αὐτοῦ
1266 2010 1430 2045 παράθωμαι
1444 2009 1514 2045 (50)·
1529 2009 1621 2045 γνώσῃ
1635 2009 1688 2045 γὰρ
1703 2011 1750 2036 ἀπ’
1760 2009 1858 2041 αὐτῶν,

1071 2055 1111 2081 ὅτι
1134 2055 1158 2081 οἱ
1176 2055 1223 2088 μὲν
1248 2055 1379 2091 ’Λρειανοὶ
1395 2055 1561 2090 κακόφρονες
1576 2056 1643 2081 εἰσιν
1655 2064 1661 2070 ·
1687 2056 1701 2081 ὁ
1723 2055 1751 2081 δὲ
1768 2054 1860 2081 Διονύ-

1072 2109 1128 2132 σιος
1144 2100 1281 2136 ἀλλότριος
1300 2101 1349 2134 τῆς
1360 2101 1469 2127 ἐκείνων
1488 2100 1653 2135 ἑτεροδοξίας
1668 2100 1736 2126 ἐστί.
1749 2100 1859 2136 Πρῶτον

1073 2146 1121 2181 μὲν
1129 2144 1174 2173 οὖν
1182 2146 1324 2180 Ἐλέγχου
1332 2148 1378 2173 καὶ
1385 2147 1560 2181 Ἀπολογίας
1569 2146 1686 2181 ἔγραψεν
1696 2147 1749 2182 (51)
1763 2146 1858 2174 ἑαυτοῦ

240 2198 292 2226 nisi
311 2199 382 2232 quod
402 2203 429 2225 ct
454 2198 650 2225 obtrectatores
671 2204 734 2224 suos
754 2196 852 2232 arguit,
873 2200 901 2223 et
920 2196 1020 2230 scripta

1073 2192 1120 2227 τὴν
1136 2192 1289 2228 ἐπιστολήν.
1306 2192 1389 2219 Τοῦτο
1399 2193 1427 2219 δὲ
1439 2193 1465 2219 τί
1477 2194 1559 2225 ἐστιν,
1575 2193 1591 2228 ἢ
1603 2193 1643 2220 ὅτι
1658 2193 1721 2224 τοὺς
1734 2192 1782 2228 μὲν
1795 2193 1860 2227 ψευ-

240 2253 288 2272 sna
305 2249 464 2279 propugnat,
479 2244 625 2271 ostendens
643 2250 682 2277 se,
698 2250 749 2269 non
761 2249 792 2269 ea
810 2246 898 2269 mente
909 2249 961 2275 qua
977 2249 1022 2268 su-

240 2290 359 2324 spicaltls
376 2294 417 2316 est
435 2289 526 2320 Arius,
539 2289 682 2322 scripsisse
693 2307 699 2319 ,
718 2288 764 2314 sed
782 2287 843 2313 licet
856 2293 949 2313 eortttn
967 2293 1023 2312 me-

241 2335 351 2362 minerit
369 2343 428 2370 qua:
455 2334 489 2362 de
513 2334 627 2362 Domino
651 2333 799 2361 secundum
826 2331 1020 2360 humanitatem

241 2426 316 2453 Coll).
329 2430 356 2451 et
369 2424 434 2456 Jes.,
448 2423 494 2451 τοῦ
511 2422 591 2450 αὑτοῦ
607 2423 685 2456 λόγος
702 2421 735 2457 β’.
756 2421 808 2448 Sed
829 2424 1023 2455 consequenter

241 2470 271 2487 cn
292 2461 414 2491 ponenda
432 2467 491 2486 esse
507 2463 618 2494 patetex
637 2456 860 2492 praecedentibus.

279 2507 334 2539 (42)
356 2506 445 2532 Ἐστὶν
463 2504 531 2540 αὓτη
547 2506 622 2531 deest
638 2504 663 2530 itt
678 2503 754 2530 Cnlb.

277 2552 332 2586 (45)
349 2551 459 2586 Taurin.
472 2550 540 2586 195,,
563 2549 681 2586 ἀδελφοί.
707 2549 787 2586 Infra_
808 2545 1024 2586 TattrinLColbq

243 2581 284 2618 είς
300 2581 348 2621 τὴν
370 2585 489 2621 Ῥώμην.
510 2585 577 2611 Editi
592 2581 718 2621 ret'Reg"
739 2583 817 2621 πρὸς
831 2582 880 2618 τὴν
907 2581 1025 2617 Ῥώμην.

243 2619 467 2654 Ροπιῖθρὶυιοιςιξ
489 2620 606 2654 Dionysii
632 2619 744 2646 Romani
778 2619 844 2645 infra
873 2623 1026 2654 memoratae

243 2657 314 2684 haud
333 2652 430 2718 giéigua
452 2663 514 2691 pars
533 2652 644 2682 aﬂ‘ertur
674 2656 699 2681 iu
725 2652 885 2688 przecedenti
899 2657 1024 2684 tractatu,

243 2699 316 2718 1111111.
373 2711 380 2717 ι

243 2699 316 2718 1111111.
335 2699 380 2718 ⁵20.

280 2735 335 2770 (lii)
353 2731 407 2762 Καί
421 2735 495 2761 deest
509 2735 534 2761 in
548 2734 659 2762 Taurin.
673 2738 701 2761 et
717 2732 772 2770 J_e_s.
789 2733 888 2770 Ibidem
911 2731 1023 2770 'Eaurin.

244 2776 272 2797 et
297 2767 383 2802 Coll)"
397 2770 537 2804 γεννητόν,
563 2769 700 2804 mendose.
729 2768 805 2804 Illuxr
820 2768 895 2804 nega
914 2767 1023 2804 Taurin.

244 2805 361 2834 Culhert.
386 2802 479 2830 .Iesuit;
502 2810 528 2833 et
549 2805 593 2832 Fr.
621 2805 646 2837 1,
662 2803 706 2830 τὸν
723 2802 768 2830 τοῦ
793 2802 859 2830 Θεοῦ
883 2802 978 2836 Λόγον.
998 2802 1024 2828 ln

243 2840 325 2870 editis
335 2839 379 2866 τόν
395 2840 479 2867 deest.

1074 2239 1202 2274 δομένους
1228 2239 1344 2274 ἐλέγχει,
1367 2239 1431 2275 περ).
1447 2239 1475 2266 δὲ
1490 2236 1526 2265 ὦν
1540 2239 1657 2273 ἔγραψεν
1670 2239 1840 2274 ἀπολογεῖται
1850 2247 1868 2270 ;,

1073 2284 1189 2315 δεικνὺς,
1205 2284 1245 2310 ὃτι
1261 2284 1296 2319 μὴ
1308 2284 1344 2315 ώς
1361 2285 1468 2319 ’Ἄρειος
1479 2284 1625 2319 ὑπενόησεν
1637 2284 1753 2320 ἔγραψεν
1768 2284 1858 2316 αὐτός·

1074 2330 1129 2356 ἀλλ’
1140 2330 1192 2361 ὅτι,
1202 2329 1255 2356 τῶν
1267 2329 1442 2365 ἀνθρωπίνως
1456 2330 1606 2366 εἰρημένων
1620 2330 1685 2366 περὶ
1695 2330 1742 2357 τοῦ
1757 2329 1860 2365 Κυρίου

1113 2418 1169 2452 (45)
1182 2417 1249 2452 Reg.
1263 2417 1374 2444 Taurin.
1387 2416 1462 2444 Colb.
1479 2416 1547 2449 Jes.,
1556 2417 1765 2453 Χριστομάχων.
1775 2417 1859 2450 Editi,

1077 2453 1232 2480 Θεοιιάνων.

1100 2462 1127 2480 εο
1131 2461 1232 2480 ιιαγων.

1114 2462 1232 2488 ομαχων.

1114 2488 1169 2523 (46)
1186 2485 1384 2523 ξριστομάχων
1398 2486 1472 2523 deest
1485 2487 1510 2523 in
1522 2486 1632 2523 Tatwin.
1648 2486 1722 2514 Coll).
1736 2485 1791 2514 Jes.

1129 2518 1173 2558 47)
1193 2518 1304 2558 Taurin.
1321 2518 1396 2558 Coll).
1408 2521 1475 2558 des”
1487 2521 1525 2553 ὼς
1538 2518 1625 2558 οὗτοι.

1127 2553 1170 2592 48)
1186 2557 1294 2597 Taurip.
1314 2556 1388 2597 13011).
1405 2556 1472 2597 less,
1486 2557 1549 2592 περὶ
1572 2553 1609 2582 ὧν
1626 2556 1810 2597 κατηγορήβη.
1828 2557 1861 2584 Et

1079 2588 1166 2622 infra;
1177 2592 1242 2628 περὶ
1264 2588 1301 2618 ὧν
1313 2588 1824 2628 ὑπωπτεύθη,Αίῑξιιιεηιιιιξιιίέὶίἱρῖὺιὶε.

1117 2627 1178 2667 (d9)~
1194 2626 1270 2660 Reg"
1296 2627 1475 2661 συκοφάντας.
1492 2626 1561 2653 Editi
1580 2631 1607 2653 et
1619 2626 1663 2653 alii
1685 2634 1760 2659 mss.,
1781 2634 1861 2653 συκο-

1100 2670 1254 2689 αντουνταε.

1080 2672 1254 2698 φαντουντας.

1114 2698 1169 2731 (50)
1186 2697 1295 2723 Taurin.
1310 2695 1384 2722 Colb.
1399 2695 1452 2723 les.
1466 2696 1512 2724 Fr.
1531 2696 1555 2728 1,
1571 2695 1821 2731 παραθῶμενλὶες.
1834 2700 1862 2723 et

1077 2733 1152 2762 editi,
1169 2731 1346 2766 παραθῶμαι.

1114 2767 1170 2802 (51)
1191 2765 1289 2802 Otunes
1316 2773 1379 2802 mss.
1396 2769 1423 2792 et
1444 2765 1507 2792 editi
1528 2765 1729 2802 ἔγραψενηξείι
1746 2765 1861 2802 _videtur

1080 2799 1219 2835 legendum
1234 2799 1398 2836 ἐπέγραψεν,
1416 2805 1534 2836 utsupra
1546 2799 1652 2836 legitur.
1668 2799 1729 2828 Mox
1745 2800 1869 2828 Taurin..

1079 2834 1134 2865 les.
1152 2835 1196 2864 Fr.
1216 2836 1241 2871 Ι,
1257 2836 1274 2872 ἢ
1289 2834 1329 2863 ὅτι
1344 2834 1465 2867 τούτους.
