  <div class='ocr_page' id='page_1' title='image "/cluster/home/n/w/nwhite01/storage/ocr_20150623/25/njp.32101010944591/536.png"; bbox 0 0 2018 3048; ppageno 0'>
   <div class='ocr_carea' id='block_1_1' title="bbox 158 158 207 189">
    <p class='ocr_par' dir='ltr' id='par_1_1' title="bbox 158 158 207 189">
     <span class='ocr_line' id='line_1_1' title="bbox 158 158 207 189; baseline -0.061 0"><span class='ocrx_word' id='word_1_1' title='bbox 158 158 207 189; x_wconf 70' lang='lat' dir='ltr'><strong>Sili</strong></span> 
     </span>
    </p>
   </div>
   <div class='ocr_carea' id='block_1_2' title="bbox 159 217 945 254">
    <p class='ocr_par' dir='ltr' id='par_1_2' title="bbox 159 217 945 254">
     <span class='ocr_line' id='line_1_2' title="bbox 159 217 945 254; baseline 0.001 -9"><span class='ocrx_word' id='word_1_2' title='bbox 159 218 297 254; x_wconf 65' lang='grc' dir='ltr'>μνησθεὶς,</span> <span class='ocrx_word' id='word_1_3' title='bbox 315 219 364 246; x_wconf 78' lang='grc' dir='ltr'>οὐκ</span> <span class='ocrx_word' id='word_1_4' title='bbox 377 219 468 253; x_wconf 78' lang='grc' dir='ltr'><strong>ἠγνόει</strong></span> <span class='ocrx_word' id='word_1_5' title='bbox 485 218 579 245; x_wconf 81' lang='grc' dir='ltr'>τοῦτον</span> <span class='ocrx_word' id='word_1_6' title='bbox 595 217 665 245; x_wconf 75' lang='grc' dir='ltr'>εἶναι</span> <span class='ocrx_word' id='word_1_7' title='bbox 682 218 767 252; x_wconf 87' lang='grc' dir='ltr'>Λόγον</span> <span class='ocrx_word' id='word_1_8' title='bbox 781 219 827 245; x_wconf 81' lang='grc' dir='ltr'>καὶ</span> <span class='ocrx_word' id='word_1_9' title='bbox 845 219 945 253; x_wconf 82' lang='grc' dir='ltr'><strong>Σοφίαν</strong></span> 
     </span>
    </p>
   </div>
   <div class='ocr_carea' id='block_1_3' title="bbox 157 264 946 300">
    <p class='ocr_par' dir='ltr' id='par_1_3' title="bbox 157 264 946 300">
     <span class='ocr_line' id='line_1_3' title="bbox 157 264 946 300; baseline -0.003 -8"><span class='ocrx_word' id='word_1_10' title='bbox 157 264 307 300; x_wconf 80' lang='grc' dir='ltr'>ἀδιαίρετον</span> <span class='ocrx_word' id='word_1_11' title='bbox 319 265 364 291; x_wconf 79' lang='grc' dir='ltr'>τοῦ</span> <span class='ocrx_word' id='word_1_12' title='bbox 376 265 499 300; x_wconf 82' lang='grc' dir='ltr'>Πατρός;</span> <span class='ocrx_word' id='word_1_13' title='bbox 517 265 631 291; x_wconf 84' lang='grc' dir='ltr'>Ἔπειτα</span> <span class='ocrx_word' id='word_1_14' title='bbox 641 265 760 291; x_wconf 73' lang='grc' dir='ltr'>αἰτιᾶται</span> <span class='ocrx_word' id='word_1_15' title='bbox 775 264 839 296; x_wconf 83' lang='grc' dir='ltr'>τοὺς</span> <span class='ocrx_word' id='word_1_16' title='bbox 855 272 946 291; x_wconf 79' lang='grc' dir='ltr'>κατει-</span> 
     </span>
    </p>
   </div>
   <div class='ocr_carea' id='block_1_4' title="bbox 157 310 944 347">
    <p class='ocr_par' dir='ltr' id='par_1_4' title="bbox 157 310 944 347">
     <span class='ocr_line' id='line_1_4' title="bbox 157 310 944 347; baseline 0.001 -11"><span class='ocrx_word' id='word_1_17' title='bbox 157 310 256 342; x_wconf 82' lang='grc' dir='ltr'>πόντας</span> <span class='ocrx_word' id='word_1_18' title='bbox 271 310 352 337; x_wconf 80' lang='grc' dir='ltr'>αὐτοῦ</span> <span class='ocrx_word' id='word_1_19' title='bbox 371 311 408 342; x_wconf 84' lang='grc' dir='ltr'>ὡς</span> <span class='ocrx_word' id='word_1_20' title='bbox 425 311 461 347; x_wconf 88' lang='grc' dir='ltr'>μὴ</span> <span class='ocrx_word' id='word_1_21' title='bbox 477 311 638 346; x_wconf 78' lang='grc' dir='ltr'><strong>ὁλοκλήρους</strong></span> <span class='ocrx_word' id='word_1_22' title='bbox 653 311 792 345; x_wconf 78' lang='grc' dir='ltr'>λέγοντας,</span> <span class='ocrx_word' id='word_1_23' title='bbox 810 310 878 337; x_wconf 77' lang='grc' dir='ltr'>ἀλλὰ</span> <span class='ocrx_word' id='word_1_24' title='bbox 894 319 944 337; x_wconf 86' lang='grc' dir='ltr'>πε-</span> 
     </span>
    </p>
   </div>
   <div class='ocr_carea' id='block_1_5' title="bbox 157 354 945 391">
    <p class='ocr_par' dir='ltr' id='par_1_5' title="bbox 157 354 945 391">
     <span class='ocr_line' id='line_1_5' title="bbox 157 354 945 391; baseline 0.003 -11"><span class='ocrx_word' id='word_1_25' title='bbox 157 354 334 389; x_wconf 83' lang='grc' dir='ltr'>ριχόπτοντας</span> <span class='ocrx_word' id='word_1_26' title='bbox 347 355 428 382; x_wconf 81' lang='grc' dir='ltr'>αὑτοῦ</span> <span class='ocrx_word' id='word_1_27' title='bbox 442 355 490 387; x_wconf 77' lang='grc' dir='ltr'><strong>τὰς</strong></span> <span class='ocrx_word' id='word_1_28' title='bbox 502 356 599 389; x_wconf 78' lang='grc' dir='ltr'><strong>λέξεις,</strong></span> <span class='ocrx_word' id='word_1_29' title='bbox 612 356 659 382; x_wconf 78' lang='grc' dir='ltr'>καὶ</span> <span class='ocrx_word' id='word_1_30' title='bbox 677 356 714 387; x_wconf 87' lang='grc' dir='ltr'>ὡς</span> <span class='ocrx_word' id='word_1_31' title='bbox 727 356 764 391; x_wconf 85' lang='grc' dir='ltr'>μὴ</span> <span class='ocrx_word' id='word_1_32' title='bbox 776 355 845 390; x_wconf 83' lang='grc' dir='ltr'>καλῇ</span> <span class='ocrx_word' id='word_1_33' title='bbox 858 364 945 382; x_wconf 87' lang='grc' dir='ltr'>συνει-</span> 
     </span>
    </p>
   </div>
   <div class='ocr_carea' id='block_1_6' title="bbox 155 400 943 437">
    <p class='ocr_par' dir='ltr' id='par_1_6' title="bbox 155 400 943 437">
     <span class='ocr_line' id='line_1_6' title="bbox 155 400 943 437; baseline 0.003 -11"><span class='ocrx_word' id='word_1_34' title='bbox 155 401 241 436; x_wconf 76' lang='grc' dir='ltr'>δήσει,</span> <span class='ocrx_word' id='word_1_35' title='bbox 257 400 324 427; x_wconf 85' lang='grc' dir='ltr'>ἀλλὰ</span> <span class='ocrx_word' id='word_1_36' title='bbox 335 402 439 437; x_wconf 84' lang='grc' dir='ltr'><strong>πονηρᾷ</strong></span> <span class='ocrx_word' id='word_1_37' title='bbox 452 401 597 433; x_wconf 83' lang='grc' dir='ltr'>λαλοῦντας</span> <span class='ocrx_word' id='word_1_38' title='bbox 609 402 646 433; x_wconf 88' lang='grc' dir='ltr'>ὠς</span> <span class='ocrx_word' id='word_1_39' title='bbox 656 401 777 428; x_wconf 69' lang='grc' dir='ltr'>θέλουσιθ</span> <span class='ocrx_word' id='word_1_40' title='bbox 792 402 902 432; x_wconf 80' lang='grc' dir='ltr'><strong>τούτους</strong></span> <span class='ocrx_word' id='word_1_41' title='bbox 913 410 943 428; x_wconf 85' lang='grc' dir='ltr'><strong>τε</strong></span> 
     </span>
    </p>
   </div>
   <div class='ocr_carea' id='block_1_7' title="bbox 155 446 942 482">
    <p class='ocr_par' dir='ltr' id='par_1_7' title="bbox 155 446 942 482">
     <span class='ocr_line' id='line_1_7' title="bbox 155 446 942 482; baseline 0.001 -11"><span class='ocrx_word' id='word_1_42' title='bbox 155 446 260 477; x_wconf 83' lang='grc' dir='ltr'>τούτοις</span> <span class='ocrx_word' id='word_1_43' title='bbox 277 446 419 478; x_wconf 81' lang='grc' dir='ltr'><strong>ἀπεικάζει</strong></span> <span class='ocrx_word' id='word_1_44' title='bbox 436 448 491 478; x_wconf 85' lang='grc' dir='ltr'>τοῖς</span> <span class='ocrx_word' id='word_1_45' title='bbox 511 446 560 478; x_wconf 77' lang='grc' dir='ltr'><strong>τὰς</strong></span> <span class='ocrx_word' id='word_1_46' title='bbox 577 446 623 472; x_wconf 81' lang='grc' dir='ltr'>τοῦ</span> <span class='ocrx_word' id='word_1_47' title='bbox 645 447 779 482; x_wconf 81' lang='grc' dir='ltr'>μακαρίου</span> <span class='ocrx_word' id='word_1_48' title='bbox 795 446 942 473; x_wconf 77' lang='grc' dir='ltr'>ἀποστόλου</span> 
     </span>
    </p>
   </div>
   <div class='ocr_carea' id='block_1_8' title="bbox 154 490 942 527">
    <p class='ocr_par' dir='ltr' id='par_1_8' title="bbox 154 490 942 527">
     <span class='ocr_line' id='line_1_8' title="bbox 154 490 942 527; baseline 0.001 -10"><span class='ocrx_word' id='word_1_49' title='bbox 154 490 340 518; x_wconf 75' lang='grc' dir='ltr'>διαϐάλλουσιν</span> <span class='ocrx_word' id='word_1_50' title='bbox 357 492 524 523; x_wconf 82' lang='grc' dir='ltr'>Ἐπιστολάς.</span> <span class='ocrx_word' id='word_1_51' title='bbox 538 493 569 518; x_wconf 86' lang='lat' dir='ltr'><strong>&#39;H</strong></span> <span class='ocrx_word' id='word_1_52' title='bbox 580 492 608 518; x_wconf 83' lang='grc' dir='ltr'><strong>δὲ</strong></span> <span class='ocrx_word' id='word_1_53' title='bbox 618 492 727 527; x_wconf 86' lang='grc' dir='ltr'>τοιαύτη</span> <span class='ocrx_word' id='word_1_54' title='bbox 744 492 846 527; x_wconf 72' lang='grc' dir='ltr'>μέμψις</span> <span class='ocrx_word' id='word_1_55' title='bbox 860 491 942 518; x_wconf 83' lang='grc' dir='ltr'>αὑτοῦ</span> 
     </span>
    </p>
   </div>
   <div class='ocr_carea' id='block_1_9' title="bbox 156 537 941 574">
    <p class='ocr_par' dir='ltr' id='par_1_9' title="bbox 156 537 941 574">
     <span class='ocr_line' id='line_1_9' title="bbox 156 537 941 574; baseline 0.001 -11"><span class='ocrx_word' id='word_1_56' title='bbox 156 537 263 568; x_wconf 76' lang='grc' dir='ltr'>πάντως</span> <span class='ocrx_word' id='word_1_57' title='bbox 287 537 339 564; x_wconf 75' lang='grc' dir='ltr'><strong>ἀπὸ</strong></span> <span class='ocrx_word' id='word_1_58' title='bbox 356 538 460 572; x_wconf 78' lang='grc' dir='ltr'>φαύλης</span> <span class='ocrx_word' id='word_1_59' title='bbox 476 538 591 572; x_wconf 70' lang='grc' dir='ltr'>ὑποψίας</span> <span class='ocrx_word' id='word_1_60' title='bbox 611 539 690 565; x_wconf 78' lang='grc' dir='ltr'>αὐτὸν</span> <span class='ocrx_word' id='word_1_61' title='bbox 706 538 827 565; x_wconf 81' lang='grc' dir='ltr'>ἀπολύει.</span> <span class='ocrx_word' id='word_1_62' title='bbox 841 539 872 564; x_wconf 81' lang='grc' dir='ltr'><strong>Εἰ</strong></span> <span class='ocrx_word' id='word_1_63' title='bbox 888 538 941 574; x_wconf 80' lang='grc' dir='ltr'><strong>γὰρ</strong></span> 
     </span>
    </p>
   </div>
   <div class='ocr_carea' id='block_1_10' title="bbox 155 583 940 620">
    <p class='ocr_par' dir='ltr' id='par_1_10' title="bbox 155 583 940 620">
     <span class='ocr_line' id='line_1_10' title="bbox 155 583 940 620; baseline 0.004 -12"><span class='ocrx_word' id='word_1_64' title='bbox 155 583 217 614; x_wconf 63' lang='grc' dir='ltr'>τοὺς</span> <span class='ocrx_word' id='word_1_65' title='bbox 226 583 331 609; x_wconf 83' lang='grc' dir='ltr'>Παύλου</span> <span class='ocrx_word' id='word_1_66' title='bbox 348 585 526 616; x_wconf 79' lang='grc' dir='ltr'>κατειπόντας</span> <span class='ocrx_word' id='word_1_67' title='bbox 542 584 626 616; x_wconf 73' lang='grc' dir='ltr'>οὕτως</span> <span class='ocrx_word' id='word_1_68' title='bbox 640 586 745 620; x_wconf 79' lang='grc' dir='ltr'>ἡγεῖται</span> <span class='ocrx_word' id='word_1_69' title='bbox 760 585 797 616; x_wconf 81' lang='grc' dir='ltr'><strong>ὡς</strong></span> <span class='ocrx_word' id='word_1_70' title='bbox 814 585 876 616; x_wconf 81' lang='grc' dir='ltr'>τοὺς</span> <span class='ocrx_word' id='word_1_71' title='bbox 890 586 940 611; x_wconf 81' lang='grc' dir='ltr'>αύ-</span> 
     </span>
    </p>
   </div>
   <div class='ocr_carea' id='block_1_11' title="bbox 155 628 940 666">
    <p class='ocr_par' dir='ltr' id='par_1_11' title="bbox 155 628 940 666">
     <span class='ocr_line' id='line_1_11' title="bbox 155 628 940 666; baseline 0.005 -13"><span class='ocrx_word' id='word_1_72' title='bbox 155 628 201 654; x_wconf 79' lang='grc' dir='ltr'>τοῦ</span> <span class='ocrx_word' id='word_1_73' title='bbox 216 629 405 661; x_wconf 73' lang='grc' dir='ltr'>κατειπόντας,</span> <span class='ocrx_word' id='word_1_74' title='bbox 417 630 491 656; x_wconf 74' lang='grc' dir='ltr'>οὐδὲν</span> <span class='ocrx_word' id='word_1_75' title='bbox 504 630 596 665; x_wconf 72' lang='grc' dir='ltr'>ἕτερον</span> <span class='ocrx_word' id='word_1_76' title='bbox 609 630 752 662; x_wconf 84' lang='grc' dir='ltr'>δείκνυσιν,</span> <span class='ocrx_word' id='word_1_77' title='bbox 768 631 784 666; x_wconf 83' lang='grc' dir='ltr'>ἢ</span> <span class='ocrx_word' id='word_1_78' title='bbox 799 631 838 657; x_wconf 80' lang='grc' dir='ltr'><strong>ὅτι</strong></span> <span class='ocrx_word' id='word_1_79' title='bbox 850 630 883 657; x_wconf 68' lang='grc' dir='ltr'><strong>τὰ</strong></span> <span class='ocrx_word' id='word_1_80' title='bbox 893 631 940 657; x_wconf 82' lang='grc' dir='ltr'><strong>τοῦ</strong></span> 
     </span>
    </p>
   </div>
   <div class='ocr_carea' id='block_1_12' title="bbox 156 673 940 711">
    <p class='ocr_par' dir='ltr' id='par_1_12' title="bbox 156 673 940 711">
     <span class='ocr_line' id='line_1_12' title="bbox 156 673 940 711; baseline 0.004 -12"><span class='ocrx_word' id='word_1_81' title='bbox 156 673 260 700; x_wconf 78' lang='grc' dir='ltr'>Παύλου</span> <span class='ocrx_word' id='word_1_82' title='bbox 285 674 340 709; x_wconf 71' lang='lat'><strong>(52)</strong></span> <span class='ocrx_word' id='word_1_83' title='bbox 372 674 476 710; x_wconf 77' lang='grc' dir='ltr'>φρονῶν</span> <span class='ocrx_word' id='word_1_84' title='bbox 500 674 585 707; x_wconf 78' lang='grc' dir='ltr'>οὕτως</span> <span class='ocrx_word' id='word_1_85' title='bbox 608 676 736 711; x_wconf 70' lang='grc' dir='ltr'>ἔγραψεν.</span> <span class='ocrx_word' id='word_1_86' title='bbox 768 676 874 711; x_wconf 82' lang='grc' dir='ltr'>Ἀμέλει</span> <span class='ocrx_word' id='word_1_87' title='bbox 893 676 940 703; x_wconf 76' lang='grc' dir='ltr'>καὶ</span> 
     </span>
    </p>
   </div>
   <div class='ocr_carea' id='block_1_13' title="bbox 155 719 940 758">
    <p class='ocr_par' dir='ltr' id='par_1_13' title="bbox 155 719 940 758">
     <span class='ocr_line' id='line_1_13' title="bbox 155 719 940 758; baseline 0.005 -13"><span class='ocrx_word' id='word_1_88' title='bbox 155 719 223 755; x_wconf 78' lang='grc' dir='ltr'>πρὸς</span> <span class='ocrx_word' id='word_1_89' title='bbox 246 720 360 747; x_wconf 75' lang='grc' dir='ltr'>ἕκαστον</span> <span class='ocrx_word' id='word_1_90' title='bbox 382 721 436 747; x_wconf 84' lang='grc' dir='ltr'>τῶν</span> <span class='ocrx_word' id='word_1_91' title='bbox 453 722 504 748; x_wconf 77' lang='grc' dir='ltr'><strong>ὑπὸ</strong></span> <span class='ocrx_word' id='word_1_92' title='bbox 527 721 581 748; x_wconf 83' lang='grc' dir='ltr'>τῶν</span> <span class='ocrx_word' id='word_1_93' title='bbox 605 723 763 758; x_wconf 78' lang='grc' dir='ltr'>κατηγόρων</span> <span class='ocrx_word' id='word_1_94' title='bbox 789 723 940 758; x_wconf 80' lang='grc' dir='ltr'>εἰρημένων</span> 
     </span>
    </p>
   </div>
   <div class='ocr_carea' id='block_1_14' title="bbox 155 766 939 804">
    <p class='ocr_par' dir='ltr' id='par_1_14' title="bbox 155 766 939 804">
     <span class='ocr_line' id='line_1_14' title="bbox 155 766 939 804; baseline 0.003 -12"><span class='ocrx_word' id='word_1_95' title='bbox 155 766 291 797; x_wconf 81' lang='grc' dir='ltr'>ἀπαντῶν,</span> <span class='ocrx_word' id='word_1_96' title='bbox 310 767 398 793; x_wconf 76' lang='grc' dir='ltr'>πάντα</span> <span class='ocrx_word' id='word_1_97' title='bbox 419 766 452 793; x_wconf 79' lang='grc' dir='ltr'><strong>τὰ</strong></span> <span class='ocrx_word' id='word_1_98' title='bbox 468 769 533 803; x_wconf 80' lang='grc' dir='ltr'>παρ’</span> <span class='ocrx_word' id='word_1_99' title='bbox 546 768 634 794; x_wconf 84' lang='grc' dir='ltr'>αὐτῶν</span> <span class='ocrx_word' id='word_1_100' title='bbox 655 768 844 804; x_wconf 75' lang='grc' dir='ltr'>προφερόμενα</span> <span class='ocrx_word' id='word_1_101' title='bbox 859 768 939 803; x_wconf 85' lang='grc' dir='ltr'>θερα-</span> 
     </span>
    </p>
   </div>
   <div class='ocr_carea' id='block_1_15' title="bbox 154 811 938 848">
    <p class='ocr_par' dir='ltr' id='par_1_15' title="bbox 154 811 938 848">
     <span class='ocr_line' id='line_1_15' title="bbox 154 811 938 848; baseline 0.004 -12"><span class='ocrx_word' id='word_1_102' title='bbox 154 811 246 837; x_wconf 84' lang='grc' dir='ltr'>πεύει·</span> <span class='ocrx_word' id='word_1_103' title='bbox 264 812 309 838; x_wconf 67' lang='grc' dir='ltr'>καὶ</span> <span class='ocrx_word' id='word_1_104' title='bbox 327 812 467 838; x_wconf 67' lang='grc' dir='ltr'>Σαϐελλιω</span> <span class='ocrx_word' id='word_1_105' title='bbox 489 813 539 848; x_wconf 81' lang='grc' dir='ltr'>μὲν</span> <span class='ocrx_word' id='word_1_106' title='bbox 555 814 583 839; x_wconf 83' lang='grc' dir='ltr'>ἐν</span> <span class='ocrx_word' id='word_1_107' title='bbox 602 813 714 844; x_wconf 85' lang='grc' dir='ltr'>ἐκείνοις</span> <span class='ocrx_word' id='word_1_108' title='bbox 733 813 890 848; x_wconf 78' lang='grc' dir='ltr'>ἀνατρέπει,</span> <span class='ocrx_word' id='word_1_109' title='bbox 910 813 938 839; x_wconf 82' lang='grc' dir='ltr'>ὲν</span> 
     </span>
    </p>
   </div>
   <div class='ocr_carea' id='block_1_16' title="bbox 153 857 936 894">
    <p class='ocr_par' dir='ltr' id='par_1_16' title="bbox 153 857 936 894">
     <span class='ocr_line' id='line_1_16' title="bbox 153 857 936 894; baseline 0.003 -11"><span class='ocrx_word' id='word_1_110' title='bbox 153 857 257 888; x_wconf 77' lang='grc' dir='ltr'>τούτοις</span> <span class='ocrx_word' id='word_1_111' title='bbox 283 857 311 883; x_wconf 78' lang='grc' dir='ltr'><strong>δὲ</strong></span> <span class='ocrx_word' id='word_1_112' title='bbox 336 858 469 885; x_wconf 82' lang='grc' dir='ltr'>δείκνυσιν</span> <span class='ocrx_word' id='word_1_113' title='bbox 492 859 638 894; x_wconf 83' lang='grc' dir='ltr'>ὀλόκληρον</span> <span class='ocrx_word' id='word_1_114' title='bbox 654 859 751 885; x_wconf 83' lang='grc' dir='ltr'>ἑαυτοῦ</span> <span class='ocrx_word' id='word_1_115' title='bbox 776 859 824 894; x_wconf 80' lang='grc' dir='ltr'>τὴν</span> <span class='ocrx_word' id='word_1_116' title='bbox 840 859 936 894; x_wconf 74' lang='grc' dir='ltr'>εὑσεὸἦ</span> 
     </span>
    </p>
   </div>
   <div class='ocr_carea' id='block_1_17' title="bbox 154 902 938 940">
    <p class='ocr_par' dir='ltr' id='par_1_17' title="bbox 154 902 938 940">
     <span class='ocr_line' id='line_1_17' title="bbox 154 902 938 940; baseline 0.004 -12"><span class='ocrx_word' id='word_1_117' title='bbox 154 902 253 928; x_wconf 77' lang='grc' dir='ltr'>πίστιν.</span> <span class='ocrx_word' id='word_1_118' title='bbox 269 903 428 931; x_wconf 85' lang='grc' dir='ltr'>Φασκόντων</span> <span class='ocrx_word' id='word_1_119' title='bbox 439 905 527 931; x_wconf 84' lang='grc' dir='ltr'>τοίνυν</span> <span class='ocrx_word' id='word_1_120' title='bbox 541 905 652 931; x_wconf 75' lang='grc' dir='ltr'><strong>ἐκείνων</strong></span> <span class='ocrx_word' id='word_1_121' title='bbox 668 907 775 940; x_wconf 78' lang='grc' dir='ltr'>φρονεῖν</span> <span class='ocrx_word' id='word_1_122' title='bbox 788 905 833 931; x_wconf 80' lang='grc' dir='ltr'><strong>τὸν</strong></span> <span class='ocrx_word' id='word_1_123' title='bbox 848 905 938 932; x_wconf 82' lang='grc' dir='ltr'>Διονύ-</span> 
     </span>
    </p>
   </div>
   <div class='ocr_carea' id='block_1_18' title="bbox 154 948 935 986">
    <p class='ocr_par' dir='ltr' id='par_1_18' title="bbox 154 948 935 986">
     <span class='ocr_line' id='line_1_18' title="bbox 154 948 935 986; baseline 0.005 -12"><span class='ocrx_word' id='word_1_124' title='bbox 154 957 210 975; x_wconf 80' lang='grc' dir='ltr'>σιον</span> <span class='ocrx_word' id='word_1_125' title='bbox 219 957 225 963; x_wconf 90' lang='grc'><strong>·</strong></span> <span class='ocrx_word' id='word_1_126' title='bbox 247 958 255 974; x_wconf 82' lang='grc' dir='ltr'><strong>ι</strong></span> <span class='ocrx_word' id='word_1_127' title='bbox 274 949 330 976; x_wconf 79' lang='grc' dir='ltr'>Οὐκ</span> <span class='ocrx_word' id='word_1_128' title='bbox 345 950 388 976; x_wconf 83' lang='grc' dir='ltr'><strong>ἀεὶ</strong></span> <span class='ocrx_word' id='word_1_129' title='bbox 400 948 433 985; x_wconf 87' lang='grc' dir='ltr'>ἦν</span> <span class='ocrx_word' id='word_1_130' title='bbox 449 951 464 976; x_wconf 87' lang='grc' dir='ltr'><strong>ό</strong></span> <span class='ocrx_word' id='word_1_131' title='bbox 477 950 543 982; x_wconf 72' lang='grc' dir='ltr'>Θεὸς</span> <span class='ocrx_word' id='word_1_132' title='bbox 555 950 661 986; x_wconf 73' lang='grc' dir='ltr'>Πατὴρ,</span> <span class='ocrx_word' id='word_1_133' title='bbox 674 951 723 977; x_wconf 85' lang='grc' dir='ltr'><strong>ούκ</strong></span> <span class='ocrx_word' id='word_1_134' title='bbox 736 951 778 977; x_wconf 80' lang='grc' dir='ltr'><strong>ἀεὶ</strong></span> <span class='ocrx_word' id='word_1_135' title='bbox 789 949 823 986; x_wconf 77' lang='grc' dir='ltr'>ἦν</span> <span class='ocrx_word' id='word_1_136' title='bbox 835 952 850 978; x_wconf 84' lang='grc' dir='ltr'>ὁ</span> <span class='ocrx_word' id='word_1_137' title='bbox 862 951 935 983; x_wconf 85' lang='grc' dir='ltr'>Υἱός·</span> 
     </span>
    </p>
   </div>
   <div class='ocr_carea' id='block_1_19' title="bbox 153 994 937 1032">
    <p class='ocr_par' dir='ltr' id='par_1_19' title="bbox 153 994 937 1032">
     <span class='ocr_line' id='line_1_19' title="bbox 153 994 937 1032; baseline 0.003 -11"><span class='ocrx_word' id='word_1_138' title='bbox 153 995 210 1021; x_wconf 71' lang='grc' dir='ltr'>ἀλλ’</span> <span class='ocrx_word' id='word_1_139' title='bbox 224 995 237 1021; x_wconf 84' lang='grc' dir='ltr'><strong>ό</strong></span> <span class='ocrx_word' id='word_1_140' title='bbox 255 995 303 1030; x_wconf 83' lang='grc' dir='ltr'>μὲν</span> <span class='ocrx_word' id='word_1_141' title='bbox 322 995 386 1028; x_wconf 82' lang='grc' dir='ltr'>Θεὸς</span> <span class='ocrx_word' id='word_1_142' title='bbox 398 994 430 1032; x_wconf 79' lang='grc' dir='ltr'>ἦν</span> <span class='ocrx_word' id='word_1_143' title='bbox 445 996 528 1031; x_wconf 71' lang='grc' dir='ltr'>χωρὶς</span> <span class='ocrx_word' id='word_1_144' title='bbox 538 995 588 1022; x_wconf 80' lang='grc' dir='ltr'>τοῦ</span> <span class='ocrx_word' id='word_1_145' title='bbox 599 996 695 1030; x_wconf 83' lang='grc' dir='ltr'>Λόγου,</span> <span class='ocrx_word' id='word_1_146' title='bbox 715 996 794 1028; x_wconf 76' lang='grc' dir='ltr'>αὐτὸς</span> <span class='ocrx_word' id='word_1_147' title='bbox 810 996 838 1023; x_wconf 82' lang='grc' dir='ltr'><strong>δὲ</strong></span> <span class='ocrx_word' id='word_1_148' title='bbox 851 997 864 1023; x_wconf 82' lang='grc' dir='ltr'><strong>ό</strong></span> <span class='ocrx_word' id='word_1_149' title='bbox 876 996 937 1029; x_wconf 83' lang='grc' dir='ltr'>Υίὺς</span> 
     </span>
    </p>
   </div>
   <div class='ocr_carea' id='block_1_20' title="bbox 151 1038 935 1077">
    <p class='ocr_par' dir='ltr' id='par_1_20' title="bbox 151 1038 935 1077">
     <span class='ocr_line' id='line_1_20' title="bbox 151 1038 935 1077; baseline 0.003 -11"><span class='ocrx_word' id='word_1_150' title='bbox 151 1040 201 1066; x_wconf 72' lang='grc' dir='ltr'>οὐκ</span> <span class='ocrx_word' id='word_1_151' title='bbox 214 1038 246 1076; x_wconf 78' lang='grc' dir='ltr'>ἧν</span> <span class='ocrx_word' id='word_1_152' title='bbox 264 1042 328 1076; x_wconf 76' lang='grc' dir='ltr'>πρὶν</span> <span class='ocrx_word' id='word_1_153' title='bbox 343 1041 458 1077; x_wconf 77' lang='grc' dir='ltr'>γεννηθῇ</span> <span class='ocrx_word' id='word_1_154' title='bbox 470 1050 477 1057; x_wconf 82' lang='lat'>&#39;</span> <span class='ocrx_word' id='word_1_155' title='bbox 494 1042 552 1068; x_wconf 85' lang='grc' dir='ltr'>ἀλλ’</span> <span class='ocrx_word' id='word_1_156' title='bbox 573 1040 607 1077; x_wconf 88' lang='grc' dir='ltr'><strong>ἧν</strong></span> <span class='ocrx_word' id='word_1_157' title='bbox 630 1051 694 1068; x_wconf 85' lang='grc' dir='ltr'>ποτε</span> <span class='ocrx_word' id='word_1_158' title='bbox 713 1042 758 1068; x_wconf 80' lang='grc' dir='ltr'>ὅτε</span> <span class='ocrx_word' id='word_1_159' title='bbox 778 1043 828 1069; x_wconf 58' lang='lat' dir='ltr'><strong>oux</strong></span> <span class='ocrx_word' id='word_1_160' title='bbox 841 1040 891 1077; x_wconf 82' lang='grc' dir='ltr'><strong>ἦν·</strong></span> <span class='ocrx_word' id='word_1_161' title='bbox 905 1043 935 1069; x_wconf 84' lang='grc' dir='ltr'>οὐ</span> 
     </span>
    </p>
   </div>
   <div class='ocr_carea' id='block_1_21' title="bbox 151 1086 938 1124">
    <p class='ocr_par' dir='ltr' id='par_1_21' title="bbox 151 1086 938 1124">
     <span class='ocr_line' id='line_1_21' title="bbox 151 1086 938 1124; baseline 0.004 -12"><span class='ocrx_word' id='word_1_162' title='bbox 151 1087 205 1122; x_wconf 74' lang='grc' dir='ltr'><strong>γὰρ</strong></span> <span class='ocrx_word' id='word_1_163' title='bbox 231 1087 314 1119; x_wconf 79' lang='grc' dir='ltr'>ἀΐδιός</span> <span class='ocrx_word' id='word_1_164' title='bbox 340 1088 422 1119; x_wconf 82' lang='grc' dir='ltr'>ἐστιν,</span> <span class='ocrx_word' id='word_1_165' title='bbox 453 1088 509 1115; x_wconf 81' lang='grc' dir='ltr'>ἀλλ’</span> <span class='ocrx_word' id='word_1_166' title='bbox 532 1087 644 1124; x_wconf 74' lang='grc' dir='ltr'>ὕστερον</span> <span class='ocrx_word' id='word_1_167' title='bbox 668 1089 840 1123; x_wconf 84' lang='grc' dir='ltr'>ὲπιγέγονεν·</span> <span class='ocrx_word' id='word_1_168' title='bbox 861 1086 938 1124; x_wconf 64' lang='grc' dir='ltr'>ἰόρα</span> 
     </span>
    </p>
   </div>
   <div class='ocr_carea' id='block_1_22' title="bbox 152 1131 937 1169">
    <p class='ocr_par' dir='ltr' id='par_1_22' title="bbox 152 1131 937 1169">
     <span class='ocr_line' id='line_1_22' title="bbox 152 1131 937 1169; baseline 0.003 -10"><span class='ocrx_word' id='word_1_169' title='bbox 152 1133 210 1164; x_wconf 85' lang='grc' dir='ltr'>πῶς</span> <span class='ocrx_word' id='word_1_170' title='bbox 240 1133 426 1169; x_wconf 80' lang='grc' dir='ltr'>ἀποκρίνεται.</span> <span class='ocrx_word' id='word_1_171' title='bbox 457 1134 497 1160; x_wconf 88' lang='grc' dir='ltr'><strong>Τὰ</strong></span> <span class='ocrx_word' id='word_1_172' title='bbox 522 1134 572 1169; x_wconf 83' lang='grc' dir='ltr'>μὲν</span> <span class='ocrx_word' id='word_1_173' title='bbox 600 1131 646 1160; x_wconf 87' lang='grc' dir='ltr'>οὖν</span> <span class='ocrx_word' id='word_1_174' title='bbox 673 1134 785 1161; x_wconf 86' lang='grc' dir='ltr'>πλεῖστα</span> <span class='ocrx_word' id='word_1_175' title='bbox 810 1134 864 1161; x_wconf 86' lang='grc' dir='ltr'><strong>τῶν</strong></span> <span class='ocrx_word' id='word_1_176' title='bbox 889 1135 937 1161; x_wconf 84' lang='grc' dir='ltr'>αύ-</span> 
     </span>
    </p>
   </div>
   <div class='ocr_carea' id='block_1_23' title="bbox 150 1179 936 1216">
    <p class='ocr_par' dir='ltr' id='par_1_23' title="bbox 150 1179 936 1216">
     <span class='ocr_line' id='line_1_23' title="bbox 150 1179 936 1216; baseline 0.003 -11"><span class='ocrx_word' id='word_1_177' title='bbox 150 1179 198 1206; x_wconf 84' lang='grc' dir='ltr'><strong>τοῦ</strong></span> <span class='ocrx_word' id='word_1_178' title='bbox 227 1180 357 1215; x_wconf 83' lang='grc' dir='ltr'><strong>ῥημάτων</strong></span> <span class='ocrx_word' id='word_1_179' title='bbox 386 1180 457 1216; x_wconf 75' lang='grc' dir='ltr'>ἅπερ</span> <span class='ocrx_word' id='word_1_180' title='bbox 489 1181 505 1215; x_wconf 86' lang='grc' dir='ltr'>ἢ</span> <span class='ocrx_word' id='word_1_181' title='bbox 533 1180 621 1216; x_wconf 77' lang='grc' dir='ltr'>ζητῶν</span> <span class='ocrx_word' id='word_1_182' title='bbox 647 1180 814 1216; x_wconf 76' lang='grc' dir='ltr'>ὲξετάζει.ῆ</span> <span class='ocrx_word' id='word_1_183' title='bbox 843 1181 936 1207; x_wconf 88' lang='grc' dir='ltr'>συλλο-</span> 
     </span>
    </p>
   </div>
   <div class='ocr_carea' id='block_1_24' title="bbox 151 1225 935 1262">
    <p class='ocr_par' dir='ltr' id='par_1_24' title="bbox 151 1225 935 1262">
     <span class='ocr_line' id='line_1_24' title="bbox 151 1225 935 1262; baseline 0.003 -11"><span class='ocrx_word' id='word_1_184' title='bbox 151 1225 293 1260; x_wconf 82' lang='grc' dir='ltr'>γιζόμενος</span> <span class='ocrx_word' id='word_1_185' title='bbox 307 1226 427 1259; x_wconf 76' lang='grc' dir='ltr'>συνάγει,</span> <span class='ocrx_word' id='word_1_186' title='bbox 442 1227 459 1262; x_wconf 85' lang='grc' dir='ltr'>ἢ</span> <span class='ocrx_word' id='word_1_187' title='bbox 476 1227 585 1262; x_wconf 80' lang='grc' dir='ltr'>ὲρωτῶν</span> <span class='ocrx_word' id='word_1_188' title='bbox 608 1227 722 1262; x_wconf 74' lang='grc' dir='ltr'>ἐλέγχει,</span> <span class='ocrx_word' id='word_1_189' title='bbox 738 1227 754 1262; x_wconf 85' lang='grc' dir='ltr'>ἢ</span> <span class='ocrx_word' id='word_1_190' title='bbox 771 1228 833 1259; x_wconf 86' lang='grc' dir='ltr'>τοὺς</span> <span class='ocrx_word' id='word_1_191' title='bbox 845 1235 935 1254; x_wconf 80' lang='grc' dir='ltr'>κατει-</span> 
     </span>
    </p>
   </div>
   <div class='ocr_carea' id='block_1_25' title="bbox 152 1271 935 1309">
    <p class='ocr_par' dir='ltr' id='par_1_25' title="bbox 152 1271 935 1309">
     <span class='ocr_line' id='line_1_25' title="bbox 152 1271 935 1309; baseline 0 -11"><span class='ocrx_word' id='word_1_192' title='bbox 152 1271 269 1307; x_wconf 83' lang='grc' dir='ltr'>ρηκότας</span> <span class='ocrx_word' id='word_1_193' title='bbox 289 1273 418 1303; x_wconf 69' lang='grc' dir='ltr'>αἰτιᾶται,</span> <span class='ocrx_word' id='word_1_194' title='bbox 446 1273 531 1299; x_wconf 80' lang='grc' dir='ltr'>ταῦτα</span> <span class='ocrx_word' id='word_1_195' title='bbox 552 1273 648 1309; x_wconf 75' lang='grc' dir='ltr'>παρεὶς</span> <span class='ocrx_word' id='word_1_196' title='bbox 674 1272 718 1298; x_wconf 79' lang='grc' dir='ltr'>διὰ</span> <span class='ocrx_word' id='word_1_197' title='bbox 733 1272 764 1299; x_wconf 79' lang='grc' dir='ltr'>τὸ</span> <span class='ocrx_word' id='word_1_198' title='bbox 783 1273 869 1307; x_wconf 74' lang='grc' dir='ltr'>μῆκος</span> <span class='ocrx_word' id='word_1_199' title='bbox 882 1272 935 1299; x_wconf 84' lang='grc' dir='ltr'>τῶν</span> 
     </span>
    </p>
   </div>
   <div class='ocr_carea' id='block_1_26' title="bbox 150 1316 935 1354">
    <p class='ocr_par' dir='ltr' id='par_1_26' title="bbox 150 1316 935 1354">
     <span class='ocr_line' id='line_1_26' title="bbox 150 1316 935 1354; baseline 0.001 -11"><span class='ocrx_word' id='word_1_200' title='bbox 150 1316 252 1351; x_wconf 80' lang='grc' dir='ltr'>λόγων,</span> <span class='ocrx_word' id='word_1_201' title='bbox 281 1318 349 1352; x_wconf 87' lang='grc' dir='ltr'>μόνα</span> <span class='ocrx_word' id='word_1_202' title='bbox 373 1317 407 1344; x_wconf 79' lang='grc' dir='ltr'>τὰ</span> <span class='ocrx_word' id='word_1_203' title='bbox 430 1318 498 1353; x_wconf 83' lang='grc' dir='ltr'>πρὸς</span> <span class='ocrx_word' id='word_1_204' title='bbox 529 1319 578 1353; x_wconf 84' lang='grc' dir='ltr'>τὴν</span> <span class='ocrx_word' id='word_1_205' title='bbox 608 1318 774 1354; x_wconf 74' lang='grc' dir='ltr'>κατηγορίαν</span> <span class='ocrx_word' id='word_1_206' title='bbox 800 1318 935 1351; x_wconf 78' lang='grc' dir='ltr'>ἀναγκαῖα</span> 
     </span>
    </p>
   </div>
   <div class='ocr_carea' id='block_1_27' title="bbox 150 1361 935 1398">
    <p class='ocr_par' dir='ltr' id='par_1_27' title="bbox 150 1361 935 1398">
     <span class='ocr_line' id='line_1_27' title="bbox 150 1361 935 1398; baseline 0.004 -11"><span class='ocrx_word' id='word_1_207' title='bbox 150 1361 253 1396; x_wconf 78' lang='grc' dir='ltr'>τίθημι.</span> <span class='ocrx_word' id='word_1_208' title='bbox 284 1361 511 1397; x_wconf 78' lang='grc' dir='ltr'>Ἀπολογούμενος</span> <span class='ocrx_word' id='word_1_209' title='bbox 537 1363 625 1389; x_wconf 82' lang='grc' dir='ltr'>τοίνυν</span> <span class='ocrx_word' id='word_1_210' title='bbox 649 1363 716 1398; x_wconf 82' lang='grc' dir='ltr'>πρὸς</span> <span class='ocrx_word' id='word_1_211' title='bbox 738 1363 838 1393; x_wconf 78' lang='grc' dir='ltr'>ἐκεῖνα,</span> <span class='ocrx_word' id='word_1_212' title='bbox 867 1363 935 1398; x_wconf 83' lang='grc' dir='ltr'>γρά-</span> 
     </span>
    </p>
   </div>
   <div class='ocr_carea' id='block_1_28' title="bbox 150 1407 934 1444">
    <p class='ocr_par' dir='ltr' id='par_1_28' title="bbox 150 1407 934 1444">
     <span class='ocr_line' id='line_1_28' title="bbox 150 1407 934 1444; baseline 0.003 -11"><span class='ocrx_word' id='word_1_213' title='bbox 150 1415 194 1441; x_wconf 81' lang='grc' dir='ltr'><strong>φει</strong></span> <span class='ocrx_word' id='word_1_214' title='bbox 225 1409 285 1438; x_wconf 80' lang='grc' dir='ltr'>ταῖς</span> <span class='ocrx_word' id='word_1_215' title='bbox 313 1407 400 1441; x_wconf 78' lang='grc' dir='ltr'>λέξεσι</span> <span class='ocrx_word' id='word_1_216' title='bbox 427 1408 538 1439; x_wconf 84' lang='grc' dir='ltr'>ταύταις</span> <span class='ocrx_word' id='word_1_217' title='bbox 566 1409 595 1434; x_wconf 77' lang='grc' dir='ltr'>ἐν</span> <span class='ocrx_word' id='word_1_218' title='bbox 621 1408 660 1443; x_wconf 86' lang='grc' dir='ltr'>τῷ</span> <span class='ocrx_word' id='word_1_219' title='bbox 687 1408 786 1444; x_wconf 77' lang='grc' dir='ltr'>πρώτῳ</span> <span class='ocrx_word' id='word_1_220' title='bbox 813 1409 852 1444; x_wconf 83' lang='grc' dir='ltr'>τῷ</span> <span class='ocrx_word' id='word_1_221' title='bbox 874 1410 934 1435; x_wconf 81' lang='grc' dir='ltr'>ἐπι-</span> 
     </span>
    </p>
   </div>
   <div class='ocr_carea' id='block_1_29' title="bbox 151 1453 934 1489">
    <p class='ocr_par' dir='ltr' id='par_1_29' title="bbox 151 1453 934 1489">
     <span class='ocr_line' id='line_1_29' title="bbox 151 1453 934 1489; baseline 0.003 -10"><span class='ocrx_word' id='word_1_222' title='bbox 151 1453 314 1489; x_wconf 76' lang='grc' dir='ltr'>γραφομένῳ</span> <span class='ocrx_word' id='word_1_223' title='bbox 321 1454 460 1488; x_wconf 76' lang='grc' dir='ltr'>Ἐλέτχου</span> <span class='ocrx_word' id='word_1_224' title='bbox 468 1454 518 1481; x_wconf 80' lang='grc' dir='ltr'>καὶ</span> <span class='ocrx_word' id='word_1_225' title='bbox 528 1454 714 1489; x_wconf 69' lang='grc' dir='ltr'>Ἀπολογίας,</span> <span class='ocrx_word' id='word_1_226' title='bbox 725 1454 869 1489; x_wconf 80' lang='grc' dir='ltr'>μεθ’ἒτερα</span> <span class='ocrx_word' id='word_1_227' title='bbox 888 1454 934 1481; x_wconf 77' lang='grc' dir='ltr'><strong>οὖ-</strong></span> 
     </span>
    </p>
   </div>
   <div class='ocr_carea' id='block_1_30' title="bbox 148 1507 218 1530">
    <p class='ocr_par' dir='ltr' id='par_1_30' title="bbox 148 1507 218 1530">
     <span class='ocr_line' id='line_1_30' title="bbox 148 1507 218 1530; baseline 0 -5"><span class='ocrx_word' id='word_1_228' title='bbox 148 1507 202 1530; x_wconf 79' lang='grc' dir='ltr'><strong>τως</strong></span> <span class='ocrx_word' id='word_1_229' title='bbox 211 1507 218 1514; x_wconf 79' lang='grc'><strong>⁹</strong></span> 
     </span>
    </p>
   </div>
   <div class='ocr_carea' id='block_1_31' title="bbox 187 1542 931 1582">
    <p class='ocr_par' dir='ltr' id='par_1_31' title="bbox 187 1542 931 1582">
     <span class='ocr_line' id='line_1_31' title="bbox 187 1542 931 1582; baseline 0.003 -11"><span class='ocrx_word' id='word_1_230' title='bbox 187 1544 227 1571; x_wconf 80' lang='grc'><strong>15.</strong></span> <span class='ocrx_word' id='word_1_231' title='bbox 246 1554 255 1570; x_wconf 78' lang='grc' dir='ltr'><strong>ι</strong></span> <span class='ocrx_word' id='word_1_232' title='bbox 271 1545 307 1571; x_wconf 88' lang='grc' dir='ltr'><strong>Ού</strong></span> <span class='ocrx_word' id='word_1_233' title='bbox 321 1544 375 1580; x_wconf 80' lang='grc' dir='ltr'><strong>γὰρ</strong></span> <span class='ocrx_word' id='word_1_234' title='bbox 387 1542 421 1580; x_wconf 77' lang='grc' dir='ltr'>ἦν</span> <span class='ocrx_word' id='word_1_235' title='bbox 435 1545 479 1571; x_wconf 75' lang='grc' dir='ltr'>ὅτε</span> <span class='ocrx_word' id='word_1_236' title='bbox 500 1545 515 1571; x_wconf 79' lang='grc' dir='ltr'><strong>ό</strong></span> <span class='ocrx_word' id='word_1_237' title='bbox 533 1545 588 1580; x_wconf 79' lang='lat'><strong>(5&#39;5)</strong></span> <span class='ocrx_word' id='word_1_238' title='bbox 604 1545 670 1576; x_wconf 76' lang='grc' dir='ltr'>Θεὸς</span> <span class='ocrx_word' id='word_1_239' title='bbox 685 1546 735 1571; x_wconf 84' lang='grc' dir='ltr'>οὐκ</span> <span class='ocrx_word' id='word_1_240' title='bbox 754 1543 787 1581; x_wconf 79' lang='grc' dir='ltr'>ἦν</span> <span class='ocrx_word' id='word_1_241' title='bbox 802 1546 907 1582; x_wconf 84' lang='grc' dir='ltr'>Πατήρ.</span> <span class='ocrx_word' id='word_1_242' title='bbox 921 1557 931 1572; x_wconf 72' lang='grc' dir='ltr'><strong>ι</strong></span> 
     </span>
    </p>
   </div>
   <div class='ocr_carea' id='block_1_32' title="bbox 148 1590 930 1626">
    <p class='ocr_par' dir='ltr' id='par_1_32' title="bbox 148 1590 930 1626">
     <span class='ocr_line' id='line_1_32' title="bbox 148 1590 930 1626; baseline 0.003 -10"><span class='ocrx_word' id='word_1_243' title='bbox 148 1590 203 1616; x_wconf 80' lang='grc' dir='ltr'><strong>Καὶ</strong></span> <span class='ocrx_word' id='word_1_244' title='bbox 214 1590 293 1616; x_wconf 79' lang='grc' dir='ltr'>τοῦτο</span> <span class='ocrx_word' id='word_1_245' title='bbox 307 1590 376 1616; x_wconf 73' lang='grc' dir='ltr'>οἶδεν</span> <span class='ocrx_word' id='word_1_246' title='bbox 387 1591 416 1617; x_wconf 79' lang='grc' dir='ltr'>ὲν</span> <span class='ocrx_word' id='word_1_247' title='bbox 431 1592 487 1621; x_wconf 79' lang='grc' dir='ltr'>τοῖς</span> <span class='ocrx_word' id='word_1_248' title='bbox 501 1590 573 1624; x_wconf 75' lang='grc' dir='ltr'>ἑξῆς,</span> <span class='ocrx_word' id='word_1_249' title='bbox 590 1600 599 1616; x_wconf 76' lang='grc' dir='ltr'><strong>ι</strong></span> <span class='ocrx_word' id='word_1_250' title='bbox 613 1591 656 1617; x_wconf 78' lang='grc' dir='ltr'><strong>ἀεὶ</strong></span> <span class='ocrx_word' id='word_1_251' title='bbox 665 1591 710 1617; x_wconf 79' lang='grc' dir='ltr'><strong>τὸν</strong></span> <span class='ocrx_word' id='word_1_252' title='bbox 720 1591 836 1626; x_wconf 70' lang='grc' dir='ltr'>Χριστὸν</span> <span class='ocrx_word' id='word_1_253' title='bbox 851 1591 930 1625; x_wconf 82' lang='grc' dir='ltr'>εἶναι,</span> 
     </span>
    </p>
   </div>
   <div class='ocr_carea' id='block_1_33' title="bbox 148 1635 935 1672">
    <p class='ocr_par' dir='ltr' id='par_1_33' title="bbox 148 1635 935 1672">
     <span class='ocr_line' id='line_1_33' title="bbox 148 1635 935 1672; baseline 0.003 -11"><span class='ocrx_word' id='word_1_254' title='bbox 148 1635 232 1669; x_wconf 90' lang='grc' dir='ltr'>Λόγον</span> <span class='ocrx_word' id='word_1_255' title='bbox 244 1635 307 1661; x_wconf 72' lang='grc' dir='ltr'>ὄντα</span> <span class='ocrx_word' id='word_1_256' title='bbox 324 1636 370 1661; x_wconf 73' lang='grc' dir='ltr'>καὶ</span> <span class='ocrx_word' id='word_1_257' title='bbox 382 1636 481 1670; x_wconf 68' lang='grc' dir='ltr'>Σοφίαν</span> <span class='ocrx_word' id='word_1_258' title='bbox 494 1635 540 1661; x_wconf 76' lang='grc' dir='ltr'>καὶ</span> <span class='ocrx_word' id='word_1_259' title='bbox 557 1635 682 1670; x_wconf 80' lang='grc' dir='ltr'>δύναμιν.</span> <span class='ocrx_word' id='word_1_260' title='bbox 706 1636 743 1662; x_wconf 86' lang='grc' dir='ltr'><strong>Οὐ</strong></span> <span class='ocrx_word' id='word_1_261' title='bbox 757 1636 811 1672; x_wconf 75' lang='grc' dir='ltr'><strong>γὰρ</strong></span> <span class='ocrx_word' id='word_1_262' title='bbox 829 1636 860 1672; x_wconf 83' lang='grc' dir='ltr'><strong>δὴ</strong></span> <span class='ocrx_word' id='word_1_263' title='bbox 872 1637 935 1663; x_wconf 77' lang='grc' dir='ltr'>τού·</span> 
     </span>
    </p>
   </div>
   <div class='ocr_carea' id='block_1_34' title="bbox 147 1678 931 1716">
    <p class='ocr_par' dir='ltr' id='par_1_34' title="bbox 147 1678 931 1716">
     <span class='ocr_line' id='line_1_34' title="bbox 147 1678 931 1716; baseline 0.003 -9"><span class='ocrx_word' id='word_1_264' title='bbox 147 1689 201 1707; x_wconf 81' lang='grc' dir='ltr'><strong>των</strong></span> <span class='ocrx_word' id='word_1_265' title='bbox 216 1681 311 1715; x_wconf 82' lang='grc' dir='ltr'>ἄγονος</span> <span class='ocrx_word' id='word_1_266' title='bbox 331 1680 368 1707; x_wconf 86' lang='grc' dir='ltr'>ὢν</span> <span class='ocrx_word' id='word_1_267' title='bbox 394 1682 408 1706; x_wconf 86' lang='grc' dir='ltr'>ὁ</span> <span class='ocrx_word' id='word_1_268' title='bbox 424 1681 498 1712; x_wconf 81' lang='grc' dir='ltr'>Θεὸς,</span> <span class='ocrx_word' id='word_1_269' title='bbox 524 1678 583 1707; x_wconf 85' lang='grc' dir='ltr'>εἶτα</span> <span class='ocrx_word' id='word_1_270' title='bbox 601 1680 835 1716; x_wconf 79' lang='grc' dir='ltr'>ἐπαιδοποιήσατο.</span> <span class='ocrx_word' id='word_1_271' title='bbox 863 1682 931 1709; x_wconf 78' lang='grc' dir='ltr'>Ἀλλ’</span> 
     </span>
    </p>
   </div>
   <div class='ocr_carea' id='block_1_35' title="bbox 148 1725 931 1763">
    <p class='ocr_par' dir='ltr' id='par_1_35' title="bbox 148 1725 931 1763">
     <span class='ocr_line' id='line_1_35' title="bbox 148 1725 931 1763; baseline 0.003 -11"><span class='ocrx_word' id='word_1_272' title='bbox 148 1726 188 1752; x_wconf 78' lang='grc' dir='ltr'><strong>ότι</strong></span> <span class='ocrx_word' id='word_1_273' title='bbox 206 1726 242 1761; x_wconf 80' lang='grc' dir='ltr'>μὴ</span> <span class='ocrx_word' id='word_1_274' title='bbox 259 1727 322 1761; x_wconf 79' lang='grc' dir='ltr'>παρ’</span> <span class='ocrx_word' id='word_1_275' title='bbox 339 1725 462 1752; x_wconf 53' lang='grc' dir='ltr'>ἑαυτοῦμό</span> <span class='ocrx_word' id='word_1_276' title='bbox 482 1726 554 1757; x_wconf 75' lang='grc' dir='ltr'>Υἱὸς,</span> <span class='ocrx_word' id='word_1_277' title='bbox 571 1726 627 1752; x_wconf 85' lang='grc' dir='ltr'>ἀλλ’</span> <span class='ocrx_word' id='word_1_278' title='bbox 642 1727 674 1752; x_wconf 84' lang='grc' dir='ltr'>ὲκ</span> <span class='ocrx_word' id='word_1_279' title='bbox 693 1726 740 1752; x_wconf 79' lang='grc' dir='ltr'><strong>τοῦ</strong></span> <span class='ocrx_word' id='word_1_280' title='bbox 755 1727 860 1762; x_wconf 80' lang='grc' dir='ltr'>Πατρδς</span> <span class='ocrx_word' id='word_1_281' title='bbox 875 1728 931 1763; x_wconf 77' lang='grc' dir='ltr'>ἔχει</span> 
     </span>
    </p>
   </div>
   <div class='ocr_carea' id='block_1_36' title="bbox 147 1768 932 1807">
    <p class='ocr_par' dir='ltr' id='par_1_36' title="bbox 147 1768 932 1807">
     <span class='ocr_line' id='line_1_36' title="bbox 147 1768 932 1807; baseline 0.001 -11"><span class='ocrx_word' id='word_1_282' title='bbox 147 1770 178 1796; x_wconf 81' lang='grc' dir='ltr'>τὸ</span> <span class='ocrx_word' id='word_1_283' title='bbox 191 1768 270 1796; x_wconf 75' lang='grc' dir='ltr'>εἶναι.</span> <span class='ocrx_word' id='word_1_284' title='bbox 290 1779 298 1796; x_wconf 73' lang='grc' dir='ltr'><strong>ι</strong></span> <span class='ocrx_word' id='word_1_285' title='bbox 316 1770 370 1796; x_wconf 72' lang='grc' dir='ltr'>Καὶ</span> <span class='ocrx_word' id='word_1_286' title='bbox 384 1769 441 1804; x_wconf 81' lang='grc' dir='ltr'>μετ’</span> <span class='ocrx_word' id='word_1_287' title='bbox 455 1770 532 1803; x_wconf 77' lang='grc' dir='ltr'>ὀλίγα</span> <span class='ocrx_word' id='word_1_288' title='bbox 545 1769 624 1796; x_wconf 81' lang='grc' dir='ltr'>πάλιν</span> <span class='ocrx_word' id='word_1_289' title='bbox 638 1771 701 1805; x_wconf 72' lang='grc' dir='ltr'>περὶ</span> <span class='ocrx_word' id='word_1_290' title='bbox 720 1770 766 1796; x_wconf 73' lang='grc' dir='ltr'><strong>τοῦ</strong></span> <span class='ocrx_word' id='word_1_291' title='bbox 782 1771 863 1797; x_wconf 73' lang='grc' dir='ltr'>αὑτοῦ</span> <span class='ocrx_word' id='word_1_292' title='bbox 881 1781 932 1807; x_wconf 73' lang='grc' dir='ltr'><strong>φη-</strong></span> 
     </span>
    </p>
   </div>
   <div class='ocr_carea' id='block_1_37' title="bbox 149 1814 932 1850">
    <p class='ocr_par' dir='ltr' id='par_1_37' title="bbox 149 1814 932 1850">
     <span class='ocr_line' id='line_1_37' title="bbox 149 1814 932 1850; baseline 0.003 -9"><span class='ocrx_word' id='word_1_293' title='bbox 149 1824 189 1841; x_wconf 89' lang='grc' dir='ltr'><strong>σιν</strong></span> <span class='ocrx_word' id='word_1_294' title='bbox 199 1823 205 1830; x_wconf 79' lang='lat'>&#39;</span> <span class='ocrx_word' id='word_1_295' title='bbox 225 1824 234 1840; x_wconf 82' lang='lat'><strong>(</strong></span> <span class='ocrx_word' id='word_1_296' title='bbox 264 1814 447 1849; x_wconf 82' lang='grc' dir='ltr'>Ἀπαύγασμα</span> <span class='ocrx_word' id='word_1_297' title='bbox 462 1815 490 1840; x_wconf 81' lang='grc' dir='ltr'><strong>δὲ</strong></span> <span class='ocrx_word' id='word_1_298' title='bbox 500 1814 537 1841; x_wconf 83' lang='grc' dir='ltr'>ὢν</span> <span class='ocrx_word' id='word_1_299' title='bbox 553 1815 639 1850; x_wconf 81' lang='grc' dir='ltr'>φωτὸς</span> <span class='ocrx_word' id='word_1_300' title='bbox 655 1815 750 1848; x_wconf 81' lang='grc' dir='ltr'>ἀϊδίου,</span> <span class='ocrx_word' id='word_1_301' title='bbox 764 1816 871 1848; x_wconf 82' lang='grc' dir='ltr'>πάντως</span> <span class='ocrx_word' id='word_1_302' title='bbox 885 1817 932 1843; x_wconf 74' lang='grc' dir='ltr'>καὶ</span> 
     </span>
    </p>
   </div>
   <div class='ocr_carea' id='block_1_38' title="bbox 147 1860 931 1898">
    <p class='ocr_par' dir='ltr' id='par_1_38' title="bbox 147 1860 931 1898">
     <span class='ocr_line' id='line_1_38' title="bbox 147 1860 931 1898; baseline 0.004 -12"><span class='ocrx_word' id='word_1_303' title='bbox 147 1861 228 1892; x_wconf 75' lang='grc' dir='ltr'>αὐτὸς</span> <span class='ocrx_word' id='word_1_304' title='bbox 242 1861 325 1892; x_wconf 60' lang='lat' dir='ltr'><strong>stans;</strong></span> <span class='ocrx_word' id='word_1_305' title='bbox 337 1861 427 1886; x_wconf 75' lang='grc' dir='ltr'>ἐστιν’</span> <span class='ocrx_word' id='word_1_306' title='bbox 447 1860 522 1892; x_wconf 75' lang='grc' dir='ltr'>ὄντος</span> <span class='ocrx_word' id='word_1_307' title='bbox 540 1861 594 1896; x_wconf 84' lang='grc' dir='ltr'>γὰρ</span> <span class='ocrx_word' id='word_1_308' title='bbox 616 1861 658 1887; x_wconf 75' lang='grc' dir='ltr'><strong>ἀεὶ</strong></span> <span class='ocrx_word' id='word_1_309' title='bbox 678 1861 724 1887; x_wconf 84' lang='grc' dir='ltr'>τοῦ</span> <span class='ocrx_word' id='word_1_310' title='bbox 739 1862 836 1896; x_wconf 73' lang='grc' dir='ltr'>φωτὸς,</span> <span class='ocrx_word' id='word_1_311' title='bbox 853 1862 931 1898; x_wconf 83' lang='grc' dir='ltr'>δῆλον</span> 
     </span>
    </p>
   </div>
   <div class='ocr_carea' id='block_1_39' title="bbox 147 1906 930 1943">
    <p class='ocr_par' dir='ltr' id='par_1_39' title="bbox 147 1906 930 1943">
     <span class='ocr_line' id='line_1_39' title="bbox 147 1906 930 1943; baseline 0.003 -11"><span class='ocrx_word' id='word_1_312' title='bbox 147 1906 184 1938; x_wconf 82' lang='grc' dir='ltr'>ὡς</span> <span class='ocrx_word' id='word_1_313' title='bbox 199 1906 270 1932; x_wconf 81' lang='grc' dir='ltr'>ἔστιν</span> <span class='ocrx_word' id='word_1_314' title='bbox 282 1907 324 1932; x_wconf 76' lang='grc' dir='ltr'><strong>ἀεὶ</strong></span> <span class='ocrx_word' id='word_1_315' title='bbox 337 1906 367 1932; x_wconf 85' lang='grc' dir='ltr'>τὸ</span> <span class='ocrx_word' id='word_1_316' title='bbox 379 1906 546 1942; x_wconf 82' lang='grc' dir='ltr'>ἀπαύγασμα</span> <span class='ocrx_word' id='word_1_317' title='bbox 558 1915 564 1921; x_wconf 90' lang='grc'><strong>·</strong></span> <span class='ocrx_word' id='word_1_318' title='bbox 578 1906 665 1942; x_wconf 84' lang='grc' dir='ltr'>τούτῳ</span> <span class='ocrx_word' id='word_1_319' title='bbox 684 1906 738 1942; x_wconf 82' lang='grc' dir='ltr'><strong>γὰρ</strong></span> <span class='ocrx_word' id='word_1_320' title='bbox 754 1908 801 1934; x_wconf 78' lang='grc' dir='ltr'>καὶ</span> <span class='ocrx_word' id='word_1_321' title='bbox 816 1908 857 1934; x_wconf 85' lang='grc' dir='ltr'><strong>ὄτι</strong></span> <span class='ocrx_word' id='word_1_322' title='bbox 873 1908 930 1943; x_wconf 77' lang='grc' dir='ltr'>φῶς</span> 
     </span>
    </p>
   </div>
   <div class='ocr_carea' id='block_1_40' title="bbox 146 1951 929 1990">
    <p class='ocr_par' dir='ltr' id='par_1_40' title="bbox 146 1951 929 1990">
     <span class='ocr_line' id='line_1_40' title="bbox 146 1951 929 1990; baseline 0.003 -12"><span class='ocrx_word' id='word_1_323' title='bbox 146 1953 204 1979; x_wconf 75' lang='grc' dir='ltr'>ἐστι</span> <span class='ocrx_word' id='word_1_324' title='bbox 220 1952 259 1987; x_wconf 84' lang='grc' dir='ltr'>τῷ</span> <span class='ocrx_word' id='word_1_325' title='bbox 271 1951 451 1986; x_wconf 71' lang='grc' dir='ltr'>καταυγάζειν</span> <span class='ocrx_word' id='word_1_326' title='bbox 462 1954 570 1981; x_wconf 82' lang='grc' dir='ltr'>νοεῖται.</span> <span class='ocrx_word' id='word_1_327' title='bbox 586 1953 632 1979; x_wconf 72' lang='grc' dir='ltr'><strong>καὶ</strong></span> <span class='ocrx_word' id='word_1_328' title='bbox 652 1953 709 1987; x_wconf 70' lang='grc' dir='ltr'>φῶς</span> <span class='ocrx_word' id='word_1_329' title='bbox 725 1953 754 1979; x_wconf 88' lang='grc' dir='ltr'><strong>ού</strong></span> <span class='ocrx_word' id='word_1_330' title='bbox 767 1953 876 1980; x_wconf 83' lang='grc' dir='ltr'>δύναται</span> <span class='ocrx_word' id='word_1_331' title='bbox 892 1954 929 1990; x_wconf 83' lang='grc' dir='ltr'>μὴ</span> 
     </span>
    </p>
   </div>
   <div class='ocr_carea' id='block_1_41' title="bbox 145 1994 930 2034">
    <p class='ocr_par' dir='ltr' id='par_1_41' title="bbox 145 1994 930 2034">
     <span class='ocr_line' id='line_1_41' title="bbox 145 1994 930 2034; baseline 0.004 -12"><span class='ocrx_word' id='word_1_332' title='bbox 145 1996 260 2030; x_wconf 71' lang='grc' dir='ltr'>φωτίζον</span> <span class='ocrx_word' id='word_1_333' title='bbox 275 1994 354 2023; x_wconf 79' lang='grc' dir='ltr'>εἶναι.</span> <span class='ocrx_word' id='word_1_334' title='bbox 374 1997 457 2024; x_wconf 79' lang='grc' dir='ltr'>Πάλιν</span> <span class='ocrx_word' id='word_1_335' title='bbox 472 1996 526 2032; x_wconf 86' lang='grc' dir='ltr'><strong>γὰρ</strong></span> <span class='ocrx_word' id='word_1_336' title='bbox 541 1996 660 2033; x_wconf 78' lang='grc' dir='ltr'>ἔλθωμεν</span> <span class='ocrx_word' id='word_1_337' title='bbox 677 1997 721 2024; x_wconf 76' lang='grc' dir='ltr'><strong>ἐπὶ</strong></span> <span class='ocrx_word' id='word_1_338' title='bbox 735 1997 768 2025; x_wconf 74' lang='grc' dir='ltr'><strong>τὰ</strong></span> <span class='ocrx_word' id='word_1_339' title='bbox 783 1999 930 2034; x_wconf 81' lang='grc' dir='ltr'>παραδείγ-</span> 
     </span>
    </p>
   </div>
   <div class='ocr_carea' id='block_1_42' title="bbox 147 2042 930 2079">
    <p class='ocr_par' dir='ltr' id='par_1_42' title="bbox 147 2042 930 2079">
     <span class='ocr_line' id='line_1_42' title="bbox 147 2042 930 2079; baseline 0.003 -11"><span class='ocrx_word' id='word_1_340' title='bbox 147 2050 229 2077; x_wconf 88' lang='grc' dir='ltr'>ματα.</span> <span class='ocrx_word' id='word_1_341' title='bbox 247 2042 278 2068; x_wconf 83' lang='lat' dir='ltr'><strong>El</strong></span> <span class='ocrx_word' id='word_1_342' title='bbox 299 2042 371 2069; x_wconf 77' lang='grc' dir='ltr'>ἔστιν</span> <span class='ocrx_word' id='word_1_343' title='bbox 384 2042 459 2078; x_wconf 82' lang='grc' dir='ltr'>ἥλιος</span> <span class='ocrx_word' id='word_1_344' title='bbox 475 2043 541 2078; x_wconf 64' lang='grc'><strong>(5.4),</strong></span> <span class='ocrx_word' id='word_1_345' title='bbox 557 2043 629 2069; x_wconf 78' lang='grc' dir='ltr'>ἐστιν</span> <span class='ocrx_word' id='word_1_346' title='bbox 641 2043 721 2079; x_wconf 79' lang='grc' dir='ltr'>αὐγὴ,</span> <span class='ocrx_word' id='word_1_347' title='bbox 736 2043 808 2070; x_wconf 76' lang='grc' dir='ltr'>ἔστιν</span> <span class='ocrx_word' id='word_1_348' title='bbox 821 2044 930 2079; x_wconf 80' lang='grc' dir='ltr'>ἡμέρα·-</span> 
     </span>
    </p>
   </div>
   <div class='ocr_carea' id='block_1_43' title="bbox 145 2088 929 2124">
    <p class='ocr_par' dir='ltr' id='par_1_43' title="bbox 145 2088 929 2124">
     <span class='ocr_line' id='line_1_43' title="bbox 145 2088 929 2124; baseline 0.003 -10"><span class='ocrx_word' id='word_1_349' title='bbox 145 2088 170 2113; x_wconf 76' lang='lat' dir='ltr'><strong>El</strong></span> <span class='ocrx_word' id='word_1_350' title='bbox 198 2088 326 2114; x_wconf 83' lang='grc' dir='ltr'>τοιούτων</span> <span class='ocrx_word' id='word_1_351' title='bbox 354 2088 436 2123; x_wconf 77' lang='grc' dir='ltr'>μηδὲν</span> <span class='ocrx_word' id='word_1_352' title='bbox 461 2088 530 2121; x_wconf 73' lang='grc' dir='ltr'>ἔστι,</span> <span class='ocrx_word' id='word_1_353' title='bbox 545 2088 611 2115; x_wconf 85' lang='grc' dir='ltr'>πολύ</span> <span class='ocrx_word' id='word_1_354' title='bbox 631 2097 662 2123; x_wconf 93' lang='grc' dir='ltr'><strong>γε</strong></span> <span class='ocrx_word' id='word_1_355' title='bbox 679 2088 719 2115; x_wconf 80' lang='grc' dir='ltr'>δεῖ</span> <span class='ocrx_word' id='word_1_356' title='bbox 739 2089 785 2115; x_wconf 70' lang='grc' dir='ltr'>καὶ</span> <span class='ocrx_word' id='word_1_357' title='bbox 804 2091 929 2124; x_wconf 80' lang='grc' dir='ltr'>παρεῖναι</span> 
     </span>
    </p>
   </div>
   <div class='ocr_carea' id='block_1_44' title="bbox 143 2132 928 2171">
    <p class='ocr_par' dir='ltr' id='par_1_44' title="bbox 143 2132 928 2171">
     <span class='ocr_line' id='line_1_44' title="bbox 143 2132 928 2171; baseline 0.003 -11"><span class='ocrx_word' id='word_1_358' title='bbox 143 2134 228 2170; x_wconf 76' lang='grc' dir='ltr'>ἥλιον.</span> <span class='ocrx_word' id='word_1_359' title='bbox 245 2135 276 2161; x_wconf 74' lang='lat' dir='ltr'><strong>Et</strong></span> <span class='ocrx_word' id='word_1_360' title='bbox 293 2134 342 2170; x_wconf 81' lang='grc' dir='ltr'>μὲν</span> <span class='ocrx_word' id='word_1_361' title='bbox 352 2132 398 2161; x_wconf 76' lang='grc' dir='ltr'>οὖν</span> <span class='ocrx_word' id='word_1_362' title='bbox 413 2134 497 2166; x_wconf 63' lang='grc' dir='ltr'>ἀΐδιος</span> <span class='ocrx_word' id='word_1_363' title='bbox 508 2136 523 2161; x_wconf 84' lang='grc' dir='ltr'><strong>ό</strong></span> <span class='ocrx_word' id='word_1_364' title='bbox 532 2135 617 2170; x_wconf 75' lang='grc' dir='ltr'>ἥλιος,</span> <span class='ocrx_word' id='word_1_365' title='bbox 634 2135 771 2167; x_wconf 82' lang='grc' dir='ltr'>ἄπαυστος</span> <span class='ocrx_word' id='word_1_366' title='bbox 783 2135 816 2162; x_wconf 79' lang='grc' dir='ltr'>ἂν</span> <span class='ocrx_word' id='word_1_367' title='bbox 827 2133 861 2171; x_wconf 87' lang='grc' dir='ltr'>ἦν</span> <span class='ocrx_word' id='word_1_368' title='bbox 882 2136 928 2162; x_wconf 73' lang='grc' dir='ltr'>καὶ</span> 
     </span>
    </p>
   </div>
   <div class='ocr_carea' id='block_1_45' title="bbox 144 2181 929 2217">
    <p class='ocr_par' dir='ltr' id='par_1_45' title="bbox 144 2181 929 2217">
     <span class='ocr_line' id='line_1_45' title="bbox 144 2181 929 2217; baseline 0.001 -10"><span class='ocrx_word' id='word_1_369' title='bbox 144 2182 161 2216; x_wconf 80' lang='grc' dir='ltr'>ἡ</span> <span class='ocrx_word' id='word_1_370' title='bbox 174 2181 264 2216; x_wconf 81' lang='grc' dir='ltr'>ἡμέρα</span> <span class='ocrx_word' id='word_1_371' title='bbox 274 2190 279 2196; x_wconf 93' lang='grc'>·</span> <span class='ocrx_word' id='word_1_372' title='bbox 291 2181 337 2208; x_wconf 82' lang='grc' dir='ltr'>νῦν</span> <span class='ocrx_word' id='word_1_373' title='bbox 348 2181 387 2213; x_wconf 81' lang='grc' dir='ltr'><strong>δὲ,</strong></span> <span class='ocrx_word' id='word_1_374' title='bbox 398 2181 428 2207; x_wconf 80' lang='grc' dir='ltr'>οὐ</span> <span class='ocrx_word' id='word_1_375' title='bbox 442 2181 495 2217; x_wconf 84' lang='grc' dir='ltr'>γάρ</span> <span class='ocrx_word' id='word_1_376' title='bbox 508 2182 590 2213; x_wconf 74' lang='grc' dir='ltr'>ἐστιν,</span> <span class='ocrx_word' id='word_1_377' title='bbox 603 2181 754 2217; x_wconf 82' lang='grc' dir='ltr'>ἀρξαμένου</span> <span class='ocrx_word' id='word_1_378' title='bbox 768 2190 807 2213; x_wconf 85' lang='grc' dir='ltr'><strong>τε,</strong></span> <span class='ocrx_word' id='word_1_379' title='bbox 816 2181 929 2217; x_wconf 72' lang='grc' dir='ltr'>ἤρξατο,</span> 
     </span>
    </p>
   </div>
   <div class='ocr_carea' id='block_1_46' title="bbox 144 2226 926 2261">
    <p class='ocr_par' dir='ltr' id='par_1_46' title="bbox 144 2226 926 2261">
     <span class='ocr_line' id='line_1_46' title="bbox 144 2226 926 2261; baseline 0.003 -9"><span class='ocrx_word' id='word_1_380' title='bbox 144 2226 189 2252; x_wconf 79' lang='grc' dir='ltr'>καὶ</span> <span class='ocrx_word' id='word_1_381' title='bbox 203 2227 367 2261; x_wconf 79' lang='grc' dir='ltr'>παυομένου,</span> <span class='ocrx_word' id='word_1_382' title='bbox 389 2227 515 2254; x_wconf 83' lang='grc' dir='ltr'>παύεται.</span> <span class='ocrx_word' id='word_1_383' title='bbox 533 2227 562 2253; x_wconf 89' lang='grc' dir='ltr'>Ὁ</span> <span class='ocrx_word' id='word_1_384' title='bbox 580 2226 608 2253; x_wconf 79' lang='grc' dir='ltr'><strong>δέ</strong></span> <span class='ocrx_word' id='word_1_385' title='bbox 625 2235 656 2260; x_wconf 84' lang='grc' dir='ltr'><strong>γε</strong></span> <span class='ocrx_word' id='word_1_386' title='bbox 669 2227 734 2259; x_wconf 84' lang='grc' dir='ltr'>Θεὸς</span> <span class='ocrx_word' id='word_1_387' title='bbox 747 2227 854 2254; x_wconf 75' lang='grc' dir='ltr'>αἰώνιόν</span> <span class='ocrx_word' id='word_1_388' title='bbox 870 2229 926 2254; x_wconf 78' lang='grc' dir='ltr'>ἐστι</span> 
     </span>
    </p>
   </div>
   <div class='ocr_carea' id='block_1_47' title="bbox 144 2271 925 2308">
    <p class='ocr_par' dir='ltr' id='par_1_47' title="bbox 144 2271 925 2308">
     <span class='ocr_line' id='line_1_47' title="bbox 144 2271 925 2308; baseline 0.004 -11"><span class='ocrx_word' id='word_1_389' title='bbox 144 2271 212 2307; x_wconf 86' lang='grc' dir='ltr'>φῶς,</span> <span class='ocrx_word' id='word_1_390' title='bbox 228 2271 288 2298; x_wconf 76' lang='grc' dir='ltr'>οὔτε</span> <span class='ocrx_word' id='word_1_391' title='bbox 307 2272 459 2308; x_wconf 76' lang='grc' dir='ltr'>ἀρξάμενον</span> <span class='ocrx_word' id='word_1_392' title='bbox 479 2272 540 2299; x_wconf 74' lang='grc' dir='ltr'>οὔτε</span> <span class='ocrx_word' id='word_1_393' title='bbox 554 2272 634 2308; x_wconf 77' lang='grc' dir='ltr'>λῆξόν</span> <span class='ocrx_word' id='word_1_394' title='bbox 653 2281 718 2299; x_wconf 86' lang='grc' dir='ltr'>ποτε</span> <span class='ocrx_word' id='word_1_395' title='bbox 738 2272 811 2307; x_wconf 80' lang='lat'><strong>(55)&#39;</strong></span> <span class='ocrx_word' id='word_1_396' title='bbox 829 2273 925 2300; x_wconf 79' lang='grc' dir='ltr'>οὐκοῦν</span> 
     </span>
    </p>
   </div>
   <div class='ocr_carea' id='block_1_48' title="bbox 143 2317 925 2354">
    <p class='ocr_par' dir='ltr' id='par_1_48' title="bbox 143 2317 925 2354">
     <span class='ocr_line' id='line_1_48' title="bbox 143 2317 925 2354; baseline 0 -10"><span class='ocrx_word' id='word_1_397' title='bbox 143 2317 250 2345; x_wconf 74' lang='grc' dir='ltr'>αἰώνιον</span> <span class='ocrx_word' id='word_1_398' title='bbox 261 2317 412 2352; x_wconf 83' lang='grc' dir='ltr'>πρόκειται,</span> <span class='ocrx_word' id='word_1_399' title='bbox 433 2319 479 2345; x_wconf 74' lang='grc' dir='ltr'><strong>καὶ</strong></span> <span class='ocrx_word' id='word_1_400' title='bbox 497 2318 619 2345; x_wconf 79' lang='grc' dir='ltr'>σύνεστιν</span> <span class='ocrx_word' id='word_1_401' title='bbox 632 2318 706 2353; x_wconf 76' lang='grc' dir='ltr'>αύτῷ</span> <span class='ocrx_word' id='word_1_402' title='bbox 718 2318 747 2345; x_wconf 79' lang='grc' dir='ltr'>τὸ</span> <span class='ocrx_word' id='word_1_403' title='bbox 759 2318 925 2354; x_wconf 82' lang='grc' dir='ltr'>ἀπαύγασμα</span> 
     </span>
    </p>
   </div>
   <div class='ocr_carea' id='block_1_49' title="bbox 142 2363 923 2400">
    <p class='ocr_par' dir='ltr' id='par_1_49' title="bbox 142 2363 923 2400">
     <span class='ocr_line' id='line_1_49' title="bbox 142 2363 923 2400; baseline 0 -10"><span class='ocrx_word' id='word_1_404' title='bbox 142 2363 258 2400; x_wconf 77' lang='grc' dir='ltr'>ἄναρχον</span> <span class='ocrx_word' id='word_1_405' title='bbox 282 2364 328 2390; x_wconf 71' lang='grc' dir='ltr'>καὶ</span> <span class='ocrx_word' id='word_1_406' title='bbox 351 2364 481 2398; x_wconf 77' lang='grc' dir='ltr'>ἀειγενὲς,</span> <span class='ocrx_word' id='word_1_407' title='bbox 515 2363 729 2399; x_wconf 84' lang='grc' dir='ltr'>προφαινόμενον</span> <span class='ocrx_word' id='word_1_408' title='bbox 755 2363 813 2398; x_wconf 68' lang='grc' dir='ltr'><strong>(Βϐῐ</strong></span> <span class='ocrx_word' id='word_1_409' title='bbox 832 2364 923 2396; x_wconf 84' lang='grc' dir='ltr'>αὐτοῦ,</span> 
     </span>
    </p>
   </div>
   <div class='ocr_carea' id='block_1_50' title="bbox 142 2406 927 2445">
    <p class='ocr_par' dir='ltr' id='par_1_50' title="bbox 142 2406 927 2445">
     <span class='ocr_line' id='line_1_50' title="bbox 142 2406 927 2445; baseline 0.001 -10"><span class='ocrx_word' id='word_1_410' title='bbox 142 2409 210 2445; x_wconf 77' lang='grc' dir='ltr'>ὅπερ</span> <span class='ocrx_word' id='word_1_411' title='bbox 232 2409 306 2436; x_wconf 78' lang='grc' dir='ltr'>ἐστὶν</span> <span class='ocrx_word' id='word_1_412' title='bbox 329 2411 346 2445; x_wconf 84' lang='grc' dir='ltr'>ἡ</span> <span class='ocrx_word' id='word_1_413' title='bbox 366 2410 481 2444; x_wconf 77' lang='grc' dir='ltr'>λέγουσα</span> <span class='ocrx_word' id='word_1_414' title='bbox 493 2409 590 2444; x_wconf 75' lang='grc' dir='ltr'>Σοφία·</span> <span class='ocrx_word' id='word_1_415' title='bbox 616 2409 689 2444; x_wconf 71' lang='grc' dir='ltr'><strong>Ἐγὼ</strong></span> <span class='ocrx_word' id='word_1_416' title='bbox 708 2409 789 2444; x_wconf 79' lang='grc' dir='ltr'>ἤμην</span> <span class='ocrx_word' id='word_1_417' title='bbox 805 2406 825 2445; x_wconf 79' lang='grc' dir='ltr'><strong><em>ᾖ</em></strong></span> <span class='ocrx_word' id='word_1_418' title='bbox 836 2417 927 2442; x_wconf 73' lang='grc' dir='ltr'>προσ-</span> 
     </span>
    </p>
   </div>
   <div class='ocr_carea' id='block_1_51' title="bbox 142 2455 927 2490">
    <p class='ocr_par' dir='ltr' id='par_1_51' title="bbox 142 2455 927 2490">
     <span class='ocr_line' id='line_1_51' title="bbox 142 2455 927 2490; baseline 0.001 -9"><span class='ocrx_word' id='word_1_419' title='bbox 142 2455 254 2489; x_wconf 75' lang='grc' dir='ltr'>ἐχαιρε·</span> <span class='ocrx_word' id='word_1_420' title='bbox 268 2456 331 2482; x_wconf 79' lang='grc' dir='ltr'>καθ’</span> <span class='ocrx_word' id='word_1_421' title='bbox 343 2456 457 2490; x_wconf 71' lang='grc' dir='ltr'>ἡμέραν</span> <span class='ocrx_word' id='word_1_422' title='bbox 465 2455 499 2482; x_wconf 81' lang='grc' dir='ltr'><strong>δὲ</strong></span> <span class='ocrx_word' id='word_1_423' title='bbox 517 2456 718 2490; x_wconf 57' lang='grc' dir='ltr'>εὐρριιινόμηγ</span> <span class='ocrx_word' id='word_1_424' title='bbox 735 2456 770 2481; x_wconf 78' lang='grc' dir='ltr'>ἐν</span> <span class='ocrx_word' id='word_1_425' title='bbox 780 2455 927 2489; x_wconf 72' lang='grc' dir='ltr'>προσώπῳ</span> 
     </span>
    </p>
   </div>
   <div class='ocr_carea' id='block_1_52' title="bbox 141 2500 926 2536">
    <p class='ocr_par' dir='ltr' id='par_1_52' title="bbox 141 2500 926 2536">
     <span class='ocr_line' id='line_1_52' title="bbox 141 2500 926 2536; baseline 0.001 -9"><span class='ocrx_word' id='word_1_426' title='bbox 141 2501 234 2528; x_wconf 78' lang='grc' dir='ltr'>αὑτοῦ</span> <span class='ocrx_word' id='word_1_427' title='bbox 244 2502 278 2528; x_wconf 63' lang='grc' dir='ltr'>ἐν</span> <span class='ocrx_word' id='word_1_428' title='bbox 291 2503 378 2528; x_wconf 77' lang='grc' dir='ltr'>παντὶ</span> <span class='ocrx_word' id='word_1_429' title='bbox 393 2501 491 2535; x_wconf 75' lang='grc' dir='ltr'>καιρῷ.</span> <span class='ocrx_word' id='word_1_430' title='bbox 499 2512 507 2527; x_wconf 74' lang='grc' dir='ltr'><strong>ι</strong></span> <span class='ocrx_word' id='word_1_431' title='bbox 519 2502 574 2528; x_wconf 77' lang='grc' dir='ltr'><strong>Καὶ</strong></span> <span class='ocrx_word' id='word_1_432' title='bbox 586 2500 662 2533; x_wconf 79' lang='grc' dir='ltr'>αὖθις</span> <span class='ocrx_word' id='word_1_433' title='bbox 673 2501 769 2535; x_wconf 74' lang='grc' dir='ltr'>ἐπάγει</span> <span class='ocrx_word' id='word_1_434' title='bbox 779 2502 836 2536; x_wconf 82' lang='grc' dir='ltr'>μετ’</span> <span class='ocrx_word' id='word_1_435' title='bbox 851 2501 926 2535; x_wconf 79' lang='grc' dir='ltr'>ὀλίγα</span> 
     </span>
    </p>
   </div>
   <div class='ocr_carea' id='block_1_53' title="bbox 143 2545 925 2582">
    <p class='ocr_par' dir='ltr' id='par_1_53' title="bbox 143 2545 925 2582">
     <span class='ocr_line' id='line_1_53' title="bbox 143 2545 925 2582; baseline -0.001 -8"><span class='ocrx_word' id='word_1_436' title='bbox 143 2548 206 2582; x_wconf 79' lang='grc' dir='ltr'>περὶ</span> <span class='ocrx_word' id='word_1_437' title='bbox 219 2547 265 2573; x_wconf 79' lang='grc' dir='ltr'>τοῦ</span> <span class='ocrx_word' id='word_1_438' title='bbox 275 2547 356 2574; x_wconf 76' lang='grc' dir='ltr'>αὐτοῦ</span> <span class='ocrx_word' id='word_1_439' title='bbox 372 2547 457 2582; x_wconf 79' lang='grc' dir='ltr'>λέγων</span> <span class='ocrx_word' id='word_1_440' title='bbox 468 2557 474 2562; x_wconf 89' lang='grc'><strong>·</strong></span> <span class='ocrx_word' id='word_1_441' title='bbox 494 2557 503 2573; x_wconf 82' lang='grc' dir='ltr'><strong>ι</strong></span> <span class='ocrx_word' id='word_1_442' title='bbox 520 2548 612 2580; x_wconf 80' lang='grc' dir='ltr'>Ὀντος</span> <span class='ocrx_word' id='word_1_443' title='bbox 630 2547 684 2582; x_wconf 82' lang='grc'><strong>(57)</strong></span> <span class='ocrx_word' id='word_1_444' title='bbox 697 2545 743 2574; x_wconf 80' lang='grc' dir='ltr'>οὖν</span> <span class='ocrx_word' id='word_1_445' title='bbox 756 2548 864 2574; x_wconf 76' lang='grc' dir='ltr'>αἰωνίου</span> <span class='ocrx_word' id='word_1_446' title='bbox 879 2547 925 2573; x_wconf 81' lang='grc' dir='ltr'>τοῦ</span> 
     </span>
    </p>
   </div>
   <div class='ocr_carea' id='block_1_54' title="bbox 175 2605 441 2636">
    <p class='ocr_par' dir='ltr' id='par_1_54' title="bbox 175 2605 441 2636">
     <span class='ocr_line' id='line_1_54' title="bbox 175 2605 441 2636; baseline 0 -5"><span class='ocrx_word' id='word_1_447' title='bbox 175 2605 198 2620; x_wconf 84' lang='grc'><strong>⁸⁷</strong></span> <span class='ocrx_word' id='word_1_448' title='bbox 218 2605 298 2631; x_wconf 83' lang='lat' dir='ltr'><strong>Prov.</strong></span> <span class='ocrx_word' id='word_1_449' title='bbox 315 2613 372 2636; x_wconf 82' lang='lat' dir='ltr'><strong>\lll,</strong></span> <span class='ocrx_word' id='word_1_450' title='bbox 396 2605 441 2632; x_wconf 75' lang='grc'><strong>30.</strong></span> 
     </span>
    </p>
   </div>
   <div class='ocr_carea' id='block_1_55' title="bbox 177 2663 711 2697">
    <p class='ocr_par' dir='ltr' id='par_1_55' title="bbox 177 2663 711 2697">
     <span class='ocr_line' id='line_1_55' title="bbox 177 2663 711 2697; baseline 0 -7"><span class='ocrx_word' id='word_1_451' title='bbox 177 2663 234 2697; x_wconf 75' lang='lat'><strong>(5‘2)</strong></span> <span class='ocrx_word' id='word_1_452' title='bbox 251 2663 362 2690; x_wconf 83' lang='lat' dir='ltr'><strong>Tanrin.</strong></span> <span class='ocrx_word' id='word_1_453' title='bbox 373 2663 448 2691; x_wconf 83' lang='lat' dir='ltr'><strong>Colb.</strong></span> <span class='ocrx_word' id='word_1_454' title='bbox 461 2663 528 2696; x_wconf 77' lang='lat' dir='ltr'><strong>Jes.,</strong></span> <span class='ocrx_word' id='word_1_455' title='bbox 546 2664 580 2691; x_wconf 82' lang='grc' dir='ltr'><strong>τὰ</strong></span> <span class='ocrx_word' id='word_1_456' title='bbox 594 2664 711 2691; x_wconf 85' lang='grc' dir='ltr'>Παύλου.</span> 
     </span>
    </p>
   </div>
   <div class='ocr_carea' id='block_1_56' title="bbox 176 2698 924 2733">
    <p class='ocr_par' dir='ltr' id='par_1_56' title="bbox 176 2698 924 2733">
     <span class='ocr_line' id='line_1_56' title="bbox 176 2698 924 2733; baseline 0.003 -9"><span class='ocrx_word' id='word_1_457' title='bbox 176 2699 231 2731; x_wconf 67' lang='grc'><strong>(55)</strong></span> <span class='ocrx_word' id='word_1_458' title='bbox 249 2698 293 2725; x_wconf 85' lang='lat' dir='ltr'><strong>Sic</strong></span> <span class='ocrx_word' id='word_1_459' title='bbox 307 2699 416 2725; x_wconf 86' lang='lat' dir='ltr'><strong>Taurin.</strong></span> <span class='ocrx_word' id='word_1_460' title='bbox 433 2699 509 2727; x_wconf 83' lang='lat' dir='ltr'><strong>Colb.</strong></span> <span class='ocrx_word' id='word_1_461' title='bbox 529 2699 572 2726; x_wconf 81' lang='lat' dir='ltr'><strong>Fr.</strong></span> <span class='ocrx_word' id='word_1_462' title='bbox 590 2701 615 2728; x_wconf 81' lang='grc'><strong>1.</strong></span> <span class='ocrx_word' id='word_1_463' title='bbox 636 2701 662 2726; x_wconf 89' lang='lat' dir='ltr'><strong>In</strong></span> <span class='ocrx_word' id='word_1_464' title='bbox 679 2700 742 2733; x_wconf 75' lang='lat' dir='ltr'><strong>lleg.</strong></span> <span class='ocrx_word' id='word_1_465' title='bbox 758 2699 823 2725; x_wconf 78' lang='lat' dir='ltr'><strong>etin</strong></span> <span class='ocrx_word' id='word_1_466' title='bbox 844 2698 924 2726; x_wconf 86' lang='lat' dir='ltr'><strong>editis</strong></span> 
     </span>
    </p>
   </div>
   <div class='ocr_carea' id='block_1_57' title="bbox 140 2733 923 2769">
    <p class='ocr_par' dir='ltr' id='par_1_57' title="bbox 140 2733 923 2769">
     <span class='ocr_line' id='line_1_57' title="bbox 140 2733 923 2769; baseline 0 -9"><span class='ocrx_word' id='word_1_467' title='bbox 140 2733 214 2760; x_wconf 63' lang='lat' dir='ltr'><strong>deest</strong></span> <span class='ocrx_word' id='word_1_468' title='bbox 227 2734 250 2769; x_wconf 70' lang='grc' dir='ltr'>ό.</span> <span class='ocrx_word' id='word_1_469' title='bbox 266 2733 431 2766; x_wconf 86' lang='lat' dir='ltr'><strong>Panln&#39;post,</strong></span> <span class='ocrx_word' id='word_1_470' title='bbox 449 2734 515 2769; x_wconf 77' lang='lat' dir='ltr'><strong>Reg.</strong></span> <span class='ocrx_word' id='word_1_471' title='bbox 530 2734 639 2769; x_wconf 44' lang='lat' dir='ltr'><strong>Taurin:</strong></span> <span class='ocrx_word' id='word_1_472' title='bbox 656 2735 721 2767; x_wconf 84' lang='lat' dir='ltr'><strong>Jes.,</strong></span> <span class='ocrx_word' id='word_1_473' title='bbox 739 2734 782 2760; x_wconf 72' lang='grc' dir='ltr'><strong>ἀεὶ</strong></span> <span class='ocrx_word' id='word_1_474' title='bbox 795 2733 840 2760; x_wconf 84' lang='grc' dir='ltr'>τὸν</span> <span class='ocrx_word' id='word_1_475' title='bbox 855 2734 923 2769; x_wconf 86' lang='grc' dir='ltr'>Χρι-</span> 
     </span>
    </p>
   </div>
   <div class='ocr_carea' id='block_1_58' title="bbox 140 2767 780 2802">
    <p class='ocr_par' dir='ltr' id='par_1_58' title="bbox 140 2767 780 2802">
     <span class='ocr_line' id='line_1_58' title="bbox 140 2767 780 2802; baseline 0 -8"><span class='ocrx_word' id='word_1_476' title='bbox 140 2776 201 2794; x_wconf 80' lang='grc' dir='ltr'>στον</span> <span class='ocrx_word' id='word_1_477' title='bbox 216 2767 284 2794; x_wconf 86' lang='grc' dir='ltr'>εἶναι</span> <span class='ocrx_word' id='word_1_478' title='bbox 302 2769 386 2802; x_wconf 76' lang='grc' dir='ltr'>Λόγον</span> <span class='ocrx_word' id='word_1_479' title='bbox 398 2768 472 2795; x_wconf 73' lang='grc' dir='ltr'>ὅντα.</span> <span class='ocrx_word' id='word_1_480' title='bbox 483 2768 509 2795; x_wconf 96' lang='lat' dir='ltr'><strong>In</strong></span> <span class='ocrx_word' id='word_1_481' title='bbox 523 2770 602 2796; x_wconf 77' lang='lat' dir='ltr'><strong>editis</strong></span> <span class='ocrx_word' id='word_1_482' title='bbox 616 2768 684 2796; x_wconf 78' lang='grc' dir='ltr'>εἶναι</span> <span class='ocrx_word' id='word_1_483' title='bbox 697 2771 780 2796; x_wconf 86' lang='lat' dir='ltr'><strong>deest.</strong></span> 
     </span>
    </p>
   </div>
   <div class='ocr_carea' id='block_1_59' title="bbox 175 2803 920 2839">
    <p class='ocr_par' dir='ltr' id='par_1_59' title="bbox 175 2803 920 2839">
     <span class='ocr_line' id='line_1_59' title="bbox 175 2803 920 2839; baseline 0.003 -10"><span class='ocrx_word' id='word_1_484' title='bbox 175 2803 230 2838; x_wconf 64' lang='lat' dir='ltr'><strong>(Si)</strong></span> <span class='ocrx_word' id='word_1_485' title='bbox 245 2803 289 2830; x_wconf 88' lang='lat' dir='ltr'><strong>Sic</strong></span> <span class='ocrx_word' id='word_1_486' title='bbox 302 2803 366 2838; x_wconf 79' lang='lat' dir='ltr'><strong>lleg.</strong></span> <span class='ocrx_word' id='word_1_487' title='bbox 379 2803 488 2830; x_wconf 84' lang='lat' dir='ltr'><strong>Tuurin.</strong></span> <span class='ocrx_word' id='word_1_488' title='bbox 501 2804 577 2831; x_wconf 88' lang='lat' dir='ltr'><strong>Colb.</strong></span> <span class='ocrx_word' id='word_1_489' title='bbox 589 2804 644 2830; x_wconf 67' lang='lat' dir='ltr'><strong>Jes.</strong></span> <span class='ocrx_word' id='word_1_490' title='bbox 659 2805 686 2831; x_wconf 93' lang='lat' dir='ltr'><strong>ln</strong></span> <span class='ocrx_word' id='word_1_491' title='bbox 702 2805 790 2833; x_wconf 81' lang='lat' dir='ltr'><strong>editis.</strong></span> <span class='ocrx_word' id='word_1_492' title='bbox 806 2805 820 2830; x_wconf 85' lang='grc' dir='ltr'><strong><em>ὸ</em></strong></span> <span class='ocrx_word' id='word_1_493' title='bbox 834 2804 920 2839; x_wconf 67' lang='grc' dir='ltr'>ἥλιος.</span> 
     </span>
    </p>
   </div>
   <div class='ocr_carea' id='block_1_60' title="bbox 140 2837 922 2875">
    <p class='ocr_par' dir='ltr' id='par_1_60' title="bbox 140 2837 922 2875">
     <span class='ocr_line' id='line_1_60' title="bbox 140 2837 922 2875; baseline 0.003 -11"><span class='ocrx_word' id='word_1_494' title='bbox 140 2837 198 2865; x_wconf 67' lang='lat' dir='ltr'><strong>Mox</strong></span> <span class='ocrx_word' id='word_1_495' title='bbox 210 2840 317 2875; x_wconf 16' lang='lat' dir='ltr'><strong>ealiti‘et</strong></span> <span class='ocrx_word' id='word_1_496' title='bbox 329 2837 405 2875; x_wconf 26' lang='lat' dir='ltr'><strong>ll’eg”</strong></span> <span class='ocrx_word' id='word_1_497' title='bbox 423 2839 489 2875; x_wconf 74' lang='grc' dir='ltr'>πολύ</span> <span class='ocrx_word' id='word_1_498' title='bbox 506 2847 537 2873; x_wconf 88' lang='grc' dir='ltr'><strong>γε</strong></span> <span class='ocrx_word' id='word_1_499' title='bbox 551 2840 682 2875; x_wconf 61' lang='grc' dir='ltr'><strong>δεῖωθᾳ.</strong></span> <span class='ocrx_word' id='word_1_500' title='bbox 704 2839 747 2874; x_wconf 77' lang='grc' dir='ltr'><strong>δή)</strong></span> <span class='ocrx_word' id='word_1_501' title='bbox 763 2840 810 2865; x_wconf 69' lang='grc' dir='ltr'>καὶ</span> <span class='ocrx_word' id='word_1_502' title='bbox 827 2837 922 2875; x_wconf 83' lang='grc' dir='ltr'>παρεῖ-</span> 
     </span>
    </p>
   </div>
   <div class='ocr_carea' id='block_1_61' title="bbox 140 2873 919 2910">
    <p class='ocr_par' dir='ltr' id='par_1_61' title="bbox 140 2873 919 2910">
     <span class='ocr_line' id='line_1_61' title="bbox 140 2873 919 2910; baseline 0.005 -11"><span class='ocrx_word' id='word_1_503' title='bbox 140 2881 191 2900; x_wconf 69' lang='grc' dir='ltr'>ναι.</span> <span class='ocrx_word' id='word_1_504' title='bbox 209 2873 319 2903; x_wconf 83' lang='lat' dir='ltr'><strong>Taurin.</strong></span> <span class='ocrx_word' id='word_1_505' title='bbox 338 2873 412 2902; x_wconf 89' lang='lat' dir='ltr'><strong>Colb.</strong></span> <span class='ocrx_word' id='word_1_506' title='bbox 427 2873 494 2910; x_wconf 77' lang='lat' dir='ltr'><strong>Jes.,</strong></span> <span class='ocrx_word' id='word_1_507' title='bbox 510 2874 606 2902; x_wconf 79' lang='grc' dir='ltr'>πολλοῦ</span> <span class='ocrx_word' id='word_1_508' title='bbox 621 2883 651 2909; x_wconf 79' lang='grc' dir='ltr'><strong>γε</strong></span> <span class='ocrx_word' id='word_1_509' title='bbox 669 2875 708 2902; x_wconf 83' lang='grc' dir='ltr'>δεῖ</span> <span class='ocrx_word' id='word_1_510' title='bbox 721 2876 855 2910; x_wconf 78' lang='grc' dir='ltr'>παρεῖναι.</span> <span class='ocrx_word' id='word_1_511' title='bbox 868 2873 919 2903; x_wconf 64' lang='grc' dir='ltr'><strong>Ἐπ’.</strong></span> 
     </span>
    </p>
   </div>
   <div class='ocr_carea' id='block_1_62' title="bbox 760 158 1184 189">
    <p class='ocr_par' dir='ltr' id='par_1_62' title="bbox 760 158 1184 189">
     <span class='ocr_line' id='line_1_62' title="bbox 760 158 1184 189; baseline 0.009 -5"><span class='ocrx_word' id='word_1_512' title='bbox 760 158 804 185; x_wconf 84' lang='lat' dir='ltr'><strong>DE</strong></span> <span class='ocrx_word' id='word_1_513' title='bbox 824 159 1016 188; x_wconf 76' lang='lat' dir='ltr'><strong>SENTENTIA</strong></span> <span class='ocrx_word' id='word_1_514' title='bbox 1035 159 1184 189; x_wconf 81' lang='lat' dir='ltr'><strong>DIONYSII</strong></span> 
     </span>
    </p>
   </div>
   <div class='ocr_carea' id='block_1_63' title="bbox 1723 160 1775 187">
    <p class='ocr_par' dir='ltr' id='par_1_63' title="bbox 1723 160 1775 187">
     <span class='ocr_line' id='line_1_63' title="bbox 1723 160 1775 187; baseline 0 0"><span class='ocrx_word' id='word_1_515' title='bbox 1723 160 1775 187; x_wconf 71' lang='lat'><strong>502</strong></span> 
     </span>
    </p>
   </div>
   <div class='ocr_carea' id='block_1_64' title="bbox 959 218 1774 255">
    <p class='ocr_par' dir='ltr' id='par_1_64' title="bbox 959 218 1774 255">
     <span class='ocr_line' id='line_1_64' title="bbox 959 218 1774 255; baseline -0.001 -9"><span class='ocrx_word' id='word_1_516' title='bbox 959 221 982 250; x_wconf 73' lang='grc' dir='ltr'><strong>Α</strong></span> <span class='ocrx_word' id='word_1_517' title='bbox 996 220 1067 247; x_wconf 85' lang='lat' dir='ltr'><strong>dicta</strong></span> <span class='ocrx_word' id='word_1_518' title='bbox 1087 226 1159 253; x_wconf 85' lang='lat' dir='ltr'><strong>sunt,</strong></span> <span class='ocrx_word' id='word_1_519' title='bbox 1181 228 1232 247; x_wconf 91' lang='lat' dir='ltr'><strong>non</strong></span> <span class='ocrx_word' id='word_1_520' title='bbox 1259 220 1396 255; x_wconf 78' lang='lat' dir='ltr'><strong>ignorasse</strong></span> <span class='ocrx_word' id='word_1_521' title='bbox 1419 223 1508 246; x_wconf 85' lang='lat' dir='ltr'><strong>tamen</strong></span> <span class='ocrx_word' id='word_1_522' title='bbox 1525 219 1611 254; x_wconf 85' lang='lat' dir='ltr'><strong>ipsum</strong></span> <span class='ocrx_word' id='word_1_523' title='bbox 1627 225 1687 246; x_wconf 75' lang='lat' dir='ltr'><strong>esse</strong></span> <span class='ocrx_word' id='word_1_524' title='bbox 1708 218 1774 245; x_wconf 66' lang='grc' dir='ltr'>τει-</span> 
     </span>
    </p>
   </div>
   <div class='ocr_carea' id='block_1_65' title="bbox 997 264 1775 300">
    <p class='ocr_par' dir='ltr' id='par_1_65' title="bbox 997 264 1775 300">
     <span class='ocr_line' id='line_1_65' title="bbox 997 264 1775 300; baseline -0.001 -9"><span class='ocrx_word' id='word_1_525' title='bbox 997 266 1058 292; x_wconf 89' lang='lat' dir='ltr'><strong>bum</strong></span> <span class='ocrx_word' id='word_1_526' title='bbox 1075 269 1102 293; x_wconf 89' lang='lat' dir='ltr'><strong>et</strong></span> <span class='ocrx_word' id='word_1_527' title='bbox 1117 265 1284 300; x_wconf 88' lang='lat' dir='ltr'><strong>Sapientiam</strong></span> <span class='ocrx_word' id='word_1_528' title='bbox 1299 273 1313 291; x_wconf 87' lang='lat' dir='ltr'><strong>a</strong></span> <span class='ocrx_word' id='word_1_529' title='bbox 1329 264 1409 292; x_wconf 85' lang='lat' dir='ltr'><strong>Patre</strong></span> <span class='ocrx_word' id='word_1_530' title='bbox 1424 264 1636 291; x_wconf 76' lang='lat' dir='ltr'><strong>indivisibilem?</strong></span> <span class='ocrx_word' id='word_1_531' title='bbox 1650 264 1775 297; x_wconf 87' lang='lat' dir='ltr'><strong>Queritur</strong></span> 
     </span>
    </p>
   </div>
   <div class='ocr_carea' id='block_1_66' title="bbox 996 310 1774 346">
    <p class='ocr_par' dir='ltr' id='par_1_66' title="bbox 996 310 1774 346">
     <span class='ocr_line' id='line_1_66' title="bbox 996 310 1774 346; baseline -0.003 -8"><span class='ocrx_word' id='word_1_532' title='bbox 996 311 1091 339; x_wconf 84' lang='lat' dir='ltr'><strong>deinde</strong></span> <span class='ocrx_word' id='word_1_533' title='bbox 1103 311 1172 346; x_wconf 93' lang='lat' dir='ltr'><strong>quod</strong></span> <span class='ocrx_word' id='word_1_534' title='bbox 1196 315 1368 338; x_wconf 75' lang='lat' dir='ltr'><strong>accusatores</strong></span> <span class='ocrx_word' id='word_1_535' title='bbox 1388 310 1537 337; x_wconf 84' lang='lat' dir='ltr'><strong>sententias</strong></span> <span class='ocrx_word' id='word_1_536' title='bbox 1557 317 1620 337; x_wconf 86' lang='lat' dir='ltr'><strong>suas</strong></span> <span class='ocrx_word' id='word_1_537' title='bbox 1635 318 1686 337; x_wconf 92' lang='lat' dir='ltr'><strong>non</strong></span> <span class='ocrx_word' id='word_1_538' title='bbox 1703 310 1774 337; x_wconf 87' lang='lat' dir='ltr'><strong>inte-</strong></span> 
     </span>
    </p>
   </div>
   <div class='ocr_carea' id='block_1_67' title="bbox 995 355 1772 390">
    <p class='ocr_par' dir='ltr' id='par_1_67' title="bbox 995 355 1772 390">
     <span class='ocr_line' id='line_1_67' title="bbox 995 355 1772 390; baseline -0.001 -8"><span class='ocrx_word' id='word_1_539' title='bbox 995 363 1056 390; x_wconf 85' lang='lat' dir='ltr'><strong>gras</strong></span> <span class='ocrx_word' id='word_1_540' title='bbox 1069 357 1197 389; x_wconf 83' lang='lat' dir='ltr'><strong>referant,</strong></span> <span class='ocrx_word' id='word_1_541' title='bbox 1211 359 1256 383; x_wconf 84' lang='lat' dir='ltr'><strong>sed</strong></span> <span class='ocrx_word' id='word_1_542' title='bbox 1274 360 1420 387; x_wconf 87' lang='lat' dir='ltr'><strong>truncatas,</strong></span> <span class='ocrx_word' id='word_1_543' title='bbox 1437 358 1463 382; x_wconf 90' lang='lat' dir='ltr'><strong>et</strong></span> <span class='ocrx_word' id='word_1_544' title='bbox 1477 355 1548 389; x_wconf 90' lang='lat' dir='ltr'><strong>quod</strong></span> <span class='ocrx_word' id='word_1_545' title='bbox 1562 362 1613 381; x_wconf 92' lang='lat' dir='ltr'><strong>non</strong></span> <span class='ocrx_word' id='word_1_546' title='bbox 1627 355 1694 381; x_wconf 90' lang='lat' dir='ltr'><strong>bona</strong></span> <span class='ocrx_word' id='word_1_547' title='bbox 1707 362 1772 381; x_wconf 91' lang='lat' dir='ltr'><strong>cun-</strong></span> 
     </span>
    </p>
   </div>
   <div class='ocr_carea' id='block_1_68' title="bbox 993 401 1772 436">
    <p class='ocr_par' dir='ltr' id='par_1_68' title="bbox 993 401 1772 436">
     <span class='ocr_line' id='line_1_68' title="bbox 993 401 1772 436; baseline 0 -8"><span class='ocrx_word' id='word_1_548' title='bbox 993 402 1116 433; x_wconf 80' lang='lat' dir='ltr'><strong>scientia.</strong></span> <span class='ocrx_word' id='word_1_549' title='bbox 1143 403 1190 429; x_wconf 88' lang='lat' dir='ltr'><strong>sed</strong></span> <span class='ocrx_word' id='word_1_550' title='bbox 1209 401 1288 433; x_wconf 87' lang='lat' dir='ltr'><strong>mala,</strong></span> <span class='ocrx_word' id='word_1_551' title='bbox 1313 409 1362 436; x_wconf 87' lang='lat' dir='ltr'><strong>pro</strong></span> <span class='ocrx_word' id='word_1_552' title='bbox 1383 401 1490 428; x_wconf 86' lang='lat' dir='ltr'><strong>libidine</strong></span> <span class='ocrx_word' id='word_1_553' title='bbox 1519 401 1662 435; x_wconf 89' lang='lat' dir='ltr'><strong>loquantur</strong></span> <span class='ocrx_word' id='word_1_554' title='bbox 1678 408 1685 427; x_wconf 92' lang='lat'>:</span> <span class='ocrx_word' id='word_1_555' title='bbox 1704 408 1772 435; x_wconf 82' lang='lat' dir='ltr'><strong>quos</strong></span> 
     </span>
    </p>
   </div>
   <div class='ocr_carea' id='block_1_69' title="bbox 994 446 1773 481">
    <p class='ocr_par' dir='ltr' id='par_1_69' title="bbox 994 446 1773 481">
     <span class='ocr_line' id='line_1_69' title="bbox 994 446 1773 481; baseline -0.001 -7"><span class='ocrx_word' id='word_1_556' title='bbox 994 447 1093 474; x_wconf 82' lang='lat' dir='ltr'><strong>similes</strong></span> <span class='ocrx_word' id='word_1_557' title='bbox 1113 447 1150 474; x_wconf 89' lang='lat' dir='ltr'><strong>ait</strong></span> <span class='ocrx_word' id='word_1_558' title='bbox 1167 448 1236 474; x_wconf 84' lang='lat' dir='ltr'><strong>beati</strong></span> <span class='ocrx_word' id='word_1_559' title='bbox 1254 447 1374 481; x_wconf 86' lang='lat' dir='ltr'><strong>Apostoli</strong></span> <span class='ocrx_word' id='word_1_560' title='bbox 1392 446 1572 480; x_wconf 70' lang='lat' dir='ltr'><strong>Epistolarum</strong></span> <span class='ocrx_word' id='word_1_561' title='bbox 1595 447 1773 473; x_wconf 71' lang='lat' dir='ltr'><strong>calumniato~</strong></span> 
     </span>
    </p>
   </div>
   <div class='ocr_carea' id='block_1_70' title="bbox 993 492 1771 527">
    <p class='ocr_par' dir='ltr' id='par_1_70' title="bbox 993 492 1771 527">
     <span class='ocr_line' id='line_1_70' title="bbox 993 492 1771 527; baseline -0.001 -8"><span class='ocrx_word' id='word_1_562' title='bbox 993 493 1076 519; x_wconf 79' lang='lat' dir='ltr'><strong>ribus.</strong></span> <span class='ocrx_word' id='word_1_563' title='bbox 1093 493 1153 520; x_wconf 68' lang='lat' dir='ltr'><strong>&quot;me</strong></span> <span class='ocrx_word' id='word_1_564' title='bbox 1168 500 1248 527; x_wconf 87' lang='lat' dir='ltr'><strong>porro</strong></span> <span class='ocrx_word' id='word_1_565' title='bbox 1263 493 1312 519; x_wconf 84' lang='lat' dir='ltr'><strong>viri</strong></span> <span class='ocrx_word' id='word_1_566' title='bbox 1327 493 1505 526; x_wconf 80' lang='lat' dir='ltr'><strong>expostulatio</strong></span> <span class='ocrx_word' id='word_1_567' title='bbox 1518 492 1653 519; x_wconf 83' lang='lat' dir='ltr'><strong>sinistram</strong></span> <span class='ocrx_word' id='word_1_568' title='bbox 1665 499 1771 519; x_wconf 91' lang='lat' dir='ltr'><strong>omnem</strong></span> 
     </span>
    </p>
   </div>
   <div class='ocr_carea' id='block_1_71' title="bbox 993 537 1771 572">
    <p class='ocr_par' dir='ltr' id='par_1_71' title="bbox 993 537 1771 572">
     <span class='ocr_line' id='line_1_71' title="bbox 993 537 1771 572; baseline -0.001 -8"><span class='ocrx_word' id='word_1_569' title='bbox 993 542 1100 565; x_wconf 87' lang='lat' dir='ltr'><strong>amovet</strong></span> <span class='ocrx_word' id='word_1_570' title='bbox 1121 538 1312 572; x_wconf 83' lang='lat' dir='ltr'><strong>suspicionem.</strong></span> <span class='ocrx_word' id='word_1_571' title='bbox 1332 538 1359 564; x_wconf 81' lang='lat' dir='ltr'><strong>Si</strong></span> <span class='ocrx_word' id='word_1_572' title='bbox 1378 538 1450 564; x_wconf 91' lang='lat' dir='ltr'><strong>enim</strong></span> <span class='ocrx_word' id='word_1_573' title='bbox 1468 537 1542 564; x_wconf 83' lang='lat' dir='ltr'><strong>Pauli</strong></span> <span class='ocrx_word' id='word_1_574' title='bbox 1564 537 1771 564; x_wconf 72' lang='lat' dir='ltr'><strong>calumniatores</strong></span> 
     </span>
    </p>
   </div>
   <div class='ocr_carea' id='block_1_72' title="bbox 991 581 1771 615">
    <p class='ocr_par' dir='ltr' id='par_1_72' title="bbox 991 581 1771 615">
     <span class='ocr_line' id='line_1_72' title="bbox 991 581 1771 615; baseline -0.004 -4"><span class='ocrx_word' id='word_1_575' title='bbox 991 585 1032 612; x_wconf 92' lang='lat' dir='ltr'><strong>sui</strong></span> <span class='ocrx_word' id='word_1_576' title='bbox 1061 584 1163 611; x_wconf 82' lang='lat' dir='ltr'><strong>similes</strong></span> <span class='ocrx_word' id='word_1_577' title='bbox 1187 583 1345 615; x_wconf 89' lang='lat' dir='ltr'><strong>arbitratttr,</strong></span> <span class='ocrx_word' id='word_1_578' title='bbox 1374 583 1440 610; x_wconf 86' lang='lat' dir='ltr'><strong>nihil</strong></span> <span class='ocrx_word' id='word_1_579' title='bbox 1465 591 1530 610; x_wconf 86' lang='lat' dir='ltr'><strong>sane</strong></span> <span class='ocrx_word' id='word_1_580' title='bbox 1554 582 1627 610; x_wconf 87' lang='lat' dir='ltr'><strong>aliud</strong></span> <span class='ocrx_word' id='word_1_581' title='bbox 1653 581 1771 609; x_wconf 81' lang='lat' dir='ltr'><strong>declarat</strong></span> 
     </span>
    </p>
   </div>
   <div class='ocr_carea' id='block_1_73' title="bbox 991 627 1770 664">
    <p class='ocr_par' dir='ltr' id='par_1_73' title="bbox 991 627 1770 664">
     <span class='ocr_line' id='line_1_73' title="bbox 991 627 1770 664; baseline -0.004 -8"><span class='ocrx_word' id='word_1_582' title='bbox 991 637 1071 664; x_wconf 83' lang='lat' dir='ltr'><strong>quain</strong></span> <span class='ocrx_word' id='word_1_583' title='bbox 1085 637 1115 657; x_wconf 85' lang='lat' dir='ltr'><strong>se</strong></span> <span class='ocrx_word' id='word_1_584' title='bbox 1129 638 1189 657; x_wconf 89' lang='lat' dir='ltr'><strong>cum</strong></span> <span class='ocrx_word' id='word_1_585' title='bbox 1202 629 1284 656; x_wconf 77' lang='lat' dir='ltr'><strong>Paulo</strong></span> <span class='ocrx_word' id='word_1_586' title='bbox 1302 629 1460 656; x_wconf 85' lang='lat' dir='ltr'><strong>sentientem</strong></span> <span class='ocrx_word' id='word_1_587' title='bbox 1478 629 1513 655; x_wconf 89' lang='lat' dir='ltr'><strong>ita</strong></span> <span class='ocrx_word' id='word_1_588' title='bbox 1529 628 1678 663; x_wconf 85' lang='lat' dir='ltr'><strong>scripsisse.</strong></span> <span class='ocrx_word' id='word_1_589' title='bbox 1691 627 1770 654; x_wconf 85' lang='lat' dir='ltr'><strong>Certe</strong></span> 
     </span>
    </p>
   </div>
   <div class='ocr_carea' id='block_1_74' title="bbox 991 673 1770 709">
    <p class='ocr_par' dir='ltr' id='par_1_74' title="bbox 991 673 1770 709">
     <span class='ocr_line' id='line_1_74' title="bbox 991 673 1770 709; baseline -0.003 -8"><span class='ocrx_word' id='word_1_590' title='bbox 991 675 1103 709; x_wconf 74' lang='lat' dir='ltr'><strong>singulis</strong></span> <span class='ocrx_word' id='word_1_591' title='bbox 1135 680 1323 702; x_wconf 85' lang='lat' dir='ltr'><strong>accusatorum</strong></span> <span class='ocrx_word' id='word_1_592' title='bbox 1350 674 1437 701; x_wconf 82' lang='lat' dir='ltr'><strong>verbis</strong></span> <span class='ocrx_word' id='word_1_593' title='bbox 1461 680 1621 706; x_wconf 83' lang='lat' dir='ltr'><strong>occurrens,</strong></span> <span class='ocrx_word' id='word_1_594' title='bbox 1646 673 1770 700; x_wconf 88' lang='lat' dir='ltr'><strong>omnibus</strong></span> 
     </span>
    </p>
   </div>
   <div class='ocr_carea' id='block_1_75' title="bbox 990 718 1771 754">
    <p class='ocr_par' dir='ltr' id='par_1_75' title="bbox 990 718 1771 754">
     <span class='ocr_line' id='line_1_75' title="bbox 990 718 1771 754; baseline -0.001 -8"><span class='ocrx_word' id='word_1_595' title='bbox 990 727 1082 747; x_wconf 89' lang='lat' dir='ltr'><strong>eorum</strong></span> <span class='ocrx_word' id='word_1_596' title='bbox 1098 720 1262 754; x_wconf 79' lang='lat' dir='ltr'><strong>argumentis</strong></span> <span class='ocrx_word' id='word_1_597' title='bbox 1274 719 1434 746; x_wconf 90' lang='lat' dir='ltr'><strong>solutionem</strong></span> <span class='ocrx_word' id='word_1_598' title='bbox 1448 719 1555 746; x_wconf 84' lang='lat' dir='ltr'><strong>adhibet</strong></span> <span class='ocrx_word' id='word_1_599' title='bbox 1568 727 1576 751; x_wconf 83' lang='lat'><strong>;</strong></span> <span class='ocrx_word' id='word_1_600' title='bbox 1594 725 1708 753; x_wconf 90' lang='lat' dir='ltr'><strong>cumque</strong></span> <span class='ocrx_word' id='word_1_601' title='bbox 1721 718 1771 745; x_wconf 89' lang='lat' dir='ltr'><strong>Sa-</strong></span> 
     </span>
    </p>
   </div>
   <div class='ocr_carea' id='block_1_76' title="bbox 990 764 1768 799">
    <p class='ocr_par' dir='ltr' id='par_1_76' title="bbox 990 764 1768 799">
     <span class='ocr_line' id='line_1_76' title="bbox 990 764 1768 799; baseline -0.003 -7"><span class='ocrx_word' id='word_1_602' title='bbox 990 765 1098 792; x_wconf 80' lang='lat' dir='ltr'><strong>beliium</strong></span> <span class='ocrx_word' id='word_1_603' title='bbox 1111 765 1244 798; x_wconf 88' lang='lat' dir='ltr'><strong>prioribus</strong></span> <span class='ocrx_word' id='word_1_604' title='bbox 1258 764 1310 791; x_wconf 90' lang='lat' dir='ltr'><strong>illis</strong></span> <span class='ocrx_word' id='word_1_605' title='bbox 1323 765 1432 799; x_wconf 86' lang='lat' dir='ltr'><strong>scriptis</strong></span> <span class='ocrx_word' id='word_1_606' title='bbox 1445 764 1600 799; x_wconf 79' lang='lat' dir='ltr'><strong>planissime</strong></span> <span class='ocrx_word' id='word_1_607' title='bbox 1612 764 1768 795; x_wconf 84' lang='lat' dir='ltr'><strong>conl&#39;utarit.</strong></span> 
     </span>
    </p>
   </div>
   <div class='ocr_carea' id='block_1_77' title="bbox 990 809 1769 845">
    <p class='ocr_par' dir='ltr' id='par_1_77' title="bbox 990 809 1769 845">
     <span class='ocr_line' id='line_1_77' title="bbox 990 809 1769 845; baseline -0.001 -8"><span class='ocrx_word' id='word_1_608' title='bbox 990 810 1032 837; x_wconf 78' lang='lat' dir='ltr'><strong>bis</strong></span> <span class='ocrx_word' id='word_1_609' title='bbox 1047 810 1242 845; x_wconf 84' lang='lat' dir='ltr'><strong>posterioribus</strong></span> <span class='ocrx_word' id='word_1_610' title='bbox 1256 810 1334 837; x_wconf 85' lang='lat' dir='ltr'><strong>(idem</strong></span> <span class='ocrx_word' id='word_1_611' title='bbox 1346 818 1422 836; x_wconf 92' lang='lat' dir='ltr'><strong>suam</strong></span> <span class='ocrx_word' id='word_1_612' title='bbox 1435 810 1545 837; x_wconf 89' lang='lat' dir='ltr'><strong>omnino</strong></span> <span class='ocrx_word' id='word_1_613' title='bbox 1556 810 1627 844; x_wconf 80' lang='lat' dir='ltr'><strong>piam</strong></span> <span class='ocrx_word' id='word_1_614' title='bbox 1639 809 1769 836; x_wconf 76' lang='lat' dir='ltr'><strong>declarat.</strong></span> 
     </span>
    </p>
   </div>
   <div class='ocr_carea' id='block_1_78' title="bbox 989 855 1768 891">
    <p class='ocr_par' dir='ltr' id='par_1_78' title="bbox 989 855 1768 891">
     <span class='ocr_line' id='line_1_78' title="bbox 989 855 1768 891; baseline -0.003 -8"><span class='ocrx_word' id='word_1_615' title='bbox 989 856 1189 883; x_wconf 77' lang='lat' dir='ltr'><strong>Aﬂirmantibus</strong></span> <span class='ocrx_word' id='word_1_616' title='bbox 1206 856 1289 891; x_wconf 80' lang='lat' dir='ltr'><strong>igitur</strong></span> <span class='ocrx_word' id='word_1_617' title='bbox 1302 856 1354 883; x_wconf 88' lang='lat' dir='ltr'><strong>illis</strong></span> <span class='ocrx_word' id='word_1_618' title='bbox 1369 856 1437 883; x_wconf 87' lang='lat' dir='ltr'><strong>hanc</strong></span> <span class='ocrx_word' id='word_1_619' title='bbox 1448 863 1508 883; x_wconf 88' lang='lat' dir='ltr'><strong>esse</strong></span> <span class='ocrx_word' id='word_1_620' title='bbox 1523 855 1641 891; x_wconf 88' lang='lat' dir='ltr'><strong>Dionysii</strong></span> <span class='ocrx_word' id='word_1_621' title='bbox 1658 859 1768 882; x_wconf 80' lang='lat' dir='ltr'><strong>senten—</strong></span> 
     </span>
    </p>
   </div>
   <div class='ocr_carea' id='block_1_79' title="bbox 990 901 1769 936">
    <p class='ocr_par' dir='ltr' id='par_1_79' title="bbox 990 901 1769 936">
     <span class='ocr_line' id='line_1_79' title="bbox 990 901 1769 936; baseline 0 -8"><span class='ocrx_word' id='word_1_622' title='bbox 990 903 1052 929; x_wconf 88' lang='lat' dir='ltr'><strong>tiam</strong></span> <span class='ocrx_word' id='word_1_623' title='bbox 1069 913 1076 929; x_wconf 87' lang='lat'><strong>:</strong></span> <span class='ocrx_word' id='word_1_624' title='bbox 1094 911 1103 928; x_wconf 79' lang='grc' dir='ltr'><strong>ι</strong></span> <span class='ocrx_word' id='word_1_625' title='bbox 1119 902 1189 929; x_wconf 86' lang='lat' dir='ltr'><strong>Deus</strong></span> <span class='ocrx_word' id='word_1_626' title='bbox 1201 909 1252 928; x_wconf 92' lang='lat' dir='ltr'><strong>non</strong></span> <span class='ocrx_word' id='word_1_627' title='bbox 1270 902 1437 936; x_wconf 77' lang='lat' dir='ltr'><strong>fuitsemper</strong></span> <span class='ocrx_word' id='word_1_628' title='bbox 1453 901 1641 935; x_wconf 78' lang='lat' dir='ltr'><strong>Pater;ll&#39;iiius</strong></span> <span class='ocrx_word' id='word_1_629' title='bbox 1662 909 1769 936; x_wconf 86' lang='lat' dir='ltr'><strong>semper</strong></span> 
     </span>
    </p>
   </div>
   <div class='ocr_carea' id='block_1_80' title="bbox 989 948 1768 983">
    <p class='ocr_par' dir='ltr' id='par_1_80' title="bbox 989 948 1768 983">
     <span class='ocr_line' id='line_1_80' title="bbox 989 948 1768 983; baseline 0 -7"><span class='ocrx_word' id='word_1_630' title='bbox 989 948 1130 980; x_wconf 84' lang='lat' dir='ltr'><strong>nonfuit,</strong></span> <span class='ocrx_word' id='word_1_631' title='bbox 1150 949 1197 976; x_wconf 89' lang='lat' dir='ltr'><strong>sed</strong></span> <span class='ocrx_word' id='word_1_632' title='bbox 1224 948 1293 975; x_wconf 90' lang='lat' dir='ltr'><strong>Dens</strong></span> <span class='ocrx_word' id='word_1_633' title='bbox 1316 948 1460 982; x_wconf 84' lang='lat' dir='ltr'><strong>aliquando</strong></span> <span class='ocrx_word' id='word_1_634' title='bbox 1482 948 1571 976; x_wconf 82' lang='lat' dir='ltr'><strong>Verbo</strong></span> <span class='ocrx_word' id='word_1_635' title='bbox 1588 949 1690 981; x_wconf 85' lang='lat' dir='ltr'><strong>caruit,</strong></span> <span class='ocrx_word' id='word_1_636' title='bbox 1712 949 1768 983; x_wconf 87' lang='lat' dir='ltr'><strong>ipse</strong></span> 
     </span>
    </p>
   </div>
   <div class='ocr_carea' id='block_1_81' title="bbox 987 994 1767 1029">
    <p class='ocr_par' dir='ltr' id='par_1_81' title="bbox 987 994 1767 1029">
     <span class='ocr_line' id='line_1_81' title="bbox 987 994 1767 1029; baseline 0 -9"><span class='ocrx_word' id='word_1_637' title='bbox 987 1002 1050 1021; x_wconf 84' lang='lat' dir='ltr'><strong>vero</strong></span> <span class='ocrx_word' id='word_1_638' title='bbox 1068 994 1150 1020; x_wconf 80' lang='lat' dir='ltr'><strong>Filius</strong></span> <span class='ocrx_word' id='word_1_639' title='bbox 1163 1001 1214 1020; x_wconf 93' lang='lat' dir='ltr'><strong>non</strong></span> <span class='ocrx_word' id='word_1_640' title='bbox 1237 998 1296 1021; x_wconf 87' lang='lat' dir='ltr'><strong>erat</strong></span> <span class='ocrx_word' id='word_1_641' title='bbox 1313 998 1455 1028; x_wconf 85' lang='lat' dir='ltr'><strong>antequam</strong></span> <span class='ocrx_word' id='word_1_642' title='bbox 1469 995 1634 1029; x_wconf 70' lang='lat' dir='ltr'><strong>gigneretur,</strong></span> <span class='ocrx_word' id='word_1_643' title='bbox 1656 995 1702 1022; x_wconf 88' lang='lat' dir='ltr'><strong>sed</strong></span> <span class='ocrx_word' id='word_1_644' title='bbox 1717 995 1767 1021; x_wconf 80' lang='lat' dir='ltr'><strong>fuit</strong></span> 
     </span>
    </p>
   </div>
   <div class='ocr_carea' id='block_1_82' title="bbox 986 1039 1766 1074">
    <p class='ocr_par' dir='ltr' id='par_1_82' title="bbox 986 1039 1766 1074">
     <span class='ocr_line' id='line_1_82' title="bbox 986 1039 1766 1074; baseline 0 -8"><span class='ocrx_word' id='word_1_645' title='bbox 986 1039 1129 1074; x_wconf 82' lang='lat' dir='ltr'><strong>aliquando</strong></span> <span class='ocrx_word' id='word_1_646' title='bbox 1149 1047 1212 1066; x_wconf 87' lang='lat' dir='ltr'><strong>cum</strong></span> <span class='ocrx_word' id='word_1_647' title='bbox 1228 1046 1278 1066; x_wconf 92' lang='lat' dir='ltr'><strong>non</strong></span> <span class='ocrx_word' id='word_1_648' title='bbox 1296 1044 1366 1066; x_wconf 81' lang='lat' dir='ltr'><strong>esset</strong></span> <span class='ocrx_word' id='word_1_649' title='bbox 1385 1048 1392 1066; x_wconf 90' lang='lat'>:</span> <span class='ocrx_word' id='word_1_650' title='bbox 1416 1047 1467 1066; x_wconf 91' lang='lat' dir='ltr'><strong>non</strong></span> <span class='ocrx_word' id='word_1_651' title='bbox 1483 1041 1555 1067; x_wconf 90' lang='lat' dir='ltr'><strong>enim</strong></span> <span class='ocrx_word' id='word_1_652' title='bbox 1578 1045 1696 1067; x_wconf 68' lang='lat' dir='ltr'><strong>aeternus</strong></span> <span class='ocrx_word' id='word_1_653' title='bbox 1714 1044 1766 1071; x_wconf 89' lang='lat' dir='ltr'><strong>est,</strong></span> 
     </span>
    </p>
   </div>
   <div class='ocr_carea' id='block_1_83' title="bbox 986 1084 1767 1122">
    <p class='ocr_par' dir='ltr' id='par_1_83' title="bbox 986 1084 1767 1122">
     <span class='ocr_line' id='line_1_83' title="bbox 986 1084 1767 1122; baseline -0.001 -11"><span class='ocrx_word' id='word_1_654' title='bbox 986 1085 1032 1111; x_wconf 84' lang='lat' dir='ltr'><strong>sed</strong></span> <span class='ocrx_word' id='word_1_655' title='bbox 1054 1084 1220 1118; x_wconf 89' lang='lat' dir='ltr'><strong>postmodum</strong></span> <span class='ocrx_word' id='word_1_656' title='bbox 1241 1090 1302 1111; x_wconf 79' lang='lat' dir='ltr'><strong>esse</strong></span> <span class='ocrx_word' id='word_1_657' title='bbox 1330 1084 1431 1118; x_wconf 81' lang='lat' dir='ltr'><strong>incepit</strong></span> <span class='ocrx_word' id='word_1_658' title='bbox 1447 1093 1454 1111; x_wconf 85' lang='lat'><strong>:</strong></span> <span class='ocrx_word' id='word_1_659' title='bbox 1470 1093 1480 1110; x_wconf 76' lang='grc' dir='ltr'><strong>ι</strong></span> <span class='ocrx_word' id='word_1_660' title='bbox 1493 1084 1678 1122; x_wconf 73' lang='lat' dir='ltr'><strong>animadverte</strong></span> <span class='ocrx_word' id='word_1_661' title='bbox 1699 1091 1767 1118; x_wconf 88' lang='lat' dir='ltr'><strong>quo-</strong></span> 
     </span>
    </p>
   </div>
   <div class='ocr_carea' id='block_1_84' title="bbox 987 1129 1766 1165">
    <p class='ocr_par' dir='ltr' id='par_1_84' title="bbox 987 1129 1766 1165">
     <span class='ocr_line' id='line_1_84' title="bbox 987 1129 1766 1165; baseline 0 -9"><span class='ocrx_word' id='word_1_662' title='bbox 987 1130 1065 1157; x_wconf 88' lang='lat' dir='ltr'><strong>modo</strong></span> <span class='ocrx_word' id='word_1_663' title='bbox 1087 1130 1120 1157; x_wconf 86' lang='lat' dir='ltr'><strong>ad</strong></span> <span class='ocrx_word' id='word_1_664' title='bbox 1147 1130 1204 1158; x_wconf 73' lang='lat' dir='ltr'><strong>haec</strong></span> <span class='ocrx_word' id='word_1_665' title='bbox 1229 1130 1273 1157; x_wconf 89' lang='lat' dir='ltr'><strong>ille</strong></span> <span class='ocrx_word' id='word_1_666' title='bbox 1292 1130 1464 1165; x_wconf 86' lang='lat' dir='ltr'><strong>respondeat.</strong></span> <span class='ocrx_word' id='word_1_667' title='bbox 1491 1129 1577 1157; x_wconf 87' lang='lat' dir='ltr'><strong>Verba</strong></span> <span class='ocrx_word' id='word_1_668' title='bbox 1601 1135 1688 1157; x_wconf 85' lang='lat' dir='ltr'><strong>autem</strong></span> <span class='ocrx_word' id='word_1_669' title='bbox 1707 1130 1766 1164; x_wconf 82' lang='lat' dir='ltr'><strong>ejus</strong></span> 
     </span>
    </p>
   </div>
   <div class='ocr_carea' id='block_1_85' title="bbox 985 1176 1766 1211">
    <p class='ocr_par' dir='ltr' id='par_1_85' title="bbox 985 1176 1766 1211">
     <span class='ocr_line' id='line_1_85' title="bbox 985 1176 1766 1211; baseline 0 -8"><span class='ocrx_word' id='word_1_670' title='bbox 985 1176 1191 1211; x_wconf 81' lang='lat' dir='ltr'><strong>quamplurima,</strong></span> <span class='ocrx_word' id='word_1_671' title='bbox 1208 1177 1306 1211; x_wconf 89' lang='lat' dir='ltr'><strong>quibus</strong></span> <span class='ocrx_word' id='word_1_672' title='bbox 1330 1184 1374 1204; x_wconf 87' lang='lat' dir='ltr'><strong>res</strong></span> <span class='ocrx_word' id='word_1_673' title='bbox 1397 1177 1422 1203; x_wconf 92' lang='lat' dir='ltr'><strong>in</strong></span> <span class='ocrx_word' id='word_1_674' title='bbox 1442 1177 1616 1211; x_wconf 69' lang='lat' dir='ltr'><strong>quaestionem</strong></span> <span class='ocrx_word' id='word_1_675' title='bbox 1639 1177 1766 1204; x_wconf 76' lang='lat' dir='ltr'><strong>adductas</strong></span> 
     </span>
    </p>
   </div>
   <div class='ocr_carea' id='block_1_86' title="bbox 986 1222 1764 1257">
    <p class='ocr_par' dir='ltr' id='par_1_86' title="bbox 986 1222 1764 1257">
     <span class='ocr_line' id='line_1_86' title="bbox 986 1222 1764 1257; baseline 0 -9"><span class='ocrx_word' id='word_1_676' title='bbox 986 1222 1121 1256; x_wconf 83' lang='lat' dir='ltr'><strong>expendit,</strong></span> <span class='ocrx_word' id='word_1_677' title='bbox 1137 1226 1184 1248; x_wconf 90' lang='lat' dir='ltr'><strong>aut</strong></span> <span class='ocrx_word' id='word_1_678' title='bbox 1197 1230 1230 1249; x_wconf 84' lang='lat' dir='ltr'><strong>ex</strong></span> <span class='ocrx_word' id='word_1_679' title='bbox 1242 1222 1332 1250; x_wconf 87' lang='lat' dir='ltr'><strong>allatis</strong></span> <span class='ocrx_word' id='word_1_680' title='bbox 1347 1222 1498 1250; x_wconf 86' lang='lat' dir='ltr'><strong>ratiociniis</strong></span> <span class='ocrx_word' id='word_1_681' title='bbox 1511 1223 1631 1256; x_wconf 74' lang='lat' dir='ltr'><strong>quaadam</strong></span> <span class='ocrx_word' id='word_1_682' title='bbox 1646 1222 1764 1257; x_wconf 76' lang='lat' dir='ltr'><strong>colligit,</strong></span> 
     </span>
    </p>
   </div>
   <div class='ocr_carea' id='block_1_87' title="bbox 985 1267 1765 1303">
    <p class='ocr_par' dir='ltr' id='par_1_87' title="bbox 985 1267 1765 1303">
     <span class='ocr_line' id='line_1_87' title="bbox 985 1267 1765 1303; baseline 0 -9"><span class='ocrx_word' id='word_1_683' title='bbox 985 1274 1031 1294; x_wconf 87' lang='lat' dir='ltr'><strong>aut</strong></span> <span class='ocrx_word' id='word_1_684' title='bbox 1046 1267 1225 1302; x_wconf 87' lang='lat' dir='ltr'><strong>interrogatos</strong></span> <span class='ocrx_word' id='word_1_685' title='bbox 1236 1268 1405 1295; x_wconf 80' lang='lat' dir='ltr'><strong>adversarios</strong></span> <span class='ocrx_word' id='word_1_686' title='bbox 1422 1268 1552 1303; x_wconf 76' lang='lat' dir='ltr'><strong>coarguit,</strong></span> <span class='ocrx_word' id='word_1_687' title='bbox 1570 1268 1612 1296; x_wconf 85' lang='lat' dir='ltr'><strong>vel</strong></span> <span class='ocrx_word' id='word_1_688' title='bbox 1628 1268 1765 1295; x_wconf 87' lang='lat' dir='ltr'><strong>obtrecta-</strong></span> 
     </span>
    </p>
   </div>
   <div class='ocr_carea' id='block_1_88' title="bbox 986 1313 1764 1348">
    <p class='ocr_par' dir='ltr' id='par_1_88' title="bbox 986 1313 1764 1348">
     <span class='ocr_line' id='line_1_88' title="bbox 986 1313 1764 1348; baseline -0.001 -7"><span class='ocrx_word' id='word_1_689' title='bbox 986 1319 1059 1341; x_wconf 85' lang='lat' dir='ltr'><strong>tores</strong></span> <span class='ocrx_word' id='word_1_690' title='bbox 1083 1322 1147 1341; x_wconf 87' lang='lat' dir='ltr'><strong>suos</strong></span> <span class='ocrx_word' id='word_1_691' title='bbox 1171 1314 1343 1346; x_wconf 84' lang='lat' dir='ltr'><strong>criminatur,</strong></span> <span class='ocrx_word' id='word_1_692' title='bbox 1369 1315 1404 1341; x_wconf 92' lang='lat' dir='ltr'><strong>ob</strong></span> <span class='ocrx_word' id='word_1_693' title='bbox 1429 1314 1557 1341; x_wconf 90' lang='lat' dir='ltr'><strong>librorum</strong></span> <span class='ocrx_word' id='word_1_694' title='bbox 1583 1313 1764 1348; x_wconf 78' lang='lat' dir='ltr'><strong>prolixitatem</strong></span> 
     </span>
    </p>
   </div>
   <div class='ocr_carea' id='block_1_89' title="bbox 984 1359 1765 1395">
    <p class='ocr_par' dir='ltr' id='par_1_89' title="bbox 984 1359 1765 1395">
     <span class='ocr_line' id='line_1_89' title="bbox 984 1359 1765 1395; baseline -0.001 -8"><span class='ocrx_word' id='word_1_695' title='bbox 984 1361 1120 1393; x_wconf 86' lang='lat' dir='ltr'><strong>omittens,</strong></span> <span class='ocrx_word' id='word_1_696' title='bbox 1140 1368 1171 1387; x_wconf 82' lang='lat' dir='ltr'><strong>ea</strong></span> <span class='ocrx_word' id='word_1_697' title='bbox 1188 1359 1272 1387; x_wconf 89' lang='lat' dir='ltr'><strong>solum</strong></span> <span class='ocrx_word' id='word_1_698' title='bbox 1289 1367 1436 1395; x_wconf 85' lang='lat' dir='ltr'><strong>proponam</strong></span> <span class='ocrx_word' id='word_1_699' title='bbox 1450 1367 1510 1394; x_wconf 62' lang='lat' dir='ltr'><strong>qua</strong></span> <span class='ocrx_word' id='word_1_700' title='bbox 1531 1367 1624 1387; x_wconf 81' lang='lat' dir='ltr'><strong>eorum</strong></span> <span class='ocrx_word' id='word_1_701' title='bbox 1642 1365 1765 1394; x_wconf 85' lang='lat' dir='ltr'><strong>spectant</strong></span> 
     </span>
    </p>
   </div>
   <div class='ocr_carea' id='block_1_90' title="bbox 984 1405 1764 1440">
    <p class='ocr_par' dir='ltr' id='par_1_90' title="bbox 984 1405 1764 1440">
     <span class='ocr_line' id='line_1_90' title="bbox 984 1405 1764 1440; baseline -0.001 -8"><span class='ocrx_word' id='word_1_702' title='bbox 984 1406 1196 1432; x_wconf 88' lang='lat' dir='ltr'><strong>accusationem.</strong></span> <span class='ocrx_word' id='word_1_703' title='bbox 1213 1405 1304 1439; x_wconf 82' lang='lat' dir='ltr'><strong>Itaque</strong></span> <span class='ocrx_word' id='word_1_704' title='bbox 1320 1405 1360 1432; x_wconf 88' lang='lat' dir='ltr'><strong>sui</strong></span> <span class='ocrx_word' id='word_1_705' title='bbox 1376 1405 1505 1440; x_wconf 85' lang='lat' dir='ltr'><strong>purgandi</strong></span> <span class='ocrx_word' id='word_1_706' title='bbox 1523 1413 1614 1436; x_wconf 84' lang='lat' dir='ltr'><strong>causa,</strong></span> <span class='ocrx_word' id='word_1_707' title='bbox 1631 1405 1656 1431; x_wconf 93' lang='lat' dir='ltr'><strong>in</strong></span> <span class='ocrx_word' id='word_1_708' title='bbox 1678 1405 1764 1439; x_wconf 87' lang='lat' dir='ltr'><strong>primo</strong></span> 
     </span>
    </p>
   </div>
   <div class='ocr_carea' id='block_1_91' title="bbox 984 1449 1764 1485">
    <p class='ocr_par' dir='ltr' id='par_1_91' title="bbox 984 1449 1764 1485">
     <span class='ocr_line' id='line_1_91' title="bbox 984 1449 1764 1485; baseline 0.001 -8"><span class='ocrx_word' id='word_1_709' title='bbox 984 1451 1052 1478; x_wconf 92' lang='lat' dir='ltr'><strong>libro</strong></span> <span class='ocrx_word' id='word_1_710' title='bbox 1069 1450 1112 1478; x_wconf 89' lang='lat' dir='ltr'><strong>cui</strong></span> <span class='ocrx_word' id='word_1_711' title='bbox 1129 1450 1234 1483; x_wconf 85' lang='lat' dir='ltr'><strong>titulus,</strong></span> <span class='ocrx_word' id='word_1_712' title='bbox 1251 1450 1381 1478; x_wconf 72' lang='grc' dir='ltr'>ΕΙεηι-Ιιιιε</span> <span class='ocrx_word' id='word_1_713' title='bbox 1397 1456 1422 1478; x_wconf 78' lang='grc' dir='ltr'>ιι</span> <span class='ocrx_word' id='word_1_714' title='bbox 1442 1451 1578 1485; x_wconf 78' lang='lat' dir='ltr'><strong>Apologia,</strong></span> <span class='ocrx_word' id='word_1_715' title='bbox 1603 1449 1764 1485; x_wconf 77' lang='lat' dir='ltr'><strong>quibusdam</strong></span> 
     </span>
    </p>
   </div>
   <div class='ocr_carea' id='block_1_92' title="bbox 984 1496 1511 1532">
    <p class='ocr_par' dir='ltr' id='par_1_92' title="bbox 984 1496 1511 1532">
     <span class='ocr_line' id='line_1_92' title="bbox 984 1496 1511 1532; baseline -0.002 -8"><span class='ocrx_word' id='word_1_716' title='bbox 984 1496 1139 1532; x_wconf 70' lang='lat' dir='ltr'><strong>prtemissis,</strong></span> <span class='ocrx_word' id='word_1_717' title='bbox 1156 1497 1195 1523; x_wconf 88' lang='lat' dir='ltr'><strong>sic</strong></span> <span class='ocrx_word' id='word_1_718' title='bbox 1210 1497 1243 1524; x_wconf 91' lang='lat' dir='ltr'><strong>ad</strong></span> <span class='ocrx_word' id='word_1_719' title='bbox 1259 1497 1369 1523; x_wconf 89' lang='lat' dir='ltr'><strong>verbum</strong></span> <span class='ocrx_word' id='word_1_720' title='bbox 1386 1497 1511 1531; x_wconf 82' lang='lat' dir='ltr'><strong>scripsit:</strong></span> 
     </span>
    </p>
   </div>
   <div class='ocr_carea' id='block_1_93' title="bbox 1024 1541 1764 1576">
    <p class='ocr_par' dir='ltr' id='par_1_93' title="bbox 1024 1541 1764 1576">
     <span class='ocr_line' id='line_1_93' title="bbox 1024 1541 1764 1576; baseline 0 -7"><span class='ocrx_word' id='word_1_721' title='bbox 1024 1542 1069 1570; x_wconf 76' lang='grc'><strong>15.</strong></span> <span class='ocrx_word' id='word_1_722' title='bbox 1092 1551 1101 1568; x_wconf 74' lang='grc' dir='ltr'><strong>ι</strong></span> <span class='ocrx_word' id='word_1_723' title='bbox 1120 1541 1261 1576; x_wconf 82' lang='lat' dir='ltr'><strong>Nunquam</strong></span> <span class='ocrx_word' id='word_1_724' title='bbox 1281 1542 1351 1568; x_wconf 88' lang='lat' dir='ltr'><strong>enim</strong></span> <span class='ocrx_word' id='word_1_725' title='bbox 1365 1541 1416 1569; x_wconf 77' lang='lat' dir='ltr'><strong>fuit</strong></span> <span class='ocrx_word' id='word_1_726' title='bbox 1430 1542 1536 1576; x_wconf 90' lang='lat' dir='ltr'><strong>quando</strong></span> <span class='ocrx_word' id='word_1_727' title='bbox 1551 1542 1621 1569; x_wconf 86' lang='lat' dir='ltr'><strong>Deus</strong></span> <span class='ocrx_word' id='word_1_728' title='bbox 1635 1550 1687 1570; x_wconf 89' lang='lat' dir='ltr'><strong>non</strong></span> <span class='ocrx_word' id='word_1_729' title='bbox 1705 1547 1764 1570; x_wconf 89' lang='lat' dir='ltr'><strong>erat</strong></span> 
     </span>
    </p>
   </div>
   <div class='ocr_carea' id='block_1_94' title="bbox 983 1587 1764 1623">
    <p class='ocr_par' dir='ltr' id='par_1_94' title="bbox 983 1587 1764 1623">
     <span class='ocr_line' id='line_1_94' title="bbox 983 1587 1764 1623; baseline -0.001 -7"><span class='ocrx_word' id='word_1_730' title='bbox 983 1589 1071 1616; x_wconf 84' lang='lat' dir='ltr'><strong>Pater.</strong></span> <span class='ocrx_word' id='word_1_731' title='bbox 1084 1597 1093 1613; x_wconf 73' lang='grc' dir='ltr'><strong>ι</strong></span> <span class='ocrx_word' id='word_1_732' title='bbox 1104 1588 1136 1615; x_wconf 82' lang='grc' dir='ltr'>Ει</span> <span class='ocrx_word' id='word_1_733' title='bbox 1147 1588 1174 1615; x_wconf 89' lang='lat' dir='ltr'><strong>in</strong></span> <span class='ocrx_word' id='word_1_734' title='bbox 1183 1587 1357 1623; x_wconf 75' lang='lat' dir='ltr'><strong>sequentibus</strong></span> <span class='ocrx_word' id='word_1_735' title='bbox 1370 1587 1519 1622; x_wconf 72' lang='lat' dir='ltr'><strong>profitetur,</strong></span> <span class='ocrx_word' id='word_1_736' title='bbox 1529 1587 1680 1615; x_wconf 76' lang='lat' dir='ltr'><strong>ICbristnin</strong></span> <span class='ocrx_word' id='word_1_737' title='bbox 1693 1595 1764 1615; x_wconf 90' lang='lat' dir='ltr'><strong>sem-</strong></span> 
     </span>
    </p>
   </div>
   <div class='ocr_carea' id='block_1_95' title="bbox 983 1632 1763 1668">
    <p class='ocr_par' dir='ltr' id='par_1_95' title="bbox 983 1632 1763 1668">
     <span class='ocr_line' id='line_1_95' title="bbox 983 1632 1763 1668; baseline 0 -8"><span class='ocrx_word' id='word_1_738' title='bbox 983 1641 1031 1668; x_wconf 91' lang='lat' dir='ltr'><strong>per</strong></span> <span class='ocrx_word' id='word_1_739' title='bbox 1057 1633 1151 1666; x_wconf 83' lang='lat' dir='ltr'><strong>fuisse,</strong></span> <span class='ocrx_word' id='word_1_740' title='bbox 1179 1641 1210 1660; x_wconf 86' lang='lat' dir='ltr'><strong>ac</strong></span> <span class='ocrx_word' id='word_1_741' title='bbox 1238 1632 1364 1664; x_wconf 83' lang='lat' dir='ltr'><strong>Verbum,</strong></span> <span class='ocrx_word' id='word_1_742' title='bbox 1389 1633 1558 1667; x_wconf 84' lang='lat' dir='ltr'><strong>sapientiam,</strong></span> <span class='ocrx_word' id='word_1_743' title='bbox 1585 1637 1611 1660; x_wconf 91' lang='lat' dir='ltr'><strong>et</strong></span> <span class='ocrx_word' id='word_1_744' title='bbox 1637 1633 1763 1660; x_wconf 86' lang='lat' dir='ltr'><strong>virtutem</strong></span> 
     </span>
    </p>
   </div>
   <div class='ocr_carea' id='block_1_96' title="bbox 982 1677 1764 1712">
    <p class='ocr_par' dir='ltr' id='par_1_96' title="bbox 982 1677 1764 1712">
     <span class='ocr_line' id='line_1_96' title="bbox 982 1677 1764 1712; baseline -0.004 -5"><span class='ocrx_word' id='word_1_745' title='bbox 982 1679 1128 1708; x_wconf 75' lang='lat' dir='ltr'><strong>exstitisse.</strong></span> <span class='ocrx_word' id='word_1_746' title='bbox 1147 1678 1236 1712; x_wconf 81' lang='lat' dir='ltr'><strong>Neque</strong></span> <span class='ocrx_word' id='word_1_747' title='bbox 1249 1678 1321 1705; x_wconf 90' lang='lat' dir='ltr'><strong>enim</strong></span> <span class='ocrx_word' id='word_1_748' title='bbox 1335 1677 1406 1704; x_wconf 88' lang='lat' dir='ltr'><strong>Deus</strong></span> <span class='ocrx_word' id='word_1_749' title='bbox 1427 1685 1487 1704; x_wconf 84' lang='lat' dir='ltr'><strong>cuin</strong></span> <span class='ocrx_word' id='word_1_750' title='bbox 1507 1677 1549 1704; x_wconf 82' lang='lat' dir='ltr'><strong>liis</strong></span> <span class='ocrx_word' id='word_1_751' title='bbox 1570 1683 1646 1704; x_wconf 87' lang='lat' dir='ltr'><strong>antea</strong></span> <span class='ocrx_word' id='word_1_752' title='bbox 1660 1678 1764 1705; x_wconf 83' lang='lat' dir='ltr'><strong>carnis-</strong></span> 
     </span>
    </p>
   </div>
   <div class='ocr_carea' id='block_1_97' title="bbox 983 1722 1762 1759">
    <p class='ocr_par' dir='ltr' id='par_1_97' title="bbox 983 1722 1762 1759">
     <span class='ocr_line' id='line_1_97' title="bbox 983 1722 1762 1759; baseline -0.003 -7"><span class='ocrx_word' id='word_1_753' title='bbox 983 1729 1033 1755; x_wconf 84' lang='lat' dir='ltr'><strong>set,</strong></span> <span class='ocrx_word' id='word_1_754' title='bbox 1047 1729 1137 1759; x_wconf 84' lang='lat' dir='ltr'><strong>postea</strong></span> <span class='ocrx_word' id='word_1_755' title='bbox 1151 1724 1246 1750; x_wconf 82' lang='lat' dir='ltr'><strong>Filium</strong></span> <span class='ocrx_word' id='word_1_756' title='bbox 1259 1723 1361 1758; x_wconf 78' lang='lat' dir='ltr'><strong>genuit.</strong></span> <span class='ocrx_word' id='word_1_757' title='bbox 1375 1722 1468 1758; x_wconf 83' lang='lat' dir='ltr'><strong>Neque</strong></span> <span class='ocrx_word' id='word_1_758' title='bbox 1479 1730 1493 1749; x_wconf 87' lang='lat' dir='ltr'><strong>a</strong></span> <span class='ocrx_word' id='word_1_759' title='bbox 1507 1723 1596 1757; x_wconf 88' lang='lat' dir='ltr'><strong>seipso</strong></span> <span class='ocrx_word' id='word_1_760' title='bbox 1608 1723 1700 1754; x_wconf 82' lang='lat' dir='ltr'><strong>Filius,</strong></span> <span class='ocrx_word' id='word_1_761' title='bbox 1715 1725 1762 1751; x_wconf 87' lang='lat' dir='ltr'><strong>sed</strong></span> 
     </span>
    </p>
   </div>
   <div class='ocr_carea' id='block_1_98' title="bbox 982 1767 1763 1803">
    <p class='ocr_par' dir='ltr' id='par_1_98' title="bbox 982 1767 1763 1803">
     <span class='ocr_line' id='line_1_98' title="bbox 982 1767 1763 1803; baseline 0 -7"><span class='ocrx_word' id='word_1_762' title='bbox 982 1779 996 1796; x_wconf 79' lang='grc' dir='ltr'><strong>ιι</strong></span> <span class='ocrx_word' id='word_1_763' title='bbox 1009 1769 1088 1796; x_wconf 87' lang='lat' dir='ltr'><strong>Patre</strong></span> <span class='ocrx_word' id='word_1_764' title='bbox 1099 1769 1178 1796; x_wconf 81' lang='lat' dir='ltr'><strong>liabet</strong></span> <span class='ocrx_word' id='word_1_765' title='bbox 1190 1776 1259 1795; x_wconf 87' lang='lat' dir='ltr'><strong>esse.</strong></span> <span class='ocrx_word' id='word_1_766' title='bbox 1270 1778 1280 1794; x_wconf 75' lang='grc' dir='ltr'><strong>ι</strong></span> <span class='ocrx_word' id='word_1_767' title='bbox 1297 1768 1329 1795; x_wconf 87' lang='lat' dir='ltr'><strong>Et</strong></span> <span class='ocrx_word' id='word_1_768' title='bbox 1343 1767 1436 1803; x_wconf 84' lang='lat' dir='ltr'><strong>paucis</strong></span> <span class='ocrx_word' id='word_1_769' title='bbox 1450 1768 1608 1802; x_wconf 80' lang='lat' dir='ltr'><strong>interjectis,</strong></span> <span class='ocrx_word' id='word_1_770' title='bbox 1626 1769 1718 1795; x_wconf 85' lang='lat' dir='ltr'><strong>eadem</strong></span> <span class='ocrx_word' id='word_1_771' title='bbox 1730 1769 1763 1796; x_wconf 92' lang='lat' dir='ltr'><strong>de</strong></span> 
     </span>
    </p>
   </div>
   <div class='ocr_carea' id='block_1_99' title="bbox 982 1813 1763 1848">
    <p class='ocr_par' dir='ltr' id='par_1_99' title="bbox 982 1813 1763 1848">
     <span class='ocr_line' id='line_1_99' title="bbox 982 1813 1763 1848; baseline 0 -7"><span class='ocrx_word' id='word_1_772' title='bbox 982 1822 1011 1841; x_wconf 88' lang='lat' dir='ltr'><strong>re</strong></span> <span class='ocrx_word' id='word_1_773' title='bbox 1023 1814 1117 1840; x_wconf 85' lang='lat' dir='ltr'><strong>iterum</strong></span> <span class='ocrx_word' id='word_1_774' title='bbox 1136 1813 1199 1840; x_wconf 82' lang='lat' dir='ltr'><strong>dicit</strong></span> <span class='ocrx_word' id='word_1_775' title='bbox 1213 1822 1219 1840; x_wconf 75' lang='grc' dir='ltr'><strong>ε</strong></span> <span class='ocrx_word' id='word_1_776' title='bbox 1233 1822 1241 1838; x_wconf 85' lang='lat' dir='ltr'><strong>t</strong></span> <span class='ocrx_word' id='word_1_777' title='bbox 1255 1813 1319 1840; x_wconf 88' lang='lat' dir='ltr'><strong>Cum</strong></span> <span class='ocrx_word' id='word_1_778' title='bbox 1336 1813 1372 1840; x_wconf 90' lang='lat' dir='ltr'><strong>sit</strong></span> <span class='ocrx_word' id='word_1_779' title='bbox 1386 1813 1511 1848; x_wconf 86' lang='lat' dir='ltr'><strong>splendor</strong></span> <span class='ocrx_word' id='word_1_780' title='bbox 1528 1813 1594 1840; x_wconf 91' lang='lat' dir='ltr'><strong>lucis</strong></span> <span class='ocrx_word' id='word_1_781' title='bbox 1605 1818 1722 1847; x_wconf 68' lang='lat' dir='ltr'><strong>aeternzc,</strong></span> <span class='ocrx_word' id='word_1_782' title='bbox 1736 1819 1763 1841; x_wconf 88' lang='lat' dir='ltr'><strong>et</strong></span> 
     </span>
    </p>
   </div>
   <div class='ocr_carea' id='block_1_100' title="bbox 981 1859 1763 1894">
    <p class='ocr_par' dir='ltr' id='par_1_100' title="bbox 981 1859 1763 1894">
     <span class='ocr_line' id='line_1_100' title="bbox 981 1859 1763 1894; baseline 0 -8"><span class='ocrx_word' id='word_1_783' title='bbox 981 1860 1039 1894; x_wconf 84' lang='lat' dir='ltr'><strong>ipse</strong></span> <span class='ocrx_word' id='word_1_784' title='bbox 1062 1859 1171 1886; x_wconf 90' lang='lat' dir='ltr'><strong>omnino</strong></span> <span class='ocrx_word' id='word_1_785' title='bbox 1193 1863 1310 1886; x_wconf 68' lang='lat' dir='ltr'><strong>aeternus</strong></span> <span class='ocrx_word' id='word_1_786' title='bbox 1331 1863 1382 1886; x_wconf 84' lang='lat' dir='ltr'><strong>est.</strong></span> <span class='ocrx_word' id='word_1_787' title='bbox 1406 1859 1478 1886; x_wconf 83' lang='lat' dir='ltr'><strong>Luce</strong></span> <span class='ocrx_word' id='word_1_788' title='bbox 1497 1859 1569 1886; x_wconf 79' lang='lat' dir='ltr'><strong>enirn</strong></span> <span class='ocrx_word' id='word_1_789' title='bbox 1588 1867 1695 1894; x_wconf 90' lang='lat' dir='ltr'><strong>semper</strong></span> <span class='ocrx_word' id='word_1_790' title='bbox 1705 1860 1763 1886; x_wconf 80' lang='lat' dir='ltr'><strong>exi-</strong></span> 
     </span>
    </p>
   </div>
   <div class='ocr_carea' id='block_1_101' title="bbox 982 1904 1762 1939">
    <p class='ocr_par' dir='ltr' id='par_1_101' title="bbox 982 1904 1762 1939">
     <span class='ocr_line' id='line_1_101' title="bbox 982 1904 1762 1939; baseline 0 -7"><span class='ocrx_word' id='word_1_791' title='bbox 982 1910 1082 1937; x_wconf 87' lang='lat' dir='ltr'><strong>stente,</strong></span> <span class='ocrx_word' id='word_1_792' title='bbox 1107 1904 1279 1931; x_wconf 81' lang='lat' dir='ltr'><strong>manifestum</strong></span> <span class='ocrx_word' id='word_1_793' title='bbox 1291 1909 1333 1931; x_wconf 88' lang='lat' dir='ltr'><strong>est</strong></span> <span class='ocrx_word' id='word_1_794' title='bbox 1353 1909 1379 1931; x_wconf 88' lang='lat' dir='ltr'><strong>et</strong></span> <span class='ocrx_word' id='word_1_795' title='bbox 1396 1904 1564 1939; x_wconf 83' lang='lat' dir='ltr'><strong>splendorem</strong></span> <span class='ocrx_word' id='word_1_796' title='bbox 1585 1912 1691 1939; x_wconf 87' lang='lat' dir='ltr'><strong>semper</strong></span> <span class='ocrx_word' id='word_1_797' title='bbox 1706 1905 1762 1932; x_wconf 73' lang='lat' dir='ltr'><strong>exi-</strong></span> 
     </span>
    </p>
   </div>
   <div class='ocr_carea' id='block_1_102' title="bbox 980 1951 1761 1988">
    <p class='ocr_par' dir='ltr' id='par_1_102' title="bbox 980 1951 1761 1988">
     <span class='ocr_line' id='line_1_102' title="bbox 980 1951 1761 1988; baseline 0.001 -9"><span class='ocrx_word' id='word_1_798' title='bbox 980 1957 1065 1984; x_wconf 74' lang='lat' dir='ltr'><strong>SIcrc;</strong></span> <span class='ocrx_word' id='word_1_799' title='bbox 1090 1959 1123 1978; x_wconf 89' lang='lat' dir='ltr'><strong>eo</strong></span> <span class='ocrx_word' id='word_1_800' title='bbox 1144 1951 1216 1978; x_wconf 91' lang='lat' dir='ltr'><strong>enim</strong></span> <span class='ocrx_word' id='word_1_801' title='bbox 1236 1951 1294 1986; x_wconf 91' lang='lat' dir='ltr'><strong>ipso</strong></span> <span class='ocrx_word' id='word_1_802' title='bbox 1315 1951 1401 1979; x_wconf 90' lang='lat' dir='ltr'><strong>lucem</strong></span> <span class='ocrx_word' id='word_1_803' title='bbox 1426 1959 1486 1979; x_wconf 87' lang='lat' dir='ltr'><strong>esse</strong></span> <span class='ocrx_word' id='word_1_804' title='bbox 1510 1952 1667 1988; x_wconf 80' lang='lat' dir='ltr'><strong>intelligitur</strong></span> <span class='ocrx_word' id='word_1_805' title='bbox 1690 1953 1761 1987; x_wconf 77' lang='lat' dir='ltr'><strong>quod</strong></span> 
     </span>
    </p>
   </div>
   <div class='ocr_carea' id='block_1_103' title="bbox 980 1996 1761 2032">
    <p class='ocr_par' dir='ltr' id='par_1_103' title="bbox 980 1996 1761 2032">
     <span class='ocr_line' id='line_1_103' title="bbox 980 1996 1761 2032; baseline 0.004 -8"><span class='ocrx_word' id='word_1_806' title='bbox 980 1996 1117 2032; x_wconf 84' lang='lat' dir='ltr'><strong>splendeat</strong></span> <span class='ocrx_word' id='word_1_807' title='bbox 1129 2017 1136 2029; x_wconf 98' lang='lat'><strong>,</strong></span> <span class='ocrx_word' id='word_1_808' title='bbox 1150 2004 1180 2023; x_wconf 92' lang='lat' dir='ltr'><strong>ac</strong></span> <span class='ocrx_word' id='word_1_809' title='bbox 1192 1996 1251 2024; x_wconf 71' lang='lat' dir='ltr'><strong>fieri</strong></span> <span class='ocrx_word' id='word_1_810' title='bbox 1264 1997 1357 2032; x_wconf 80' lang='lat' dir='ltr'><strong>nequit</strong></span> <span class='ocrx_word' id='word_1_811' title='bbox 1369 2002 1396 2024; x_wconf 87' lang='lat' dir='ltr'><strong>ut</strong></span> <span class='ocrx_word' id='word_1_812' title='bbox 1409 1997 1453 2024; x_wconf 77' lang='lat' dir='ltr'><strong>lux</strong></span> <span class='ocrx_word' id='word_1_813' title='bbox 1467 2006 1518 2026; x_wconf 93' lang='lat' dir='ltr'><strong>non</strong></span> <span class='ocrx_word' id='word_1_814' title='bbox 1535 1998 1630 2026; x_wconf 87' lang='lat' dir='ltr'><strong>luceat.</strong></span> <span class='ocrx_word' id='word_1_815' title='bbox 1647 1999 1761 2027; x_wconf 79' lang='lat' dir='ltr'><strong>Rursum</strong></span> 
     </span>
    </p>
   </div>
   <div class='ocr_carea' id='block_1_104' title="bbox 980 2043 1762 2080">
    <p class='ocr_par' dir='ltr' id='par_1_104' title="bbox 980 2043 1762 2080">
     <span class='ocr_line' id='line_1_104' title="bbox 980 2043 1762 2080; baseline 0.004 -10"><span class='ocrx_word' id='word_1_816' title='bbox 980 2044 1051 2070; x_wconf 87' lang='lat' dir='ltr'><strong>enim</strong></span> <span class='ocrx_word' id='word_1_817' title='bbox 1066 2043 1098 2070; x_wconf 84' lang='lat' dir='ltr'><strong>ad</strong></span> <span class='ocrx_word' id='word_1_818' title='bbox 1113 2043 1237 2077; x_wconf 75' lang='lat' dir='ltr'><strong>exempla</strong></span> <span class='ocrx_word' id='word_1_819' title='bbox 1256 2044 1406 2072; x_wconf 87' lang='lat' dir='ltr'><strong>veniamus.</strong></span> <span class='ocrx_word' id='word_1_820' title='bbox 1423 2044 1451 2072; x_wconf 90' lang='lat' dir='ltr'><strong>Si</strong></span> <span class='ocrx_word' id='word_1_821' title='bbox 1465 2045 1505 2072; x_wconf 88' lang='lat' dir='ltr'><strong>sol</strong></span> <span class='ocrx_word' id='word_1_822' title='bbox 1528 2050 1579 2077; x_wconf 87' lang='lat' dir='ltr'><strong>est,</strong></span> <span class='ocrx_word' id='word_1_823' title='bbox 1596 2050 1639 2073; x_wconf 72' lang='lat' dir='ltr'><strong>est</strong></span> <span class='ocrx_word' id='word_1_824' title='bbox 1654 2054 1762 2080; x_wconf 88' lang='lat' dir='ltr'><strong>quoque</strong></span> 
     </span>
    </p>
   </div>
   <div class='ocr_carea' id='block_1_105' title="bbox 980 2089 1762 2124">
    <p class='ocr_par' dir='ltr' id='par_1_105' title="bbox 980 2089 1762 2124">
     <span class='ocr_line' id='line_1_105' title="bbox 980 2089 1762 2124; baseline 0.004 -8"><span class='ocrx_word' id='word_1_825' title='bbox 980 2089 1115 2124; x_wconf 89' lang='lat' dir='ltr'><strong>splendor,</strong></span> <span class='ocrx_word' id='word_1_826' title='bbox 1128 2094 1170 2117; x_wconf 84' lang='lat' dir='ltr'><strong>est</strong></span> <span class='ocrx_word' id='word_1_827' title='bbox 1183 2095 1210 2117; x_wconf 86' lang='lat' dir='ltr'><strong>et</strong></span> <span class='ocrx_word' id='word_1_828' title='bbox 1224 2090 1300 2118; x_wconf 88' lang='lat' dir='ltr'><strong>dies:</strong></span> <span class='ocrx_word' id='word_1_829' title='bbox 1317 2090 1341 2117; x_wconf 86' lang='lat' dir='ltr'><strong>si</strong></span> <span class='ocrx_word' id='word_1_830' title='bbox 1356 2098 1418 2118; x_wconf 86' lang='lat' dir='ltr'><strong>vero</strong></span> <span class='ocrx_word' id='word_1_831' title='bbox 1434 2092 1529 2118; x_wconf 89' lang='lat' dir='ltr'><strong>horum</strong></span> <span class='ocrx_word' id='word_1_832' title='bbox 1544 2091 1610 2118; x_wconf 79' lang='lat' dir='ltr'><strong>nillil</strong></span> <span class='ocrx_word' id='word_1_833' title='bbox 1629 2098 1679 2124; x_wconf 87' lang='lat' dir='ltr'><strong>est,</strong></span> <span class='ocrx_word' id='word_1_834' title='bbox 1694 2093 1762 2119; x_wconf 89' lang='lat' dir='ltr'><strong>mul-</strong></span> 
     </span>
    </p>
   </div>
   <div class='ocr_carea' id='block_1_106' title="bbox 982 2137 1760 2170">
    <p class='ocr_par' dir='ltr' id='par_1_106' title="bbox 982 2137 1760 2170">
     <span class='ocr_line' id='line_1_106' title="bbox 982 2137 1760 2170; baseline 0.005 -8"><span class='ocrx_word' id='word_1_835' title='bbox 982 2141 1038 2163; x_wconf 93' lang='lat' dir='ltr'><strong>tum</strong></span> <span class='ocrx_word' id='word_1_836' title='bbox 1053 2137 1129 2164; x_wconf 83' lang='lat' dir='ltr'><strong>abest</strong></span> <span class='ocrx_word' id='word_1_837' title='bbox 1146 2137 1240 2164; x_wconf 85' lang='lat' dir='ltr'><strong>adesse</strong></span> <span class='ocrx_word' id='word_1_838' title='bbox 1252 2137 1347 2164; x_wconf 89' lang='lat' dir='ltr'><strong>solem.</strong></span> <span class='ocrx_word' id='word_1_839' title='bbox 1363 2137 1438 2170; x_wconf 88' lang='lat' dir='ltr'><strong>Quod</strong></span> <span class='ocrx_word' id='word_1_840' title='bbox 1452 2138 1474 2164; x_wconf 91' lang='lat' dir='ltr'><strong>si</strong></span> <span class='ocrx_word' id='word_1_841' title='bbox 1493 2143 1610 2165; x_wconf 64' lang='lat' dir='ltr'><strong>aeternus</strong></span> <span class='ocrx_word' id='word_1_842' title='bbox 1625 2139 1663 2165; x_wconf 89' lang='lat' dir='ltr'><strong>sol</strong></span> <span class='ocrx_word' id='word_1_843' title='bbox 1676 2143 1760 2170; x_wconf 83' lang='lat' dir='ltr'><strong>esset,</strong></span> 
     </span>
    </p>
   </div>
   <div class='ocr_carea' id='block_1_107' title="bbox 947 1553 968 1581">
    <p class='ocr_par' dir='ltr' id='par_1_107' title="bbox 947 1553 968 1581">
     <span class='ocr_line' id='line_1_107' title="bbox 947 1553 968 1581; baseline 0 0"><span class='ocrx_word' id='word_1_844' title='bbox 947 1553 968 1581; x_wconf 89' lang='lat' dir='ltr'><strong><em>C</em></strong></span> 
     </span>
    </p>
   </div>
   <div class='ocr_carea' id='block_1_108' title="bbox 979 2183 1761 2218">
    <p class='ocr_par' dir='ltr' id='par_1_108' title="bbox 979 2183 1761 2218">
     <span class='ocr_line' id='line_1_108' title="bbox 979 2183 1761 2218; baseline 0.001 -9"><span class='ocrx_word' id='word_1_845' title='bbox 979 2183 1036 2209; x_wconf 87' lang='lat' dir='ltr'><strong>dies</strong></span> <span class='ocrx_word' id='word_1_846' title='bbox 1054 2183 1134 2209; x_wconf 91' lang='lat' dir='ltr'><strong>etiam</strong></span> <span class='ocrx_word' id='word_1_847' title='bbox 1153 2191 1288 2216; x_wconf 86' lang='lat' dir='ltr'><strong>nunquam</strong></span> <span class='ocrx_word' id='word_1_848' title='bbox 1306 2188 1446 2211; x_wconf 81' lang='lat' dir='ltr'><strong>cessaret:</strong></span> <span class='ocrx_word' id='word_1_849' title='bbox 1463 2191 1532 2211; x_wconf 87' lang='lat' dir='ltr'><strong>nunc</strong></span> <span class='ocrx_word' id='word_1_850' title='bbox 1547 2189 1634 2211; x_wconf 81' lang='lat' dir='ltr'><strong>autent</strong></span> <span class='ocrx_word' id='word_1_851' title='bbox 1653 2184 1761 2218; x_wconf 86' lang='lat' dir='ltr'><strong>(neque</strong></span> 
     </span>
    </p>
   </div>
   <div class='ocr_carea' id='block_1_109' title="bbox 943 2217 1761 2265">
    <p class='ocr_par' dir='ltr' id='par_1_109' title="bbox 943 2217 1761 2265">
     <span class='ocr_line' id='line_1_109' title="bbox 943 2217 1761 2265; baseline -0.001 -9"><span class='ocrx_word' id='word_1_852' title='bbox 943 2217 1050 2256; x_wconf 79' lang='lat' dir='ltr'><strong>Denim</strong></span> <span class='ocrx_word' id='word_1_853' title='bbox 1075 2229 1111 2255; x_wconf 91' lang='lat' dir='ltr'><strong>ita</strong></span> <span class='ocrx_word' id='word_1_854' title='bbox 1132 2236 1162 2256; x_wconf 88' lang='lat' dir='ltr'><strong>se</strong></span> <span class='ocrx_word' id='word_1_855' title='bbox 1182 2237 1225 2256; x_wconf 89' lang='lat' dir='ltr'><strong>res</strong></span> <span class='ocrx_word' id='word_1_856' title='bbox 1245 2229 1343 2265; x_wconf 85' lang='lat' dir='ltr'><strong>habet)</strong></span> <span class='ocrx_word' id='word_1_857' title='bbox 1367 2230 1510 2264; x_wconf 88' lang='lat' dir='ltr'><strong>incipiente</strong></span> <span class='ocrx_word' id='word_1_858' title='bbox 1534 2229 1590 2257; x_wconf 83' lang='lat' dir='ltr'><strong>sole</strong></span> <span class='ocrx_word' id='word_1_859' title='bbox 1614 2217 1761 2264; x_wconf 21' lang='lat' dir='ltr'><strong>incipitiet</strong></span> 
     </span>
    </p>
   </div>
   <div class='ocr_carea' id='block_1_110' title="bbox 979 2275 1760 2307">
    <p class='ocr_par' dir='ltr' id='par_1_110' title="bbox 979 2275 1760 2307">
     <span class='ocr_line' id='line_1_110' title="bbox 979 2275 1760 2307; baseline 0.001 -6"><span class='ocrx_word' id='word_1_860' title='bbox 979 2275 1045 2307; x_wconf 83' lang='lat' dir='ltr'><strong>dies,</strong></span> <span class='ocrx_word' id='word_1_861' title='bbox 1060 2282 1092 2302; x_wconf 83' lang='lat' dir='ltr'><strong>ac</strong></span> <span class='ocrx_word' id='word_1_862' title='bbox 1108 2275 1248 2302; x_wconf 86' lang='lat' dir='ltr'><strong>desinente</strong></span> <span class='ocrx_word' id='word_1_863' title='bbox 1279 2276 1386 2303; x_wconf 86' lang='lat' dir='ltr'><strong>desinit.</strong></span> <span class='ocrx_word' id='word_1_864' title='bbox 1402 2276 1473 2303; x_wconf 87' lang='lat' dir='ltr'><strong>Deus</strong></span> <span class='ocrx_word' id='word_1_865' title='bbox 1490 2281 1579 2303; x_wconf 78' lang='lat' dir='ltr'><strong>autern</strong></span> <span class='ocrx_word' id='word_1_866' title='bbox 1599 2280 1697 2302; x_wconf 68' lang='lat' dir='ltr'><strong>aeterna</strong></span> <span class='ocrx_word' id='word_1_867' title='bbox 1715 2275 1760 2303; x_wconf 79' lang='lat' dir='ltr'><strong>lux</strong></span> 
     </span>
    </p>
   </div>
   <div class='ocr_carea' id='block_1_111' title="bbox 978 2321 1760 2356">
    <p class='ocr_par' dir='ltr' id='par_1_111' title="bbox 978 2321 1760 2356">
     <span class='ocr_line' id='line_1_111' title="bbox 978 2321 1760 2356; baseline 0.001 -10"><span class='ocrx_word' id='word_1_868' title='bbox 978 2325 1019 2347; x_wconf 84' lang='lat' dir='ltr'><strong>est</strong></span> <span class='ocrx_word' id='word_1_869' title='bbox 1036 2327 1095 2354; x_wconf 67' lang='lat' dir='ltr'><strong>quae</strong></span> <span class='ocrx_word' id='word_1_870' title='bbox 1115 2328 1249 2355; x_wconf 90' lang='lat' dir='ltr'><strong>nunquam</strong></span> <span class='ocrx_word' id='word_1_871' title='bbox 1264 2321 1374 2356; x_wconf 82' lang='lat' dir='ltr'><strong>incepit.</strong></span> <span class='ocrx_word' id='word_1_872' title='bbox 1389 2329 1523 2356; x_wconf 81' lang='lat' dir='ltr'><strong>nunquam</strong></span> <span class='ocrx_word' id='word_1_873' title='bbox 1542 2321 1656 2349; x_wconf 83' lang='lat' dir='ltr'><strong>desinet.</strong></span> <span class='ocrx_word' id='word_1_874' title='bbox 1671 2321 1760 2348; x_wconf 64' lang='grc' dir='ltr'>[Εκπ-</span> 
     </span>
    </p>
   </div>
   <div class='ocr_carea' id='block_1_112' title="bbox 955 2366 1759 2404">
    <p class='ocr_par' dir='ltr' id='par_1_112' title="bbox 955 2366 1759 2404">
     <span class='ocr_line' id='line_1_112' title="bbox 955 2366 1759 2404; baseline 0.001 -12"><span class='ocrx_word' id='word_1_875' title='bbox 955 2399 959 2404; x_wconf 42' lang='lat'><strong><em>.</em></strong></span> <span class='ocrx_word' id='word_1_876' title='bbox 978 2373 1028 2392; x_wconf 85' lang='lat' dir='ltr'><strong>nus</strong></span> <span class='ocrx_word' id='word_1_877' title='bbox 1049 2373 1113 2401; x_wconf 87' lang='lat' dir='ltr'><strong>ergo</strong></span> <span class='ocrx_word' id='word_1_878' title='bbox 1133 2366 1260 2400; x_wconf 82' lang='lat' dir='ltr'><strong>splendor</strong></span> <span class='ocrx_word' id='word_1_879' title='bbox 1276 2367 1326 2401; x_wconf 93' lang='lat' dir='ltr'><strong>ipsi</strong></span> <span class='ocrx_word' id='word_1_880' title='bbox 1349 2367 1475 2402; x_wconf 73' lang='lat' dir='ltr'><strong>praelucet</strong></span> <span class='ocrx_word' id='word_1_881' title='bbox 1495 2375 1526 2394; x_wconf 88' lang='lat' dir='ltr'><strong>ac</strong></span> <span class='ocrx_word' id='word_1_882' title='bbox 1545 2367 1696 2399; x_wconf 83' lang='lat' dir='ltr'><strong>coexsistit,</strong></span> <span class='ocrx_word' id='word_1_883' title='bbox 1713 2366 1759 2402; x_wconf 88' lang='lat' dir='ltr'><strong>qui</strong></span> 
     </span>
    </p>
   </div>
   <div class='ocr_carea' id='block_1_113' title="bbox 979 2411 1759 2446">
    <p class='ocr_par' dir='ltr' id='par_1_113' title="bbox 979 2411 1759 2446">
     <span class='ocr_line' id='line_1_113' title="bbox 979 2411 1759 2446; baseline 0.001 -9"><span class='ocrx_word' id='word_1_884' title='bbox 979 2411 1081 2444; x_wconf 87' lang='lat' dir='ltr'><strong>absque</strong></span> <span class='ocrx_word' id='word_1_885' title='bbox 1102 2411 1179 2438; x_wconf 90' lang='lat' dir='ltr'><strong>initio</strong></span> <span class='ocrx_word' id='word_1_886' title='bbox 1197 2416 1247 2443; x_wconf 85' lang='lat' dir='ltr'><strong>est,</strong></span> <span class='ocrx_word' id='word_1_887' title='bbox 1269 2416 1295 2438; x_wconf 90' lang='lat' dir='ltr'><strong>et</strong></span> <span class='ocrx_word' id='word_1_888' title='bbox 1314 2413 1348 2439; x_wconf 86' lang='lat' dir='ltr'><strong>ab</strong></span> <span class='ocrx_word' id='word_1_889' title='bbox 1367 2417 1468 2439; x_wconf 78' lang='lat' dir='ltr'><strong>:nterno</strong></span> <span class='ocrx_word' id='word_1_890' title='bbox 1491 2413 1597 2446; x_wconf 83' lang='lat' dir='ltr'><strong>genitus</strong></span> <span class='ocrx_word' id='word_1_891' title='bbox 1615 2419 1678 2439; x_wconf 88' lang='lat' dir='ltr'><strong>ante</strong></span> <span class='ocrx_word' id='word_1_892' title='bbox 1698 2419 1759 2438; x_wconf 87' lang='lat' dir='ltr'><strong>eum</strong></span> 
     </span>
    </p>
   </div>
   <div class='ocr_carea' id='block_1_114' title="bbox 978 2456 1760 2492">
    <p class='ocr_par' dir='ltr' id='par_1_114' title="bbox 978 2456 1760 2492">
     <span class='ocr_line' id='line_1_114' title="bbox 978 2456 1760 2492; baseline 0.003 -10"><span class='ocrx_word' id='word_1_893' title='bbox 978 2456 1097 2487; x_wconf 88' lang='lat' dir='ltr'><strong>emicat,</strong></span> <span class='ocrx_word' id='word_1_894' title='bbox 1132 2456 1214 2490; x_wconf 78' lang='lat'><strong>200</strong></span> <span class='ocrx_word' id='word_1_895' title='bbox 1232 2457 1331 2491; x_wconf 87' lang='lat' dir='ltr'><strong>quique</strong></span> <span class='ocrx_word' id='word_1_896' title='bbox 1348 2457 1462 2491; x_wconf 75' lang='lat' dir='ltr'><strong>ipsumet</strong></span> <span class='ocrx_word' id='word_1_897' title='bbox 1482 2463 1522 2484; x_wconf 89' lang='lat' dir='ltr'><strong>est</strong></span> <span class='ocrx_word' id='word_1_898' title='bbox 1547 2457 1682 2492; x_wconf 80' lang='lat' dir='ltr'><strong>Sapientia</strong></span> <span class='ocrx_word' id='word_1_899' title='bbox 1701 2465 1760 2492; x_wconf 65' lang='lat' dir='ltr'><strong>quae</strong></span> 
     </span>
    </p>
   </div>
   <div class='ocr_carea' id='block_1_115' title="bbox 982 2502 1760 2538">
    <p class='ocr_par' dir='ltr' id='par_1_115' title="bbox 982 2502 1760 2538">
     <span class='ocr_line' id='line_1_115' title="bbox 982 2502 1760 2538; baseline 0 -10"><span class='ocrx_word' id='word_1_900' title='bbox 982 2502 1047 2529; x_wconf 91' lang='lat' dir='ltr'><strong>dicit</strong></span> <span class='ocrx_word' id='word_1_901' title='bbox 1063 2512 1070 2529; x_wconf 87' lang='lat'><strong>:</strong></span> <span class='ocrx_word' id='word_1_902' title='bbox 1090 2502 1145 2538; x_wconf 85' lang='lat' dir='ltr'><strong>Ego</strong></span> <span class='ocrx_word' id='word_1_903' title='bbox 1160 2511 1231 2529; x_wconf 78' lang='lat' dir='ltr'><strong>erant</strong></span> <span class='ocrx_word' id='word_1_904' title='bbox 1247 2511 1298 2537; x_wconf 84' lang='lat' dir='ltr'><strong>qua</strong></span> <span class='ocrx_word' id='word_1_905' title='bbox 1313 2503 1452 2538; x_wconf 84' lang='lat' dir='ltr'><strong>gaudebat,</strong></span> <span class='ocrx_word' id='word_1_906' title='bbox 1466 2507 1490 2530; x_wconf 82' lang='lat' dir='ltr'><strong>et</strong></span> <span class='ocrx_word' id='word_1_907' title='bbox 1508 2503 1654 2529; x_wconf 80' lang='lat' dir='ltr'><strong>delectabar</strong></span> <span class='ocrx_word' id='word_1_908' title='bbox 1673 2503 1760 2537; x_wconf 82' lang='lat' dir='ltr'><strong>quoli-</strong></span> 
     </span>
    </p>
   </div>
   <div class='ocr_carea' id='block_1_116' title="bbox 978 2548 1759 2583">
    <p class='ocr_par' dir='ltr' id='par_1_116' title="bbox 978 2548 1759 2583">
     <span class='ocr_line' id='line_1_116' title="bbox 978 2548 1759 2583; baseline 0.001 -9"><span class='ocrx_word' id='word_1_909' title='bbox 978 2548 1022 2574; x_wconf 81' lang='lat' dir='ltr'><strong>die</strong></span> <span class='ocrx_word' id='word_1_910' title='bbox 1047 2554 1106 2575; x_wconf 83' lang='lat' dir='ltr'><strong>ante</strong></span> <span class='ocrx_word' id='word_1_911' title='bbox 1127 2548 1219 2582; x_wconf 83' lang='lat' dir='ltr'><strong>[aciem</strong></span> <span class='ocrx_word' id='word_1_912' title='bbox 1238 2549 1305 2583; x_wconf 75' lang='lat' dir='ltr'><strong>ejus,</strong></span> <span class='ocrx_word' id='word_1_913' title='bbox 1323 2549 1391 2575; x_wconf 76' lang='grc' dir='ltr'><strong>σηιηί</strong></span> <span class='ocrx_word' id='word_1_914' title='bbox 1415 2553 1525 2583; x_wconf 82' lang='lat' dir='ltr'><strong>tempore</strong></span> <span class='ocrx_word' id='word_1_915' title='bbox 1543 2549 1576 2575; x_wconf 90' lang='grc'><strong>⁸⁷.</strong></span> <span class='ocrx_word' id='word_1_916' title='bbox 1591 2558 1601 2575; x_wconf 74' lang='grc' dir='ltr'><strong>ι</strong></span> <span class='ocrx_word' id='word_1_917' title='bbox 1624 2548 1759 2583; x_wconf 82' lang='lat' dir='ltr'><strong>Pauloque</strong></span> 
     </span>
    </p>
   </div>
   <div class='ocr_carea' id='block_1_117' title="bbox 973 2661 1425 2698">
    <p class='ocr_par' dir='ltr' id='par_1_117' title="bbox 973 2661 1425 2698">
     <span class='ocr_line' id='line_1_117' title="bbox 973 2661 1425 2698; baseline -0.007 -6"><span class='ocrx_word' id='word_1_918' title='bbox 973 2663 999 2696; x_wconf 75' lang='grc' dir='ltr'>Ι,</span> <span class='ocrx_word' id='word_1_919' title='bbox 1018 2661 1113 2690; x_wconf 86' lang='grc' dir='ltr'>πολλοῦ</span> <span class='ocrx_word' id='word_1_920' title='bbox 1128 2671 1159 2697; x_wconf 90' lang='grc' dir='ltr'><strong>γε</strong></span> <span class='ocrx_word' id='word_1_921' title='bbox 1175 2663 1221 2690; x_wconf 71' lang='grc' dir='ltr'>καὶ</span> <span class='ocrx_word' id='word_1_922' title='bbox 1236 2663 1277 2689; x_wconf 75' lang='grc' dir='ltr'>δεῖ</span> <span class='ocrx_word' id='word_1_923' title='bbox 1289 2664 1425 2698; x_wconf 57' lang='grc' dir='ltr'>παρεῖναι,</span> 
     </span>
    </p>
   </div>
   <div class='ocr_carea' id='block_1_118' title="bbox 1008 2697 1471 2733">
    <p class='ocr_par' dir='ltr' id='par_1_118' title="bbox 1008 2697 1471 2733">
     <span class='ocr_line' id='line_1_118' title="bbox 1008 2697 1471 2733; baseline -0.002 -9"><span class='ocrx_word' id='word_1_924' title='bbox 1008 2698 1065 2733; x_wconf 73' lang='lat'><strong>(55)</strong></span> <span class='ocrx_word' id='word_1_925' title='bbox 1079 2699 1190 2726; x_wconf 80' lang='lat' dir='ltr'><strong>&#39;l‘aurin.</strong></span> <span class='ocrx_word' id='word_1_926' title='bbox 1206 2699 1283 2725; x_wconf 80' lang='lat' dir='ltr'><strong>Colb.</strong></span> <span class='ocrx_word' id='word_1_927' title='bbox 1299 2697 1365 2729; x_wconf 80' lang='lat' dir='ltr'><strong>Jes.,</strong></span> <span class='ocrx_word' id='word_1_928' title='bbox 1380 2697 1471 2733; x_wconf 80' lang='grc' dir='ltr'>λῆξαν.</span> 
     </span>
    </p>
   </div>
   <div class='ocr_carea' id='block_1_119' title="bbox 1007 2731 1753 2768">
    <p class='ocr_par' dir='ltr' id='par_1_119' title="bbox 1007 2731 1753 2768">
     <span class='ocr_line' id='line_1_119' title="bbox 1007 2731 1753 2768; baseline 0.001 -8"><span class='ocrx_word' id='word_1_929' title='bbox 1007 2731 1062 2768; x_wconf 71' lang='grc'><strong>(56)</strong></span> <span class='ocrx_word' id='word_1_930' title='bbox 1083 2733 1193 2760; x_wconf 90' lang='lat' dir='ltr'><strong>&#39;l‘anrin.</strong></span> <span class='ocrx_word' id='word_1_931' title='bbox 1219 2733 1335 2760; x_wconf 82' lang='lat' dir='ltr'><strong>Colbert.</strong></span> <span class='ocrx_word' id='word_1_932' title='bbox 1353 2731 1410 2760; x_wconf 33' lang='lat' dir='ltr'><strong>Jes.‘</strong></span> <span class='ocrx_word' id='word_1_933' title='bbox 1427 2733 1471 2768; x_wconf 71' lang='lat' dir='ltr'><strong>Er.</strong></span> <span class='ocrx_word' id='word_1_934' title='bbox 1491 2732 1517 2765; x_wconf 81' lang='grc'><strong>1,</strong></span> <span class='ocrx_word' id='word_1_935' title='bbox 1541 2731 1753 2768; x_wconf 79' lang='grc' dir='ltr'>προφερόμενον.</span> 
     </span>
    </p>
   </div>
   <div class='ocr_carea' id='block_1_120' title="bbox 972 2766 1507 2803">
    <p class='ocr_par' dir='ltr' id='par_1_120' title="bbox 972 2766 1507 2803">
     <span class='ocr_line' id='line_1_120' title="bbox 972 2766 1507 2803; baseline -0.002 -9"><span class='ocrx_word' id='word_1_936' title='bbox 972 2766 1053 2794; x_wconf 80' lang='lat' dir='ltr'><strong>Paulo</strong></span> <span class='ocrx_word' id='word_1_937' title='bbox 1064 2774 1120 2802; x_wconf 68' lang='lat' dir='ltr'><strong>post</strong></span> <span class='ocrx_word' id='word_1_938' title='bbox 1138 2768 1248 2799; x_wconf 81' lang='lat' dir='ltr'><strong>Taurin,</strong></span> <span class='ocrx_word' id='word_1_939' title='bbox 1263 2769 1291 2794; x_wconf 83' lang='grc' dir='ltr'>ὲν</span> <span class='ocrx_word' id='word_1_940' title='bbox 1308 2767 1347 2803; x_wconf 85' lang='grc' dir='ltr'><strong>τῷ</strong></span> <span class='ocrx_word' id='word_1_941' title='bbox 1359 2766 1507 2803; x_wconf 81' lang='grc' dir='ltr'>προσώπῳ.</span> 
     </span>
    </p>
   </div>
   <div class='ocr_carea' id='block_1_121' title="bbox 1006 2800 1752 2838">
    <p class='ocr_par' dir='ltr' id='par_1_121' title="bbox 1006 2800 1752 2838">
     <span class='ocr_line' id='line_1_121' title="bbox 1006 2800 1752 2838; baseline 0 -8"><span class='ocrx_word' id='word_1_942' title='bbox 1006 2800 1120 2838; x_wconf 67' lang='grc' dir='ltr'><strong>(57)’5ἱ(ῖ</strong></span> <span class='ocrx_word' id='word_1_943' title='bbox 1136 2803 1200 2837; x_wconf 82' lang='lat' dir='ltr'><strong>Reg.</strong></span> <span class='ocrx_word' id='word_1_944' title='bbox 1215 2800 1400 2830; x_wconf 42' lang='lat' dir='ltr'><strong>&#39;laurianes.</strong></span> <span class='ocrx_word' id='word_1_945' title='bbox 1414 2800 1495 2833; x_wconf 74' lang='lat' dir='ltr'><strong>Editi,</strong></span> <span class='ocrx_word' id='word_1_946' title='bbox 1513 2800 1596 2835; x_wconf 72' lang='grc' dir='ltr'>Οὗτος</span> <span class='ocrx_word' id='word_1_947' title='bbox 1617 2800 1674 2834; x_wconf 73' lang='grc' dir='ltr'>οὖν,</span> <span class='ocrx_word' id='word_1_948' title='bbox 1692 2811 1752 2838; x_wconf 89' lang='lat' dir='ltr'><strong>per-</strong></span> 
     </span>
    </p>
   </div>
   <div class='ocr_carea' id='block_1_122' title="bbox 970 2838 1751 2875">
    <p class='ocr_par' dir='ltr' id='par_1_122' title="bbox 970 2838 1751 2875">
     <span class='ocr_line' id='line_1_122' title="bbox 970 2838 1751 2875; baseline 0.005 -11"><span class='ocrx_word' id='word_1_949' title='bbox 970 2845 1071 2875; x_wconf 53' lang='lat' dir='ltr'><strong>perant:</strong></span> <span class='ocrx_word' id='word_1_950' title='bbox 1089 2838 1159 2875; x_wconf 57' lang='lat' dir='ltr'><strong>Mos,</strong></span> <span class='ocrx_word' id='word_1_951' title='bbox 1169 2839 1215 2875; x_wconf 81' lang='grc' dir='ltr'><strong>καί</strong></span> <span class='ocrx_word' id='word_1_952' title='bbox 1226 2844 1287 2875; x_wconf 65' lang='lat' dir='ltr'><strong>ante</strong></span> <span class='ocrx_word' id='word_1_953' title='bbox 1309 2838 1416 2870; x_wconf 80' lang='grc' dir='ltr'>αἰώνιος</span> <span class='ocrx_word' id='word_1_954' title='bbox 1429 2838 1504 2875; x_wconf 75' lang='lat' dir='ltr'><strong>dcest</strong></span> <span class='ocrx_word' id='word_1_955' title='bbox 1519 2839 1543 2864; x_wconf 94' lang='lat' dir='ltr'><strong>in</strong></span> <span class='ocrx_word' id='word_1_956' title='bbox 1561 2839 1625 2875; x_wconf 72' lang='lat' dir='ltr'><strong>lteg.</strong></span> <span class='ocrx_word' id='word_1_957' title='bbox 1639 2838 1751 2868; x_wconf 69' lang='lat' dir='ltr'><strong>Taurii).</strong></span> 
     </span>
    </p>
   </div>
   <div class='ocr_carea' id='block_1_123' title="bbox 970 2873 1558 2909">
    <p class='ocr_par' dir='ltr' id='par_1_123' title="bbox 970 2873 1558 2909">
     <span class='ocr_line' id='line_1_123' title="bbox 970 2873 1558 2909; baseline -0.003 -6"><span class='ocrx_word' id='word_1_958' title='bbox 970 2874 1044 2903; x_wconf 70' lang='lat' dir='ltr'><strong>Colb.</strong></span> <span class='ocrx_word' id='word_1_959' title='bbox 1056 2873 1111 2904; x_wconf 69' lang='lat' dir='ltr'><strong>les.</strong></span> <span class='ocrx_word' id='word_1_960' title='bbox 1126 2874 1172 2903; x_wconf 83' lang='lat' dir='ltr'><strong>Fr.</strong></span> <span class='ocrx_word' id='word_1_961' title='bbox 1187 2874 1213 2902; x_wconf 82' lang='grc'><strong>1.</strong></span> <span class='ocrx_word' id='word_1_962' title='bbox 1233 2873 1263 2902; x_wconf 81' lang='lat' dir='ltr'><strong>in</strong></span> <span class='ocrx_word' id='word_1_963' title='bbox 1278 2875 1356 2903; x_wconf 81' lang='lat' dir='ltr'><strong>editis</strong></span> <span class='ocrx_word' id='word_1_964' title='bbox 1371 2881 1434 2903; x_wconf 86' lang='lat' dir='ltr'><strong>vero</strong></span> <span class='ocrx_word' id='word_1_965' title='bbox 1453 2873 1558 2909; x_wconf 76' lang='lat' dir='ltr'><strong>legitur.</strong></span> 
     </span>
    </p>
   </div>
  </div>
