2018 3048
253 134 325 182 δίεπ’
537 150 567 178 s.
587 148 772 176 ATHANASII
792 148 867 176 ore.
887 147 975 175 rans
994 147 1015 174 ι.
1032 161 1067 167 -

253 208 404 236 exsistere:
426 213 457 233 ac
477 205 577 232 fontem
602 205 679 240 quasi
705 204 810 231 Patrem
833 211 904 236 esse,
921 203 1029 230 ﬂuvium
1046 205 1067 232 A

252 261 327 284 vero,
343 260 440 287 aquam
462 259 495 278 ex
510 250 583 278 fonte
597 255 761 277 manantem.
781 249 833 277 Sed
855 250 910 277 haec
925 250 1031 284 quidem

253 304 281 325 et
300 297 396 324 similia
413 296 511 330 scripta
528 303 558 322 se
580 303 631 322 non
649 295 741 322 videre
762 295 838 329 qttasi
863 296 1033 322 caecuticules

254 342 440 370 dissimulant;
452 342 555 368 duabus
567 346 654 368 autem
665 341 766 368 voculis
778 341 945 373 inconnexis,
955 341 1033 375 quasi

253 388 385 422 lapidibus
401 387 507 414 eminus
526 394 569 414 me
590 387 720 421 impetere
740 391 894 414 conamur:
917 394 970 413 non
986 388 1033 413 ad-

252 438 398 465 vel-tentes,
424 432 595 467 perobscuris
617 432 696 459 rebus
723 440 782 466 qua:
803 437 831 459 ut
853 431 1033 467 intelligantur

252 478 389 505 additione
413 477 545 512 indigent,
570 477 728 512 plerumque
751 485 804 504 non
830 477 909 504 modo
933 478 1030 509 aliena,

251 524 297 551 sed
309 528 336 551 et
353 523 486 550 contraria
509 525 631 558 exempla
643 523 729 550 lucem
750 523 856 550 allerre.
872 532 881 549 ι
905 523 932 550 1η
953 523 1032 550 tertio

251 574 340 596 autem
356 569 425 597 libro
445 569 483 596 ait
495 578 502 596 :
516 578 525 594 ι
537 568 596 596 Vita
614 576 647 596 ex
660 568 713 595 vita
731 568 820 604 genita
833 573 885 599 est.
903 569 1030 602 quemad-

251 615 358 642 modum
380 615 479 642 llumen
495 622 509 640 a
527 614 601 642 fonte
619 614 767 647 emanavit,
791 618 817 642 et
834 622 849 641 a
872 614 932 641 luce
953 614 1032 641 inex-

250 662 347 689 stincta
359 661 496 696 splendida
512 660 559 688 lux
574 667 688 688 accensa
702 664 752 688 est.
768 669 777 686 ι

291 748 329 776 19.
351 748 397 776 His
416 749 524 780 auditis,
546 750 607 783 quis
629 757 680 776 non
703 749 815 776 insaniae
838 748 963 783 deinceps
984 756 1031 777 eos

250 796 398 827 accusabit,
413 796 458 830 qui
475 796 627 831 Dienysium
644 797 768 823 Arianice
783 796 883 824 sentire
893 804 1030 830 suspican-

248 843 310 869 tur?
326 843 371 870 Na:
391 843 445 875 ille,
460 843 501 870 his
512 843 676 878 argumentis
694 843 727 870 ab
741 843 796 877 ipsa
813 843 925 869 veritate
940 841 1029 876 profc-

249 889 309 920 ctis,
332 894 412 916 totam
428 889 483 916 Arii
502 889 614 924 proterit
635 889 767 916 haeresim.
789 888 856 915 Nam
880 887 954 920 illud,
970 887 1027 914 Non
1045 879 1065 908 Β

247 940 306 961 erat
324 935 477 969 priusquam
501 935 664 969 gigneretur,
691 939 727 966 et,
758 934 822 961 Erat
845 934 952 968 quando
974 940 1027 960 non

249 985 306 1007 erat
326 980 470 1013 splendoris
486 980 615 1007 vocabulo
632 980 760 1011 confutat,
782 987 884 1006 necnon
909 979 950 1006 his
969 986 1029 1006 ver-

248 1025 312 1052 bis:
335 1025 415 1052 Pater
436 1025 493 1059 ejus
514 1033 648 1060 nunquam
669 1025 769 1059 absque
791 1025 864 1060 prole
884 1024 943 1051 fuit.
961 1024 1027 1050 lllnd

249 1075 339 1097 autent
355 1070 425 1104 quod
448 1071 532 1102 aiunt,
552 1078 583 1097 ex
602 1078 653 1097 non
670 1070 848 1102 exstantibus,
863 1069 970 1102 refellit,
987 1069 1027 1096 di-

248 1116 344 1149 cendo,
360 1116 474 1143 Verbum
489 1124 549 1143 esse
564 1117 638 1150 quasi
652 1115 759 1143 ﬂuvium
774 1123 807 1142 ex
825 1115 906 1148 fonte,
926 1120 955 1142 ut
967 1123 1026 1149 ger-

248 1170 308 1189 men
322 1170 353 1189 ex
367 1163 464 1192 radice,
481 1163 563 1189 lilium
576 1170 609 1190 ex
627 1168 749 1197 parente,
763 1161 850 1189 lumen
868 1169 900 1188 ex
913 1161 1024 1193 lumine,

247 1212 275 1234 et
287 1208 369 1235 vitam
383 1215 415 1235 ex
435 1207 498 1235 vita.
515 1208 590 1241 Quod
609 1213 697 1235 autem
716 1207 753 1234 illi
772 1213 897 1242 separant
913 1212 940 1235 et
954 1207 1024 1234 divi-

247 1253 314 1280 dunt
329 1253 444 1281 Verbum
460 1262 475 1281 a
492 1254 554 1286 Deo,
570 1254 597 1281 id
617 1254 661 1281 ille
679 1255 812 1288 improbat
825 1262 885 1281 cum
902 1254 949 1286 ait,
965 1254 1025 1280 Tri-

247 1299 371 1332 nitatem,
390 1308 448 1334 qua:
466 1307 514 1327 nec
533 1300 613 1327 dividi
636 1307 684 1328 nec
701 1301 783 1327 minui
802 1305 898 1335 potest,
920 1301 947 1327 in
965 1300 1023 1327 uni-

248 1350 331 1373 tatem
354 1346 433 1381 202
456 1347 588 1374 contrahi.
613 1346 689 1379 Quod
712 1354 776 1374 vero
798 1347 885 1378 aiunt,
908 1346 1022 1374 alienum

247 1399 309 1419 esse
324 1391 418 1418 Filium
436 1399 451 1418 a
464 1392 610 1419 substantia
623 1392 720 1425 Patris,
736 1397 827 1427 aperte
845 1393 945 1427 respuit
961 1401 1022 1420 cum

248 1437 323 1469 dicit,
341 1437 594 1464 consubstantialem
608 1437 679 1465 Patri
697 1445 757 1465 esse
773 1438 879 1465 Filium.
898 1439 947 1466 llic
959 1447 1024 1467 sane

247 1489 416 1517 summopere
435 1484 556 1510 miranda
571 1483 712 1518 impiorum
732 1484 869 1511 botninum
885 1485 1024 1519 impuden-

247 1528 295 1554 tia.
322 1528 448 1564 Dionysio
476 1535 599 1563 namque,
615 1536 694 1564 quem
715 1530 843 1557 doctrina:
867 1537 922 1557 sua:
950 1531 1021 1565 paria

247 1573 364 1600 sensisse
386 1574 530 1607 allirmant,
554 1574 671 1608 dicente,
693 1575 948 1603 consubstantialem
965 1584 1024 1604 esse

246 1617 354 1651 Filium,
379 1619 427 1652 ipsi
451 1624 540 1646 tamen
566 1619 637 1647 haud
660 1627 738 1648 secus
756 1628 835 1654 quam
855 1621 954 1648 culices
969 1622 1024 1648 cir-

247 1669 415 1698 cumquaque
439 1669 590 1697 susurrant,
611 1665 688 1699 quasi
710 1666 826 1700 synodus
853 1667 1024 1694 consubstan-

247 1709 320 1736 tialis
334 1717 426 1737 vocem
442 1711 510 1737 haud
530 1716 602 1738 recte
623 1711 724 1746 scripto
739 1713 882 1739 mandarit.
903 1712 931 1740 Si
953 1714 1023 1741 enim

247 1755 299 1783 sibi
316 1756 430 1783 amicum
447 1756 602 1791 Dionysium
629 1757 797 1790 existimant,
820 1767 854 1786 ne
873 1759 1024 1786 doctrinam

247 1806 342 1837 negent
356 1802 405 1829 viri
420 1810 510 1830 secum
525 1804 676 1831 sentientis.
691 1803 768 1837 Quod
781 1804 804 1832 si
819 1809 914 1840 putant
930 1805 955 1832 id
971 1813 1023 1833 non

246 1854 319 1876 recte
336 1849 435 1876 dictum
453 1849 544 1882 fuisse,
565 1857 649 1884 quare
663 1849 829 1885 Dionysium,
845 1852 891 1886 qui
909 1851 1024 1886 idipsum

247 1895 294 1928 ait,
308 1896 384 1929 quasi
401 1903 490 1923 secum
505 1895 798 1930 sentientemjactitant
811 1897 823 1923 ?
835 1905 894 1924 cum
911 1905 1025 1932 praeser-d

247 1940 295 1967 tim
310 1942 332 1967 is
349 1948 401 1967 non
416 1940 504 1968 obiter
524 1941 575 1968 hoc
591 1941 672 1973 dicat,
694 1942 739 1969 sed
756 1941 816 1969 aliis
833 1946 912 1969 antea
936 1943 1024 1969 missis

247 1985 377 2019 epistolis,
393 1992 440 2012 eos
454 1985 499 2019 qui
514 1993 543 2012 se
557 1986 748 2014 insimulabant
769 1981 966 2021 quasi‘diceret
980 1987 1024 2014 Fi-

246 2030 311 2057 lium
338 2038 389 2056 non
419 2037 479 2057 esse
503 2031 575 2058 Patri
603 2031 867 2065 consubstantialem,
892 2034 1024 2060 mendacii

247 2081 374 2111 coargnat
389 2083 395 2102 :
411 2076 469 2103 illos
483 2083 545 2103 vero
565 2077 609 2111 qui
630 2078 759 2111 putabant
773 2085 802 2105 se
824 2079 934 2109 dixisse,
957 2079 1024 2106 Ver-

247 2121 310 2148 hum
327 2129 386 2148 esse
402 2121 510 2154 factum,
526 2121 639 2155 refellat,
657 2130 757 2157 negans
780 2130 808 2151 se
825 2129 903 2158 prout
917 2124 952 2151 illi
969 2125 1026 2152 exi-

247 2167 359 2194 stimant
373 2167 473 2195 sentire
489 2192 493 2196 .
511 2169 557 2195 sed
573 2169 677 2196 tametsi
691 2177 770 2196 voces
783 2170 842 2196 illas
855 2170 975 2204 protulit,
993 2178 1026 2198 eo

247 2213 332 2239 solum
355 2213 418 2240 illud
439 2221 468 2240 se
488 2213 591 2241 dixisse
613 2219 737 2247 testatur,
751 2219 781 2242 ut
797 2216 953 2243 ostenderet
971 2224 1023 2244 non
1039 2219 1061 2246 D

247 2258 353 2286 Patrem
369 2259 415 2286 sed
432 2259 528 2286 Filium
545 2267 604 2287 esse
621 2261 665 2294 qui
684 2261 831 2294 conditum,
848 2267 980 2294 creatum,
997 2268 1024 2290 et

247 2302 344 2330 factum
368 2311 464 2338 corpus
486 2305 571 2331 induit
591 2314 598 2332 :
625 2306 750 2340 quocirca
778 2306 862 2335 Filius
887 2308 1022 2342 conditus,

248 2348 334 2376 factus
349 2354 376 2376 et
387 2355 493 2377 creatus
508 2349 591 2378 fuisse
603 2350 709 2380 dicitur.

247 2469 307 2504 τῆς,
319 2477 377 2504 quae
388 2471 414 2498 in
429 2471 507 2498 editis
516 2472 680 2508 legebantur,
695 2474 826 2502 desuntin
835 2476 901 2510 Reg.
912 2476 1022 2508 Taurin,

247 2505 324 2532 Colb.
337 2505 462 2533 Jes..sed
478 2507 609 2533 habentur
625 2509 650 2533 in
666 2509 710 2533 lib.
730 2509 768 2533 De
782 2512 896 2533 ιυηηιίίι.
909 2513 952 2533 nlui
969 2514 1022 2533 hum

247 2508 324 2532 Coll).
337 2508 462 2536 .Ies..ssd
478 2508 609 2535 habentur
625 2509 650 2535 in
666 2509 710 2536 lib.
730 2509 768 2536 De
782 2508 898 2545 synodi},
909 2513 953 2539 ubi
969 2514 1025 2540 haec

247 2541 326 2566 verba
340 2540 502 2567 referuntur.

283 2574 338 2616 (7.9)
373 2575 510 2616 Sic-lica.
539 2576 663 2616 Tattrin._
681 2578 735 2607 Jes.
756 2579 848 2616 _Editi,
867 2581 923 2612 τοῖς
952 2581 1022 2608 δυσί.

247 2607 404 2650 Paulopost
424 2607 534 2650 Taurii].
550 2611 624 2639 Colb.
634 2612 705 2650 _Jes_.
719 2619 745 2640 et
756 2614 801 2641 Fr.
819 2607 847 2647 1,,
859 2624 892 2650 με
906 2607 1023 2650 βάλλειν,

246 2645 401 2705 ἓὲἆέἓιιιῗδὶι
413 2650 488 2672 vetus
505 2646 616 2682 interpr.
633 2648 702 2675 Editi
718 2656 781 2677 vero
793 2645 961 2686 cum'lie'gio,
975 2645 1025 2687 ὲμέ

282 2713 337 2774 (ευ)
352 2713 471 2768 ξίεὲῐῖοε.
482 2715 739 2745 Taurin.Colb.Jes.
750 2718 794 2746 Fr.
804 2720 829 2746 1.
845 2719 925 2753 Editi,
938 2721 966 2748 ἐν
973 2721 1022 2757 τῷ.

282 2756 306 2773 )x
340 2757 378 2774 es.
393 2750 517 2774 -stfen.

248 2745 306 2784 Ηώς
318 2745 378 2784 ξοδ.
393 2745 517 2784 ἐγενήθη.

284 2782 339 2822 (81)
351 2785 394 2810 Sic
407 2782 470 2822 llggj
482 2782 665 2822 Ἰτνρςίηιιοε..
675 2787 754 2815 Basil.
771 2789 815 2816 Fr.
830 2791 855 2818 1.
873 2790 944 2819 Editi
958 2799 1023 2820 vero

242 2818 384 2851 (mendose,
398 2818 444 2846 τοῦ
457 2819 494 2849 δε,
507 2820 552 2852 Ἐξ
561 2821 610 2847 οὐκ
623 2822 705 2850 ὄντων
722 2824 812 2853 αὐτόν.

1087 146 1268 174 IllSTORlCA
1288 145 1331 174 ΕΤ
1347 144 1554 173 ΒΟΕἈΙΔΤΙΕΛ.
1812 143 1865 171 508

1082 201 1160 233 εἶναι,
1177 203 1221 229 τὸν
1236 203 1265 229 δὲ
1277 202 1396 237 ποταμὸν
1408 200 1475 228 εἶναι
1487 202 1518 228 ὲκ
1530 201 1580 236 τῆς
1597 200 1687 236 πηγῆς
1703 200 1785 236 ὓδωρ.
1803 201 1864 227 Ἀλ-

1082 248 1115 275 λέι
1141 248 1227 275 ταῦτα
1249 248 1296 283 μὲν
1323 247 1369 274 καὶ
1388 247 1421 273 τὰ
1436 246 1546 272 τοιαῦτα
1569 246 1634 281 μηδὲ
1655 247 1720 281 ὁρᾷν
1742 254 1864 281 γεγραμ-

1083 293 1161 328 μένα,
1179 292 1234 318 ἀλλ’
1257 293 1337 318 οἱονεὶ
1359 291 1522 324 τυφλώττειν
1543 290 1748 325 ὑποκρίνονται·
1762 292 1816 322 τοῖς
1834 291 1864 316 δὲ

1081 337 1140 364 δυσὶ
1156 337 1210 372 (79)
1224 337 1365 372 ῥηματίοις
1381 335 1544 367 ἁσυνθέτοις,
1560 335 1683 370 καθάπερ
1701 335 1792 367 λίθοις,
1812 344 1863 370 μα-

1082 383 1176 418 κρόθεν
1191 381 1357 417 ἐπιχειροῦσί
1375 390 1408 416 με
1425 381 1541 416 βάλλειν,
1564 381 1722 414 ἀγνοοῦντες
1747 381 1784 412 ὡς
1809 381 1862 407 τῶν

1081 427 1279 462 ἀγνοουμένων,
1295 427 1341 453 καὶ
1357 427 1537 462 προσαγωγῆς
1554 427 1592 458 εἰς
1607 426 1752 460 ἐπίγνωσιν
1765 426 1861 461 δεομέ-

1081 481 1144 505 νων,
1161 473 1191 499 of;
1212 473 1290 508 μόνον
1307 472 1398 498 ἀλλοῖα
1416 472 1554 504 πολλάκις,
1573 472 1639 498 ἀλλὰ
1657 472 1703 498 καὶ
1716 473 1861 498 ὑπεναντία

1080 519 1217 554 τεκμήρια
1229 518 1331 552 γίνεται
1342 518 1395 544 τῶν
1408 517 1625 552 ἐπιζητουμένων
1634 517 1789 552 δηλώματα.
1797 528 1806 543 ι
1817 517 1861 544 Ἑν

1080 563 1108 590 δὲ
1140 563 1178 598 τῷ
1203 563 1257 598 (80)
1278 562 1361 598 τρίτῳ
1388 562 1481 598 βιϐλίῳ
1508 561 1596 597 φησί’
1615 571 1624 587 ι
1643 563 1704 597 Ζωὴ
1727 563 1758 588 ὲκ
1788 562 1861 597 ζωῆς

1080 608 1226 644 ὲγεννήθη”
1264 609 1310 635 καὶ
1338 608 1430 643 ὥσπερ
1463 608 1582 642 ποταμὸς
1610 607 1663 634 ἀπὸ
1697 608 1787 643 πηγῆς
1816 608 1861 644 Ep-

1081 657 1174 691 ῥευσε·
1196 656 1243 683 καὶ
1261 655 1314 682 ἀπὺ
1335 655 1422 689 φωτὸς
1442 655 1573 681 ἀσϐέστου
1593 655 1715 690 λαμπρὸν
1741 655 1798 690 φῶς
1815 656 1861 682 ἀν-

1079 702 1162 737 ήφθη.
1183 711 1192 727 ι

1115 749 1157 776 l9.
1175 748 1220 780 Τίς
1231 748 1333 774 τούτων
1346 748 1453 774 ἀκούων
1466 747 1496 774 οὺ
1512 747 1610 782 μανίας
1626 747 1717 774 λοιπὸν
1735 747 1859 783 καταψη-

1079 795 1186 830 φισεται
1212 794 1265 820 τῶν
1281 794 1464 820 ὑπονοούντων
1482 793 1527 820 τὸν
1548 793 1682 820 Διονύσιον
1699 794 1734 820 τὰ
1755 794 1858 829 Ἀρείου

1079 842 1185 876 φρονεῖν
1197 841 1277 872 ;“1δοὺ
1293 840 1346 876 γὰρ
1363 840 1406 866 διὰ
1421 840 1520 866 τούτων
1535 839 1657 874 φανερῶς
1673 841 1761 866 πᾶσαν
1777 840 1858 867 αὐτοῦ

1081 888 1159 913 πατεῖ
1181 887 1229 921 τὴν
1251 887 1355 921 αἰρεσιν
1377 887 1432 917 τοῖς
1450 886 1497 920 τῆς
1513 885 1639 920 ἀληθείας
1656 885 1803 920 λογισμοῖς.
1823 886 1859 911 Τὸ

1082 933 1129 968 μὲν
1146 932 1210 967 γὰρ,
1225 933 1281 958 Οὐκ
1296 930 1329 968 ἧν
1341 932 1404 967 πρὶν
1417 931 1543 966 γεννηθῇ,
1561 931 1606 957 κα.)¹
1621 931 1659 962 τὸ,
1673 929 1726 958 Ἦν
1740 939 1802 957 ποτε
1815 932 1858 957 ὅτε

1079 977 1176 1014 οὑκῆν,
1191 979 1294 1013 ἀναιρεῖ
1302 978 1339 1013 τῷ
1349 977 1394 1004 τοῦ
1407 977 1639 1011 ἀπαυγάσματος
1653 977 1722 1012 λόγῳ
1734 987 1740 992 ·
1753 977 1799 1003 καὶ
1814 977 1858 1003 λέ-

1079 1033 1143 1058 γων,
1155 1024 1195 1050 ὅτι
1210 1024 1309 1050 Τούτου
1325 1024 1339 1050 ὁ
1351 1023 1443 1059 Πατὴρ
1456 1024 1506 1050 οὐκ
1518 1021 1551 1058 ἦν
1568 1025 1633 1049 ποτε
1643 1024 1736 1056 ἄγονος
1747 1031 1753 1037 ·
1772 1023 1801 1048 τὸ
1818 1022 1856 1054 δὲ,

1085 1069 1128 1102 Ἐξ
1139 1069 1188 1095 οὐκ
1201 1069 1284 1094 ὄντων
1297 1068 1361 1104 (81),
1374 1069 1471 1101 αὐτῶν,
1489 1069 1594 1103 ἀναιρεῖ
1607 1069 1635 1094 ὲν
1644 1068 1682 1102 τῷ
1699 1068 1795 1101 λέγειν,
1811 1068 1857 1093 τὸν

1078 1115 1162 1149 Λόγον
1173 1113 1240 1141 εἶναι
1253 1115 1291 1146 ὡς
1307 1114 1427 1150 ποταμὸν
1443 1114 1496 1141 ἀπὸ
1509 1114 1609 1149 πηγῆς,
1622 1114 1668 1140 καὶ
1681 1113 1793 1148 βλαστὸν
1804 1112 1858 1140 ἀπὸ

1079 1161 1165 1196 ῥίζης,
1190 1162 1236 1187 καὶ
1254 1161 1346 1187 τέκνον
1370 1161 1424 1187 ἀπὸ
1439 1161 1550 1195 γονέως,
1570 1161 1615 1187 καὶ
1635 1160 1691 1194 φῶς
1712 1161 1744 1186 ἐκ
1759 1160 1856 1194 φωτὸς,

1078 1208 1125 1234 καὶ
1139 1208 1210 1243 ζωὴν
1226 1208 1258 1234 ὲκ
1273 1208 1343 1242 ζωῆς
1353 1215 1360 1222 ·
1372 1207 1419 1233 καὶ
1436 1207 1466 1232 τὺ
1484 1207 1532 1241 μὲν
1545 1206 1740 1241 ἀποσχοινὶζειν
1756 1206 1802 1231 καὶ
1818 1205 1857 1232 δι-

1077 1255 1164 1289 αιρεῖν
1180 1253 1277 1284 αὐτοὺς
1291 1253 1344 1287 (8‘2)
1362 1253 1406 1279 τὸν
1420 1253 1505 1287 Λόγον
1520 1252 1572 1279 ἀπὸ
1588 1251 1633 1278 τοῦ
1658 1251 1735 1284 Θεοῦ,
1753 1251 1858 1285 ἀναιρεῖ

1077 1299 1162 1334 λέγων
1174 1299 1253 1330 αὐτὸς
1267 1299 1416 1334 ἀδιαίρετον
1432 1298 1478 1325 καὶ
1489 1298 1620 1333 ἀμείωτον
1635 1298 1684 1333 τὴν
1701 1297 1802 1332 Τριάδα
1817 1297 1857 1327 εἰς

1061 1352 1068 1362 ι
1079 1344 1178 1379 μονάδα
1191 1343 1461 1378 συγκεφαλαιοῦσοαι.
1471 1345 1507 1370 Τὸ
1523 1344 1551 1370 δὲ
1565 1344 1651 1378 λέγειν
1667 1344 1764 1375 αὐτοὺς
1780 1343 1857 1370 ἁλλό-

1076 1397 1149 1424 τριον
1164 1387 1230 1416 εἶναι
1245 1389 1289 1416 τὸν
1303 1390 1365 1416 Υἰὸν
1377 1391 1425 1425 τῆς
1439 1389 1485 1416 τοῦ
1499 1390 1602 1425 Πατρὸς
1614 1389 1716 1422 οὐσίας,
1729 1389 1856 1424 ἄντικρυς

1077 1437 1157 1462 πατεῖ
1168 1436 1264 1470 λέγων,
1277 1435 1417 1471 ὁμοούσιον
1436 1434 1504 1462 εἶναι
1525 1436 1571 1462 τοῦ
1592 1436 1697 1471 Πατρὸς
1715 1436 1761 1462 τὸν
1783 1436 1854 1463 Υιόν.

1076 1483 1134 1517 Ἐφ’
1183 1483 1229 1509 καὶ
1245 1483 1406 1517 θαυμάσειεν
1425 1483 1456 1510 ἄν
1467 1491 1508 1514 τις
1521 1482 1571 1518 τὴν
1586 1483 1721 1509 ἀναίδειαν
1731 1482 1784 1508 τῶν
1792 1482 1856 1509 δυσ-

1077 1529 1172 1555 σεόὧν·
1185 1529 1242 1561 πῶς
1258 1529 1407 1561 Διονυσίου,
1429 1529 1458 1556 ὃν
1469 1529 1591 1563 λέγουσιν
1609 1529 1733 1565 ὁμόδοξον
1754 1528 1856 1555 ἑαυτῶν

1077 1575 1131 1610 (85)
1145 1573 1223 1606 εἶναι,
1240 1575 1361 1609 λέγοντος
1369 1575 1508 1610 ὁμοούσιον
1519 1575 1563 1602 τὸν
1575 1576 1648 1607 Υεὶν,
1660 1575 1735 1602 αὐτοὶ
1747 1575 1857 1611 περιέρ-

1075 1629 1166 1657 χονται
1182 1621 1220 1653 ὼς
1242 1621 1371 1653 κώνωπες
1394 1621 1630 1658 περιϐομϐοῦντες,
1649 1621 1687 1653 ὼς
1705 1621 1753 1647 οὐκ
1768 1620 1855 1655 ὀρθῶς

1074 1667 1217 1703 γραψάσης
1225 1668 1274 1702 τῆς
1281 1667 1388 1694 συνόδου
1399 1667 1428 1694 τὸ
1441 1667 1611 1702 ὀμοοὺσιον-
1623 1669 1646 1694 εὶ
1656 1667 1691 1701 γὰ
1698 1675 1712 1703 ρ
1720 1667 1854 1699 Διονύσιός

1074 1714 1147 1740 ἐστιν
1164 1714 1254 1745 αὐτοῖς
1270 1713 1354 1747 φίλος,
1369 1714 1406 1749 μὴ
1426 1713 1609 1748 ἁρνείσθωσαν
1624 1714 1658 1741 τὰ
1672 1714 1719 1740 τοῦ
1736 1713 1855 1750 ὁμόφρο-

1074 1768 1128 1791 νος.
1146 1760 1177 1786 El
1189 1760 1217 1786 δὲ
1228 1759 1366 1795 νομίζουσι
1379 1759 1414 1795 μὴ
1425 1759 1512 1796 ὀρθῶς
1525 1759 1658 1795 εἰρῆσθαι,
1672 1759 1729 1790 πῶς
1741 1759 1785 1785 τὺν
1796 1758 1856 1785 τοῦ·

1074 1814 1104 1832 το
1117 1805 1227 1840 λέγοντα
1245 1805 1380 1833 Διονύσιον
1402 1805 1559 1842 Θρυλλοῦσιν
1574 1806 1639 1842 (84),
1655 1806 1693 1837 ὡς
1709 1805 1743 1832 τὰ
1768 1805 1856 1832 αὐτῶν

1075 1852 1239 1887 φρονοῦντα;
1257 1851 1372 1887 μάλιστα
1388 1852 1428 1878 ὃτι
1442 1852 1501 1878 οὐδὲ
1515 1853 1546 1878 ὲκ
1560 1853 1697 1888 παρέργου
1714 1851 1800 1878 ταῦτα
1813 1851 1856 1877 λέ-

1073 1906 1129 1932 γων
1143 1898 1276 1932 φαίνεται,
1295 1898 1362 1925 ἀλλὰ
1379 1899 1508 1935 πρότερον
1531 1898 1614 1930 ἄλλας
1632 1898 1776 1930 ἐπιστολὰς
1789 1898 1856 1934 γρά-

1073 1943 1136 1978 ψας,
1149 1944 1212 1975 τοὺς
1228 1944 1276 1979 μὲν
1289 1944 1344 1980 (85)
1359 1945 1555 1980 κατειρηκότας
1567 1944 1649 1971 αὐτοῦ
1664 1945 1701 1976 ὡς
1716 1945 1752 1980 μὴ
1765 1944 1856 1979 λέγον-

1073 1999 1118 2022 τος
1131 1990 1270 2025 ὁμοούσιον
1281 1991 1326 2018 τὸν
1341 1991 1404 2018 Υιὸν
1418 1991 1456 2026 τῷ
1471 1991 1558 2027 Πατρὶ
1577 1991 1708 2026 διελέγχει
1725 1990 1855 2026 ψευδομέ-

1073 2045 1148 2068 νους“
1172 2038 1234 2068 τοὺς
1255 2037 1283 2063 δὲ
1297 2037 1455 2073 νομίζοντας
1475 2037 1554 2064 αὑτὸν
1573 2037 1662 2071 λέγειν
1673 2036 1785 2073 γενητὸν
1800 2037 1855 2071 (86)

1073 2082 1118 2108 τὸν
1130 2082 1224 2116 Λόγον,
1241 2084 1451 2119 παρακρούεται·
1469 2084 1509 2110 ὅτι
1524 2083 1561 2118 μὴ
1573 2083 1657 2114 οὕτως
1677 2083 1715 2114 ὡς
1729 2082 1855 2117 νομίζου-

1076 2136 1117 2154 σιν
1129 2129 1286 2164 ὲφρόνησεν,
1297 2129 1352 2155 ἀλλ’
1364 2130 1388 2155 εἰ
1405 2130 1451 2156 κα)⁴
1463 2129 1511 2161 τὰς
1526 2129 1610 2161 λέξεις
1621 2130 1723 2164 εἴρηκε,
1740 2129 1782 2155 διὰ
1794 2128 1855 2154 τοῦ-

1075 2174 1105 2200 τό
1118 2183 1198 2209 φησιν
1209 2174 1357 2210 εἰρηκέναι,
1378 2175 1445 2209 πρὸς
1461 2175 1491 2200 τὸ
1516 2175 1594 2210 μόνον
1609 2174 1703 2208 δεῖξαι,
1719 2175 1759 2200 ὅτι
1783 2173 1820 2209 μὴ
1841 2175 1856 2200 ὁ

1076 2221 1169 2256 Πατήρ
1183 2221 1266 2251 ἐστιν,
1282 2220 1339 2246 ἀλλ’
1353 2221 1366 2247 ό
1377 2220 1449 2252 Υἱὸς,
1465 2221 1479 2247 ό
1493 2221 1524 2246 τὸ
1536 2220 1659 2256 γενητὸν,
1675 2221 1721 2247 καὶ
1736 2220 1855 2251 κτιστδν,

1076 2265 1123 2291 καὶ
1137 2265 1247 2300 ποιητὸν
1259 2265 1436 2300 ἐνδυσάμενος
1454 2265 1531 2300 σῶμα
1540 2274 1546 2280 ’
1571 2266 1610 2292 διὸ
1622 2267 1668 2292 καὶ
1683 2266 1854 2301 γεγενῆσθαι,

1077 2309 1124 2335 καὶ
1137 2310 1308 2345 πεποιῆσθαι,
1318 2311 1365 2337 καὶ
1375 2311 1496 2338 ὲκτὶσθαι
1510 2311 1617 2347 λέγεται
1631 2313 1645 2338 ὁ
1660 2311 1732 2342 Υἱός.

1113 2481 1168 2516 (82)
1194 2481 1282 2512 Colb.,
1299 2480 1404 2512 αὐτούς.
1439 2480 1497 2507 Mox
1513 2481 1625 2508 Taurin.
1647 2481 1723 2508 Colb.
1735 2481 1790 2507 Jes.
1807 2481 1855 2509 Fr.

1073 2516 1234 2576 ἶέγέἷαιρετ
1257 2515 1354 2550 λέγων.
1385 2516 1449 2551 lleg.
1475 2516 1557 2543 Basil.
1582 2521 1609 2543 et
1630 2516 1857 2548 εαίι1,δια6άλλει

1090 2559 1284 2620 ιῖἓέΐτοιπίη.
1305 2585 1379 2613 Colb.
1396 2585 1440 2613 Jes
1454 2585 1568 2616 ,αὑτῶν.

1110 2620 1174 2681 (Si)
1192 2620 1268 2653 Reg.,
1295 2620 1329 2646 de
1345 2628 1430 2663 more,
1446 2620 1597 2656 θρυλοῦσιν.
1626 2620 1725 2647 Ibidem
1741 2620 1855 2647 Taurin.

1110 2662 1128 2680 ς.
1178 2663 1200 2681 r.
1234 2656 1259 2681 l.
1286 2654 1321 2681 τὰ
1347 2655 1426 2681 αυτά.
1454 2655 1517 2681 Mox
1547 2655 1591 2681 Fr.
1623 2655 1800 2681 1.,ιιάλιστα
1833 2655 1855 2681 δ’

1072 2653 1128 2697 ξοδ.
1155 2653 1200 2681 Fr.
1234 2656 1259 2686 l,
1286 2654 1321 2681 τὰ
1347 2655 1426 2683 αὑτά.
1454 2653 1517 2682 Mox
1547 2655 1591 2683 Fr.
1616 2656 1667 2697 .l“
1683 2655 1800 2690 μάλιστα
1833 2655 1856 2682 δ’

1108 2698 1126 2715 ι.

1112 2724 1168 2759 (85)
1180 2723 1303 2759 Sic_Reg.
1316 2724 1426 2752 Taurin.
1441 2724 1516 2752 Colb.
1527 2724 1581 2753 les.
1594 2726 1638 2753 Fr.
1655 2726 1681 2752 1.
1695 2725 1764 2752 Editi
1780 2733 1854 2757 vero,

1075 2757 1138 2789 τοῦς
1146 2759 1195 2793 μὲν
1206 2757 1261 2785 οὖν.

1091 2795 1164 2833 _(8§)
1177 2793 1275 2833 Tatwin
1305 2793 1378 2833 (loli).
1398 2793 1614 2833 les.._yevvq16v,
1633 2796 1769 2824 mendose.
1786 2795 1858 2822 Tau-

1076 2829 1127 2856 rin.
1140 2829 1201 2856 item
1214 2829 1293 2861 infra,
1306 2830 1320 2856 ὀ
1331 2829 1360 2855 τὸ
1371 2830 1506 2865 γεννητόν.
