2018 3048
150 149 202 177 509

743 146 788 172 DE
808 145 1002 174 SENTENTIA
1021 146 1182 174 DlONYSll.

1713 149 1767 179 5ίο

182 204 226 232 20.
240 204 347 240 Ἀμέλει
363 203 456 239 ἐπειδὴ
479 203 636 239 προελήφθη
674 203 729 239 (87)
754 203 856 238 γράψαι
883 202 933 234 τὰς

1018 203 1063 231 20.
1084 204 1164 232 Certe
1174 212 1234 232 cum
1249 204 1292 232 illa
1308 205 1388 232 verba
1403 213 1478 240 prius
1495 205 1645 241 scripserit,
1660 207 1770 234 Arianis

149 249 275 281 τοιαύτας
290 249 385 281 λέξεις,
399 251 455 281 τοῖς
474 249 522 284 μὲν
546 250 696 285 Ἀρειανοῖς
724 249 817 285 μακρὰ
835 249 932 284 φράζει

148 297 261 333 χαίρειν,
280 296 356 331 παρὰ
377 296 406 322 δὲ
420 296 473 322 τῶν
486 296 637 323 ἀκουόντων
655 296 805 331 συνείδησιν
828 295 932 331 ἀγαθὴν

148 344 268 370 ἀπαιτεῖ’
282 342 313 368 τὸ
324 341 451 377 δυσχερὲς
465 342 480 377 ἦ
495 343 565 377 τάχα
572 343 617 368 καὶ
628 342 659 368 τὸ
671 343 868 377 ἀπερίδρακτον
879 341 932 368 τῶν

151 388 320 424 ζητουμένων
328 387 552 422 προϐαλλόμενος,
563 388 604 414 ἵνα
614 388 650 423 μὴ
658 388 706 420 τὰς
714 387 932 423 assummum

150 434 267 461 διάνοιαν
278 432 323 460 τοῦ
338 433 485 469 γράφοντος
498 434 551 468 (88)
562 433 681 469 κρίνωσι·
698 434 744 461 καὶ
757 433 862 469 μάλισθ’
870 434 932 460 ὅταν

149 481 183 506 τὰ
200 479 312 506 πλείστα
329 480 452 514 μαρτυρῇ
479 480 511 514 τῇ
537 479 632 506 τούτου
657 480 795 515 φρονήσει.
828 480 933 515 Ἔφησε

149 526 214 560 γοῦν
225 526 270 552 καὶ
281 525 439 557 αὺτὸς,οδτι·
452 534 460 551 1
472 524 532 551 Τῶν
547 525 596 560 μὲν
610 525 736 553 τοιούτων
746 525 783 557 ὡς
797 525 933 561 ἀχρειοτέ-

151 581 216 608 ρων,
231 572 260 605 ὲξ
270 571 427 607 ἐπιδρομῆς,
441 569 516 597 εἶπον
534 571 568 597 τὰ
596 571 813 607 παραδείγματα,
839 571 870 598 τὸ
884 580 933 606 φυ-

150 619 194 646 τὸν
218 619 265 645 καὶ
286 618 330 644 τὸν
347 617 476 652 γεωργόν-
505 618 560 649 τοῑς
580 618 607 644 δὲ
629 617 859 653 προσφυεστέροις
876 617 932 652 (89)

151 664 312 700 ἐνδιέτριψα,
329 663 376 689 καὶ
391 663 470 689 πλέον
481 662 617 698 διεξῆλθον
644 663 707 699 περὶ
720 663 772 690 τῶν
789 662 934 698 ἀληθεστέ-

153 719 216 746 ρων.
244 720 253 736 ι
285 709 313 736 '0
330 709 358 735 δὲ
375 708 453 735 τοῦτο
478 709 565 743 λέγων
591 709 726 736 δείκνυσιν
753 709 933 745 ἀληθέστερον

150 753 220 781 εἶναι
243 754 272 781 τὸ
297 754 385 789 λέγειν
407 754 490 781 ἀΐδιον
514 755 560 780 καὶ
580 755 612 780 ἐκ
633 754 678 781 τοῦ
694 755 798 790 [ἰατρὸς
809 755 854 781 τὸν
870 755 933 782 Υίίιν

149 800 221 835 ἥπερ
237 799 357 835 γενητόν·
376 799 408 825 ἐκ
421 798 515 825 τούτου
530 799 578 834 μὲν
594 799 646 834 γὰρ
665 799 695 825 τὸ
713 799 867 834 σωματικὸν
887 799 932 826 τοῦ

150 844 252 880 Κυρίου
267 844 436 880 σημαίνεται,
454 844 483 876 ἐξ
499 844 608 871 ἐκείνων
618 845 647 870 δὲ
662 845 692 871 τὸ
712 845 795 871 ἀΐδιον
814 846 863 881 τῆς
875 845 934 872 θεό-

149 899 228 925 τητος
239 890 331 917 αὐτοῦ.
345 890 389 917 Ἐν
399 890 503 921 τούτοις
519 890 583 924 γοῦν
595 891 641 917 καὶ
655 889 787 925 ὴλέγχθαι
804 892 868 926 παρ’
883 891 933 918 αυ-
950 885 970 912 Β

149 935 196 962 τοῦ
209 937 272 968 τοὺς
285 935 496 970 ὲγκαλέσαντας,
507 935 544 967 ὡς
558 936 595 971 μὴ
607 935 730 969 λέγοντος
745 935 827 962 αὐτοῦ
839 936 934 971 ὁμοού-

151 991 209 1009 σιον
223 982 271 1008 τοῦ
297 982 414 1018 Πατρὸς,
441 982 639 1009 διαϐεϐαιοῦται
662 983 710 1018 οὐχ
733 982 841 1014 ἁπλῶς,
867 982 933 1010 ἀλλὰ

151 1028 219 1064 μετὰ
235 1029 391 1064 φρονήσεως
419 1028 466 1055 καὶ
492 1027 654 1060 ἀποδείξεως
678 1028 805 1063 ἀληθοῦς,
834 1028 932 1062 λέγων’

153 1082 162 1098 ι
174 1073 205 1099 Εἰ
220 1073 266 1100 καὶ
281 1074 318 1108 μὴ
328 1074 377 1109 τὴν
394 1073 464 1106 λέξιν
477 1073 579 1109 ταύτην
593 1070 671 1108 εὗρον
689 1075 717 1100 ὲν
727 1075 787 1105 ταῖς
800 1074 932 1109 Γραφαῖς,

149 1119 205 1146 ἀλλ’
227 1120 255 1152 ἐξ
274 1119 362 1146 αὐτῶν
391 1119 444 1146 τῶν
467 1121 581 1156 Γραφῶν
605 1121 650 1147 τὸν
673 1120 734 1148 νοῦν
762 1120 931 1154 συναγαγὼν,

149 1165 246 1199 ἔγνων,
261 1166 313 1198 ὅτι,
333 1166 397 1197 Υἱὸς
413 1165 450 1192 ὢν
463 1167 509 1193 καὶ
522 1167 615 1201 Λόγος.
629 1168 659 1194 οὺ
679 1167 752 1199 ξένος
768 1167 801 1193 ἂν
822 1167 865 1202 εἴη
883 1167 934 1201 τῆς

149 1211 242 1242 οὐσίας
265 1210 311 1237 τοῦ
337 1211 452 1246 Πατρός.
476 1221 484 1237 t
512 1211 572 1237 Ὅτι
600 1211 653 1246 γὰρ
676 1212 706 1237 οὐ
732 1212 845 1246 κτίσμα,
875 1211 934 1238 οὐδὲ

151 1255 258 1290 ποίημα
273 1257 366 1291 φρονεῖ
381 1256 426 1282 τὸν
438 1256 500 1283 Υἱὸν
515 1255 602 1283 εἶναι’
615 1257 725 1293 καὶγὰρ
741 1257 788 1284 καὶ
805 1257 833 1283 ἐν
846 1256 934 1292 τούτῳ

149 1300 360 1336 τεθρυλλήκασιν
377 1302 473 1328 αὐτόν·
491 1301 576 1333 οὕτως
597 1303 625 1328 ὲν
649 1302 688 1337 τῷ
708 1302 824 1337 δευτέρῳ
840 1301 933 1337 βιϐλίῳ

151 1346 248 1381 φησιν’
266 1355 276 1372 1
301 1347 363 1373 Ἐὰν
381 1347 409 1374 δέ
425 1356 466 1377 τις
480 1347 533 1374 τῶν
552 1349 736 1382 συκοφαντῶν,
761 1348 854 1383 ἐπειδὴ
879 1347 933 1374 τῶν

151 1391 277 1419 ἁπάντων
304 1393 417 1429 ποιητὴν
443 1393 488 1419 τὸν
508 1393 573 1420 Θεὸν
597 1394 643 1420 καὶ
665 1394 829 1429 δημιουργὸν
845 1392 931 1427 εἷπον,

150 1438 238 1473 οἴηται
261 1446 294 1473 με
320 1439 366 1464 καὶ
396 1439 442 1466 τοῦ
458 1440 575 1475 Χριστοῦ
601 1440 700 1474 λέγειν,
724 1441 866 1467 ἀκουσάτω
882 1450 932 1476 μου

150 1483 280 1519 πρότερον
303 1484 412 1519 Πατέρα
436 1486 570 1520 φήσαντος
585 1485 674 1517 αὑτὸν,
695 1487 723 1512 ὲν
741 1483 763 1519 ᾧ
779 1486 826 1512 καὶ
841 1487 855 1512 ὁ
871 1486 933 1518 Υἱὸς

150 1530 373 1566 προσγέγραπται
384 1531 454 1566 (90)·
484 1532 553 1566 μετὰ
579 1531 632 1566 γὰρ
656 1532 686 1558 τὸ
710 1533 796 1559 εἰπεῖν
824 1533 933 1569 Πατέρα

150 1575 273 1612 ποιητὴν,
290 1577 445 1612 ἑπαγήοχα·
460 1577 515 1603 Καὶ
533 1576 593 1603 οὔτε
607 1578 698 1613 πατήρ
712 1579 785 1604 ἐστιν
802 1575 838 1604 ὧν
855 1587 933 1613 ποιη-

149 1622 198 1657 τὴς
213 1623 280 1657 (91),
299 1623 323 1648 εί
340 1622 442 1657 κυρίως
453 1623 466 1648 ὁ
478 1623 611 1657 γεννήσας
628 1623 718 1659 πατὴρ
729 1623 870 1650 ἀκούοιτο⁸
885 1624 934 1660 τὴν

150 1668 204 1702 γὰρ
221 1667 376 1703 πλατύτητα
396 1669 446 1703 τῆς
458 1667 504 1694 τοῦ
521 1668 622 1704 πατρὸς
637 1669 821 1704 προσηγορίας
835 1671 863 1696 ὲν
879 1671 934 1701 τοῖς

150 1713 213 1747 ἑξῆς
230 1711 468 1748 ὲπεξεργασόμεθα
483 1713 552 1747 (92)·
567 1713 628 1739 οὔτε
640 1715 753 1750 ποιητὴς
766 1715 779 1740 ὁ
793 1715 893 1750 πατὴρ,
910 1716 934 1742 εί

153 1758 231 1793 μόνος
252 1759 265 1784 ὁ
287 1759 459 1793 χειροτέχνης
481 1759 594 1795 ποιητὴς
608 1759 722 1794 λέγοιτο.
741 1760 808 1796 Παρ”
821 1761 934 1796 Ἕλλησι

150 1803 205 1839 γὰρ
221 1804 329 1837 ποιηταὶ
345 1804 393 1830 καὶ
407 1803 551 1830 τῶν-ἰδίων
573 1804 717 1831 καλοῦνται
740 1805 827 1839 λόγων
850 1806 874 1832 οἱ
892 1814 935 1832 σο-

151 1847 204 1882 φοίι
219 1848 266 1874 καὶ
276 1847 414 1881 Ποιῃτὴς,
426 1849 441 1874 ὁ
453 1849 613 1881 ’Λπὸστολος
623 1847 693 1882 εἶπε,
706 1850 799 1884 νόμου
810 1849 874 1885 (95)·
888 1850 934 1876 καὶ

152 1893 206 1921 τῶν
228 1894 378 1929 ὲγκαρδίων
404 1895 457 1931 γὰρ
478 1895 577 1931 ἀρετῆς
596 1895 612 1931 ἢ
630 1895 726 1928 κακίας
743 1897 853 1932 ποιηταὶ
869 1896 935 1922 καθ-

154 1939 286 1972 ίστανται,
312 1940 350 1972 ὡς
374 1938 450 1968 εἶπεν
464 1942 477 1968 ὁ
500 1941 583 1973 Θεός·
602 1942 722 1976 Ἕμεινα
734 1942 787 1969 τοῦ
813 1942 934 1977 ποιῆσαι

152 1985 263 2018 κρίσιν,
280 1985 402 2019 ἐποίησε
419 1985 452 2013 δὲ
465 1986 601 2020 ἀνομίαν.
624 1995 633 2011 ι

188 2030 232 2057 21.
246 2031 338 2057 Ἔστιν
351 2031 466 2066 ἀληθῶς,
478 2031 609 2058 ἀκούοντα
620 2032 704 2058 ταῦτα
722 2032 870 2068 μνησθῆναι
888 2033 934 2060 τοῦ

153 2074 224 2102 θείου
243 2076 332 2110 λογίου
350 2076 489 2111 λέγοντοςο
512 2075 552 2104 Οὗ
569 2076 623 2103 ἐὰν
644 2076 760 2111 στραεοῇ
776 2079 792 2103 ό
811 2076 933 2111 ἀσεϐὴς,

153 2120 322 2155 ἁφανίζεναι
344 2122 408 2156 (94).
428 2122 493 2149 Ἰδοὺ
524 2122 577 2158 γὰρ
600 2122 728 2154 ποικίλως
760 2123 934 2158 στρεφόμενοι

154 2166 214 2192 καθ’
229 2167 344 2202 ἑκάστην
368 2168 393 2193 οἱ
407 2167 545 2200 δυσσεῧεῑς
563 2168 747 2202 ἀφανίζονται,
774 2169 810 2203 μὴ
829 2168 934 2203 ἔχοντες

985 251 1091 285 quidem
1116 250 1248 277 facessere
1262 250 1356 285 jussis,
1377 251 1536 278 benevolum
1552 252 1670 279 animum
1688 253 1721 280 ab
1737 253 1770 280 iis

985 295 1113 330 postulat,
1146 295 1178 322 ad
1202 303 1317 330 quorum
1339 303 1419 322 aures
1445 295 1502 322 haec
1525 298 1714 331 pervenerint;
1739 301 1770 325 ut

985 342 1170 368 animadversa
1196 342 1292 368 harum
1317 342 1495 376 quaestionum
1520 341 1686 376 dilIicultate,
1715 344 1770 372 imo

986 386 1075 420 potius
1093 386 1427 420 incompreliensiltilitate,
1448 395 1500 414 non
1518 388 1613 419 verba,
1630 389 1676 415 sed
1701 389 1769 416 scri-

985 433 1071 468 ptoris
1099 433 1218 460 animum
1241 433 1404 468 judicarent,
1430 440 1491 460 cum
1519 434 1689 467 potissimum
1715 435 1768 462 alia

985 479 1163 513 complurima
1180 486 1270 506 veram
1284 479 1341 512 ejus
1355 483 1470 506 mentem
1487 479 1618 513 aperiant.
1629 479 1674 506 Ait
1688 480 1770 514 igitur

985 525 1044 560 ipse
1060 535 1066 552 :
1086 534 1095 551 1
1117 525 1250 560 Ejusmodi
1269 525 1392 559 exempla
1416 529 1445 551 ιιι
1463 526 1551 552 minus
1575 525 1650 552 utilia
1668 526 1768 553 cursim

985 572 1098 607 protuli,
1115 571 1242 598 nimirum
1261 571 1293 598 de
1306 570 1394 605 planta
1411 575 1437 598 et
1450 571 1566 606 agricola
1581 580 1588 598 :
1606 576 1707 598 natura:
1722 579 1769 599 ac-

985 618 1196 646 commodatiora
1217 617 1300 644 fusius
1322 617 1494 651 pertractavi,
1513 624 1545 644 ac
1564 618 1667 644 veriora
1688 617 1770 652 pluri-

986 663 1036 691 bus
1063 663 1186 698 expDSui.
1203 672 1212 688 ι
1242 661 1300 689 Jam
1325 662 1370 697 qui
1395 663 1453 689 hzec
1482 662 1609 696 loquitur,
1636 663 1767 696 ostendit,

986 710 1077 737 verius
1091 709 1142 736 dici
1159 708 1256 735 Filiqu
1277 713 1405 735 aeternum
1422 713 1448 735 et
1463 715 1497 734 ex
1509 708 1589 736 Patre
1601 716 1670 741 esse,
1687 717 1768 744 quam

986 762 1045 783 esse
1060 755 1160 782 factum
1174 764 1181 781 :
1201 762 1260 781 nam
1278 755 1329 781 hoc
1342 754 1449 788 quidem
1461 754 1603 787 vocabulo,
1621 756 1691 789 quod
1709 763 1771 782 cor-

986 808 1095 835 poreum
1107 804 1149 827 est
1166 801 1191 827 in
1207 800 1317 827 Domino
1333 800 1484 830 indicatur:
1501 799 1552 827 illis
1568 808 1642 832 vero,
1659 801 1769 828 aeterni-

988 851 1029 873 tas
1051 846 1197 873 divinitatis
1214 846 1281 879 ejus.
1304 846 1355 872 Eos
1378 846 1459 880 igitur
1480 846 1524 880 qui
1550 853 1578 872 se
1593 847 1768 880 accusabant,

985 897 1013 919 ιιι
1030 893 1075 927 qui
1090 897 1199 926 negaret
1213 891 1311 918 Filium
1327 899 1388 919 esse
1404 891 1474 918 Patri
1496 892 1766 925 consubstantialem,

984 939 1025 965 his
1039 938 1206 973 argumentis
1219 945 1234 963 a
1251 945 1280 964 se
1296 937 1448 964 confutatos
1472 937 1603 969 declarat,
1624 939 1695 965 haud
1715 939 1767 966 levi

984 983 1073 1013 modo,
1099 981 1144 1008 sed
1163 982 1371 1016 sapientissime,
1396 986 1423 1008 et
1446 990 1506 1009 cum
1524 990 1584 1009 vera
1600 983 1770 1011 demonstra-

985 1028 1068 1060 tione,
1083 1027 1145 1053 dum
1161 1027 1219 1054 haec
1236 1027 1274 1054 ait
1288 1037 1294 1054 :
1314 1036 1323 1052 1
1341 1028 1396 1055 Etsi
1411 1029 1479 1055 hanc
1493 1036 1584 1056 vocem
1603 1029 1630 1056 in
1646 1029 1769 1064 Scriptu-

983 1073 1021 1100 ris
1038 1080 1090 1100 non
1114 1073 1219 1105 iuveni,
1236 1078 1354 1100 attamen
1379 1075 1534 1102 earumdem
1560 1075 1764 1110 Scripturarum

984 1122 1098 1144 tuentem
1124 1117 1264 1152 colligens,
1289 1118 1395 1152 agnovi,
1424 1118 1520 1153 ipsum,
1550 1127 1610 1146 cum
1636 1120 1720 1147 Filius
1741 1126 1769 1148 et

984 1162 1101 1191 Verbum
1118 1164 1164 1197 sit,
1178 1172 1231 1190 non
1246 1171 1325 1198 posse
1340 1171 1355 1190 a
1370 1164 1455 1192 Patris
1466 1165 1615 1192 substantia
1629 1174 1689 1194 csse
1704 1167 1771 1194 alie-

983 1217 1058 1237 num.
1075 1218 1084 1235 ι
1099 1209 1176 1242 Quod
1192 1215 1280 1237 autem
1298 1209 1394 1237 Filium
1416 1219 1468 1238 non
1491 1213 1606 1239 senserit
1625 1220 1685 1240 esse
1710 1220 1767 1240 rem

982 1260 1102 1282 creatam
1116 1261 1164 1282 aut
1177 1255 1291 1288 factam,
1306 1261 1334 1283 ut
1346 1257 1381 1283 illi
1395 1256 1594 1292 perVngarant,
1611 1258 1638 1285 in
1651 1259 1770 1286 secundo

983 1301 1050 1329 libro
1062 1305 1175 1328 testatur
1185 1302 1226 1329 his
1235 1302 1338 1329 verbis:
1351 1311 1360 1327 1
1373 1302 1400 1329 Si
1411 1302 1471 1337 quis
1482 1307 1570 1330 autem
1580 1311 1613 1330 ex
1622 1305 1771 1339 sycophan-

984 1348 1028 1379 tis,
1039 1355 1072 1375 eo
1086 1347 1157 1382 quod
1174 1347 1268 1379 Deum,
1282 1348 1402 1374 omnium
1413 1348 1469 1375 dixi
1484 1349 1612 1376 factorem
1625 1355 1651 1377 et
1662 1355 1769 1377 creato-

982 1400 1050 1425 rem,
1066 1393 1203 1420 existimat
1225 1400 1267 1420 me
1282 1393 1363 1420 etiam
1375 1393 1476 1421 Christi
1489 1399 1639 1421 creatorem
1655 1395 1765 1429 dixisse,

982 1438 1104 1465 advertat
1119 1447 1161 1465 mc
1174 1439 1249 1472 prius
1265 1438 1370 1466 Patrem
1385 1438 1471 1474 ipsum
1493 1439 1652 1474 appellasse,
1670 1441 1695 1467 in
1714 1448 1767 1476 quo

982 1485 1113 1512 vocabulo
1126 1484 1209 1512 Filius
1231 1485 1366 1519 ascriptus
1386 1489 1436 1511 est.
1464 1483 1606 1519 Postquam
1623 1486 1694 1512 enim
1713 1487 1768 1514 dixi

984 1530 1089 1558 Patrem
1115 1531 1243 1558 factorem
1267 1537 1336 1562 esse,
1358 1530 1463 1557 subdidi
1484 1539 1490 1558 :
1511 1530 1603 1565 Neque
1618 1531 1699 1558 Pater
1722 1539 1768 1559 eo-

985 1584 1043 1603 rum
1059 1581 1100 1603 est
1117 1584 1231 1610 quorum
1245 1576 1331 1602 factor
1348 1580 1399 1607 est,
1413 1576 1435 1602 si
1452 1577 1560 1611 proprie
1577 1576 1657 1603 Pater
1670 1577 1769 1604 intelli-

983 1627 1062 1657 gatur
1076 1628 1136 1648 esse
1157 1621 1180 1648 is
1201 1621 1247 1656 qui
1272 1621 1365 1656 genuit
1391 1622 1580 1656 (latitudinem
1598 1623 1668 1649 enim
1686 1630 1767 1650 voca-

983 1666 1037 1693 buli
1053 1666 1238 1700 hujus,Pater,
1248 1666 1274 1693 in
1282 1667 1456 1701 sequentibus
1470 1667 1665 1703 inquiremus):
1682 1675 1768 1703 neque

984 1712 1069 1739 factor
1080 1712 1158 1739 Pater
1173 1716 1224 1744 est,
1239 1713 1260 1739 si
1272 1712 1346 1739 solus
1357 1712 1446 1746 opifex
1462 1712 1547 1740 factor
1557 1713 1663 1740 dicatur
1676 1722 1683 1741 :
1696 1715 1766 1749 apud

983 1757 1091 1784 Graecos
1099 1758 1168 1784 enim
1182 1757 1199 1784 ii
1214 1757 1258 1792 qui
1274 1757 1407 1791 sapientes
1421 1762 1494 1791 sunt,
1508 1765 1618 1785 suorum
1634 1759 1764 1786 librorum

983 1802 1100 1829 factores
1115 1807 1257 1830 vocantur:
1269 1802 1467 1838 Apostolusque
1480 1803 1527 1836 ait,
1541 1803 1641 1831 Factor
1652 1805 1715 1840 legis
1722 1806 1745 1822 ⁸⁸
1757 1814 1766 1834 :

984 1846 1045 1875 nam
1069 1856 1157 1876 rerum
1183 1849 1264 1876 etiam
1290 1849 1508 1882 intrinsecarum,
1533 1850 1680 1886 cujusmodi
1703 1856 1767 1879 sunt

984 1894 1069 1921 virtus
1091 1899 1118 1922 et
1141 1894 1247 1926 vitium,
1268 1894 1385 1922 factores
1405 1899 1468 1922 sunt
1491 1895 1673 1927 ltomines.'ut
1698 1897 1766 1924 dixit

984 1939 1077 1966 Deus:
1097 1939 1253 1976 Exspgctavi
1271 1945 1298 1967 ut
1319 1940 1417 1976 faceret
1436 1940 1573 1974 iudicium,
1596 1941 1657 1975 fecit
1678 1946 1764 1968 autem

983 1984 1149 2019 iniquitatem
1165 1973 1199 2012 Α.
1217 1993 1226 2009 ι

1017 2029 1061 2056 21.
1084 2029 1133 2062 Qui
1162 2030 1219 2057 haec
1244 2029 1328 2062 audit,
1357 2030 1440 2058 divini
1466 2038 1531 2058 sane
1557 2031 1659 2059 oraculi
1684 2031 1766 2068 203

984 2076 1146 2109 meminerit,
1162 2076 1276 2104 dicentis
1294 2085 1301 2104 :
1326 2076 1486 2111 Quacunque
1504 2085 1532 2104 se
1553 2083 1634 2105 uertat
1658 2079 1764 2112 impius,

983 2122 1152 2148 evanescit".
1166 2122 1271 2150 Etenim
1283 2131 1362 2158 quam
1374 2131 1403 2151 se
1414 2131 1519 2158 cunque
1530 2124 1555 2151 iu
1566 2129 1668 2159 partem
1681 2124 1766 2158 quoti-

983 2166 1028 2194 die
1053 2171 1211 2194 convertant
1235 2168 1309 2201 impii
1335 2168 1386 2200 illi,
1413 2173 1587 2200 evanescunt,
1610 2176 1643 2195 ne
1665 2168 1692 2195 in
1714 2169 1766 2195 hoc

156 2212 222 2248 μηδὲ
247 2213 287 2244 είς
310 2213 388 2239 τοῦτο
410 2213 543 2249 πρόφασιν
565 2215 628 2249 περ)¹
644 2214 789 2240 Διονυσίου.
809 2214 934 2250 Φανερῶς

986 2213 1093 2248 quidem
1119 2213 1199 2241 ullam
1221 2214 1353 2241 rationem
1378 2213 1548 2241 invenientes
1576 2214 1692 2248 Dionysii
1713 2213 1764 2239 sibi

156 2257 205 2292 μὲν
227 2257 281 2294 γὰρ
307 2257 435 2290 διδάσκει,
473 2258 510 2294 μὴ
537 2256 604 2285 εἶναι
628 2259 748 2295 ποίημα,
783 2257 850 2293 μηδὲ
876 2258 934 2284 κτί-

191 2369 213 2385 ⁶⁰
233 2369 311 2396 Rom.
327 2376 357 2402 ll,
372 2369 412 2396 15.
451 2369 471 2384 ⁶¹
493 2368 542 2395 lsa.
559 2376 584 2401 v,
600 2369 626 2395 7.
664 2369 686 2385 “
702 2368 781 2396 Prov.
797 2377 835 2395 xn
863 2369 889 2395 7.

190 2480 245 2516 (8'1)
257 2479 367 2517 Taurin.
376 2481 450 2508 Coll).
464 2480 531 2512 Jes.,
543 2481 655 2517 ἐλήφθη.
666 2480 726 2508 Mox
739 2480 804 2516 Reg.
816 2480 926 2508 Taurin.

155 2515 324 2552 18591”)th
335 2524 342 2531 ·
359 2517 421 2552 editi
437 2524 509 2552 vero,
524 2515 639 2552 μακραν.

191 2551 246 2612 (88)
264 2552 350 2593 Colb.,
366 2551 411 2592 τοξ
423 2550 655 2586 φράζοντοςίΜοχ
667 2551 736 2578 idem
752 2558 812 2578 cum
822 2550 935 2578 Taurin.

173 2589 182 2612 t
208 2594 259 2612 es..
273 2594 388 2612 μαλιστα
399 2594 471 2612 οταν.

155 2592 182 2612 et
192 2592 259 2618 Jes.,
273 2592 388 2618 μαλιστα
399 2594 471 2612 οταν.

192 2594 259 2618 .tes.,
273 2594 388 2620 μαλιστα
399 2594 471 2612 οταν.

192 2620 246 2658 (89)
259 2621 344 2658 Quit),
357 2621 576 2658 προφυεστέροις.
584 2621 644 2649 Mox
656 2621 767 2649 Taurin.
779 2620 932 2653 Colb.Jes.,

156 2655 246 2682 πλεῖον
259 2656 377 2691 ἐξῆλθον.

203 2691 247 2724 90)
265 2691 375 2717 Taurin.
392 2691 466 2727 Colb.
483 2691 554 2727 Jes.,
566 2692 784 2727 προγέγραπται.

203 2694 247 2724 90)
265 2694 375 2717 'l‘auriu.
392 2694 466 2718 (loli).
483 2694 549 2723 Jes.,
566 2694 784 2727 προγέγραπται.

192 2694 246 2761 (91)
261 2726 306 2761 Sic
331 2727 394 2759 ltcg.
411 2726 521 2753 Taurin.
542 2726 609 2759 Jes.,
624 2733 650 2754 et
661 2733 694 2753 ita
714 2727 778 2761 legit
802 2725 932 2753 Nannius.

157 2760 238 2792 Editi,
253 2760 290 2787 ὢν
301 2761 423 2796 ποιητής,
440 2762 515 2796 longe
527 2762 631 2789 diverso
645 2760 809 2789 scnsufMox
826 2763 851 2788 in
864 2761 935 2789 Tau-

157 2797 215 2832 rini
224 2797 298 2832 Colb.
313 2795 380 2828 Jes.,
392 2795 683 2832 πατήρλιίοείιίοηιιιιιπ.

193 2831 247 2867 (92)
265 2831 376 2867 Taurin.
394 2830 478 2867 Culbl‘
493 2831 558 2864 .Ies.,
574 2831 794 2867 ὲπεργασόμεθα.
812 2830 878 2865 Reg.
906 2835 936 2867 et

156 2865 489 2902 εάιιὶ,⁷ὲπεξεργασόμεοα.
508 2866 566 2894 Mux
580 2865 654 2895 Colb.
669 2865 734 2900 Jesl,
747 2866 807 2893 οὔτε
822 2866 935 2901 ποιητὴς

987 2259 1146 2287 conciliandi
1163 2268 1170 2288 ;
1193 2259 1291 2295 quippe
1309 2260 1356 2295 qui
1371 2265 1463 2294 aperte
1478 2259 1580 2290 doceat,
1600 2258 1696 2286 Filium
1716 2265 1766 2284 nec

981 2478 1012 2507 οὗ
1029 2479 1123 2516 Πατὴρ
1136 2477 1172 2542 ἦν
1187 2479 1276 2514 μόνος.
1289 2478 1413 2519 Taurin.,
1429 2477 1490 2505 οὔτε
1506 2476 1620 2513 ποιητὴς
1628 2472 1658 2503 οὗ
1670 2476 1765 2513 Πατὴρ

989 2516 1066 2542 μόνος
1076 2513 1119 2542 ἦν.
1161 2522 1201 2542 ea.
1217 2519 1244 2541 ut
1257 2515 1332 2541 editi.

988 2513 1119 2550 μόνος
1136 2513 1201 2548 Reg.
1217 2519 1244 2541 ut
1257 2515 1332 2550 editi.

1022 2546 1117 2586 (9ὂ)1ιι
1135 2546 1244 2586 Taurin.
1259 2549 1333 2577 Colb.
1351 2549 1404 2576 Jes.
1422 2547 1622 2586 ill_ud,_r:ot~r;ra_‘t
1640 2547 1687 2573 καὶ
1711 2546 1766 2586 τῶν

986 2582 1072 2618 ἰδίων,
1082 2592 1166 2619 οεφιο
1178 2584 1210 2612 ad
1221 2591 1336 2619 sequens
1347 2583 1457 2619 acor-qni.
1476 2583 1527 2618 τῆς
1544 2583 1651 2614 κακίας,
1665 2582 1765 2609 omissa

983 2625 1055 2647 sunt.

1020 2654 1075 2691 (9t)
1087 2654 1223 2691 Articulus
1238 2654 1312 2691 deest
1329 2653 1355 2680 in
1370 2653 1483 2691 Taurin.
1504 2651 1579 2679 Colb.
1591 2651 1764 2691 Jes._lh_iiiettt

982 2686 1050 2723 hm‘c,
1066 2686 1136 2725 ’Ἰδοὺ
1154 2689 1208 2725 γὰρ
1228 2688 1355 2725 ποικίλως
1369 2688 1546 2724 στρεφόμενοι
1570 2686 1630 2725 καθ’
1649 2687 1767 2725 εκάστην

983 2726 1007 2751 οἱ
1023 2722 1164 2755 δυσσεϐεῖς
1179 2722 1365 2758 ἅφανίζονται,
1382 2722 1409 2750 in
1429 2724 1507 2750 editis
1531 2722 1765 2758 desiderabantur,

983 2762 1018 2787 ob
1046 2755 1246 2787 similitudinem
1273 2767 1367 2785 vocum
1397 2757 1555 2792 ἀφανίζεται
1574 2761 1601 2783 et
1625 2755 1768 2792 ἀφανίζον-

983 2803 1038 2825 ται,
1055 2794 1152 2821 omissa
1167 2803 1173 2820 :
1191 2795 1235 2821 sed
1249 2794 1372 2829 lgeuntur
1384 2794 1408 2820 in
1420 2791 1489 2829 Βίης.-
1499 2792 1699 2829 Τουτίιι.υ(1ο11ι.
1709 2791 1764 2829 J_es.

984 2836 1010 2858 et
1023 2830 1068 2856 Fr.
1087 2829 1112 2856 1.
1141 2829 1240 2857 Ibidem
1257 2828 1367 2855 Taurin.
1389 2826 1544 2859 Colb’Jes”
1565 2826 1627 2862 μηδ’
1637 2827 1675 2858 εἰς
1687 2826 1767 2853 τοῦτο

985 2865 1119 2900 πρόφασιν
1129 2864 1204 2902 παρὰ
1219 2864 1364 2891 Διονυσίου.
