  <div class='ocr_page' id='page_1' title='image "/cluster/home/n/w/nwhite01/storage/ocr_20150623/25/njp.32101010944591/542.png"; bbox 0 0 2018 3048; ppageno 0'>
   <div class='ocr_carea' id='block_1_1' title="bbox 152 157 205 187">
    <p class='ocr_par' dir='ltr' id='par_1_1' title="bbox 152 157 205 187">
     <span class='ocr_line' id='line_1_1' title="bbox 152 157 205 187; baseline 0.019 -1"><span class='ocrx_word' id='word_1_1' title='bbox 152 157 205 187; x_wconf 70' lang='grc'><strong>515</strong></span> 
     </span>
    </p>
   </div>
   <div class='ocr_carea' id='block_1_2' title="bbox 747 162 1181 191">
    <p class='ocr_par' dir='ltr' id='par_1_2' title="bbox 747 162 1181 191">
     <span class='ocr_line' id='line_1_2' title="bbox 747 162 1181 191; baseline -0.002 0"><span class='ocrx_word' id='word_1_2' title='bbox 747 164 789 190; x_wconf 82' lang='lat' dir='ltr'><strong>DE</strong></span> <span class='ocrx_word' id='word_1_3' title='bbox 810 163 1004 191; x_wconf 69' lang='lat' dir='ltr'><strong>SENTENTIA</strong></span> <span class='ocrx_word' id='word_1_4' title='bbox 1021 162 1181 190; x_wconf 74' lang='lat' dir='ltr'><strong>DIONYSII.</strong></span> 
     </span>
    </p>
   </div>
   <div class='ocr_carea' id='block_1_3' title="bbox 1719 167 1771 194">
    <p class='ocr_par' dir='ltr' id='par_1_3' title="bbox 1719 167 1771 194">
     <span class='ocr_line' id='line_1_3' title="bbox 1719 167 1771 194; baseline 0 0"><span class='ocrx_word' id='word_1_5' title='bbox 1719 167 1771 194; x_wconf 72' lang='lat' dir='ltr'><strong>5M</strong></span> 
     </span>
    </p>
   </div>
   <div class='ocr_carea' id='block_1_4' title="bbox 151 205 1774 249">
    <p class='ocr_par' dir='ltr' id='par_1_4' title="bbox 151 205 1774 249">
     <span class='ocr_line' id='line_1_4' title="bbox 151 205 1774 249; baseline 0.005 -15"><span class='ocrx_word' id='word_1_6' title='bbox 151 205 278 240; x_wconf 65' lang='grc' dir='ltr'>βλαστοῦ,</span> <span class='ocrx_word' id='word_1_7' title='bbox 294 207 400 233; x_wconf 75' lang='grc' dir='ltr'>καὶτοῦ</span> <span class='ocrx_word' id='word_1_8' title='bbox 413 208 574 243; x_wconf 77' lang='grc' dir='ltr'>πνεύματος,</span> <span class='ocrx_word' id='word_1_9' title='bbox 590 210 636 237; x_wconf 69' lang='grc' dir='ltr'>καὶ</span> <span class='ocrx_word' id='word_1_10' title='bbox 656 211 706 246; x_wconf 80' lang='grc' dir='ltr'><strong>τῆς</strong></span> <span class='ocrx_word' id='word_1_11' title='bbox 729 212 839 247; x_wconf 80' lang='grc' dir='ltr'><strong>ἀτμίδος</strong></span> <span class='ocrx_word' id='word_1_12' title='bbox 853 211 1026 247; x_wconf 78' lang='grc' dir='ltr'>καταισχύνει</span> <span class='ocrx_word' id='word_1_13' title='bbox 1059 213 1121 244; x_wconf 75' lang='grc' dir='ltr'>τοὺς</span> <span class='ocrx_word' id='word_1_14' title='bbox 1153 212 1356 247; x_wconf 77' lang='grc' dir='ltr'>Χριστομάχους</span> <span class='ocrx_word' id='word_1_15' title='bbox 1382 212 1509 238; x_wconf 80' lang='grc' dir='ltr'>τάναντία</span> <span class='ocrx_word' id='word_1_16' title='bbox 1545 213 1720 248; x_wconf 77' lang='grc' dir='ltr'>θρυλλοῦντας</span> <span class='ocrx_word' id='word_1_17' title='bbox 1735 215 1774 249; x_wconf 87' lang='grc'><strong>(6)</strong></span> 
     </span>
    </p>
   </div>
   <div class='ocr_carea' id='block_1_5' title="bbox 151 253 316 281">
    <p class='ocr_par' dir='ltr' id='par_1_5' title="bbox 151 253 316 281">
     <span class='ocr_line' id='line_1_5' title="bbox 151 253 316 281; baseline 0.012 -2"><span class='ocrx_word' id='word_1_18' title='bbox 151 254 209 279; x_wconf 79' lang='grc' dir='ltr'>κατ’</span> <span class='ocrx_word' id='word_1_19' title='bbox 222 253 316 281; x_wconf 85' lang='grc' dir='ltr'>αὑτοῦ.</span> 
     </span>
    </p>
   </div>
   <div class='ocr_carea' id='block_1_6' title="bbox 186 298 926 340">
    <p class='ocr_par' dir='ltr' id='par_1_6' title="bbox 186 298 926 338">
     <span class='ocr_line' id='line_1_6' title="bbox 186 298 926 338; baseline 0.011 -13"><span class='ocrx_word' id='word_1_20' title='bbox 186 298 229 326; x_wconf 68' lang='lat'><strong>‘25.</strong></span> <span class='ocrx_word' id='word_1_21' title='bbox 253 301 359 336; x_wconf 82' lang='grc' dir='ltr'><strong>Ἐπειδὴ</strong></span> <span class='ocrx_word' id='word_1_22' title='bbox 391 301 419 327; x_wconf 86' lang='grc' dir='ltr'><strong>δὲ</strong></span> <span class='ocrx_word' id='word_1_23' title='bbox 449 302 516 337; x_wconf 81' lang='grc' dir='ltr'>πρὸς</span> <span class='ocrx_word' id='word_1_24' title='bbox 542 304 608 330; x_wconf 78' lang='grc' dir='ltr'>πᾶσι</span> <span class='ocrx_word' id='word_1_25' title='bbox 631 306 686 336; x_wconf 86' lang='grc' dir='ltr'>τοῖς</span> <span class='ocrx_word' id='word_1_26' title='bbox 703 305 798 332; x_wconf 78' lang='grc' dir='ltr'>ἑαυτοῦ</span> <span class='ocrx_word' id='word_1_27' title='bbox 813 307 926 338; x_wconf 81' lang='grc' dir='ltr'>κακοῖςι</span> 
     </span>
    </p>
   </div>
   <div class='ocr_carea' id='block_1_7' title="bbox 979 298 1774 340">
    <p class='ocr_par' dir='ltr' id='par_1_7' title="bbox 1023 311 1774 340">
     <span class='ocr_line' id='line_1_7' title="bbox 1023 311 1774 340; baseline 0 0"><span class='ocrx_word' id='word_1_28' title='bbox 1023 313 1069 340; x_wconf 75' lang='lat'><strong>‘23.</strong></span> <span class='ocrx_word' id='word_1_29' title='bbox 1086 313 1153 340; x_wconf 90' lang='lat' dir='ltr'><strong>Cum</strong></span> <span class='ocrx_word' id='word_1_30' title='bbox 1175 317 1264 339; x_wconf 85' lang='lat' dir='ltr'><strong>autem</strong></span> <span class='ocrx_word' id='word_1_31' title='bbox 1282 311 1362 339; x_wconf 86' lang='lat' dir='ltr'><strong>Arius</strong></span> <span class='ocrx_word' id='word_1_32' title='bbox 1382 312 1416 339; x_wconf 87' lang='lat' dir='ltr'><strong>ad</strong></span> <span class='ocrx_word' id='word_1_33' title='bbox 1431 317 1527 339; x_wconf 63' lang='grc' dir='ltr'>(κριοῖο</span> <span class='ocrx_word' id='word_1_34' title='bbox 1549 319 1596 339; x_wconf 85' lang='lat' dir='ltr'><strong>sua</strong></span> <span class='ocrx_word' id='word_1_35' title='bbox 1622 313 1690 339; x_wconf 85' lang='lat' dir='ltr'><strong>mala</strong></span> <span class='ocrx_word' id='word_1_36' title='bbox 1703 313 1774 340; x_wconf 78' lang='lat' dir='ltr'><strong>hanc</strong></span> 
     </span>
    </p>
   </div>
   <div class='ocr_carea' id='block_1_8' title="bbox 151 345 934 387">
    <p class='ocr_par' dir='ltr' id='par_1_8' title="bbox 151 345 934 387">
     <span class='ocr_line' id='line_1_8' title="bbox 151 345 934 387; baseline 0.009 -16"><span class='ocrx_word' id='word_1_37' title='bbox 151 345 260 380; x_wconf 70' lang='grc' dir='ltr'>Ἄρειος</span> <span class='ocrx_word' id='word_1_38' title='bbox 274 347 321 373; x_wconf 75' lang='grc' dir='ltr'>καὶ</span> <span class='ocrx_word' id='word_1_39' title='bbox 345 347 424 374; x_wconf 85' lang='grc' dir='ltr'>τοῦτο</span> <span class='ocrx_word' id='word_1_40' title='bbox 453 350 664 386; x_wconf 76' lang='grc' dir='ltr'>συμπεφορηκεν</span> <span class='ocrx_word' id='word_1_41' title='bbox 688 351 776 387; x_wconf 85' lang='grc' dir='ltr'>ἑαυτῷ</span> <span class='ocrx_word' id='word_1_42' title='bbox 792 353 934 387; x_wconf 75' lang='grc' dir='ltr'><strong>ῥημάτιον,</strong></span> 
     </span>
    </p>
   </div>
   <div class='ocr_carea' id='block_1_9' title="bbox 148 390 936 433">
    <p class='ocr_par' dir='ltr' id='par_1_9' title="bbox 148 390 936 433">
     <span class='ocr_line' id='line_1_9' title="bbox 148 390 936 433; baseline 0.013 -17"><span class='ocrx_word' id='word_1_43' title='bbox 148 390 186 422; x_wconf 88' lang='grc' dir='ltr'>ὼς</span> <span class='ocrx_word' id='word_1_44' title='bbox 201 391 233 418; x_wconf 81' lang='grc' dir='ltr'>ἐκ</span> <span class='ocrx_word' id='word_1_45' title='bbox 244 393 368 427; x_wconf 83' lang='grc' dir='ltr'>κοπρίας,</span> <span class='ocrx_word' id='word_1_46' title='bbox 386 395 433 421; x_wconf 79' lang='grc' dir='ltr'>καὶ</span> <span class='ocrx_word' id='word_1_47' title='bbox 447 395 633 431; x_wconf 77' lang='grc' dir='ltr'>προστίθησιν,</span> <span class='ocrx_word' id='word_1_48' title='bbox 645 397 683 428; x_wconf 80' lang='grc' dir='ltr'><strong>ὡς</strong></span> <span class='ocrx_word' id='word_1_49' title='bbox 701 398 755 433; x_wconf 79' lang='grc' dir='ltr'>ἄρα</span> <span class='ocrx_word' id='word_1_50' title='bbox 780 408 789 423; x_wconf 77' lang='grc' dir='ltr'><strong>ι</strong></span> <span class='ocrx_word' id='word_1_51' title='bbox 812 400 827 425; x_wconf 91' lang='lat'><strong>6</strong></span> <span class='ocrx_word' id='word_1_52' title='bbox 852 399 936 433; x_wconf 83' lang='grc' dir='ltr'>Λόγος</span> 
     </span>
    </p>
   </div>
   <div class='ocr_carea' id='block_1_10' title="bbox 148 436 936 478">
    <p class='ocr_par' dir='ltr' id='par_1_10' title="bbox 148 436 936 478">
     <span class='ocr_line' id='line_1_10' title="bbox 148 436 936 478; baseline 0.013 -17"><span class='ocrx_word' id='word_1_53' title='bbox 148 436 198 463; x_wconf 80' lang='grc' dir='ltr'>οὐκ</span> <span class='ocrx_word' id='word_1_54' title='bbox 211 437 283 463; x_wconf 78' lang='grc' dir='ltr'>ἔστιν</span> <span class='ocrx_word' id='word_1_55' title='bbox 299 437 363 470; x_wconf 73' lang='grc' dir='ltr'>ἴδιος</span> <span class='ocrx_word' id='word_1_56' title='bbox 373 439 418 466; x_wconf 88' lang='grc' dir='ltr'><strong>τοῦ</strong></span> <span class='ocrx_word' id='word_1_57' title='bbox 429 440 545 476; x_wconf 79' lang='grc' dir='ltr'>Πατρὺς.</span> <span class='ocrx_word' id='word_1_58' title='bbox 561 441 618 468; x_wconf 85' lang='grc' dir='ltr'>ἀλλ’</span> <span class='ocrx_word' id='word_1_59' title='bbox 633 442 711 475; x_wconf 83' lang='grc' dir='ltr'>ἄλλος</span> <span class='ocrx_word' id='word_1_60' title='bbox 729 444 779 478; x_wconf 81' lang='grc' dir='ltr'><strong>μὲν</strong></span> <span class='ocrx_word' id='word_1_61' title='bbox 794 444 866 471; x_wconf 74' lang='grc' dir='ltr'>ἔστιν</span> <span class='ocrx_word' id='word_1_62' title='bbox 877 445 891 471; x_wconf 87' lang='grc' dir='ltr'><strong>ὁ</strong></span> <span class='ocrx_word' id='word_1_63' title='bbox 907 446 936 471; x_wconf 84' lang='grc' dir='ltr'>ὲν</span> 
     </span>
    </p>
   </div>
   <div class='ocr_carea' id='block_1_11' title="bbox 148 481 936 525">
    <p class='ocr_par' dir='ltr' id='par_1_11' title="bbox 148 481 936 525">
     <span class='ocr_line' id='line_1_11' title="bbox 148 481 936 525; baseline 0.011 -17"><span class='ocrx_word' id='word_1_64' title='bbox 148 481 188 517; x_wconf 74' lang='grc' dir='ltr'>τῷ</span> <span class='ocrx_word' id='word_1_65' title='bbox 210 482 269 518; x_wconf 79' lang='grc' dir='ltr'><strong>Θεῷ</strong></span> <span class='ocrx_word' id='word_1_66' title='bbox 295 484 396 518; x_wconf 84' lang='grc' dir='ltr'>Λόγος·</span> <span class='ocrx_word' id='word_1_67' title='bbox 412 483 495 519; x_wconf 73' lang='grc' dir='ltr'>οὗτος</span> <span class='ocrx_word' id='word_1_68' title='bbox 520 486 548 513; x_wconf 84' lang='grc' dir='ltr'><strong>δὲ</strong></span> <span class='ocrx_word' id='word_1_69' title='bbox 577 488 591 513; x_wconf 80' lang='grc' dir='ltr'>ὁ</span> <span class='ocrx_word' id='word_1_70' title='bbox 612 488 713 524; x_wconf 82' lang='grc' dir='ltr'>Κύριος</span> <span class='ocrx_word' id='word_1_71' title='bbox 730 489 804 523; x_wconf 76' lang='grc' dir='ltr'>ξένος</span> <span class='ocrx_word' id='word_1_72' title='bbox 822 491 869 525; x_wconf 78' lang='grc' dir='ltr'>μὲν</span> <span class='ocrx_word' id='word_1_73' title='bbox 889 492 936 517; x_wconf 77' lang='grc' dir='ltr'>καὶ</span> 
     </span>
    </p>
   </div>
   <div class='ocr_carea' id='block_1_12' title="bbox 149 526 934 569">
    <p class='ocr_par' dir='ltr' id='par_1_12' title="bbox 149 526 934 569">
     <span class='ocr_line' id='line_1_12' title="bbox 149 526 934 569; baseline 0.013 -17"><span class='ocrx_word' id='word_1_74' title='bbox 149 526 287 563; x_wconf 84' lang='grc' dir='ltr'>ἀλλότριός</span> <span class='ocrx_word' id='word_1_75' title='bbox 318 529 376 555; x_wconf 74' lang='grc' dir='ltr'>ἐστι</span> <span class='ocrx_word' id='word_1_76' title='bbox 393 529 432 565; x_wconf 93' lang='grc'><strong>(7)</strong></span> <span class='ocrx_word' id='word_1_77' title='bbox 464 531 513 566; x_wconf 84' lang='grc' dir='ltr'>τῆς</span> <span class='ocrx_word' id='word_1_78' title='bbox 540 532 587 558; x_wconf 88' lang='grc' dir='ltr'><strong>τοῦ</strong></span> <span class='ocrx_word' id='word_1_79' title='bbox 609 533 714 569; x_wconf 84' lang='grc' dir='ltr'>Πατρὺς</span> <span class='ocrx_word' id='word_1_80' title='bbox 739 535 847 567; x_wconf 78' lang='grc' dir='ltr'>οὐσίας’</span> <span class='ocrx_word' id='word_1_81' title='bbox 875 536 934 562; x_wconf 83' lang='grc' dir='ltr'>κατ’</span> 
     </span>
    </p>
   </div>
   <div class='ocr_carea' id='block_1_13' title="bbox 148 571 935 615">
    <p class='ocr_par' dir='ltr' id='par_1_13' title="bbox 148 571 935 615">
     <span class='ocr_line' id='line_1_13' title="bbox 148 571 935 615; baseline 0.013 -18"><span class='ocrx_word' id='word_1_82' title='bbox 148 571 269 598; x_wconf 74' lang='grc' dir='ltr'>ἐπίνοιαν</span> <span class='ocrx_word' id='word_1_83' title='bbox 286 572 315 598; x_wconf 85' lang='grc' dir='ltr'><strong>δὲ</strong></span> <span class='ocrx_word' id='word_1_84' title='bbox 331 574 410 607; x_wconf 88' lang='grc' dir='ltr'>μόνον</span> <span class='ocrx_word' id='word_1_85' title='bbox 423 574 531 609; x_wconf 82' lang='grc' dir='ltr'>λέγεται</span> <span class='ocrx_word' id='word_1_86' title='bbox 546 577 639 611; x_wconf 82' lang='grc' dir='ltr'><strong>Λόγος,</strong></span> <span class='ocrx_word' id='word_1_87' title='bbox 667 579 714 604; x_wconf 76' lang='grc' dir='ltr'>καὶ</span> <span class='ocrx_word' id='word_1_88' title='bbox 735 580 784 606; x_wconf 76' lang='grc' dir='ltr'>οὐκ</span> <span class='ocrx_word' id='word_1_89' title='bbox 803 580 860 606; x_wconf 74' lang='grc' dir='ltr'>ἐστι</span> <span class='ocrx_word' id='word_1_90' title='bbox 886 581 935 615; x_wconf 84' lang='grc' dir='ltr'><strong>μὲν</strong></span> 
     </span>
    </p>
   </div>
   <div class='ocr_carea' id='block_1_14' title="bbox 148 616 935 656">
    <p class='ocr_par' dir='ltr' id='par_1_14' title="bbox 148 616 935 656">
     <span class='ocr_line' id='line_1_14' title="bbox 148 616 935 656; baseline 0.015 -14"><span class='ocrx_word' id='word_1_91' title='bbox 148 616 219 643; x_wconf 82' lang='grc' dir='ltr'>κατὰ</span> <span class='ocrx_word' id='word_1_92' title='bbox 236 617 316 652; x_wconf 82' lang='grc' dir='ltr'>φύσιν</span> <span class='ocrx_word' id='word_1_93' title='bbox 331 620 377 645; x_wconf 78' lang='grc' dir='ltr'>καὶ</span> <span class='ocrx_word' id='word_1_94' title='bbox 389 619 513 655; x_wconf 79' lang='grc' dir='ltr'>ἀληθινὸς</span> <span class='ocrx_word' id='word_1_95' title='bbox 534 622 580 648; x_wconf 82' lang='grc' dir='ltr'><strong>τοῦ</strong></span> <span class='ocrx_word' id='word_1_96' title='bbox 599 623 666 649; x_wconf 85' lang='grc' dir='ltr'>Θεοῦ</span> <span class='ocrx_word' id='word_1_97' title='bbox 689 624 762 656; x_wconf 77' lang='grc' dir='ltr'>Υἱὸς.</span> <span class='ocrx_word' id='word_1_98' title='bbox 780 625 850 652; x_wconf 82' lang='grc' dir='ltr'>κατὰ</span> <span class='ocrx_word' id='word_1_99' title='bbox 862 626 935 654; x_wconf 82' lang='grc' dir='ltr'>θέσιν</span> 
     </span>
    </p>
   </div>
   <div class='ocr_carea' id='block_1_15' title="bbox 146 662 935 706">
    <p class='ocr_par' dir='ltr' id='par_1_15' title="bbox 146 662 935 706">
     <span class='ocr_line' id='line_1_15' title="bbox 146 662 935 706; baseline 0.014 -18"><span class='ocrx_word' id='word_1_100' title='bbox 146 662 176 688; x_wconf 83' lang='grc' dir='ltr'><strong>δὲ</strong></span> <span class='ocrx_word' id='word_1_101' title='bbox 198 662 303 697; x_wconf 84' lang='grc' dir='ltr'>λέγεται</span> <span class='ocrx_word' id='word_1_102' title='bbox 333 665 379 691; x_wconf 79' lang='grc' dir='ltr'>καὶ</span> <span class='ocrx_word' id='word_1_103' title='bbox 404 663 481 698; x_wconf 79' lang='grc' dir='ltr'>οὗτος</span> <span class='ocrx_word' id='word_1_104' title='bbox 498 667 565 703; x_wconf 81' lang='grc'><strong>(8-9)</strong></span> <span class='ocrx_word' id='word_1_105' title='bbox 579 668 652 701; x_wconf 75' lang='grc' dir='ltr'>Υἱὸς,</span> <span class='ocrx_word' id='word_1_106' title='bbox 665 670 703 702; x_wconf 87' lang='grc' dir='ltr'>ὠς</span> <span class='ocrx_word' id='word_1_107' title='bbox 729 671 846 706; x_wconf 87' lang='grc' dir='ltr'>κτίσμα·</span> <span class='ocrx_word' id='word_1_108' title='bbox 863 683 872 698; x_wconf 77' lang='grc' dir='ltr'><strong>ι</strong></span> <span class='ocrx_word' id='word_1_109' title='bbox 889 673 935 700; x_wconf 75' lang='grc' dir='ltr'>καὶ</span> 
     </span>
    </p>
   </div>
   <div class='ocr_carea' id='block_1_16' title="bbox 146 709 935 750">
    <p class='ocr_par' dir='ltr' id='par_1_16' title="bbox 146 709 935 750">
     <span class='ocr_line' id='line_1_16' title="bbox 146 709 935 750; baseline 0.014 -15"><span class='ocrx_word' id='word_1_110' title='bbox 146 709 258 737; x_wconf 89' lang='grc' dir='ltr'>τοιαῦτα</span> <span class='ocrx_word' id='word_1_111' title='bbox 270 710 356 745; x_wconf 85' lang='grc' dir='ltr'>λέγων</span> <span class='ocrx_word' id='word_1_112' title='bbox 372 713 451 747; x_wconf 78' lang='grc' dir='ltr'>αὐχεῖ</span> <span class='ocrx_word' id='word_1_113' title='bbox 467 714 541 749; x_wconf 78' lang='grc' dir='ltr'>παρὰ</span> <span class='ocrx_word' id='word_1_114' title='bbox 561 716 617 747; x_wconf 88' lang='grc' dir='ltr'>τοῖς</span> <span class='ocrx_word' id='word_1_115' title='bbox 635 716 787 750; x_wconf 78' lang='grc' dir='ltr'><strong>ἀγνοοῦσιν,</strong></span> <span class='ocrx_word' id='word_1_116' title='bbox 799 718 836 750; x_wconf 84' lang='grc' dir='ltr'>ὡς</span> <span class='ocrx_word' id='word_1_117' title='bbox 849 720 895 745; x_wconf 70' lang='grc' dir='ltr'>καὶ</span> <span class='ocrx_word' id='word_1_118' title='bbox 906 720 935 745; x_wconf 83' lang='grc' dir='ltr'>ἐν</span> 
     </span>
    </p>
   </div>
   <div class='ocr_carea' id='block_1_17' title="bbox 146 754 934 800">
    <p class='ocr_par' dir='ltr' id='par_1_17' title="bbox 146 754 934 800">
     <span class='ocr_line' id='line_1_17' title="bbox 146 754 934 800; baseline 0.014 -19"><span class='ocrx_word' id='word_1_119' title='bbox 146 754 249 787; x_wconf 85' lang='grc' dir='ltr'><strong>τούτοις</strong></span> <span class='ocrx_word' id='word_1_120' title='bbox 265 755 334 792; x_wconf 79' lang='grc' dir='ltr'>ἔχων</span> <span class='ocrx_word' id='word_1_121' title='bbox 348 758 473 792; x_wconf 81' lang='grc' dir='ltr'>ὁμόδοξον</span> <span class='ocrx_word' id='word_1_122' title='bbox 498 759 543 786; x_wconf 81' lang='grc' dir='ltr'><strong>τὸν</strong></span> <span class='ocrx_word' id='word_1_123' title='bbox 572 762 724 789; x_wconf 82' lang='grc' dir='ltr'>Διονύσιον·</span> <span class='ocrx_word' id='word_1_124' title='bbox 740 764 791 798; x_wconf 83' lang='grc' dir='ltr'>ὅρα</span> <span class='ocrx_word' id='word_1_125' title='bbox 821 764 867 790; x_wconf 77' lang='grc' dir='ltr'>καὶ</span> <span class='ocrx_word' id='word_1_126' title='bbox 885 765 934 800; x_wconf 82' lang='grc' dir='ltr'>τὴν</span> 
     </span>
    </p>
   </div>
   <div class='ocr_carea' id='block_1_18' title="bbox 147 802 934 846">
    <p class='ocr_par' dir='ltr' id='par_1_18' title="bbox 147 802 934 846">
     <span class='ocr_line' id='line_1_18' title="bbox 147 802 934 846; baseline 0.014 -19"><span class='ocrx_word' id='word_1_127' title='bbox 147 802 210 837; x_wconf 76' lang='grc' dir='ltr'>περὶ</span> <span class='ocrx_word' id='word_1_128' title='bbox 225 803 327 830; x_wconf 85' lang='grc' dir='ltr'>τούτων</span> <span class='ocrx_word' id='word_1_129' title='bbox 342 805 431 831; x_wconf 88' lang='grc' dir='ltr'>πίστιν</span> <span class='ocrx_word' id='word_1_130' title='bbox 447 805 492 832; x_wconf 83' lang='grc' dir='ltr'><strong>τοῦ</strong></span> <span class='ocrx_word' id='word_1_131' title='bbox 509 807 645 834; x_wconf 81' lang='grc' dir='ltr'>Διονυσίου</span> <span class='ocrx_word' id='word_1_132' title='bbox 658 829 665 840; x_wconf 86' lang='lat'><strong>,</strong></span> <span class='ocrx_word' id='word_1_133' title='bbox 680 810 726 836; x_wconf 76' lang='grc' dir='ltr'>καὶ</span> <span class='ocrx_word' id='word_1_134' title='bbox 740 810 797 841; x_wconf 80' lang='grc' dir='ltr'>πῶς</span> <span class='ocrx_word' id='word_1_135' title='bbox 820 812 934 846; x_wconf 80' lang='grc' dir='ltr'>μάχεται</span> 
     </span>
    </p>
   </div>
   <div class='ocr_carea' id='block_1_19' title="bbox 144 850 934 892">
    <p class='ocr_par' dir='ltr' id='par_1_19' title="bbox 144 850 934 892">
     <span class='ocr_line' id='line_1_19' title="bbox 144 850 934 892; baseline 0.013 -18"><span class='ocrx_word' id='word_1_136' title='bbox 144 850 205 880; x_wconf 84' lang='grc' dir='ltr'>ταῖς</span> <span class='ocrx_word' id='word_1_137' title='bbox 230 850 367 882; x_wconf 76' lang='grc' dir='ltr'>τοιαύταις</span> <span class='ocrx_word' id='word_1_138' title='bbox 388 852 492 885; x_wconf 77' lang='grc' dir='ltr'>Ἀρείου</span> <span class='ocrx_word' id='word_1_139' title='bbox 513 854 676 886; x_wconf 87' lang='grc' dir='ltr'>κακονοίαις.</span> <span class='ocrx_word' id='word_1_140' title='bbox 705 855 806 891; x_wconf 74' lang='grc' dir='ltr'>Γράφει</span> <span class='ocrx_word' id='word_1_141' title='bbox 830 856 883 892; x_wconf 77' lang='grc' dir='ltr'><strong>γὰρ</strong></span> <span class='ocrx_word' id='word_1_142' title='bbox 905 858 934 884; x_wconf 89' lang='grc' dir='ltr'>ὲν</span> 
     </span>
    </p>
   </div>
   <div class='ocr_carea' id='block_1_20' title="bbox 147 894 932 936">
    <p class='ocr_par' dir='ltr' id='par_1_20' title="bbox 147 894 932 936">
     <span class='ocr_line' id='line_1_20' title="bbox 147 894 932 936; baseline 0.01 -16"><span class='ocrx_word' id='word_1_143' title='bbox 147 895 196 929; x_wconf 88' lang='grc' dir='ltr'><strong>μὲν</strong></span> <span class='ocrx_word' id='word_1_144' title='bbox 213 894 252 930; x_wconf 82' lang='grc' dir='ltr'>τῷ</span> <span class='ocrx_word' id='word_1_145' title='bbox 266 895 365 931; x_wconf 81' lang='grc' dir='ltr'><strong>πρώτῳ</strong></span> <span class='ocrx_word' id='word_1_146' title='bbox 379 896 472 932; x_wconf 77' lang='grc' dir='ltr'>βιϐλίῳ</span> <span class='ocrx_word' id='word_1_147' title='bbox 484 898 585 930; x_wconf 72' lang='grc' dir='ltr'>οὕτως·</span> <span class='ocrx_word' id='word_1_148' title='bbox 606 908 615 925; x_wconf 74' lang='grc' dir='ltr'><strong>ι</strong></span> <span class='ocrx_word' id='word_1_149' title='bbox 636 899 798 936; x_wconf 83' lang='grc' dir='ltr'>Προείρηται</span> <span class='ocrx_word' id='word_1_150' title='bbox 814 902 862 936; x_wconf 80' lang='grc' dir='ltr'><strong>μὲν</strong></span> <span class='ocrx_word' id='word_1_151' title='bbox 876 900 932 934; x_wconf 81' lang='grc' dir='ltr'>οῦν,</span> 
     </span>
    </p>
   </div>
   <div class='ocr_carea' id='block_1_21' title="bbox 144 940 932 980">
    <p class='ocr_par' dir='ltr' id='par_1_21' title="bbox 144 940 932 980">
     <span class='ocr_line' id='line_1_21' title="bbox 144 940 932 980; baseline 0.013 -15"><span class='ocrx_word' id='word_1_152' title='bbox 144 940 186 966; x_wconf 84' lang='grc' dir='ltr'>ὃτι</span> <span class='ocrx_word' id='word_1_153' title='bbox 213 941 289 976; x_wconf 81' lang='grc' dir='ltr'>πηγὴ</span> <span class='ocrx_word' id='word_1_154' title='bbox 317 942 370 968; x_wconf 86' lang='grc' dir='ltr'><strong>τῶν</strong></span> <span class='ocrx_word' id='word_1_155' title='bbox 385 943 495 976; x_wconf 81' lang='grc' dir='ltr'>ἀγαθῶν</span> <span class='ocrx_word' id='word_1_156' title='bbox 515 945 643 971; x_wconf 84' lang='grc' dir='ltr'>ἁπάντων</span> <span class='ocrx_word' id='word_1_157' title='bbox 659 946 712 980; x_wconf 91' lang='grc'><strong>(10)</strong></span> <span class='ocrx_word' id='word_1_158' title='bbox 729 947 801 973; x_wconf 75' lang='grc' dir='ltr'>ἐστὶν</span> <span class='ocrx_word' id='word_1_159' title='bbox 826 949 840 974; x_wconf 95' lang='lat'><strong>6</strong></span> <span class='ocrx_word' id='word_1_160' title='bbox 851 948 932 980; x_wconf 78' lang='grc' dir='ltr'>Θεὸς·</span> 
     </span>
    </p>
   </div>
   <div class='ocr_carea' id='block_1_22' title="bbox 990 358 1774 394">
    <p class='ocr_par' dir='ltr' id='par_1_22' title="bbox 990 358 1774 394">
     <span class='ocr_line' id='line_1_22' title="bbox 990 358 1774 394; baseline 0 -8"><span class='ocrx_word' id='word_1_161' title='bbox 990 367 1098 394; x_wconf 87' lang='lat' dir='ltr'><strong>quoque</strong></span> <span class='ocrx_word' id='word_1_162' title='bbox 1119 358 1281 386; x_wconf 83' lang='lat' dir='ltr'><strong>sententiam</strong></span> <span class='ocrx_word' id='word_1_163' title='bbox 1295 358 1371 393; x_wconf 84' lang='lat' dir='ltr'><strong>quasi</strong></span> <span class='ocrx_word' id='word_1_164' title='bbox 1387 366 1418 385; x_wconf 82' lang='lat' dir='ltr'><strong>ex</strong></span> <span class='ocrx_word' id='word_1_165' title='bbox 1434 358 1605 393; x_wconf 86' lang='lat' dir='ltr'><strong>sterquilinio</strong></span> <span class='ocrx_word' id='word_1_166' title='bbox 1629 359 1679 386; x_wconf 85' lang='lat' dir='ltr'><strong>sibi</strong></span> <span class='ocrx_word' id='word_1_167' title='bbox 1708 367 1774 386; x_wconf 92' lang='lat' dir='ltr'><strong>con-</strong></span> 
     </span>
    </p>
   </div>
   <div class='ocr_carea' id='block_1_23' title="bbox 990 403 1774 437">
    <p class='ocr_par' dir='ltr' id='par_1_23' title="bbox 990 403 1774 437">
     <span class='ocr_line' id='line_1_23' title="bbox 990 403 1774 437; baseline -0.001 -5"><span class='ocrx_word' id='word_1_168' title='bbox 990 405 1144 436; x_wconf 73' lang='lat' dir='ltr'><strong>sarcinarit,</strong></span> <span class='ocrx_word' id='word_1_169' title='bbox 1165 409 1192 431; x_wconf 89' lang='lat' dir='ltr'><strong>et</strong></span> <span class='ocrx_word' id='word_1_170' title='bbox 1219 404 1276 430; x_wconf 71' lang='lat' dir='ltr'><strong>haec</strong></span> <span class='ocrx_word' id='word_1_171' title='bbox 1299 403 1450 437; x_wconf 82' lang='lat' dir='ltr'><strong>adjecerit:</strong></span> <span class='ocrx_word' id='word_1_172' title='bbox 1472 413 1481 430; x_wconf 75' lang='grc' dir='ltr'><strong>ι</strong></span> <span class='ocrx_word' id='word_1_173' title='bbox 1503 404 1621 431; x_wconf 79' lang='lat' dir='ltr'><strong>Verbum</strong></span> <span class='ocrx_word' id='word_1_174' title='bbox 1650 412 1704 430; x_wconf 84' lang='lat' dir='ltr'><strong>non</strong></span> <span class='ocrx_word' id='word_1_175' title='bbox 1732 409 1774 432; x_wconf 85' lang='lat' dir='ltr'><strong>est</strong></span> 
     </span>
    </p>
   </div>
   <div class='ocr_carea' id='block_1_24' title="bbox 989 449 1774 486">
    <p class='ocr_par' dir='ltr' id='par_1_24' title="bbox 989 449 1774 486">
     <span class='ocr_line' id='line_1_24' title="bbox 989 449 1774 486; baseline -0.003 -8"><span class='ocrx_word' id='word_1_176' title='bbox 989 451 1126 486; x_wconf 90' lang='lat' dir='ltr'><strong>proprium</strong></span> <span class='ocrx_word' id='word_1_177' title='bbox 1142 449 1227 482; x_wconf 80' lang='lat' dir='ltr'><strong>Patri,</strong></span> <span class='ocrx_word' id='word_1_178' title='bbox 1243 449 1288 476; x_wconf 89' lang='lat' dir='ltr'><strong>sed</strong></span> <span class='ocrx_word' id='word_1_179' title='bbox 1304 449 1373 476; x_wconf 81' lang='lat' dir='ltr'><strong>aliud</strong></span> <span class='ocrx_word' id='word_1_180' title='bbox 1393 456 1434 477; x_wconf 86' lang='lat' dir='ltr'><strong>est</strong></span> <span class='ocrx_word' id='word_1_181' title='bbox 1460 450 1486 476; x_wconf 93' lang='lat' dir='ltr'><strong>in</strong></span> <span class='ocrx_word' id='word_1_182' title='bbox 1502 450 1556 476; x_wconf 90' lang='lat' dir='ltr'><strong>Deo</strong></span> <span class='ocrx_word' id='word_1_183' title='bbox 1571 449 1688 477; x_wconf 77' lang='lat' dir='ltr'><strong>Verbum</strong></span> <span class='ocrx_word' id='word_1_184' title='bbox 1703 457 1711 475; x_wconf 90' lang='lat'><strong>:</strong></span> <span class='ocrx_word' id='word_1_185' title='bbox 1730 450 1774 476; x_wconf 91' lang='lat' dir='ltr'><strong>bic</strong></span> 
     </span>
    </p>
   </div>
   <div class='ocr_carea' id='block_1_25' title="bbox 989 495 1772 531">
    <p class='ocr_par' dir='ltr' id='par_1_25' title="bbox 989 495 1772 531">
     <span class='ocr_line' id='line_1_25' title="bbox 989 495 1772 531; baseline 0.001 -9"><span class='ocrx_word' id='word_1_186' title='bbox 989 504 1052 524; x_wconf 88' lang='lat' dir='ltr'><strong>vero</strong></span> <span class='ocrx_word' id='word_1_187' title='bbox 1068 495 1205 527; x_wconf 81' lang='lat' dir='ltr'><strong>Dominus,</strong></span> <span class='ocrx_word' id='word_1_188' title='bbox 1218 499 1363 522; x_wconf 83' lang='lat' dir='ltr'><strong>extraneus</strong></span> <span class='ocrx_word' id='word_1_189' title='bbox 1379 496 1487 531; x_wconf 84' lang='lat' dir='ltr'><strong>quidem</strong></span> <span class='ocrx_word' id='word_1_190' title='bbox 1506 500 1533 523; x_wconf 90' lang='lat' dir='ltr'><strong>et</strong></span> <span class='ocrx_word' id='word_1_191' title='bbox 1557 496 1661 523; x_wconf 84' lang='lat' dir='ltr'><strong>alienus</strong></span> <span class='ocrx_word' id='word_1_192' title='bbox 1688 502 1730 523; x_wconf 88' lang='lat' dir='ltr'><strong>est</strong></span> <span class='ocrx_word' id='word_1_193' title='bbox 1756 504 1772 522; x_wconf 88' lang='lat' dir='ltr'><strong>a</strong></span> 
     </span>
    </p>
   </div>
   <div class='ocr_carea' id='block_1_26' title="bbox 989 540 1771 576">
    <p class='ocr_par' dir='ltr' id='par_1_26' title="bbox 989 540 1771 576">
     <span class='ocr_line' id='line_1_26' title="bbox 989 540 1771 576; baseline 0.003 -9"><span class='ocrx_word' id='word_1_194' title='bbox 989 540 1078 568; x_wconf 86' lang='lat' dir='ltr'><strong>Patris</strong></span> <span class='ocrx_word' id='word_1_195' title='bbox 1091 540 1254 571; x_wconf 74' lang='lat' dir='ltr'><strong>substantia,</strong></span> <span class='ocrx_word' id='word_1_196' title='bbox 1269 544 1296 567; x_wconf 87' lang='lat' dir='ltr'><strong>et</strong></span> <span class='ocrx_word' id='word_1_197' title='bbox 1319 540 1449 567; x_wconf 81' lang='lat' dir='ltr'><strong>duntaxat</strong></span> <span class='ocrx_word' id='word_1_198' title='bbox 1471 542 1615 568; x_wconf 84' lang='lat' dir='ltr'><strong>secundum</strong></span> <span class='ocrx_word' id='word_1_199' title='bbox 1634 542 1771 576; x_wconf 78' lang='lat' dir='ltr'><strong>cogitandi</strong></span> 
     </span>
    </p>
   </div>
   <div class='ocr_carea' id='block_1_27' title="bbox 989 585 1772 619">
    <p class='ocr_par' dir='ltr' id='par_1_27' title="bbox 989 585 1772 619">
     <span class='ocr_line' id='line_1_27' title="bbox 989 585 1772 619; baseline 0.003 -6"><span class='ocrx_word' id='word_1_200' title='bbox 989 587 1109 618; x_wconf 88' lang='lat' dir='ltr'><strong>modmn,</strong></span> <span class='ocrx_word' id='word_1_201' title='bbox 1125 587 1224 613; x_wconf 87' lang='lat' dir='ltr'><strong>dicitur</strong></span> <span class='ocrx_word' id='word_1_202' title='bbox 1238 585 1367 619; x_wconf 72' lang='lat' dir='ltr'><strong>Verbum,</strong></span> <span class='ocrx_word' id='word_1_203' title='bbox 1384 592 1411 614; x_wconf 83' lang='lat' dir='ltr'><strong>et</strong></span> <span class='ocrx_word' id='word_1_204' title='bbox 1427 595 1481 614; x_wconf 90' lang='lat' dir='ltr'><strong>non</strong></span> <span class='ocrx_word' id='word_1_205' title='bbox 1496 592 1538 615; x_wconf 86' lang='lat' dir='ltr'><strong>est</strong></span> <span class='ocrx_word' id='word_1_206' title='bbox 1558 589 1705 615; x_wconf 80' lang='lat' dir='ltr'><strong>secundum</strong></span> <span class='ocrx_word' id='word_1_207' title='bbox 1723 596 1772 615; x_wconf 91' lang='lat' dir='ltr'><strong>na-</strong></span> 
     </span>
    </p>
   </div>
   <div class='ocr_carea' id='block_1_28' title="bbox 989 632 1772 670">
    <p class='ocr_par' dir='ltr' id='par_1_28' title="bbox 989 632 1772 670">
     <span class='ocr_line' id='line_1_28' title="bbox 989 632 1772 670; baseline 0.005 -10"><span class='ocrx_word' id='word_1_208' title='bbox 989 639 1075 660; x_wconf 80' lang='lat' dir='ltr'><strong>turam</strong></span> <span class='ocrx_word' id='word_1_209' title='bbox 1093 632 1175 669; x_wconf 59' lang='lat'><strong>205</strong></span> <span class='ocrx_word' id='word_1_210' title='bbox 1192 641 1223 661; x_wconf 86' lang='lat' dir='ltr'><strong>ac</strong></span> <span class='ocrx_word' id='word_1_211' title='bbox 1238 641 1317 660; x_wconf 87' lang='lat' dir='ltr'><strong>verus</strong></span> <span class='ocrx_word' id='word_1_212' title='bbox 1334 633 1381 660; x_wconf 88' lang='lat' dir='ltr'><strong>Dei</strong></span> <span class='ocrx_word' id='word_1_213' title='bbox 1401 633 1506 668; x_wconf 83' lang='lat' dir='ltr'><strong>Filius;</strong></span> <span class='ocrx_word' id='word_1_214' title='bbox 1524 635 1571 662; x_wconf 82' lang='lat' dir='ltr'><strong>sed</strong></span> <span class='ocrx_word' id='word_1_215' title='bbox 1588 643 1636 670; x_wconf 83' lang='lat' dir='ltr'><strong>per</strong></span> <span class='ocrx_word' id='word_1_216' title='bbox 1650 636 1772 670; x_wconf 86' lang='lat' dir='ltr'><strong>adoptio-</strong></span> 
     </span>
    </p>
   </div>
   <div class='ocr_carea' id='block_1_29' title="bbox 989 679 1769 716">
    <p class='ocr_par' dir='ltr' id='par_1_29' title="bbox 989 679 1769 716">
     <span class='ocr_line' id='line_1_29' title="bbox 989 679 1769 716; baseline 0.003 -10"><span class='ocrx_word' id='word_1_217' title='bbox 989 687 1050 706; x_wconf 85' lang='lat' dir='ltr'><strong>nem</strong></span> <span class='ocrx_word' id='word_1_218' title='bbox 1065 679 1109 707; x_wconf 92' lang='lat' dir='ltr'><strong>bic</strong></span> <span class='ocrx_word' id='word_1_219' title='bbox 1124 687 1230 714; x_wconf 91' lang='lat' dir='ltr'><strong>quoque</strong></span> <span class='ocrx_word' id='word_1_220' title='bbox 1248 679 1319 706; x_wconf 90' lang='lat' dir='ltr'><strong>lilius</strong></span> <span class='ocrx_word' id='word_1_221' title='bbox 1340 679 1441 707; x_wconf 89' lang='lat' dir='ltr'><strong>dicitur</strong></span> <span class='ocrx_word' id='word_1_222' title='bbox 1454 702 1460 714; x_wconf 85' lang='lat'><strong>,</strong></span> <span class='ocrx_word' id='word_1_223' title='bbox 1487 685 1580 716; x_wconf 88' lang='lat' dir='ltr'><strong>utpote</strong></span> <span class='ocrx_word' id='word_1_224' title='bbox 1604 687 1744 714; x_wconf 75' lang='lat' dir='ltr'><strong>creatura;</strong></span> <span class='ocrx_word' id='word_1_225' title='bbox 1759 691 1769 708; x_wconf 76' lang='grc' dir='ltr'><strong>ι</strong></span> 
     </span>
    </p>
   </div>
   <div class='ocr_carea' id='block_1_30' title="bbox 988 725 1772 762">
    <p class='ocr_par' dir='ltr' id='par_1_30' title="bbox 988 725 1772 762">
     <span class='ocr_line' id='line_1_30' title="bbox 988 725 1772 762; baseline 0.003 -10"><span class='ocrx_word' id='word_1_226' title='bbox 988 730 1015 753; x_wconf 86' lang='lat' dir='ltr'><strong>et</strong></span> <span class='ocrx_word' id='word_1_227' title='bbox 1031 725 1093 752; x_wconf 92' lang='lat' dir='ltr'><strong>dum</strong></span> <span class='ocrx_word' id='word_1_228' title='bbox 1112 725 1170 753; x_wconf 74' lang='lat' dir='ltr'><strong>haec</strong></span> <span class='ocrx_word' id='word_1_229' title='bbox 1187 726 1235 758; x_wconf 82' lang='lat' dir='ltr'><strong>ait,</strong></span> <span class='ocrx_word' id='word_1_230' title='bbox 1253 726 1324 760; x_wconf 87' lang='lat' dir='ltr'><strong>apud</strong></span> <span class='ocrx_word' id='word_1_231' title='bbox 1351 733 1397 753; x_wconf 85' lang='lat' dir='ltr'><strong>eos</strong></span> <span class='ocrx_word' id='word_1_232' title='bbox 1415 726 1460 760; x_wconf 85' lang='lat' dir='ltr'><strong>qui</strong></span> <span class='ocrx_word' id='word_1_233' title='bbox 1474 727 1512 753; x_wconf 85' lang='lat' dir='ltr'><strong>rei</strong></span> <span class='ocrx_word' id='word_1_234' title='bbox 1529 727 1670 754; x_wconf 78' lang='lat' dir='ltr'><strong>veritatem</strong></span> <span class='ocrx_word' id='word_1_235' title='bbox 1697 727 1772 762; x_wconf 82' lang='lat' dir='ltr'><strong>igno-</strong></span> 
     </span>
    </p>
   </div>
   <div class='ocr_carea' id='block_1_31' title="bbox 989 772 1771 808">
    <p class='ocr_par' dir='ltr' id='par_1_31' title="bbox 989 772 1771 808">
     <span class='ocr_line' id='line_1_31' title="bbox 989 772 1771 808; baseline 0.004 -9"><span class='ocrx_word' id='word_1_236' title='bbox 989 777 1050 799; x_wconf 86' lang='lat' dir='ltr'><strong>rant</strong></span> <span class='ocrx_word' id='word_1_237' title='bbox 1070 772 1210 807; x_wconf 78' lang='lat' dir='ltr'><strong>gloriatur,</strong></span> <span class='ocrx_word' id='word_1_238' title='bbox 1227 773 1304 807; x_wconf 84' lang='lat' dir='ltr'><strong>quasi</strong></span> <span class='ocrx_word' id='word_1_239' title='bbox 1323 773 1349 799; x_wconf 92' lang='lat' dir='ltr'><strong>in</strong></span> <span class='ocrx_word' id='word_1_240' title='bbox 1364 774 1415 800; x_wconf 89' lang='lat' dir='ltr'><strong>hoc</strong></span> <span class='ocrx_word' id='word_1_241' title='bbox 1427 772 1572 808; x_wconf 78' lang='lat' dir='ltr'><strong>Dionysius</strong></span> <span class='ocrx_word' id='word_1_242' title='bbox 1589 781 1679 801; x_wconf 82' lang='lat' dir='ltr'><strong>seCum</strong></span> <span class='ocrx_word' id='word_1_243' title='bbox 1708 782 1771 802; x_wconf 84' lang='lat' dir='ltr'><strong>seu-</strong></span> 
     </span>
    </p>
   </div>
   <div class='ocr_carea' id='block_1_32' title="bbox 989 818 1769 857">
    <p class='ocr_par' dir='ltr' id='par_1_32' title="bbox 989 818 1769 857">
     <span class='ocr_line' id='line_1_32' title="bbox 989 818 1769 857; baseline 0.003 -12"><span class='ocrx_word' id='word_1_244' title='bbox 989 818 1057 845; x_wconf 85' lang='lat' dir='ltr'><strong>tiat:</strong></span> <span class='ocrx_word' id='word_1_245' title='bbox 1078 823 1135 846; x_wconf 88' lang='lat' dir='ltr'><strong>tute</strong></span> <span class='ocrx_word' id='word_1_246' title='bbox 1148 826 1241 853; x_wconf 63' lang='lat' dir='ltr'><strong>quaeso</strong></span> <span class='ocrx_word' id='word_1_247' title='bbox 1259 819 1352 846; x_wconf 85' lang='lat' dir='ltr'><strong>videas</strong></span> <span class='ocrx_word' id='word_1_248' title='bbox 1368 826 1427 853; x_wconf 75' lang='lat' dir='ltr'><strong>qua:</strong></span> <span class='ocrx_word' id='word_1_249' title='bbox 1443 819 1475 846; x_wconf 84' lang='lat' dir='ltr'><strong>de</strong></span> <span class='ocrx_word' id='word_1_250' title='bbox 1490 820 1523 846; x_wconf 91' lang='lat' dir='ltr'><strong>iis</strong></span> <span class='ocrx_word' id='word_1_251' title='bbox 1550 819 1631 847; x_wconf 79' lang='lat' dir='ltr'><strong>fuerit</strong></span> <span class='ocrx_word' id='word_1_252' title='bbox 1650 820 1769 857; x_wconf 57' lang='lat' dir='ltr'><strong>Dionysii</strong></span> 
     </span>
    </p>
   </div>
   <div class='ocr_carea' id='block_1_33' title="bbox 987 864 1769 900">
    <p class='ocr_par' dir='ltr' id='par_1_33' title="bbox 987 864 1769 900">
     <span class='ocr_line' id='line_1_33' title="bbox 987 864 1769 900; baseline 0.004 -10"><span class='ocrx_word' id='word_1_253' title='bbox 987 864 1064 897; x_wconf 83' lang='lat' dir='ltr'><strong>ﬁdes,</strong></span> <span class='ocrx_word' id='word_1_254' title='bbox 1084 869 1111 891; x_wconf 89' lang='lat' dir='ltr'><strong>et</strong></span> <span class='ocrx_word' id='word_1_255' title='bbox 1125 872 1175 899; x_wconf 86' lang='lat' dir='ltr'><strong>qua</strong></span> <span class='ocrx_word' id='word_1_256' title='bbox 1192 865 1216 891; x_wconf 81' lang='lat' dir='ltr'><strong>vi</strong></span> <span class='ocrx_word' id='word_1_257' title='bbox 1229 864 1289 891; x_wconf 90' lang='lat' dir='ltr'><strong>illos</strong></span> <span class='ocrx_word' id='word_1_258' title='bbox 1300 864 1356 891; x_wconf 81' lang='lat' dir='ltr'><strong>Arii</strong></span> <span class='ocrx_word' id='word_1_259' title='bbox 1376 871 1510 900; x_wconf 78' lang='lat' dir='ltr'><strong>oppugnet</strong></span> <span class='ocrx_word' id='word_1_260' title='bbox 1523 873 1631 893; x_wconf 87' lang='lat' dir='ltr'><strong>errores</strong></span> <span class='ocrx_word' id='word_1_261' title='bbox 1647 875 1654 898; x_wconf 86' lang='lat'><strong>;</strong></span> <span class='ocrx_word' id='word_1_262' title='bbox 1674 867 1700 893; x_wconf 93' lang='lat' dir='ltr'><strong>in</strong></span> <span class='ocrx_word' id='word_1_263' title='bbox 1714 868 1769 900; x_wconf 82' lang='lat' dir='ltr'><strong>pri-</strong></span> 
     </span>
    </p>
   </div>
   <div class='ocr_carea' id='block_1_34' title="bbox 988 909 1771 947">
    <p class='ocr_par' dir='ltr' id='par_1_34' title="bbox 988 909 1771 947">
     <span class='ocr_line' id='line_1_34' title="bbox 988 909 1771 947; baseline 0.004 -11"><span class='ocrx_word' id='word_1_264' title='bbox 988 909 1112 937; x_wconf 86' lang='lat' dir='ltr'><strong>moenim</strong></span> <span class='ocrx_word' id='word_1_265' title='bbox 1130 910 1199 936; x_wconf 91' lang='lat' dir='ltr'><strong>libro</strong></span> <span class='ocrx_word' id='word_1_266' title='bbox 1228 910 1268 937; x_wconf 86' lang='lat' dir='ltr'><strong>sic</strong></span> <span class='ocrx_word' id='word_1_267' title='bbox 1291 910 1405 938; x_wconf 82' lang='lat' dir='ltr'><strong>scribit:</strong></span> <span class='ocrx_word' id='word_1_268' title='bbox 1428 911 1554 938; x_wconf 69' lang='lat' dir='ltr'><strong>«Dictum</strong></span> <span class='ocrx_word' id='word_1_269' title='bbox 1582 916 1623 938; x_wconf 93' lang='lat' dir='ltr'><strong>est</strong></span> <span class='ocrx_word' id='word_1_270' title='bbox 1648 913 1771 947; x_wconf 81' lang='lat' dir='ltr'><strong>superius</strong></span> 
     </span>
    </p>
   </div>
   <div class='ocr_carea' id='block_1_35' title="bbox 988 955 1770 989">
    <p class='ocr_par' dir='ltr' id='par_1_35' title="bbox 988 955 1770 989">
     <span class='ocr_line' id='line_1_35' title="bbox 988 955 1770 989; baseline 0.004 -7"><span class='ocrx_word' id='word_1_271' title='bbox 988 955 1071 983; x_wconf 87' lang='lat' dir='ltr'><strong>Deum</strong></span> <span class='ocrx_word' id='word_1_272' title='bbox 1087 963 1147 983; x_wconf 82' lang='lat' dir='ltr'><strong>esse</strong></span> <span class='ocrx_word' id='word_1_273' title='bbox 1163 955 1264 983; x_wconf 83' lang='lat' dir='ltr'><strong>fontem</strong></span> <span class='ocrx_word' id='word_1_274' title='bbox 1283 957 1404 984; x_wconf 90' lang='lat' dir='ltr'><strong>omnium</strong></span> <span class='ocrx_word' id='word_1_275' title='bbox 1428 957 1571 989; x_wconf 81' lang='lat' dir='ltr'><strong>b0norum,</strong></span> <span class='ocrx_word' id='word_1_276' title='bbox 1599 957 1683 985; x_wconf 87' lang='lat' dir='ltr'><strong>Filius</strong></span> <span class='ocrx_word' id='word_1_277' title='bbox 1706 966 1770 985; x_wconf 86' lang='lat' dir='ltr'><strong>vero</strong></span> 
     </span>
    </p>
   </div>
   <div class='ocr_carea' id='block_1_36' title="bbox 144 986 926 1038">
    <p class='ocr_par' dir='ltr' id='par_1_36' title="bbox 144 986 926 1028">
     <span class='ocr_line' id='line_1_36' title="bbox 144 986 926 1028; baseline 0.012 -17"><span class='ocrx_word' id='word_1_278' title='bbox 144 986 266 1021; x_wconf 77' lang='grc' dir='ltr'>ποταμὸς</span> <span class='ocrx_word' id='word_1_279' title='bbox 291 986 319 1013; x_wconf 81' lang='grc' dir='ltr'><strong>δὲ</strong></span> <span class='ocrx_word' id='word_1_280' title='bbox 345 988 390 1013; x_wconf 81' lang='grc' dir='ltr'><strong>ὑπ’</strong></span> <span class='ocrx_word' id='word_1_281' title='bbox 409 988 490 1015; x_wconf 80' lang='grc' dir='ltr'>αὑτοῦ</span> <span class='ocrx_word' id='word_1_282' title='bbox 508 990 688 1025; x_wconf 81' lang='grc' dir='ltr'>προχεόμενος</span> <span class='ocrx_word' id='word_1_283' title='bbox 717 993 731 1017; x_wconf 97' lang='lat'><strong>6</strong></span> <span class='ocrx_word' id='word_1_284' title='bbox 747 991 809 1024; x_wconf 77' lang='grc' dir='ltr'>Υἱὸς</span> <span class='ocrx_word' id='word_1_285' title='bbox 835 994 926 1028; x_wconf 85' lang='grc' dir='ltr'>ἀναγέ-</span> 
     </span>
    </p>
   </div>
   <div class='ocr_carea' id='block_1_37' title="bbox 979 986 1770 1038">
    <p class='ocr_par' dir='ltr' id='par_1_37' title="bbox 985 1001 1770 1038">
     <span class='ocr_line' id='line_1_37' title="bbox 985 1001 1770 1038; baseline 0.004 -11"><span class='ocrx_word' id='word_1_286' title='bbox 985 1001 1072 1029; x_wconf 89' lang='lat' dir='ltr'><strong>dictus</strong></span> <span class='ocrx_word' id='word_1_287' title='bbox 1086 1006 1127 1029; x_wconf 84' lang='lat' dir='ltr'><strong>est</strong></span> <span class='ocrx_word' id='word_1_288' title='bbox 1137 1001 1234 1029; x_wconf 87' lang='lat' dir='ltr'><strong>lluvius</strong></span> <span class='ocrx_word' id='word_1_289' title='bbox 1254 1003 1286 1030; x_wconf 86' lang='lat' dir='ltr'><strong>ab</strong></span> <span class='ocrx_word' id='word_1_290' title='bbox 1303 1003 1361 1036; x_wconf 88' lang='lat' dir='ltr'><strong>ipso</strong></span> <span class='ocrx_word' id='word_1_291' title='bbox 1378 1001 1509 1030; x_wconf 81' lang='lat' dir='ltr'><strong>emanans</strong></span> <span class='ocrx_word' id='word_1_292' title='bbox 1524 1012 1530 1029; x_wconf 88' lang='lat'><strong>:</strong></span> <span class='ocrx_word' id='word_1_293' title='bbox 1546 1003 1656 1030; x_wconf 85' lang='lat' dir='ltr'><strong>verbum</strong></span> <span class='ocrx_word' id='word_1_294' title='bbox 1669 1003 1770 1038; x_wconf 86' lang='lat' dir='ltr'><strong>quippe</strong></span> 
     </span>
    </p>
   </div>
   <div class='ocr_carea' id='block_1_38' title="bbox 144 1033 932 1071">
    <p class='ocr_par' dir='ltr' id='par_1_38' title="bbox 144 1033 932 1071">
     <span class='ocr_line' id='line_1_38' title="bbox 144 1033 932 1071; baseline 0.013 -14"><span class='ocrx_word' id='word_1_295' title='bbox 144 1040 280 1067; x_wconf 86' lang='grc' dir='ltr'>γραπται·</span> <span class='ocrx_word' id='word_1_296' title='bbox 311 1033 443 1070; x_wconf 74' lang='grc' dir='ltr'>ἀπόρῤοια</span> <span class='ocrx_word' id='word_1_297' title='bbox 460 1035 515 1071; x_wconf 87' lang='grc' dir='ltr'>γὰρ</span> <span class='ocrx_word' id='word_1_298' title='bbox 535 1036 581 1063; x_wconf 91' lang='grc' dir='ltr'><strong>νοῦ</strong></span> <span class='ocrx_word' id='word_1_299' title='bbox 598 1036 692 1071; x_wconf 84' lang='grc' dir='ltr'>λόγος·</span> <span class='ocrx_word' id='word_1_300' title='bbox 711 1039 758 1064; x_wconf 73' lang='grc' dir='ltr'>καὶ</span> <span class='ocrx_word' id='word_1_301' title='bbox 772 1039 809 1070; x_wconf 83' lang='grc' dir='ltr'>ὡς</span> <span class='ocrx_word' id='word_1_302' title='bbox 825 1040 868 1066; x_wconf 73' lang='grc' dir='ltr'><strong>ἐπ’</strong></span> <span class='ocrx_word' id='word_1_303' title='bbox 883 1041 932 1067; x_wconf 86' lang='grc' dir='ltr'><strong>ἀν-</strong></span> 
     </span>
    </p>
   </div>
   <div class='ocr_carea' id='block_1_39' title="bbox 143 1076 931 1121">
    <p class='ocr_par' dir='ltr' id='par_1_39' title="bbox 143 1076 931 1121">
     <span class='ocr_line' id='line_1_39' title="bbox 143 1076 931 1121; baseline 0.013 -18"><span class='ocrx_word' id='word_1_304' title='bbox 143 1076 259 1113; x_wconf 84' lang='grc' dir='ltr'>θρώπων</span> <span class='ocrx_word' id='word_1_305' title='bbox 275 1079 372 1111; x_wconf 76' lang='grc' dir='ltr'>εἰπεῖν,</span> <span class='ocrx_word' id='word_1_306' title='bbox 385 1081 440 1107; x_wconf 82' lang='grc' dir='ltr'>ἀπὸ</span> <span class='ocrx_word' id='word_1_307' title='bbox 450 1081 564 1117; x_wconf 83' lang='grc' dir='ltr'><strong>καρδίας</strong></span> <span class='ocrx_word' id='word_1_308' title='bbox 577 1082 620 1110; x_wconf 80' lang='grc' dir='ltr'><strong>διὰ</strong></span> <span class='ocrx_word' id='word_1_309' title='bbox 631 1084 763 1119; x_wconf 87' lang='grc' dir='ltr'>στόματος</span> <span class='ocrx_word' id='word_1_310' title='bbox 778 1084 931 1121; x_wconf 80' lang='grc' dir='ltr'>ὲξοχετεύε-</span> 
     </span>
    </p>
   </div>
   <div class='ocr_carea' id='block_1_40' title="bbox 141 1123 931 1166">
    <p class='ocr_par' dir='ltr' id='par_1_40' title="bbox 141 1123 931 1166">
     <span class='ocr_line' id='line_1_40' title="bbox 141 1123 931 1166; baseline 0.014 -17"><span class='ocrx_word' id='word_1_311' title='bbox 141 1131 187 1150; x_wconf 82' lang='grc' dir='ltr'><strong>ται</strong></span> <span class='ocrx_word' id='word_1_312' title='bbox 202 1123 268 1159; x_wconf 88' lang='grc'><strong>(11),</strong></span> <span class='ocrx_word' id='word_1_313' title='bbox 286 1125 378 1161; x_wconf 74' lang='grc' dir='ltr'>ἕτερος</span> <span class='ocrx_word' id='word_1_314' title='bbox 393 1127 537 1162; x_wconf 81' lang='grc' dir='ltr'>γενόμενος</span> <span class='ocrx_word' id='word_1_315' title='bbox 553 1128 599 1155; x_wconf 85' lang='grc' dir='ltr'><strong>τοῦ</strong></span> <span class='ocrx_word' id='word_1_316' title='bbox 610 1130 639 1156; x_wconf 80' lang='grc' dir='ltr'>ὲν</span> <span class='ocrx_word' id='word_1_317' title='bbox 650 1130 747 1166; x_wconf 77' lang='grc' dir='ltr'>καρδίᾳ</span> <span class='ocrx_word' id='word_1_318' title='bbox 758 1130 848 1166; x_wconf 86' lang='grc' dir='ltr'>λόγου,</span> <span class='ocrx_word' id='word_1_319' title='bbox 859 1133 873 1158; x_wconf 88' lang='lat'><strong>6</strong></span> <span class='ocrx_word' id='word_1_320' title='bbox 889 1133 931 1160; x_wconf 83' lang='grc' dir='ltr'>διὰ</span> 
     </span>
    </p>
   </div>
   <div class='ocr_carea' id='block_1_41' title="bbox 142 1168 931 1214">
    <p class='ocr_par' dir='ltr' id='par_1_41' title="bbox 142 1168 931 1214">
     <span class='ocr_line' id='line_1_41' title="bbox 142 1168 931 1214; baseline 0.014 -21"><span class='ocrx_word' id='word_1_321' title='bbox 142 1168 268 1214; x_wconf 84' lang='grc' dir='ltr'>γλώσσης</span> <span class='ocrx_word' id='word_1_322' title='bbox 283 1170 346 1202; x_wconf 87' lang='grc' dir='ltr'>νοῦς</span> <span class='ocrx_word' id='word_1_323' title='bbox 360 1171 518 1207; x_wconf 80' lang='grc' dir='ltr'>προπηδῶν.</span> <span class='ocrx_word' id='word_1_324' title='bbox 551 1173 580 1200; x_wconf 82' lang='grc'><strong>’0</strong></span> <span class='ocrx_word' id='word_1_325' title='bbox 597 1174 646 1209; x_wconf 81' lang='grc' dir='ltr'><strong>μὲν</strong></span> <span class='ocrx_word' id='word_1_326' title='bbox 674 1175 727 1211; x_wconf 84' lang='grc' dir='ltr'><strong>γὰρ</strong></span> <span class='ocrx_word' id='word_1_327' title='bbox 749 1176 839 1211; x_wconf 75' lang='grc' dir='ltr'>ἔμεινε</span> <span class='ocrx_word' id='word_1_328' title='bbox 865 1187 931 1214; x_wconf 84' lang='grc' dir='ltr'>προ-</span> 
     </span>
    </p>
   </div>
   <div class='ocr_carea' id='block_1_42' title="bbox 142 1213 928 1257">
    <p class='ocr_par' dir='ltr' id='par_1_42' title="bbox 142 1213 928 1257">
     <span class='ocr_line' id='line_1_42' title="bbox 142 1213 928 1257; baseline 0.013 -17"><span class='ocrx_word' id='word_1_329' title='bbox 142 1213 316 1248; x_wconf 68' lang='grc' dir='ltr'>πέμψας,κα“ι</span> <span class='ocrx_word' id='word_1_330' title='bbox 329 1215 401 1243; x_wconf 75' lang='grc' dir='ltr'>ἐστιν</span> <span class='ocrx_word' id='word_1_331' title='bbox 415 1214 469 1249; x_wconf 76' lang='grc' dir='ltr'>οἷος</span> <span class='ocrx_word' id='word_1_332' title='bbox 482 1215 516 1253; x_wconf 83' lang='grc' dir='ltr'>ἦν</span> <span class='ocrx_word' id='word_1_333' title='bbox 526 1227 532 1233; x_wconf 88' lang='grc'>·</span> <span class='ocrx_word' id='word_1_334' title='bbox 545 1219 559 1245; x_wconf 87' lang='grc' dir='ltr'>ὀ</span> <span class='ocrx_word' id='word_1_335' title='bbox 572 1219 600 1245; x_wconf 82' lang='grc' dir='ltr'><strong>δὲ</strong></span> <span class='ocrx_word' id='word_1_336' title='bbox 617 1219 715 1256; x_wconf 77' lang='grc' dir='ltr'>ἐξέπτη</span> <span class='ocrx_word' id='word_1_337' title='bbox 728 1213 928 1257; x_wconf 76' lang='grc' dir='ltr'>προπεμφθεὶς,</span> 
     </span>
    </p>
   </div>
   <div class='ocr_carea' id='block_1_43' title="bbox 141 1260 929 1302">
    <p class='ocr_par' dir='ltr' id='par_1_43' title="bbox 141 1260 929 1302">
     <span class='ocr_line' id='line_1_43' title="bbox 141 1260 929 1302; baseline 0.011 -16"><span class='ocrx_word' id='word_1_338' title='bbox 141 1260 189 1286; x_wconf 79' lang='grc' dir='ltr'>καὶ</span> <span class='ocrx_word' id='word_1_339' title='bbox 202 1260 312 1295; x_wconf 85' lang='grc' dir='ltr'>φέρεται</span> <span class='ocrx_word' id='word_1_340' title='bbox 326 1262 463 1298; x_wconf 83' lang='grc' dir='ltr'>πανταχοῦ</span> <span class='ocrx_word' id='word_1_341' title='bbox 473 1271 479 1278; x_wconf 90' lang='grc'><strong>·</strong></span> <span class='ocrx_word' id='word_1_342' title='bbox 494 1264 542 1291; x_wconf 81' lang='grc' dir='ltr'>καὶ</span> <span class='ocrx_word' id='word_1_343' title='bbox 556 1264 641 1297; x_wconf 84' lang='grc' dir='ltr'>οὕτως</span> <span class='ocrx_word' id='word_1_344' title='bbox 653 1263 728 1293; x_wconf 75' lang='grc' dir='ltr'>ἐστὶν</span> <span class='ocrx_word' id='word_1_345' title='bbox 744 1267 873 1302; x_wconf 80' lang='grc' dir='ltr'>ἑκάτερος</span> <span class='ocrx_word' id='word_1_346' title='bbox 901 1269 929 1294; x_wconf 79' lang='grc' dir='ltr'>ὲν</span> 
     </span>
    </p>
   </div>
   <div class='ocr_carea' id='block_1_44' title="bbox 141 1306 929 1347">
    <p class='ocr_par' dir='ltr' id='par_1_44' title="bbox 141 1306 929 1347">
     <span class='ocr_line' id='line_1_44' title="bbox 141 1306 929 1347; baseline 0.01 -14"><span class='ocrx_word' id='word_1_347' title='bbox 141 1306 274 1343; x_wconf 76' lang='grc' dir='ltr'>ἐκατέρῳ,</span> <span class='ocrx_word' id='word_1_348' title='bbox 304 1308 395 1345; x_wconf 79' lang='grc' dir='ltr'>ἕτερος</span> <span class='ocrx_word' id='word_1_349' title='bbox 421 1309 459 1337; x_wconf 87' lang='grc' dir='ltr'>ὣν</span> <span class='ocrx_word' id='word_1_350' title='bbox 489 1310 622 1346; x_wconf 73' lang='grc' dir='ltr'>θατέροψ</span> <span class='ocrx_word' id='word_1_351' title='bbox 640 1313 687 1339; x_wconf 76' lang='grc' dir='ltr'>καὶ</span> <span class='ocrx_word' id='word_1_352' title='bbox 715 1313 745 1339; x_wconf 78' lang='grc' dir='ltr'>ἓν</span> <span class='ocrx_word' id='word_1_353' title='bbox 761 1314 839 1345; x_wconf 84' lang='grc' dir='ltr'>είσιν,</span> <span class='ocrx_word' id='word_1_354' title='bbox 854 1314 929 1347; x_wconf 79' lang='grc' dir='ltr'>ὄντες</span> 
     </span>
    </p>
   </div>
   <div class='ocr_carea' id='block_1_45' title="bbox 138 1351 929 1394">
    <p class='ocr_par' dir='ltr' id='par_1_45' title="bbox 138 1351 929 1394">
     <span class='ocr_line' id='line_1_45' title="bbox 138 1351 929 1394; baseline 0.011 -16"><span class='ocrx_word' id='word_1_355' title='bbox 138 1351 186 1378; x_wconf 84' lang='grc' dir='ltr'><strong>δύο</strong></span> <span class='ocrx_word' id='word_1_356' title='bbox 196 1360 202 1366; x_wconf 94' lang='grc'><strong>·</strong></span> <span class='ocrx_word' id='word_1_357' title='bbox 220 1352 291 1380; x_wconf 77' lang='grc' dir='ltr'>οὕτω</span> <span class='ocrx_word' id='word_1_358' title='bbox 302 1354 355 1389; x_wconf 88' lang='grc' dir='ltr'><strong>γὰρ</strong></span> <span class='ocrx_word' id='word_1_359' title='bbox 371 1356 418 1382; x_wconf 77' lang='grc' dir='ltr'><strong>καὶ</strong></span> <span class='ocrx_word' id='word_1_360' title='bbox 433 1356 490 1391; x_wconf 70' lang='grc'><strong>(12)</strong></span> <span class='ocrx_word' id='word_1_361' title='bbox 504 1357 518 1382; x_wconf 83' lang='lat'><strong>6</strong></span> <span class='ocrx_word' id='word_1_362' title='bbox 539 1357 634 1394; x_wconf 84' lang='grc' dir='ltr'>Πατὴρ</span> <span class='ocrx_word' id='word_1_363' title='bbox 649 1359 695 1385; x_wconf 73' lang='grc' dir='ltr'>καὶ</span> <span class='ocrx_word' id='word_1_364' title='bbox 709 1360 723 1386; x_wconf 88' lang='lat'><strong>6</strong></span> <span class='ocrx_word' id='word_1_365' title='bbox 737 1359 800 1391; x_wconf 74' lang='grc' dir='ltr'><strong>Υἱὸς</strong></span> <span class='ocrx_word' id='word_1_366' title='bbox 826 1360 866 1392; x_wconf 82' lang='grc' dir='ltr'><strong>ἓν,</strong></span> <span class='ocrx_word' id='word_1_367' title='bbox 882 1361 929 1387; x_wconf 83' lang='grc' dir='ltr'>καὶ</span> 
     </span>
    </p>
   </div>
   <div class='ocr_carea' id='block_1_46' title="bbox 139 1397 928 1441">
    <p class='ocr_par' dir='ltr' id='par_1_46' title="bbox 139 1397 928 1441">
     <span class='ocr_line' id='line_1_46' title="bbox 139 1397 928 1441; baseline 0.013 -18"><span class='ocrx_word' id='word_1_368' title='bbox 139 1398 169 1424; x_wconf 81' lang='grc' dir='ltr'>ὲν</span> <span class='ocrx_word' id='word_1_369' title='bbox 182 1397 307 1433; x_wconf 83' lang='grc' dir='ltr'>ἀλλήλοις</span> <span class='ocrx_word' id='word_1_370' title='bbox 323 1400 470 1436; x_wconf 76' lang='grc' dir='ltr'><strong>ἐλέχθησαν</strong></span> <span class='ocrx_word' id='word_1_371' title='bbox 483 1401 564 1429; x_wconf 79' lang='grc' dir='ltr'>εἶναι.</span> <span class='ocrx_word' id='word_1_372' title='bbox 590 1413 600 1429; x_wconf 68' lang='grc' dir='ltr'><strong><em>ι</em></strong></span> <span class='ocrx_word' id='word_1_373' title='bbox 637 1404 680 1430; x_wconf 86' lang='grc' dir='ltr'><strong>Ἐν</strong></span> <span class='ocrx_word' id='word_1_374' title='bbox 695 1404 722 1431; x_wconf 83' lang='grc' dir='ltr'><strong>δὲ</strong></span> <span class='ocrx_word' id='word_1_375' title='bbox 739 1405 778 1440; x_wconf 85' lang='grc' dir='ltr'>τῷ</span> <span class='ocrx_word' id='word_1_376' title='bbox 806 1406 928 1441; x_wconf 85' lang='grc' dir='ltr'>τετάρτῳ</span> 
     </span>
    </p>
   </div>
   <div class='ocr_carea' id='block_1_47' title="bbox 138 1441 928 1486">
    <p class='ocr_par' dir='ltr' id='par_1_47' title="bbox 138 1441 928 1486">
     <span class='ocr_line' id='line_1_47' title="bbox 138 1441 928 1486; baseline 0.013 -18"><span class='ocrx_word' id='word_1_377' title='bbox 138 1441 245 1478; x_wconf 79' lang='grc' dir='ltr'>βιϐλίῳ,</span> <span class='ocrx_word' id='word_1_378' title='bbox 259 1443 346 1476; x_wconf 80' lang='grc' dir='ltr'>οὕτως</span> <span class='ocrx_word' id='word_1_379' title='bbox 368 1445 457 1480; x_wconf 84' lang='grc' dir='ltr'>λέγει·</span> <span class='ocrx_word' id='word_1_380' title='bbox 491 1457 501 1472; x_wconf 76' lang='grc' dir='ltr'><strong>ι</strong></span> <span class='ocrx_word' id='word_1_381' title='bbox 526 1448 569 1479; x_wconf 88' lang='grc' dir='ltr'>Ὠς</span> <span class='ocrx_word' id='word_1_382' title='bbox 591 1448 645 1484; x_wconf 88' lang='grc' dir='ltr'><strong>γὰρ</strong></span> <span class='ocrx_word' id='word_1_383' title='bbox 676 1449 690 1474; x_wconf 82' lang='grc' dir='ltr'><strong>ὁ</strong></span> <span class='ocrx_word' id='word_1_384' title='bbox 715 1448 846 1486; x_wconf 67' lang='grc' dir='ltr'>ἡμέτερος</span> <span class='ocrx_word' id='word_1_385' title='bbox 867 1451 928 1483; x_wconf 87' lang='grc' dir='ltr'>νοῦς</span> 
     </span>
    </p>
   </div>
   <div class='ocr_carea' id='block_1_48' title="bbox 138 1489 928 1533">
    <p class='ocr_par' dir='ltr' id='par_1_48' title="bbox 138 1489 928 1533">
     <span class='ocr_line' id='line_1_48' title="bbox 138 1489 928 1533; baseline 0.011 -18"><span class='ocrx_word' id='word_1_386' title='bbox 138 1489 281 1525; x_wconf 77' lang='grc' dir='ltr'>ἐρεύγεται</span> <span class='ocrx_word' id='word_1_387' title='bbox 297 1492 345 1527; x_wconf 84' lang='grc' dir='ltr'><strong>μὲν</strong></span> <span class='ocrx_word' id='word_1_388' title='bbox 357 1493 404 1527; x_wconf 78' lang='grc' dir='ltr'><strong>ἀφ’</strong></span> <span class='ocrx_word' id='word_1_389' title='bbox 415 1494 510 1520; x_wconf 77' lang='grc' dir='ltr'>ἑαυτοῦ</span> <span class='ocrx_word' id='word_1_390' title='bbox 525 1495 570 1522; x_wconf 85' lang='grc' dir='ltr'>τὸν</span> <span class='ocrx_word' id='word_1_391' title='bbox 585 1495 674 1530; x_wconf 80' lang='grc' dir='ltr'>λόγον,</span> <span class='ocrx_word' id='word_1_392' title='bbox 692 1496 729 1528; x_wconf 83' lang='grc' dir='ltr'>ὡς</span> <span class='ocrx_word' id='word_1_393' title='bbox 743 1494 818 1523; x_wconf 75' lang='grc' dir='ltr'>εἶπεν</span> <span class='ocrx_word' id='word_1_394' title='bbox 831 1498 844 1524; x_wconf 84' lang='grc' dir='ltr'><strong><em>ὁ</em></strong></span> <span class='ocrx_word' id='word_1_395' title='bbox 861 1498 928 1533; x_wconf 90' lang='grc' dir='ltr'>Προ-</span> 
     </span>
    </p>
   </div>
   <div class='ocr_carea' id='block_1_49' title="bbox 138 1535 925 1578">
    <p class='ocr_par' dir='ltr' id='par_1_49' title="bbox 138 1535 925 1578">
     <span class='ocr_line' id='line_1_49' title="bbox 138 1535 925 1578; baseline 0.013 -17"><span class='ocrx_word' id='word_1_396' title='bbox 138 1535 240 1571; x_wconf 82' lang='grc' dir='ltr'>φήτης·</span> <span class='ocrx_word' id='word_1_397' title='bbox 261 1537 454 1572; x_wconf 76' lang='grc' dir='ltr'>Ἐξηρεύξατο</span> <span class='ocrx_word' id='word_1_398' title='bbox 470 1540 489 1573; x_wconf 82' lang='grc' dir='ltr'>ἡ</span> <span class='ocrx_word' id='word_1_399' title='bbox 503 1540 608 1574; x_wconf 81' lang='grc' dir='ltr'>καρδία</span> <span class='ocrx_word' id='word_1_400' title='bbox 619 1551 679 1576; x_wconf 84' lang='grc' dir='ltr'><strong>μου</strong></span> <span class='ocrx_word' id='word_1_401' title='bbox 696 1543 787 1577; x_wconf 76' lang='grc' dir='ltr'>λόγον</span> <span class='ocrx_word' id='word_1_402' title='bbox 797 1544 925 1578; x_wconf 65' lang='grc' dir='ltr'>ἀγαθόν·</span> 
     </span>
    </p>
   </div>
   <div class='ocr_carea' id='block_1_50' title="bbox 983 1047 1768 1084">
    <p class='ocr_par' dir='ltr' id='par_1_50' title="bbox 983 1047 1768 1084">
     <span class='ocr_line' id='line_1_50' title="bbox 983 1047 1768 1084; baseline 0.003 -11"><span class='ocrx_word' id='word_1_403' title='bbox 983 1051 1025 1073; x_wconf 87' lang='lat' dir='ltr'><strong>est</strong></span> <span class='ocrx_word' id='word_1_404' title='bbox 1035 1047 1287 1079; x_wconf 82' lang='lat' dir='ltr'><strong>mentisemanatio,</strong></span> <span class='ocrx_word' id='word_1_405' title='bbox 1299 1052 1326 1075; x_wconf 83' lang='lat' dir='ltr'><strong>et</strong></span> <span class='ocrx_word' id='word_1_406' title='bbox 1352 1048 1392 1083; x_wconf 90' lang='lat' dir='ltr'><strong>(ut</strong></span> <span class='ocrx_word' id='word_1_407' title='bbox 1404 1048 1522 1075; x_wconf 81' lang='lat' dir='ltr'><strong>humano</strong></span> <span class='ocrx_word' id='word_1_408' title='bbox 1533 1056 1607 1075; x_wconf 88' lang='lat' dir='ltr'><strong>more</strong></span> <span class='ocrx_word' id='word_1_409' title='bbox 1617 1049 1768 1084; x_wconf 82' lang='lat' dir='ltr'><strong>loquamur)</strong></span> 
     </span>
    </p>
   </div>
   <div class='ocr_carea' id='block_1_51' title="bbox 983 1093 1768 1129">
    <p class='ocr_par' dir='ltr' id='par_1_51' title="bbox 983 1093 1768 1129">
     <span class='ocr_line' id='line_1_51' title="bbox 983 1093 1768 1129; baseline 0.001 -9"><span class='ocrx_word' id='word_1_410' title='bbox 983 1100 1015 1120; x_wconf 84' lang='lat' dir='ltr'><strong>ex</strong></span> <span class='ocrx_word' id='word_1_411' title='bbox 1030 1094 1112 1120; x_wconf 88' lang='lat' dir='ltr'><strong>corde</strong></span> <span class='ocrx_word' id='word_1_412' title='bbox 1130 1101 1179 1128; x_wconf 83' lang='lat' dir='ltr'><strong>per</strong></span> <span class='ocrx_word' id='word_1_413' title='bbox 1192 1101 1224 1122; x_wconf 90' lang='lat' dir='ltr'><strong>os</strong></span> <span class='ocrx_word' id='word_1_414' title='bbox 1241 1094 1383 1121; x_wconf 88' lang='lat' dir='ltr'><strong>emittitur.</strong></span> <span class='ocrx_word' id='word_1_415' title='bbox 1402 1093 1478 1122; x_wconf 84' lang='lat' dir='ltr'><strong>Mens</strong></span> <span class='ocrx_word' id='word_1_416' title='bbox 1491 1102 1552 1122; x_wconf 87' lang='lat' dir='ltr'><strong>vero</strong></span> <span class='ocrx_word' id='word_1_417' title='bbox 1569 1102 1628 1129; x_wconf 66' lang='lat' dir='ltr'><strong>quae</strong></span> <span class='ocrx_word' id='word_1_418' title='bbox 1648 1102 1696 1129; x_wconf 82' lang='lat' dir='ltr'><strong>per</strong></span> <span class='ocrx_word' id='word_1_419' title='bbox 1718 1095 1768 1122; x_wconf 88' lang='lat' dir='ltr'><strong>liu-</strong></span> 
     </span>
    </p>
   </div>
   <div class='ocr_carea' id='block_1_52' title="bbox 981 1139 1768 1175">
    <p class='ocr_par' dir='ltr' id='par_1_52' title="bbox 981 1139 1768 1175">
     <span class='ocr_line' id='line_1_52' title="bbox 981 1139 1768 1175; baseline 0.005 -11"><span class='ocrx_word' id='word_1_420' title='bbox 981 1145 1059 1173; x_wconf 72' lang='lat' dir='ltr'><strong>guam</strong></span> <span class='ocrx_word' id='word_1_421' title='bbox 1078 1139 1195 1173; x_wconf 84' lang='lat' dir='ltr'><strong>prosilit,</strong></span> <span class='ocrx_word' id='word_1_422' title='bbox 1209 1139 1314 1167; x_wconf 84' lang='lat' dir='ltr'><strong>diversa</strong></span> <span class='ocrx_word' id='word_1_423' title='bbox 1339 1144 1382 1166; x_wconf 86' lang='lat' dir='ltr'><strong>est</strong></span> <span class='ocrx_word' id='word_1_424' title='bbox 1406 1147 1420 1166; x_wconf 90' lang='lat' dir='ltr'><strong>a</strong></span> <span class='ocrx_word' id='word_1_425' title='bbox 1439 1141 1521 1168; x_wconf 88' lang='lat' dir='ltr'><strong>verbo</strong></span> <span class='ocrx_word' id='word_1_426' title='bbox 1548 1140 1618 1175; x_wconf 91' lang='lat' dir='ltr'><strong>quod</strong></span> <span class='ocrx_word' id='word_1_427' title='bbox 1633 1140 1660 1167; x_wconf 90' lang='lat' dir='ltr'><strong>in</strong></span> <span class='ocrx_word' id='word_1_428' title='bbox 1684 1141 1768 1168; x_wconf 83' lang='lat' dir='ltr'><strong>corde</strong></span> 
     </span>
    </p>
   </div>
   <div class='ocr_carea' id='block_1_53' title="bbox 981 1183 1766 1220">
    <p class='ocr_par' dir='ltr' id='par_1_53' title="bbox 981 1183 1766 1220">
     <span class='ocr_line' id='line_1_53' title="bbox 981 1183 1766 1220; baseline 0.001 -8"><span class='ocrx_word' id='word_1_429' title='bbox 981 1183 1087 1212; x_wconf 80' lang='lat' dir='ltr'><strong>exsistit</strong></span> <span class='ocrx_word' id='word_1_430' title='bbox 1101 1194 1107 1211; x_wconf 93' lang='lat'><strong>:</strong></span> <span class='ocrx_word' id='word_1_431' title='bbox 1130 1185 1201 1212; x_wconf 85' lang='lat' dir='ltr'><strong>istud</strong></span> <span class='ocrx_word' id='word_1_432' title='bbox 1218 1185 1290 1212; x_wconf 88' lang='lat' dir='ltr'><strong>enim</strong></span> <span class='ocrx_word' id='word_1_433' title='bbox 1302 1190 1443 1220; x_wconf 83' lang='lat' dir='ltr'><strong>postquam</strong></span> <span class='ocrx_word' id='word_1_434' title='bbox 1458 1185 1521 1212; x_wconf 91' lang='lat' dir='ltr'><strong>illud</strong></span> <span class='ocrx_word' id='word_1_435' title='bbox 1536 1186 1707 1219; x_wconf 69' lang='lat' dir='ltr'><strong>praemiserlt,</strong></span> <span class='ocrx_word' id='word_1_436' title='bbox 1722 1193 1766 1214; x_wconf 87' lang='lat' dir='ltr'><strong>re-</strong></span> 
     </span>
    </p>
   </div>
   <div class='ocr_carea' id='block_1_54' title="bbox 982 1231 1764 1267">
    <p class='ocr_par' dir='ltr' id='par_1_54' title="bbox 982 1231 1764 1267">
     <span class='ocr_line' id='line_1_54' title="bbox 982 1231 1764 1267; baseline 0.003 -10"><span class='ocrx_word' id='word_1_437' title='bbox 982 1235 1081 1263; x_wconf 83' lang='lat' dir='ltr'><strong>manet,</strong></span> <span class='ocrx_word' id='word_1_438' title='bbox 1097 1235 1125 1258; x_wconf 86' lang='lat' dir='ltr'><strong>et</strong></span> <span class='ocrx_word' id='word_1_439' title='bbox 1140 1235 1182 1258; x_wconf 85' lang='lat' dir='ltr'><strong>est.</strong></span> <span class='ocrx_word' id='word_1_440' title='bbox 1196 1231 1275 1266; x_wconf 85' lang='lat' dir='ltr'><strong>quale</strong></span> <span class='ocrx_word' id='word_1_441' title='bbox 1288 1237 1366 1259; x_wconf 81' lang='lat' dir='ltr'><strong>antea</strong></span> <span class='ocrx_word' id='word_1_442' title='bbox 1383 1237 1443 1259; x_wconf 85' lang='lat' dir='ltr'><strong>erat</strong></span> <span class='ocrx_word' id='word_1_443' title='bbox 1458 1241 1465 1260; x_wconf 91' lang='lat'><strong>:</strong></span> <span class='ocrx_word' id='word_1_444' title='bbox 1482 1232 1547 1259; x_wconf 85' lang='lat' dir='ltr'><strong>illud</strong></span> <span class='ocrx_word' id='word_1_445' title='bbox 1558 1239 1624 1260; x_wconf 90' lang='lat' dir='ltr'><strong>vero</strong></span> <span class='ocrx_word' id='word_1_446' title='bbox 1640 1233 1764 1267; x_wconf 70' lang='lat' dir='ltr'><strong>[memis-</strong></span> 
     </span>
    </p>
   </div>
   <div class='ocr_carea' id='block_1_55' title="bbox 980 1275 1766 1311">
    <p class='ocr_par' dir='ltr' id='par_1_55' title="bbox 980 1275 1766 1311">
     <span class='ocr_line' id='line_1_55' title="bbox 980 1275 1766 1311; baseline 0.001 -8"><span class='ocrx_word' id='word_1_447' title='bbox 980 1282 1040 1303; x_wconf 88' lang='lat' dir='ltr'><strong>sum</strong></span> <span class='ocrx_word' id='word_1_448' title='bbox 1066 1275 1154 1304; x_wconf 79' lang='lat' dir='ltr'><strong>evolat</strong></span> <span class='ocrx_word' id='word_1_449' title='bbox 1182 1280 1209 1303; x_wconf 83' lang='lat' dir='ltr'><strong>et</strong></span> <span class='ocrx_word' id='word_1_450' title='bbox 1236 1276 1447 1311; x_wconf 84' lang='lat' dir='ltr'><strong>circumquaque</strong></span> <span class='ocrx_word' id='word_1_451' title='bbox 1470 1276 1579 1304; x_wconf 79' lang='lat' dir='ltr'><strong>fertur:</strong></span> <span class='ocrx_word' id='word_1_452' title='bbox 1609 1282 1636 1304; x_wconf 85' lang='lat' dir='ltr'><strong>et</strong></span> <span class='ocrx_word' id='word_1_453' title='bbox 1667 1278 1707 1305; x_wconf 87' lang='lat' dir='ltr'><strong>sic</strong></span> <span class='ocrx_word' id='word_1_454' title='bbox 1724 1282 1766 1305; x_wconf 82' lang='lat' dir='ltr'><strong>est</strong></span> 
     </span>
    </p>
   </div>
   <div class='ocr_carea' id='block_1_56' title="bbox 980 1321 1765 1356">
    <p class='ocr_par' dir='ltr' id='par_1_56' title="bbox 980 1321 1765 1356">
     <span class='ocr_line' id='line_1_56' title="bbox 980 1321 1765 1356; baseline 0.005 -9"><span class='ocrx_word' id='word_1_455' title='bbox 980 1321 1161 1356; x_wconf 85' lang='lat' dir='ltr'><strong>utrumquein</strong></span> <span class='ocrx_word' id='word_1_456' title='bbox 1179 1321 1275 1355; x_wconf 85' lang='lat' dir='ltr'><strong>altero,</strong></span> <span class='ocrx_word' id='word_1_457' title='bbox 1293 1321 1399 1349; x_wconf 87' lang='lat' dir='ltr'><strong>tametsi</strong></span> <span class='ocrx_word' id='word_1_458' title='bbox 1412 1322 1549 1350; x_wconf 78' lang='lat' dir='ltr'><strong>diversum</strong></span> <span class='ocrx_word' id='word_1_459' title='bbox 1562 1327 1604 1349; x_wconf 92' lang='lat' dir='ltr'><strong>est</strong></span> <span class='ocrx_word' id='word_1_460' title='bbox 1618 1323 1651 1349; x_wconf 89' lang='lat' dir='ltr'><strong>ab</strong></span> <span class='ocrx_word' id='word_1_461' title='bbox 1668 1323 1765 1351; x_wconf 82' lang='lat' dir='ltr'><strong>altero:</strong></span> 
     </span>
    </p>
   </div>
   <div class='ocr_carea' id='block_1_57' title="bbox 980 1367 1767 1402">
    <p class='ocr_par' dir='ltr' id='par_1_57' title="bbox 980 1367 1767 1402">
     <span class='ocr_line' id='line_1_57' title="bbox 980 1367 1767 1402; baseline 0.004 -9"><span class='ocrx_word' id='word_1_462' title='bbox 980 1371 1009 1393; x_wconf 85' lang='lat' dir='ltr'><strong>et</strong></span> <span class='ocrx_word' id='word_1_463' title='bbox 1023 1374 1104 1393; x_wconf 90' lang='lat' dir='ltr'><strong>unum</strong></span> <span class='ocrx_word' id='word_1_464' title='bbox 1118 1371 1191 1400; x_wconf 82' lang='lat' dir='ltr'><strong>sunt,</strong></span> <span class='ocrx_word' id='word_1_465' title='bbox 1206 1367 1270 1394; x_wconf 87' lang='lat' dir='ltr'><strong>licet</strong></span> <span class='ocrx_word' id='word_1_466' title='bbox 1286 1367 1338 1394; x_wconf 88' lang='lat' dir='ltr'><strong>duo</strong></span> <span class='ocrx_word' id='word_1_467' title='bbox 1352 1368 1415 1395; x_wconf 86' lang='lat' dir='ltr'><strong>sint.</strong></span> <span class='ocrx_word' id='word_1_468' title='bbox 1434 1368 1480 1396; x_wconf 88' lang='lat' dir='ltr'><strong>Sic</strong></span> <span class='ocrx_word' id='word_1_469' title='bbox 1500 1375 1616 1402; x_wconf 85' lang='lat' dir='ltr'><strong>namque</strong></span> <span class='ocrx_word' id='word_1_470' title='bbox 1632 1368 1715 1395; x_wconf 86' lang='lat' dir='ltr'><strong>Pater</strong></span> <span class='ocrx_word' id='word_1_471' title='bbox 1738 1375 1767 1396; x_wconf 79' lang='lat' dir='ltr'><strong>et.</strong></span> 
     </span>
    </p>
   </div>
   <div class='ocr_carea' id='block_1_58' title="bbox 978 1412 1766 1444">
    <p class='ocr_par' dir='ltr' id='par_1_58' title="bbox 978 1412 1766 1444">
     <span class='ocr_line' id='line_1_58' title="bbox 978 1412 1766 1444; baseline 0.004 -5"><span class='ocrx_word' id='word_1_472' title='bbox 978 1412 1065 1440; x_wconf 91' lang='lat' dir='ltr'><strong>Filius</strong></span> <span class='ocrx_word' id='word_1_473' title='bbox 1077 1420 1160 1439; x_wconf 93' lang='lat' dir='ltr'><strong>unum</strong></span> <span class='ocrx_word' id='word_1_474' title='bbox 1175 1416 1248 1444; x_wconf 81' lang='lat' dir='ltr'><strong>sunt,</strong></span> <span class='ocrx_word' id='word_1_475' title='bbox 1261 1412 1327 1440; x_wconf 87' lang='lat' dir='ltr'><strong>etin</strong></span> <span class='ocrx_word' id='word_1_476' title='bbox 1346 1420 1376 1440; x_wconf 81' lang='lat' dir='ltr'><strong>se</strong></span> <span class='ocrx_word' id='word_1_477' title='bbox 1397 1413 1511 1440; x_wconf 88' lang='lat' dir='ltr'><strong>invicem</strong></span> <span class='ocrx_word' id='word_1_478' title='bbox 1528 1413 1587 1440; x_wconf 88' lang='lat' dir='ltr'><strong>illos</strong></span> <span class='ocrx_word' id='word_1_479' title='bbox 1602 1421 1662 1441; x_wconf 87' lang='lat' dir='ltr'><strong>esse</strong></span> <span class='ocrx_word' id='word_1_480' title='bbox 1692 1422 1766 1442; x_wconf 90' lang='lat' dir='ltr'><strong>com-</strong></span> 
     </span>
    </p>
   </div>
   <div class='ocr_carea' id='block_1_59' title="bbox 978 1458 1766 1493">
    <p class='ocr_par' dir='ltr' id='par_1_59' title="bbox 978 1458 1766 1493">
     <span class='ocr_line' id='line_1_59' title="bbox 978 1458 1766 1493; baseline 0.004 -8"><span class='ocrx_word' id='word_1_481' title='bbox 978 1459 1120 1493; x_wconf 84' lang='lat' dir='ltr'><strong>probatum</strong></span> <span class='ocrx_word' id='word_1_482' title='bbox 1133 1463 1183 1486; x_wconf 87' lang='lat' dir='ltr'><strong>est.</strong></span> <span class='ocrx_word' id='word_1_483' title='bbox 1198 1468 1207 1485; x_wconf 81' lang='grc' dir='ltr'><strong>ι</strong></span> <span class='ocrx_word' id='word_1_484' title='bbox 1224 1458 1252 1485; x_wconf 93' lang='lat' dir='ltr'><strong>lu</strong></span> <span class='ocrx_word' id='word_1_485' title='bbox 1268 1459 1385 1486; x_wconf 88' lang='lat' dir='ltr'><strong>secundo</strong></span> <span class='ocrx_word' id='word_1_486' title='bbox 1398 1464 1487 1486; x_wconf 86' lang='lat' dir='ltr'><strong>autem</strong></span> <span class='ocrx_word' id='word_1_487' title='bbox 1500 1459 1569 1487; x_wconf 89' lang='lat' dir='ltr'><strong>libro</strong></span> <span class='ocrx_word' id='word_1_488' title='bbox 1586 1460 1644 1487; x_wconf 58' lang='lat' dir='ltr'><strong>haec</strong></span> <span class='ocrx_word' id='word_1_489' title='bbox 1660 1461 1740 1488; x_wconf 88' lang='lat' dir='ltr'><strong>habet</strong></span> <span class='ocrx_word' id='word_1_490' title='bbox 1758 1470 1766 1488; x_wconf 87' lang='lat'><strong>:</strong></span> 
     </span>
    </p>
   </div>
   <div class='ocr_carea' id='block_1_60' title="bbox 981 1505 1767 1540">
    <p class='ocr_par' dir='ltr' id='par_1_60' title="bbox 981 1505 1767 1540">
     <span class='ocr_line' id='line_1_60' title="bbox 981 1505 1767 1540; baseline 0.005 -9"><span class='ocrx_word' id='word_1_491' title='bbox 981 1513 990 1530; x_wconf 76' lang='grc' dir='ltr'><strong>ι</strong></span> <span class='ocrx_word' id='word_1_492' title='bbox 1008 1505 1040 1532; x_wconf 83' lang='lat' dir='ltr'><strong>Ut</strong></span> <span class='ocrx_word' id='word_1_493' title='bbox 1052 1506 1123 1532; x_wconf 88' lang='lat' dir='ltr'><strong>enim</strong></span> <span class='ocrx_word' id='word_1_494' title='bbox 1140 1513 1215 1533; x_wconf 88' lang='lat' dir='ltr'><strong>mens</strong></span> <span class='ocrx_word' id='word_1_495' title='bbox 1229 1512 1322 1532; x_wconf 81' lang='lat' dir='ltr'><strong>nostra</strong></span> <span class='ocrx_word' id='word_1_496' title='bbox 1346 1510 1450 1532; x_wconf 79' lang='lat' dir='ltr'><strong>eructat</strong></span> <span class='ocrx_word' id='word_1_497' title='bbox 1467 1513 1481 1532; x_wconf 87' lang='lat' dir='ltr'><strong>a</strong></span> <span class='ocrx_word' id='word_1_498' title='bbox 1498 1506 1585 1540; x_wconf 87' lang='lat' dir='ltr'><strong>seipsa</strong></span> <span class='ocrx_word' id='word_1_499' title='bbox 1601 1507 1724 1539; x_wconf 81' lang='lat' dir='ltr'><strong>verbum,</strong></span> <span class='ocrx_word' id='word_1_500' title='bbox 1738 1512 1767 1535; x_wconf 78' lang='lat' dir='ltr'><strong>ut</strong></span> 
     </span>
    </p>
   </div>
   <div class='ocr_carea' id='block_1_61' title="bbox 979 1550 1762 1586">
    <p class='ocr_par' dir='ltr' id='par_1_61' title="bbox 979 1550 1762 1586">
     <span class='ocr_line' id='line_1_61' title="bbox 979 1550 1762 1586; baseline 0.004 -9"><span class='ocrx_word' id='word_1_501' title='bbox 979 1550 1016 1577; x_wconf 87' lang='lat' dir='ltr'><strong>ait</strong></span> <span class='ocrx_word' id='word_1_502' title='bbox 1027 1550 1162 1586; x_wconf 87' lang='lat' dir='ltr'><strong>Propheta</strong></span> <span class='ocrx_word' id='word_1_503' title='bbox 1174 1561 1179 1578; x_wconf 93' lang='lat'><strong>:</strong></span> <span class='ocrx_word' id='word_1_504' title='bbox 1197 1551 1333 1578; x_wconf 82' lang='lat' dir='ltr'><strong>Eructavit</strong></span> <span class='ocrx_word' id='word_1_505' title='bbox 1345 1559 1389 1578; x_wconf 85' lang='lat' dir='ltr'><strong>cor</strong></span> <span class='ocrx_word' id='word_1_506' title='bbox 1397 1560 1482 1578; x_wconf 87' lang='lat' dir='ltr'><strong>meum</strong></span> <span class='ocrx_word' id='word_1_507' title='bbox 1491 1553 1597 1578; x_wconf 82' lang='lat' dir='ltr'><strong>verbum</strong></span> <span class='ocrx_word' id='word_1_508' title='bbox 1610 1552 1707 1580; x_wconf 65' lang='lat' dir='ltr'><strong>bonum</strong></span> <span class='ocrx_word' id='word_1_509' title='bbox 1718 1553 1740 1572; x_wconf 81' lang='grc'><strong>⁸³</strong></span> <span class='ocrx_word' id='word_1_510' title='bbox 1753 1561 1762 1580; x_wconf 88' lang='lat'>:</span> 
     </span>
    </p>
   </div>
   <div class='ocr_carea' id='block_1_62' title="bbox 138 1581 926 1632">
    <p class='ocr_par' dir='ltr' id='par_1_62' title="bbox 138 1581 925 1622">
     <span class='ocr_line' id='line_1_62' title="bbox 138 1581 925 1622; baseline 0.011 -15"><span class='ocrx_word' id='word_1_511' title='bbox 138 1582 185 1608; x_wconf 82' lang='grc' dir='ltr'>καὶ</span> <span class='ocrx_word' id='word_1_512' title='bbox 201 1581 257 1608; x_wconf 79' lang='grc' dir='ltr'>ἔστι</span> <span class='ocrx_word' id='word_1_513' title='bbox 276 1583 324 1618; x_wconf 84' lang='grc' dir='ltr'><strong>μὲν</strong></span> <span class='ocrx_word' id='word_1_514' title='bbox 341 1584 470 1620; x_wconf 79' lang='grc' dir='ltr'>ἑκάτερος</span> <span class='ocrx_word' id='word_1_515' title='bbox 485 1586 577 1620; x_wconf 73' lang='grc' dir='ltr'>ἕτερος</span> <span class='ocrx_word' id='word_1_516' title='bbox 592 1586 716 1622; x_wconf 79' lang='grc' dir='ltr'>θατέρου,</span> <span class='ocrx_word' id='word_1_517' title='bbox 734 1588 797 1614; x_wconf 75' lang='grc' dir='ltr'>ἴδιον</span> <span class='ocrx_word' id='word_1_518' title='bbox 814 1589 861 1615; x_wconf 77' lang='grc' dir='ltr'>καὶ</span> <span class='ocrx_word' id='word_1_519' title='bbox 879 1589 925 1616; x_wconf 87' lang='grc' dir='ltr'><strong>τοῦ</strong></span> 
     </span>
    </p>
   </div>
   <div class='ocr_carea' id='block_1_63' title="bbox 979 1581 1764 1632">
    <p class='ocr_par' dir='ltr' id='par_1_63' title="bbox 979 1596 1764 1632">
     <span class='ocr_line' id='line_1_63' title="bbox 979 1596 1764 1632; baseline 0.006 -11"><span class='ocrx_word' id='word_1_520' title='bbox 979 1600 1072 1630; x_wconf 86' lang='lat' dir='ltr'><strong>estque</strong></span> <span class='ocrx_word' id='word_1_521' title='bbox 1085 1602 1228 1628; x_wconf 86' lang='lat' dir='ltr'><strong>utrumque</strong></span> <span class='ocrx_word' id='word_1_522' title='bbox 1242 1596 1357 1624; x_wconf 85' lang='lat' dir='ltr'><strong>alterum</strong></span> <span class='ocrx_word' id='word_1_523' title='bbox 1376 1597 1410 1624; x_wconf 85' lang='lat' dir='ltr'><strong>ab</strong></span> <span class='ocrx_word' id='word_1_524' title='bbox 1425 1597 1521 1629; x_wconf 83' lang='lat' dir='ltr'><strong>altero,</strong></span> <span class='ocrx_word' id='word_1_525' title='bbox 1531 1598 1712 1632; x_wconf 88' lang='lat' dir='ltr'><strong>propriunt.et</strong></span> <span class='ocrx_word' id='word_1_526' title='bbox 1729 1599 1764 1626; x_wconf 81' lang='lat' dir='ltr'><strong>ab</strong></span> 
     </span>
    </p>
   </div>
   <div class='ocr_carea' id='block_1_64' title="bbox 136 1626 926 1678">
    <p class='ocr_par' dir='ltr' id='par_1_64' title="bbox 136 1626 925 1670">
     <span class='ocr_line' id='line_1_64' title="bbox 136 1626 925 1670; baseline 0.01 -17"><span class='ocrx_word' id='word_1_527' title='bbox 136 1626 229 1654; x_wconf 81' lang='grc' dir='ltr'>λοιποῦ</span> <span class='ocrx_word' id='word_1_528' title='bbox 257 1630 457 1665; x_wconf 82' lang='grc' dir='ltr'>κεχωρισμένον</span> <span class='ocrx_word' id='word_1_529' title='bbox 483 1630 597 1666; x_wconf 69' lang='grc' dir='ltr'>εἰληχὼς</span> <span class='ocrx_word' id='word_1_530' title='bbox 623 1632 719 1664; x_wconf 82' lang='grc' dir='ltr'>τόπον,</span> <span class='ocrx_word' id='word_1_531' title='bbox 743 1634 757 1660; x_wconf 91' lang='lat'><strong>6</strong></span> <span class='ocrx_word' id='word_1_532' title='bbox 775 1634 824 1668; x_wconf 81' lang='grc' dir='ltr'><strong>μὲν</strong></span> <span class='ocrx_word' id='word_1_533' title='bbox 848 1635 876 1660; x_wconf 82' lang='grc' dir='ltr'>ὲν</span> <span class='ocrx_word' id='word_1_534' title='bbox 892 1635 925 1670; x_wconf 80' lang='grc' dir='ltr'>τῇ</span> 
     </span>
    </p>
   </div>
   <div class='ocr_carea' id='block_1_65' title="bbox 979 1626 1765 1678">
    <p class='ocr_par' dir='ltr' id='par_1_65' title="bbox 979 1626 1765 1678">
     <span class='ocr_line' id='line_1_65' title="bbox 979 1626 1765 1678; baseline 0.004 -11"><span class='ocrx_word' id='word_1_535' title='bbox 979 1626 1063 1668; x_wconf 51' lang='lat' dir='ltr'><strong>alte-ro</strong></span> <span class='ocrx_word' id='word_1_536' title='bbox 1076 1641 1231 1669; x_wconf 86' lang='lat' dir='ltr'><strong>distinctum</strong></span> <span class='ocrx_word' id='word_1_537' title='bbox 1243 1642 1368 1669; x_wconf 87' lang='lat' dir='ltr'><strong>obtinens</strong></span> <span class='ocrx_word' id='word_1_538' title='bbox 1386 1642 1485 1675; x_wconf 89' lang='lat' dir='ltr'><strong>locum,</strong></span> <span class='ocrx_word' id='word_1_539' title='bbox 1499 1626 1559 1669; x_wconf 85' lang='lat' dir='ltr'><strong>cuin</strong></span> <span class='ocrx_word' id='word_1_540' title='bbox 1574 1626 1638 1669; x_wconf 73' lang='lat' dir='ltr'><strong>illud</strong></span> <span class='ocrx_word' id='word_1_541' title='bbox 1656 1644 1765 1678; x_wconf 84' lang='lat' dir='ltr'><strong>quidem</strong></span> 
     </span>
    </p>
   </div>
   <div class='ocr_carea' id='block_1_66' title="bbox 137 1672 926 1722">
    <p class='ocr_par' dir='ltr' id='par_1_66' title="bbox 137 1672 924 1714">
     <span class='ocr_line' id='line_1_66' title="bbox 137 1672 924 1714; baseline 0.01 -17"><span class='ocrx_word' id='word_1_542' title='bbox 137 1672 246 1708; x_wconf 79' lang='grc' dir='ltr'>καρδίᾳ,</span> <span class='ocrx_word' id='word_1_543' title='bbox 273 1674 288 1699; x_wconf 87' lang='lat'><strong>6</strong></span> <span class='ocrx_word' id='word_1_544' title='bbox 309 1673 338 1700; x_wconf 79' lang='grc' dir='ltr'><strong>δὲ</strong></span> <span class='ocrx_word' id='word_1_545' title='bbox 367 1674 413 1700; x_wconf 78' lang='grc' dir='ltr'><strong>ἐπὶ</strong></span> <span class='ocrx_word' id='word_1_546' title='bbox 441 1675 491 1709; x_wconf 78' lang='grc' dir='ltr'>τῆς</span> <span class='ocrx_word' id='word_1_547' title='bbox 512 1675 633 1710; x_wconf 87' lang='grc' dir='ltr'>γλώττης</span> <span class='ocrx_word' id='word_1_548' title='bbox 661 1677 708 1703; x_wconf 81' lang='grc' dir='ltr'>καὶ</span> <span class='ocrx_word' id='word_1_549' title='bbox 727 1677 773 1704; x_wconf 86' lang='grc' dir='ltr'><strong>τοῦ</strong></span> <span class='ocrx_word' id='word_1_550' title='bbox 792 1678 924 1714; x_wconf 82' lang='grc' dir='ltr'>στόματος</span> 
     </span>
    </p>
   </div>
   <div class='ocr_carea' id='block_1_67' title="bbox 979 1672 1766 1722">
    <p class='ocr_par' dir='ltr' id='par_1_67' title="bbox 979 1686 1766 1722">
     <span class='ocr_line' id='line_1_67' title="bbox 979 1686 1766 1722; baseline 0.004 -9"><span class='ocrx_word' id='word_1_551' title='bbox 979 1686 1003 1713; x_wconf 92' lang='lat' dir='ltr'><strong>in</strong></span> <span class='ocrx_word' id='word_1_552' title='bbox 1022 1687 1121 1720; x_wconf 87' lang='lat' dir='ltr'><strong>corde,</strong></span> <span class='ocrx_word' id='word_1_553' title='bbox 1140 1687 1210 1715; x_wconf 81' lang='lat' dir='ltr'><strong>istud</strong></span> <span class='ocrx_word' id='word_1_554' title='bbox 1224 1689 1249 1714; x_wconf 93' lang='lat' dir='ltr'><strong>in</strong></span> <span class='ocrx_word' id='word_1_555' title='bbox 1262 1688 1351 1722; x_wconf 77' lang='lat' dir='ltr'><strong>lingua</strong></span> <span class='ocrx_word' id='word_1_556' title='bbox 1367 1693 1394 1714; x_wconf 90' lang='lat' dir='ltr'><strong>et</strong></span> <span class='ocrx_word' id='word_1_557' title='bbox 1407 1696 1454 1716; x_wconf 92' lang='lat' dir='ltr'><strong>ore</strong></span> <span class='ocrx_word' id='word_1_558' title='bbox 1467 1694 1649 1716; x_wconf 81' lang='lat' dir='ltr'><strong>commoretur</strong></span> <span class='ocrx_word' id='word_1_559' title='bbox 1664 1693 1692 1717; x_wconf 82' lang='lat' dir='ltr'><strong>et</strong></span> <span class='ocrx_word' id='word_1_560' title='bbox 1707 1697 1766 1716; x_wconf 85' lang='lat' dir='ltr'><strong>mo-</strong></span> 
     </span>
    </p>
   </div>
   <div class='ocr_carea' id='block_1_68' title="bbox 136 1718 921 1758">
    <p class='ocr_par' dir='ltr' id='par_1_68' title="bbox 136 1718 921 1758">
     <span class='ocr_line' id='line_1_68' title="bbox 136 1718 921 1758; baseline 0.01 -14"><span class='ocrx_word' id='word_1_561' title='bbox 136 1718 219 1744; x_wconf 76' lang='grc' dir='ltr'>οἰκῶν</span> <span class='ocrx_word' id='word_1_562' title='bbox 233 1727 262 1745; x_wconf 84' lang='grc' dir='ltr'><strong>τε</strong></span> <span class='ocrx_word' id='word_1_563' title='bbox 288 1720 335 1746; x_wconf 82' lang='grc' dir='ltr'>καὶ</span> <span class='ocrx_word' id='word_1_564' title='bbox 356 1720 530 1756; x_wconf 83' lang='grc' dir='ltr'>κινούμενος·</span> <span class='ocrx_word' id='word_1_565' title='bbox 545 1721 574 1747; x_wconf 89' lang='grc' dir='ltr'>οὺ</span> <span class='ocrx_word' id='word_1_566' title='bbox 592 1722 644 1757; x_wconf 86' lang='grc' dir='ltr'><strong>μὴν</strong></span> <span class='ocrx_word' id='word_1_567' title='bbox 659 1722 840 1758; x_wconf 75' lang='grc' dir='ltr'>διεστήκασιν,</span> <span class='ocrx_word' id='word_1_568' title='bbox 861 1726 921 1752; x_wconf 74' lang='grc' dir='ltr'>οὐδὲ</span> 
     </span>
    </p>
   </div>
   <div class='ocr_carea' id='block_1_69' title="bbox 137 1764 924 1803">
    <p class='ocr_par' dir='ltr' id='par_1_69' title="bbox 137 1764 924 1803">
     <span class='ocr_line' id='line_1_69' title="bbox 137 1764 924 1803; baseline 0.009 -13"><span class='ocrx_word' id='word_1_569' title='bbox 137 1764 263 1798; x_wconf 76' lang='grc' dir='ltr'>καθάπαξ</span> <span class='ocrx_word' id='word_1_570' title='bbox 279 1765 400 1801; x_wconf 88' lang='grc' dir='ltr'>ἀλλήλων</span> <span class='ocrx_word' id='word_1_571' title='bbox 418 1767 557 1803; x_wconf 75' lang='grc' dir='ltr'>στέρονται</span> <span class='ocrx_word' id='word_1_572' title='bbox 576 1768 640 1803; x_wconf 78' lang='grc'><strong>(15),</strong></span> <span class='ocrx_word' id='word_1_573' title='bbox 657 1769 717 1795; x_wconf 77' lang='grc' dir='ltr'><strong>οὺδέ</strong></span> <span class='ocrx_word' id='word_1_574' title='bbox 738 1770 810 1796; x_wconf 79' lang='grc' dir='ltr'>ἐστιν</span> <span class='ocrx_word' id='word_1_575' title='bbox 836 1770 895 1797; x_wconf 68' lang='grc' dir='ltr'>οὔτε</span> <span class='ocrx_word' id='word_1_576' title='bbox 911 1773 924 1798; x_wconf 94' lang='lat'><strong>6</strong></span> 
     </span>
    </p>
   </div>
   <div class='ocr_carea' id='block_1_70' title="bbox 136 1810 924 1849">
    <p class='ocr_par' dir='ltr' id='par_1_70' title="bbox 136 1810 924 1849">
     <span class='ocr_line' id='line_1_70' title="bbox 136 1810 924 1849; baseline 0.006 -12"><span class='ocrx_word' id='word_1_577' title='bbox 136 1810 200 1842; x_wconf 83' lang='grc' dir='ltr'>νοῦς</span> <span class='ocrx_word' id='word_1_578' title='bbox 226 1812 332 1846; x_wconf 73' lang='grc' dir='ltr'>ἄλογος,</span> <span class='ocrx_word' id='word_1_579' title='bbox 348 1811 409 1839; x_wconf 69' lang='grc' dir='ltr'>οὔτε</span> <span class='ocrx_word' id='word_1_580' title='bbox 435 1813 514 1845; x_wconf 78' lang='grc' dir='ltr'>ἄνους</span> <span class='ocrx_word' id='word_1_581' title='bbox 534 1814 548 1840; x_wconf 88' lang='lat'><strong>6</strong></span> <span class='ocrx_word' id='word_1_582' title='bbox 570 1813 663 1848; x_wconf 84' lang='grc' dir='ltr'>λόγος·</span> <span class='ocrx_word' id='word_1_583' title='bbox 679 1814 737 1841; x_wconf 80' lang='grc' dir='ltr'>ἀλλ’</span> <span class='ocrx_word' id='word_1_584' title='bbox 766 1815 780 1842; x_wconf 81' lang='grc' dir='ltr'><strong>ὅ</strong></span> <span class='ocrx_word' id='word_1_585' title='bbox 807 1824 838 1849; x_wconf 84' lang='grc' dir='ltr'><strong>γε</strong></span> <span class='ocrx_word' id='word_1_586' title='bbox 863 1817 924 1848; x_wconf 86' lang='grc' dir='ltr'>νοῦς</span> 
     </span>
    </p>
   </div>
   <div class='ocr_carea' id='block_1_71' title="bbox 135 1857 926 1896">
    <p class='ocr_par' dir='ltr' id='par_1_71' title="bbox 135 1857 926 1896">
     <span class='ocr_line' id='line_1_71' title="bbox 135 1857 926 1896; baseline 0.006 -13"><span class='ocrx_word' id='word_1_587' title='bbox 135 1859 209 1884; x_wconf 80' lang='grc' dir='ltr'>ποιεῖ</span> <span class='ocrx_word' id='word_1_588' title='bbox 232 1857 277 1884; x_wconf 80' lang='grc' dir='ltr'>τὸν</span> <span class='ocrx_word' id='word_1_589' title='bbox 304 1858 382 1892; x_wconf 86' lang='grc' dir='ltr'>λόγον</span> <span class='ocrx_word' id='word_1_590' title='bbox 406 1860 436 1886; x_wconf 75' lang='grc' dir='ltr'>ὲν</span> <span class='ocrx_word' id='word_1_591' title='bbox 457 1859 531 1895; x_wconf 83' lang='grc' dir='ltr'>αὐτῷ</span> <span class='ocrx_word' id='word_1_592' title='bbox 544 1860 599 1895; x_wconf 67' lang='grc'><strong>(14)</strong></span> <span class='ocrx_word' id='word_1_593' title='bbox 619 1861 727 1895; x_wconf 78' lang='grc' dir='ltr'>φανείς’</span> <span class='ocrx_word' id='word_1_594' title='bbox 748 1862 794 1888; x_wconf 76' lang='grc' dir='ltr'>καὶ</span> <span class='ocrx_word' id='word_1_595' title='bbox 808 1863 822 1888; x_wconf 90' lang='lat'><strong>6</strong></span> <span class='ocrx_word' id='word_1_596' title='bbox 848 1861 926 1896; x_wconf 81' lang='grc' dir='ltr'>λόγος</span> 
     </span>
    </p>
   </div>
   <div class='ocr_carea' id='block_1_72' title="bbox 136 1903 924 1942">
    <p class='ocr_par' dir='ltr' id='par_1_72' title="bbox 136 1903 924 1942">
     <span class='ocr_line' id='line_1_72' title="bbox 136 1903 924 1942; baseline 0.008 -13"><span class='ocrx_word' id='word_1_597' title='bbox 136 1903 255 1930; x_wconf 81' lang='grc' dir='ltr'>δείκνυσι</span> <span class='ocrx_word' id='word_1_598' title='bbox 277 1905 323 1930; x_wconf 82' lang='grc' dir='ltr'><strong>τὸν</strong></span> <span class='ocrx_word' id='word_1_599' title='bbox 354 1905 416 1931; x_wconf 84' lang='grc' dir='ltr'>νοῦν</span> <span class='ocrx_word' id='word_1_600' title='bbox 442 1906 471 1932; x_wconf 84' lang='grc' dir='ltr'>ὲν</span> <span class='ocrx_word' id='word_1_601' title='bbox 495 1906 569 1941; x_wconf 85' lang='grc' dir='ltr'>αὐτῷ</span> <span class='ocrx_word' id='word_1_602' title='bbox 592 1906 735 1941; x_wconf 87' lang='grc' dir='ltr'>γενόμενος</span> <span class='ocrx_word' id='word_1_603' title='bbox 749 1915 755 1922; x_wconf 94' lang='grc'><strong>·</strong></span> <span class='ocrx_word' id='word_1_604' title='bbox 773 1909 850 1934; x_wconf 82' lang='grc' dir='ltr'>καὶὸ</span> <span class='ocrx_word' id='word_1_605' title='bbox 877 1908 924 1942; x_wconf 82' lang='grc' dir='ltr'><strong>μὲν</strong></span> 
     </span>
    </p>
   </div>
   <div class='ocr_carea' id='block_1_73' title="bbox 135 1947 922 1987">
    <p class='ocr_par' dir='ltr' id='par_1_73' title="bbox 135 1947 922 1987">
     <span class='ocr_line' id='line_1_73' title="bbox 135 1947 922 1987; baseline 0.003 -11"><span class='ocrx_word' id='word_1_606' title='bbox 135 1949 197 1981; x_wconf 86' lang='grc' dir='ltr'>νοῦς</span> <span class='ocrx_word' id='word_1_607' title='bbox 208 1950 291 1982; x_wconf 77' lang='grc' dir='ltr'>ἐστιν,</span> <span class='ocrx_word' id='word_1_608' title='bbox 300 1947 354 1976; x_wconf 74' lang='grc' dir='ltr'>οἷον</span> <span class='ocrx_word' id='word_1_609' title='bbox 365 1950 442 1984; x_wconf 85' lang='grc' dir='ltr'>λόγος</span> <span class='ocrx_word' id='word_1_610' title='bbox 457 1951 613 1986; x_wconf 77' lang='grc' dir='ltr'>ἐγκείμενος</span> <span class='ocrx_word' id='word_1_611' title='bbox 622 1960 628 1966; x_wconf 72' lang='grc' dir='ltr'><strong><em>ε</em></strong></span> <span class='ocrx_word' id='word_1_612' title='bbox 637 1953 650 1978; x_wconf 81' lang='lat'><strong>6</strong></span> <span class='ocrx_word' id='word_1_613' title='bbox 663 1951 691 1977; x_wconf 82' lang='grc' dir='ltr'>δὲ</span> <span class='ocrx_word' id='word_1_614' title='bbox 705 1951 782 1985; x_wconf 84' lang='grc' dir='ltr'>λόγος</span> <span class='ocrx_word' id='word_1_615' title='bbox 796 1952 858 1983; x_wconf 84' lang='grc' dir='ltr'>νοῦς</span> <span class='ocrx_word' id='word_1_616' title='bbox 866 1952 922 1987; x_wconf 77' lang='grc'><strong>(15)</strong></span> 
     </span>
    </p>
   </div>
   <div class='ocr_carea' id='block_1_74' title="bbox 134 1995 920 2032">
    <p class='ocr_par' dir='ltr' id='par_1_74' title="bbox 134 1995 920 2032">
     <span class='ocr_line' id='line_1_74' title="bbox 134 1995 920 2032; baseline 0.004 -11"><span class='ocrx_word' id='word_1_617' title='bbox 134 1995 281 2031; x_wconf 81' lang='grc' dir='ltr'>προπηδῶν</span> <span class='ocrx_word' id='word_1_618' title='bbox 293 2004 299 2010; x_wconf 86' lang='grc'><strong>“</strong></span> <span class='ocrx_word' id='word_1_619' title='bbox 318 1996 364 2022; x_wconf 77' lang='grc' dir='ltr'>καὶ</span> <span class='ocrx_word' id='word_1_620' title='bbox 382 1996 541 2031; x_wconf 80' lang='grc' dir='ltr'>μεθίσταται</span> <span class='ocrx_word' id='word_1_621' title='bbox 556 1998 603 2032; x_wconf 84' lang='grc' dir='ltr'><strong>μὲν</strong></span> <span class='ocrx_word' id='word_1_622' title='bbox 619 1999 632 2023; x_wconf 80' lang='lat'><strong>6</strong></span> <span class='ocrx_word' id='word_1_623' title='bbox 647 1997 708 2030; x_wconf 88' lang='grc' dir='ltr'>νοῦς</span> <span class='ocrx_word' id='word_1_624' title='bbox 721 1999 760 2029; x_wconf 81' lang='grc' dir='ltr'><strong>είς</strong></span> <span class='ocrx_word' id='word_1_625' title='bbox 773 1999 817 2024; x_wconf 82' lang='grc' dir='ltr'>τὸν</span> <span class='ocrx_word' id='word_1_626' title='bbox 833 1999 920 2032; x_wconf 84' lang='grc' dir='ltr'>λόγον,</span> 
     </span>
    </p>
   </div>
   <div class='ocr_carea' id='block_1_75' title="bbox 132 2041 923 2078">
    <p class='ocr_par' dir='ltr' id='par_1_75' title="bbox 132 2041 923 2078">
     <span class='ocr_line' id='line_1_75' title="bbox 132 2041 923 2078; baseline 0.004 -11"><span class='ocrx_word' id='word_1_627' title='bbox 132 2042 147 2067; x_wconf 93' lang='lat'><strong>6</strong></span> <span class='ocrx_word' id='word_1_628' title='bbox 163 2041 191 2067; x_wconf 83' lang='grc' dir='ltr'><strong>δὲ</strong></span> <span class='ocrx_word' id='word_1_629' title='bbox 199 2041 276 2075; x_wconf 89' lang='grc' dir='ltr'>λόγος</span> <span class='ocrx_word' id='word_1_630' title='bbox 283 2041 330 2068; x_wconf 79' lang='grc' dir='ltr'><strong>τὸν</strong></span> <span class='ocrx_word' id='word_1_631' title='bbox 346 2041 408 2068; x_wconf 84' lang='grc' dir='ltr'>νοῦν</span> <span class='ocrx_word' id='word_1_632' title='bbox 421 2043 460 2073; x_wconf 78' lang='grc' dir='ltr'>εἰς</span> <span class='ocrx_word' id='word_1_633' title='bbox 472 2043 534 2074; x_wconf 78' lang='grc' dir='ltr'>τοὺς</span> <span class='ocrx_word' id='word_1_634' title='bbox 544 2042 682 2078; x_wconf 80' lang='grc' dir='ltr'>ἀκροατὰς</span> <span class='ocrx_word' id='word_1_635' title='bbox 699 2043 836 2077; x_wconf 71' lang='grc' dir='ltr'>ἐγκυκλεῖ.</span> <span class='ocrx_word' id='word_1_636' title='bbox 866 2043 923 2070; x_wconf 76' lang='grc' dir='ltr'>Καὶ</span> 
     </span>
    </p>
   </div>
   <div class='ocr_carea' id='block_1_76' title="bbox 131 2087 919 2123">
    <p class='ocr_par' dir='ltr' id='par_1_76' title="bbox 131 2087 919 2123">
     <span class='ocr_line' id='line_1_76' title="bbox 131 2087 919 2123; baseline 0.003 -9"><span class='ocrx_word' id='word_1_637' title='bbox 131 2087 219 2120; x_wconf 78' lang='grc' dir='ltr'>οὕτως</span> <span class='ocrx_word' id='word_1_638' title='bbox 240 2089 254 2114; x_wconf 91' lang='lat'><strong>6</strong></span> <span class='ocrx_word' id='word_1_639' title='bbox 283 2088 345 2120; x_wconf 89' lang='grc' dir='ltr'>νοῦς</span> <span class='ocrx_word' id='word_1_640' title='bbox 373 2088 417 2115; x_wconf 76' lang='grc' dir='ltr'><strong>διὰ</strong></span> <span class='ocrx_word' id='word_1_641' title='bbox 445 2089 491 2115; x_wconf 87' lang='grc' dir='ltr'><strong>τοῦ</strong></span> <span class='ocrx_word' id='word_1_642' title='bbox 509 2089 587 2123; x_wconf 79' lang='grc' dir='ltr'>λόγου</span> <span class='ocrx_word' id='word_1_643' title='bbox 608 2091 668 2121; x_wconf 83' lang='grc' dir='ltr'>ταῖς</span> <span class='ocrx_word' id='word_1_644' title='bbox 694 2090 748 2117; x_wconf 88' lang='grc' dir='ltr'>τῶν</span> <span class='ocrx_word' id='word_1_645' title='bbox 768 2091 919 2117; x_wconf 77' lang='grc' dir='ltr'>ἀκουόντων</span> 
     </span>
    </p>
   </div>
   <div class='ocr_carea' id='block_1_77' title="bbox 132 2133 916 2171">
    <p class='ocr_par' dir='ltr' id='par_1_77' title="bbox 132 2133 916 2171">
     <span class='ocr_line' id='line_1_77' title="bbox 132 2133 916 2171; baseline 0.003 -12"><span class='ocrx_word' id='word_1_646' title='bbox 132 2133 231 2168; x_wconf 78' lang='grc' dir='ltr'>ψυχαῖς</span> <span class='ocrx_word' id='word_1_647' title='bbox 243 2133 392 2169; x_wconf 79' lang='grc' dir='ltr'>ὲνιδρύεται</span> <span class='ocrx_word' id='word_1_648' title='bbox 406 2133 472 2169; x_wconf 85' lang='grc'><strong>(16),</strong></span> <span class='ocrx_word' id='word_1_649' title='bbox 491 2135 631 2162; x_wconf 83' lang='grc' dir='ltr'>συνεισιὼν</span> <span class='ocrx_word' id='word_1_650' title='bbox 641 2135 679 2171; x_wconf 84' lang='grc' dir='ltr'>τῷ</span> <span class='ocrx_word' id='word_1_651' title='bbox 691 2135 771 2170; x_wconf 84' lang='grc' dir='ltr'>λόγῳ·</span> <span class='ocrx_word' id='word_1_652' title='bbox 787 2136 833 2163; x_wconf 80' lang='grc' dir='ltr'>καὶ</span> <span class='ocrx_word' id='word_1_653' title='bbox 844 2136 916 2162; x_wconf 77' lang='grc' dir='ltr'>ἔστιν</span> 
     </span>
    </p>
   </div>
   <div class='ocr_carea' id='block_1_78' title="bbox 130 2178 917 2216">
    <p class='ocr_par' dir='ltr' id='par_1_78' title="bbox 130 2178 917 2216">
     <span class='ocr_line' id='line_1_78' title="bbox 130 2178 917 2216; baseline 0.003 -10"><span class='ocrx_word' id='word_1_654' title='bbox 130 2180 147 2205; x_wconf 85' lang='lat'><strong>6</strong></span> <span class='ocrx_word' id='word_1_655' title='bbox 157 2179 205 2216; x_wconf 75' lang='grc' dir='ltr'>μὶν</span> <span class='ocrx_word' id='word_1_656' title='bbox 217 2178 274 2207; x_wconf 75' lang='grc' dir='ltr'>οἷον</span> <span class='ocrx_word' id='word_1_657' title='bbox 291 2181 382 2216; x_wconf 75' lang='grc' dir='ltr'>πατὴρ</span> <span class='ocrx_word' id='word_1_658' title='bbox 395 2181 409 2207; x_wconf 91' lang='lat'><strong>6</strong></span> <span class='ocrx_word' id='word_1_659' title='bbox 423 2181 485 2212; x_wconf 83' lang='grc' dir='ltr'>νοῦς</span> <span class='ocrx_word' id='word_1_660' title='bbox 501 2181 547 2208; x_wconf 81' lang='grc' dir='ltr'><strong>τοῦ</strong></span> <span class='ocrx_word' id='word_1_661' title='bbox 561 2181 650 2216; x_wconf 83' lang='grc' dir='ltr'>λόγου,</span> <span class='ocrx_word' id='word_1_662' title='bbox 663 2182 700 2208; x_wconf 87' lang='grc' dir='ltr'>ὣν</span> <span class='ocrx_word' id='word_1_663' title='bbox 719 2183 761 2216; x_wconf 76' lang='grc' dir='ltr'><strong>ἐφ’</strong></span> <span class='ocrx_word' id='word_1_664' title='bbox 775 2182 870 2208; x_wconf 81' lang='grc' dir='ltr'>ἑαυτοῦ</span> <span class='ocrx_word' id='word_1_665' title='bbox 881 2191 887 2196; x_wconf 92' lang='grc'><strong>·</strong></span> <span class='ocrx_word' id='word_1_666' title='bbox 903 2183 917 2208; x_wconf 91' lang='lat'><strong>6</strong></span> 
     </span>
    </p>
   </div>
   <div class='ocr_carea' id='block_1_79' title="bbox 148 2295 403 2327">
    <p class='ocr_par' dir='ltr' id='par_1_79' title="bbox 148 2295 403 2327">
     <span class='ocr_line' id='line_1_79' title="bbox 148 2295 403 2327; baseline 0 -5"><span class='ocrx_word' id='word_1_667' title='bbox 148 2295 254 2323; x_wconf 76' lang='lat' dir='ltr'><strong>&quot;Psal.</strong></span> <span class='ocrx_word' id='word_1_668' title='bbox 282 2303 357 2327; x_wconf 81' lang='lat' dir='ltr'><strong>xuv,</strong></span> <span class='ocrx_word' id='word_1_669' title='bbox 386 2296 403 2322; x_wconf 72' lang='lat'><strong>2</strong></span> 
     </span>
    </p>
   </div>
   <div class='ocr_carea' id='block_1_80' title="bbox 976 1733 1765 1766">
    <p class='ocr_par' dir='ltr' id='par_1_80' title="bbox 976 1733 1765 1766">
     <span class='ocr_line' id='line_1_80' title="bbox 976 1733 1765 1766; baseline 0.004 -8"><span class='ocrx_word' id='word_1_670' title='bbox 976 1737 1089 1759; x_wconf 88' lang='lat' dir='ltr'><strong>veatur:</strong></span> <span class='ocrx_word' id='word_1_671' title='bbox 1111 1740 1164 1759; x_wconf 90' lang='lat' dir='ltr'><strong>non</strong></span> <span class='ocrx_word' id='word_1_672' title='bbox 1182 1737 1270 1760; x_wconf 89' lang='lat' dir='ltr'><strong>tamen</strong></span> <span class='ocrx_word' id='word_1_673' title='bbox 1297 1733 1411 1760; x_wconf 88' lang='lat' dir='ltr'><strong>alterum</strong></span> <span class='ocrx_word' id='word_1_674' title='bbox 1430 1734 1464 1760; x_wconf 83' lang='lat' dir='ltr'><strong>ab</strong></span> <span class='ocrx_word' id='word_1_675' title='bbox 1480 1733 1568 1761; x_wconf 83' lang='lat' dir='ltr'><strong>altero</strong></span> <span class='ocrx_word' id='word_1_676' title='bbox 1605 1734 1697 1766; x_wconf 88' lang='lat' dir='ltr'><strong>distat,</strong></span> <span class='ocrx_word' id='word_1_677' title='bbox 1715 1741 1765 1762; x_wconf 91' lang='lat' dir='ltr'><strong>nec</strong></span> 
     </span>
    </p>
   </div>
   <div class='ocr_carea' id='block_1_81' title="bbox 975 1777 1762 1813">
    <p class='ocr_par' dir='ltr' id='par_1_81' title="bbox 975 1777 1762 1813">
     <span class='ocr_line' id='line_1_81' title="bbox 975 1777 1762 1813; baseline 0.003 -9"><span class='ocrx_word' id='word_1_678' title='bbox 975 1784 1004 1804; x_wconf 89' lang='lat' dir='ltr'><strong>se</strong></span> <span class='ocrx_word' id='word_1_679' title='bbox 1015 1777 1131 1804; x_wconf 89' lang='lat' dir='ltr'><strong>invicem</strong></span> <span class='ocrx_word' id='word_1_680' title='bbox 1145 1778 1284 1813; x_wconf 90' lang='lat' dir='ltr'><strong>privantur</strong></span> <span class='ocrx_word' id='word_1_681' title='bbox 1300 1787 1307 1805; x_wconf 91' lang='lat'><strong>:</strong></span> <span class='ocrx_word' id='word_1_682' title='bbox 1334 1787 1420 1812; x_wconf 89' lang='lat' dir='ltr'><strong>nequc</strong></span> <span class='ocrx_word' id='word_1_683' title='bbox 1442 1787 1520 1806; x_wconf 86' lang='lat' dir='ltr'><strong>mens</strong></span> <span class='ocrx_word' id='word_1_684' title='bbox 1539 1779 1597 1807; x_wconf 88' lang='lat' dir='ltr'><strong>sine</strong></span> <span class='ocrx_word' id='word_1_685' title='bbox 1614 1781 1697 1808; x_wconf 89' lang='lat' dir='ltr'><strong>verbo</strong></span> <span class='ocrx_word' id='word_1_686' title='bbox 1710 1785 1762 1812; x_wconf 90' lang='lat' dir='ltr'><strong>est,</strong></span> 
     </span>
    </p>
   </div>
   <div class='ocr_carea' id='block_1_82' title="bbox 976 1821 1763 1854">
    <p class='ocr_par' dir='ltr' id='par_1_82' title="bbox 976 1821 1763 1854">
     <span class='ocr_line' id='line_1_82' title="bbox 976 1821 1763 1854; baseline 0.008 -8"><span class='ocrx_word' id='word_1_687' title='bbox 976 1827 1063 1854; x_wconf 89' lang='lat' dir='ltr'><strong>neque</strong></span> <span class='ocrx_word' id='word_1_688' title='bbox 1075 1821 1185 1848; x_wconf 90' lang='lat' dir='ltr'><strong>verbum</strong></span> <span class='ocrx_word' id='word_1_689' title='bbox 1207 1822 1265 1849; x_wconf 89' lang='lat' dir='ltr'><strong>sine</strong></span> <span class='ocrx_word' id='word_1_690' title='bbox 1280 1828 1388 1850; x_wconf 82' lang='lat' dir='ltr'><strong>tuente:</strong></span> <span class='ocrx_word' id='word_1_691' title='bbox 1408 1823 1455 1851; x_wconf 83' lang='lat' dir='ltr'><strong>sed</strong></span> <span class='ocrx_word' id='word_1_692' title='bbox 1478 1831 1554 1850; x_wconf 89' lang='lat' dir='ltr'><strong>mens</strong></span> <span class='ocrx_word' id='word_1_693' title='bbox 1584 1824 1694 1851; x_wconf 88' lang='lat' dir='ltr'><strong>verbum</strong></span> <span class='ocrx_word' id='word_1_694' title='bbox 1723 1824 1763 1852; x_wconf 84' lang='lat' dir='ltr'><strong>fa-</strong></span> 
     </span>
    </p>
   </div>
   <div class='ocr_carea' id='block_1_83' title="bbox 978 1864 1761 1902">
    <p class='ocr_par' dir='ltr' id='par_1_83' title="bbox 978 1864 1761 1902">
     <span class='ocr_line' id='line_1_83' title="bbox 978 1864 1761 1902; baseline 0.008 -12"><span class='ocrx_word' id='word_1_695' title='bbox 978 1864 1028 1896; x_wconf 85' lang='lat' dir='ltr'><strong>cit,</strong></span> <span class='ocrx_word' id='word_1_696' title='bbox 1041 1868 1070 1892; x_wconf 83' lang='lat' dir='ltr'><strong>et</strong></span> <span class='ocrx_word' id='word_1_697' title='bbox 1083 1865 1108 1892; x_wconf 93' lang='lat' dir='ltr'><strong>in</strong></span> <span class='ocrx_word' id='word_1_698' title='bbox 1120 1865 1177 1899; x_wconf 89' lang='lat' dir='ltr'><strong>ipso</strong></span> <span class='ocrx_word' id='word_1_699' title='bbox 1195 1872 1316 1901; x_wconf 83' lang='lat' dir='ltr'><strong>apparet,</strong></span> <span class='ocrx_word' id='word_1_700' title='bbox 1336 1872 1364 1893; x_wconf 85' lang='lat' dir='ltr'><strong>et</strong></span> <span class='ocrx_word' id='word_1_701' title='bbox 1380 1867 1488 1894; x_wconf 86' lang='lat' dir='ltr'><strong>verbum</strong></span> <span class='ocrx_word' id='word_1_702' title='bbox 1505 1873 1622 1895; x_wconf 89' lang='lat' dir='ltr'><strong>mentem</strong></span> <span class='ocrx_word' id='word_1_703' title='bbox 1642 1870 1761 1902; x_wconf 83' lang='lat' dir='ltr'><strong>exhibet,</strong></span> 
     </span>
    </p>
   </div>
   <div class='ocr_carea' id='block_1_84' title="bbox 978 1906 1759 1946">
    <p class='ocr_par' dir='ltr' id='par_1_84' title="bbox 978 1906 1759 1946">
     <span class='ocr_line' id='line_1_84' title="bbox 978 1906 1759 1946; baseline 0.01 -13"><span class='ocrx_word' id='word_1_704' title='bbox 978 1906 1004 1933; x_wconf 91' lang='lat' dir='ltr'><strong>iu</strong></span> <span class='ocrx_word' id='word_1_705' title='bbox 1018 1914 1070 1940; x_wconf 83' lang='lat' dir='ltr'><strong>qua</strong></span> <span class='ocrx_word' id='word_1_706' title='bbox 1085 1907 1185 1936; x_wconf 81' lang='lat' dir='ltr'><strong>factum</strong></span> <span class='ocrx_word' id='word_1_707' title='bbox 1201 1915 1242 1937; x_wconf 82' lang='lat' dir='ltr'><strong>est</strong></span> <span class='ocrx_word' id='word_1_708' title='bbox 1256 1919 1263 1936; x_wconf 89' lang='lat'><strong>:</strong></span> <span class='ocrx_word' id='word_1_709' title='bbox 1280 1918 1409 1945; x_wconf 82' lang='lat' dir='ltr'><strong>mensque</strong></span> <span class='ocrx_word' id='word_1_710' title='bbox 1423 1917 1463 1938; x_wconf 89' lang='lat' dir='ltr'><strong>est</strong></span> <span class='ocrx_word' id='word_1_711' title='bbox 1482 1912 1559 1946; x_wconf 85' lang='lat' dir='ltr'><strong>quasi</strong></span> <span class='ocrx_word' id='word_1_712' title='bbox 1576 1913 1689 1940; x_wconf 88' lang='lat' dir='ltr'><strong>verbum</strong></span> <span class='ocrx_word' id='word_1_713' title='bbox 1706 1913 1759 1940; x_wconf 84' lang='lat' dir='ltr'><strong>im-</strong></span> 
     </span>
    </p>
   </div>
   <div class='ocr_carea' id='block_1_85' title="bbox 976 1955 1758 1993">
    <p class='ocr_par' dir='ltr' id='par_1_85' title="bbox 976 1955 1758 1993">
     <span class='ocr_line' id='line_1_85' title="bbox 976 1955 1758 1993; baseline 0.01 -15"><span class='ocrx_word' id='word_1_714' title='bbox 976 1960 1098 1985; x_wconf 85' lang='lat' dir='ltr'><strong>maueus,</strong></span> <span class='ocrx_word' id='word_1_715' title='bbox 1124 1955 1234 1982; x_wconf 87' lang='lat' dir='ltr'><strong>verbum</strong></span> <span class='ocrx_word' id='word_1_716' title='bbox 1264 1961 1353 1983; x_wconf 87' lang='lat' dir='ltr'><strong>autem</strong></span> <span class='ocrx_word' id='word_1_717' title='bbox 1382 1957 1458 1991; x_wconf 86' lang='lat' dir='ltr'><strong>quasi</strong></span> <span class='ocrx_word' id='word_1_718' title='bbox 1483 1965 1559 1985; x_wconf 88' lang='lat' dir='ltr'><strong>mens</strong></span> <span class='ocrx_word' id='word_1_719' title='bbox 1588 1959 1758 1993; x_wconf 87' lang='lat' dir='ltr'><strong>prosiliens:</strong></span> 
     </span>
    </p>
   </div>
   <div class='ocr_carea' id='block_1_86' title="bbox 978 1997 1760 2035">
    <p class='ocr_par' dir='ltr' id='par_1_86' title="bbox 978 1997 1760 2035">
     <span class='ocr_line' id='line_1_86' title="bbox 978 1997 1760 2035; baseline 0.01 -11"><span class='ocrx_word' id='word_1_720' title='bbox 978 1999 1093 2026; x_wconf 89' lang='lat' dir='ltr'><strong>mensin</strong></span> <span class='ocrx_word' id='word_1_721' title='bbox 1109 1997 1221 2028; x_wconf 85' lang='lat' dir='ltr'><strong>verbum</strong></span> <span class='ocrx_word' id='word_1_722' title='bbox 1251 2003 1356 2035; x_wconf 84' lang='lat' dir='ltr'><strong>transit,</strong></span> <span class='ocrx_word' id='word_1_723' title='bbox 1381 2003 1492 2030; x_wconf 88' lang='lat' dir='ltr'><strong>verbum</strong></span> <span class='ocrx_word' id='word_1_724' title='bbox 1518 2008 1633 2031; x_wconf 85' lang='lat' dir='ltr'><strong>mentem</strong></span> <span class='ocrx_word' id='word_1_725' title='bbox 1654 2005 1681 2032; x_wconf 91' lang='lat' dir='ltr'><strong>in</strong></span> <span class='ocrx_word' id='word_1_726' title='bbox 1706 2006 1760 2032; x_wconf 89' lang='lat' dir='ltr'><strong>cir-</strong></span> 
     </span>
    </p>
   </div>
   <div class='ocr_carea' id='block_1_87' title="bbox 973 2048 1760 2087">
    <p class='ocr_par' dir='ltr' id='par_1_87' title="bbox 973 2048 1760 2087">
     <span class='ocr_line' id='line_1_87' title="bbox 973 2048 1760 2087; baseline 0.01 -16"><span class='ocrx_word' id='word_1_727' title='bbox 973 2050 1140 2074; x_wconf 86' lang='lat' dir='ltr'><strong>cumstantes</strong></span> <span class='ocrx_word' id='word_1_728' title='bbox 1168 2048 1305 2076; x_wconf 89' lang='lat' dir='ltr'><strong>auditores</strong></span> <span class='ocrx_word' id='word_1_729' title='bbox 1333 2048 1479 2076; x_wconf 85' lang='lat' dir='ltr'><strong>insinuat:</strong></span> <span class='ocrx_word' id='word_1_730' title='bbox 1508 2055 1534 2076; x_wconf 92' lang='lat' dir='ltr'><strong>et</strong></span> <span class='ocrx_word' id='word_1_731' title='bbox 1565 2051 1604 2078; x_wconf 90' lang='lat' dir='ltr'><strong>sic</strong></span> <span class='ocrx_word' id='word_1_732' title='bbox 1619 2059 1696 2078; x_wconf 79' lang='lat' dir='ltr'><strong>mens</strong></span> <span class='ocrx_word' id='word_1_733' title='bbox 1712 2060 1760 2087; x_wconf 90' lang='lat' dir='ltr'><strong>per</strong></span> 
     </span>
    </p>
   </div>
   <div class='ocr_carea' id='block_1_88' title="bbox 972 2091 1758 2129">
    <p class='ocr_par' dir='ltr' id='par_1_88' title="bbox 972 2091 1758 2129">
     <span class='ocr_line' id='line_1_88' title="bbox 972 2091 1758 2129; baseline 0.011 -11"><span class='ocrx_word' id='word_1_734' title='bbox 972 2091 1083 2119; x_wconf 88' lang='lat' dir='ltr'><strong>verbum</strong></span> <span class='ocrx_word' id='word_1_735' title='bbox 1095 2093 1122 2120; x_wconf 92' lang='lat' dir='ltr'><strong>in</strong></span> <span class='ocrx_word' id='word_1_736' title='bbox 1135 2094 1285 2121; x_wconf 86' lang='lat' dir='ltr'><strong>auditorum</strong></span> <span class='ocrx_word' id='word_1_737' title='bbox 1301 2095 1398 2122; x_wconf 85' lang='lat' dir='ltr'><strong>animis</strong></span> <span class='ocrx_word' id='word_1_738' title='bbox 1408 2095 1568 2129; x_wconf 88' lang='lat' dir='ltr'><strong>collocatur,</strong></span> <span class='ocrx_word' id='word_1_739' title='bbox 1582 2102 1609 2124; x_wconf 91' lang='lat' dir='ltr'><strong>et</strong></span> <span class='ocrx_word' id='word_1_740' title='bbox 1628 2106 1680 2125; x_wconf 88' lang='lat' dir='ltr'><strong>una</strong></span> <span class='ocrx_word' id='word_1_741' title='bbox 1697 2107 1758 2126; x_wconf 85' lang='lat' dir='ltr'><strong>cum</strong></span> 
     </span>
    </p>
   </div>
   <div class='ocr_carea' id='block_1_89' title="bbox 971 2137 1756 2176">
    <p class='ocr_par' dir='ltr' id='par_1_89' title="bbox 971 2137 1756 2176">
     <span class='ocr_line' id='line_1_89' title="bbox 971 2137 1756 2176; baseline 0.009 -13"><span class='ocrx_word' id='word_1_742' title='bbox 971 2137 1056 2165; x_wconf 89' lang='lat' dir='ltr'><strong>verbo</strong></span> <span class='ocrx_word' id='word_1_743' title='bbox 1071 2138 1164 2165; x_wconf 82' lang='lat' dir='ltr'><strong>intrat.</strong></span> <span class='ocrx_word' id='word_1_744' title='bbox 1176 2140 1215 2166; x_wconf 89' lang='lat' dir='ltr'><strong>Ac</strong></span> <span class='ocrx_word' id='word_1_745' title='bbox 1228 2147 1304 2167; x_wconf 90' lang='lat' dir='ltr'><strong>mens</strong></span> <span class='ocrx_word' id='word_1_746' title='bbox 1316 2141 1422 2174; x_wconf 87' lang='lat' dir='ltr'><strong>quidem</strong></span> <span class='ocrx_word' id='word_1_747' title='bbox 1437 2147 1477 2168; x_wconf 83' lang='lat' dir='ltr'><strong>est</strong></span> <span class='ocrx_word' id='word_1_748' title='bbox 1485 2143 1561 2176; x_wconf 86' lang='lat' dir='ltr'><strong>quasi</strong></span> <span class='ocrx_word' id='word_1_749' title='bbox 1577 2147 1652 2176; x_wconf 88' lang='lat' dir='ltr'><strong>pater</strong></span> <span class='ocrx_word' id='word_1_750' title='bbox 1672 2143 1756 2175; x_wconf 85' lang='lat' dir='ltr'><strong>verbi,</strong></span> 
     </span>
    </p>
   </div>
   <div class='ocr_carea' id='block_1_90' title="bbox 972 2185 1758 2223">
    <p class='ocr_par' dir='ltr' id='par_1_90' title="bbox 972 2185 1758 2223">
     <span class='ocr_line' id='line_1_90' title="bbox 972 2185 1758 2223; baseline 0.008 -13"><span class='ocrx_word' id='word_1_751' title='bbox 972 2185 998 2210; x_wconf 93' lang='lat' dir='ltr'><strong>in</strong></span> <span class='ocrx_word' id='word_1_752' title='bbox 1011 2185 1097 2219; x_wconf 82' lang='lat' dir='ltr'><strong>seipsa</strong></span> <span class='ocrx_word' id='word_1_753' title='bbox 1105 2185 1238 2213; x_wconf 84' lang='lat' dir='ltr'><strong>exsistens</strong></span> <span class='ocrx_word' id='word_1_754' title='bbox 1252 2195 1258 2213; x_wconf 91' lang='lat'><strong>:</strong></span> <span class='ocrx_word' id='word_1_755' title='bbox 1274 2188 1386 2214; x_wconf 85' lang='lat' dir='ltr'><strong>verbum</strong></span> <span class='ocrx_word' id='word_1_756' title='bbox 1402 2194 1492 2215; x_wconf 86' lang='lat' dir='ltr'><strong>autem</strong></span> <span class='ocrx_word' id='word_1_757' title='bbox 1505 2189 1581 2223; x_wconf 90' lang='lat' dir='ltr'><strong>quasi</strong></span> <span class='ocrx_word' id='word_1_758' title='bbox 1596 2189 1665 2216; x_wconf 77' lang='lat' dir='ltr'><strong>(ilius</strong></span> <span class='ocrx_word' id='word_1_759' title='bbox 1684 2198 1758 2216; x_wconf 88' lang='lat' dir='ltr'><strong>men-</strong></span> 
     </span>
    </p>
   </div>
   <div class='ocr_carea' id='block_1_91' title="bbox 178 2387 926 2426">
    <p class='ocr_par' dir='ltr' id='par_1_91' title="bbox 178 2387 913 2426">
     <span class='ocr_line' id='line_1_91' title="bbox 178 2387 913 2426; baseline 0.003 -13"><span class='ocrx_word' id='word_1_760' title='bbox 178 2387 205 2423; x_wconf 82' lang='lat' dir='ltr'><strong>S)</strong></span> <span class='ocrx_word' id='word_1_761' title='bbox 224 2387 302 2426; x_wconf 46' lang='grc' dir='ltr'><strong>[ηε.-ἱ</strong></span> <span class='ocrx_word' id='word_1_762' title='bbox 316 2388 349 2426; x_wconf 74' lang='lat' dir='ltr'><strong>de</strong></span> <span class='ocrx_word' id='word_1_763' title='bbox 364 2395 448 2426; x_wconf 79' lang='lat' dir='ltr'><strong>more,</strong></span> <span class='ocrx_word' id='word_1_764' title='bbox 461 2387 641 2426; x_wconf 50' lang='lat' dir='ltr'><strong>Opuioﬁvtag._</strong></span> <span class='ocrx_word' id='word_1_765' title='bbox 651 2387 833 2426; x_wconf 36' lang='lat' dir='ltr'><strong>MoaTau‘rin.</strong></span> <span class='ocrx_word' id='word_1_766' title='bbox 846 2387 913 2422; x_wconf 80' lang='lat' dir='ltr'><strong>Jes.,</strong></span> 
     </span>
    </p>
   </div>
   <div class='ocr_carea' id='block_1_92' title="bbox 979 2387 1754 2426">
    <p class='ocr_par' dir='ltr' id='par_1_92' title="bbox 979 2390 1754 2426">
     <span class='ocr_line' id='line_1_92' title="bbox 979 2390 1754 2426; baseline 0.008 -11"><span class='ocrx_word' id='word_1_767' title='bbox 979 2394 1018 2426; x_wconf 67' lang='lat' dir='ltr'><strong>cst.</strong></span> <span class='ocrx_word' id='word_1_768' title='bbox 1037 2390 1089 2426; x_wconf 67' lang='grc' dir='ltr'>ᾼΙίί</span> <span class='ocrx_word' id='word_1_769' title='bbox 1103 2396 1132 2418; x_wconf 83' lang='lat' dir='ltr'><strong>et</strong></span> <span class='ocrx_word' id='word_1_770' title='bbox 1142 2391 1219 2425; x_wconf 78' lang='lat' dir='ltr'><strong>edili,</strong></span> <span class='ocrx_word' id='word_1_771' title='bbox 1240 2391 1400 2426; x_wconf 80' lang='grc' dir='ltr'>ἐλέχθησαν.</span> <span class='ocrx_word' id='word_1_772' title='bbox 1419 2391 1517 2419; x_wconf 82' lang='lat' dir='ltr'><strong>Ibidem</strong></span> <span class='ocrx_word' id='word_1_773' title='bbox 1527 2399 1622 2418; x_wconf 83' lang='lat' dir='ltr'><strong>omnes</strong></span> <span class='ocrx_word' id='word_1_774' title='bbox 1635 2400 1712 2426; x_wconf 84' lang='lat' dir='ltr'><strong>mss.,</strong></span> <span class='ocrx_word' id='word_1_775' title='bbox 1725 2395 1754 2421; x_wconf 85' lang='grc' dir='ltr'>ἐν</span> 
     </span>
    </p>
   </div>
   <div class='ocr_carea' id='block_1_93' title="bbox 130 2422 913 2458">
    <p class='ocr_par' dir='ltr' id='par_1_93' title="bbox 130 2422 913 2458">
     <span class='ocr_line' id='line_1_93' title="bbox 130 2422 913 2458; baseline 0.001 -8"><span class='ocrx_word' id='word_1_776' title='bbox 130 2422 184 2458; x_wconf 86' lang='grc' dir='ltr'>πρὸ</span> <span class='ocrx_word' id='word_1_777' title='bbox 200 2424 276 2449; x_wconf 78' lang='grc' dir='ltr'>πᾶσι.</span> <span class='ocrx_word' id='word_1_778' title='bbox 286 2422 421 2458; x_wconf 48' lang='lat' dir='ltr'><strong>lbidetu:6</strong></span> <span class='ocrx_word' id='word_1_779' title='bbox 434 2422 496 2449; x_wconf 78' lang='lat' dir='ltr'><strong>ante</strong></span> <span class='ocrx_word' id='word_1_780' title='bbox 507 2424 612 2458; x_wconf 76' lang='grc' dir='ltr'>’Ἄρειος</span> <span class='ocrx_word' id='word_1_781' title='bbox 626 2423 700 2450; x_wconf 87' lang='lat' dir='ltr'><strong>deest</strong></span> <span class='ocrx_word' id='word_1_782' title='bbox 713 2424 739 2450; x_wconf 92' lang='lat' dir='ltr'><strong>iu</strong></span> <span class='ocrx_word' id='word_1_783' title='bbox 756 2423 844 2456; x_wconf 80' lang='lat' dir='ltr'><strong>editis,</strong></span> <span class='ocrx_word' id='word_1_784' title='bbox 866 2426 913 2451; x_wconf 88' lang='lat' dir='ltr'><strong>sed</strong></span> 
     </span>
    </p>
   </div>
   <div class='ocr_carea' id='block_1_94' title="bbox 130 2457 653 2490">
    <p class='ocr_par' dir='ltr' id='par_1_94' title="bbox 130 2457 653 2490">
     <span class='ocr_line' id='line_1_94' title="bbox 130 2457 653 2490; baseline 0.002 -6"><span class='ocrx_word' id='word_1_785' title='bbox 130 2457 245 2484; x_wconf 69' lang='lat' dir='ltr'><strong>habetur</strong></span> <span class='ocrx_word' id='word_1_786' title='bbox 263 2458 288 2484; x_wconf 92' lang='lat' dir='ltr'><strong>iu</strong></span> <span class='ocrx_word' id='word_1_787' title='bbox 304 2457 490 2490; x_wconf 70' lang='lat' dir='ltr'><strong>Reg.Tauriu.</strong></span> <span class='ocrx_word' id='word_1_788' title='bbox 504 2457 580 2490; x_wconf 79' lang='lat' dir='ltr'><strong>Colb.</strong></span> <span class='ocrx_word' id='word_1_789' title='bbox 597 2458 653 2485; x_wconf 81' lang='lat' dir='ltr'><strong>Jes.</strong></span> 
     </span>
    </p>
   </div>
   <div class='ocr_carea' id='block_1_95' title="bbox 166 2465 909 2528">
    <p class='ocr_par' dir='ltr' id='par_1_95' title="bbox 166 2465 909 2528">
     <span class='ocr_line' id='line_1_95' title="bbox 168 2465 653 2490; baseline 0.002 -6"><span class='ocrx_word' id='word_1_790' title='bbox 168 2465 245 2484; x_wconf 89' lang='lat' dir='ltr'><strong>netur</strong></span> <span class='ocrx_word' id='word_1_791' title='bbox 263 2466 288 2484; x_wconf 86' lang='lat' dir='ltr'><strong>tu</strong></span> <span class='ocrx_word' id='word_1_792' title='bbox 304 2465 325 2484; x_wconf 68' lang='grc' dir='ltr'>ιε</span> <span class='ocrx_word' id='word_1_793' title='bbox 362 2477 369 2483; x_wconf 95' lang='grc'><em>.</em></span> <span class='ocrx_word' id='word_1_794' title='bbox 384 2465 490 2484; x_wconf 75' lang='lat' dir='ltr'><strong>laurm.</strong></span> <span class='ocrx_word' id='word_1_795' title='bbox 504 2465 580 2490; x_wconf 64' lang='lat' dir='ltr'><strong>uoto.</strong></span> <span class='ocrx_word' id='word_1_796' title='bbox 597 2465 653 2485; x_wconf 77' lang='lat' dir='ltr'><strong>Jes.</strong></span> 
     </span>
     <span class='ocr_line' id='line_1_96' title="bbox 166 2465 909 2528; baseline 0.003 -10"><span class='ocrx_word' id='word_1_797' title='bbox 166 2493 204 2528; x_wconf 89' lang='lat'><strong>(7)</strong></span> <span class='ocrx_word' id='word_1_798' title='bbox 223 2492 295 2528; x_wconf 64' lang='lat' dir='ltr'><strong>llaec,</strong></span> <span class='ocrx_word' id='word_1_799' title='bbox 313 2465 516 2528; x_wconf 47' lang='grc' dir='ltr'>κὲἶὰλλότριός</span> <span class='ocrx_word' id='word_1_800' title='bbox 536 2495 605 2524; x_wconf 71' lang='grc' dir='ltr'>ἐστι,</span> <span class='ocrx_word' id='word_1_801' title='bbox 630 2494 735 2524; x_wconf 85' lang='lat' dir='ltr'><strong>desunt,</strong></span> <span class='ocrx_word' id='word_1_802' title='bbox 753 2493 778 2528; x_wconf 77' lang='lat' dir='ltr'><strong>in</strong></span> <span class='ocrx_word' id='word_1_803' title='bbox 800 2493 909 2521; x_wconf 83' lang='lat' dir='ltr'><strong>Taurin.</strong></span> 
     </span>
    </p>
   </div>
   <div class='ocr_carea' id='block_1_96' title="bbox 129 2526 910 2588">
    <p class='ocr_par' dir='ltr' id='par_1_96' title="bbox 129 2526 910 2588">
     <span class='ocr_line' id='line_1_97' title="bbox 129 2526 910 2588; baseline 0.003 -34"><span class='ocrx_word' id='word_1_804' title='bbox 129 2526 206 2588; x_wconf 52' lang='grc' dir='ltr'><strong>Οὲξιιιρ.</strong></span> <span class='ocrx_word' id='word_1_805' title='bbox 235 2526 289 2555; x_wconf 83' lang='lat' dir='ltr'><strong>Jes.</strong></span> <span class='ocrx_word' id='word_1_806' title='bbox 315 2534 341 2555; x_wconf 90' lang='lat' dir='ltr'><strong>et</strong></span> <span class='ocrx_word' id='word_1_807' title='bbox 355 2527 400 2554; x_wconf 82' lang='lat' dir='ltr'><strong>Fr.</strong></span> <span class='ocrx_word' id='word_1_808' title='bbox 422 2529 448 2555; x_wconf 85' lang='grc'><strong>1.</strong></span> <span class='ocrx_word' id='word_1_809' title='bbox 462 2526 467 2528; x_wconf 70' lang='grc'>⁷</span> <span class='ocrx_word' id='word_1_810' title='bbox 479 2529 531 2555; x_wconf 73' lang='lat' dir='ltr'><strong>Sed</strong></span> <span class='ocrx_word' id='word_1_811' title='bbox 562 2529 695 2555; x_wconf 81' lang='lat' dir='ltr'><strong>habentur</strong></span> <span class='ocrx_word' id='word_1_812' title='bbox 716 2529 741 2554; x_wconf 91' lang='lat' dir='ltr'><strong>iu</strong></span> <span class='ocrx_word' id='word_1_813' title='bbox 758 2527 823 2563; x_wconf 74' lang='lat' dir='ltr'><strong>Reg.</strong></span> <span class='ocrx_word' id='word_1_814' title='bbox 841 2534 867 2556; x_wconf 89' lang='lat' dir='ltr'><strong>et</strong></span> <span class='ocrx_word' id='word_1_815' title='bbox 884 2531 910 2556; x_wconf 92' lang='lat' dir='ltr'><strong>iu</strong></span> 
     </span>
     <span class='ocr_line' id='line_1_98' title="bbox 129 2569 218 2588; baseline 0 0"><span class='ocrx_word' id='word_1_816' title='bbox 129 2569 144 2588; x_wconf 88' lang='lat' dir='ltr'><strong>e</strong></span> <span class='ocrx_word' id='word_1_817' title='bbox 164 2570 171 2588; x_wconf 92' lang='lat' dir='ltr'><strong>I</strong></span> <span class='ocrx_word' id='word_1_818' title='bbox 187 2570 218 2588; x_wconf 84' lang='lat' dir='ltr'><strong>IS.</strong></span> 
     </span>
    </p>
   </div>
   <div class='ocr_carea' id='block_1_97' title="bbox 128 2563 218 2589">
    <p class='ocr_par' dir='ltr' id='par_1_97' title="bbox 128 2563 218 2589">
     <span class='ocr_line' id='line_1_99' title="bbox 128 2563 218 2589; baseline -0.011 0"><span class='ocrx_word' id='word_1_819' title='bbox 128 2563 218 2589; x_wconf 87' lang='lat' dir='ltr'><strong>editis.</strong></span> 
     </span>
    </p>
   </div>
   <div class='ocr_carea' id='block_1_98' title="bbox 164 2597 642 2632">
    <p class='ocr_par' dir='ltr' id='par_1_98' title="bbox 164 2597 642 2632">
     <span class='ocr_line' id='line_1_100' title="bbox 164 2597 642 2632; baseline 0.004 -9"><span class='ocrx_word' id='word_1_820' title='bbox 164 2597 232 2632; x_wconf 88' lang='lat'><strong>(8-9)</strong></span> <span class='ocrx_word' id='word_1_821' title='bbox 249 2597 360 2624; x_wconf 88' lang='lat' dir='ltr'><strong>Tauriu.</strong></span> <span class='ocrx_word' id='word_1_822' title='bbox 377 2598 451 2626; x_wconf 87' lang='lat' dir='ltr'><strong>Colb.</strong></span> <span class='ocrx_word' id='word_1_823' title='bbox 465 2597 533 2628; x_wconf 82' lang='lat' dir='ltr'><strong>Jes..</strong></span> <span class='ocrx_word' id='word_1_824' title='bbox 551 2599 642 2630; x_wconf 82' lang='grc' dir='ltr'>αὐτὸς.</span> 
     </span>
    </p>
   </div>
   <div class='ocr_carea' id='block_1_99' title="bbox 165 2632 913 2671">
    <p class='ocr_par' dir='ltr' id='par_1_99' title="bbox 165 2632 913 2671">
     <span class='ocr_line' id='line_1_101' title="bbox 165 2632 913 2671; baseline 0.007 -13"><span class='ocrx_word' id='word_1_825' title='bbox 165 2632 220 2667; x_wconf 87' lang='grc'><strong>(10)</strong></span> <span class='ocrx_word' id='word_1_826' title='bbox 227 2632 344 2671; x_wconf 65' lang='lat' dir='ltr'><strong>&quot;taurin.</strong></span> <span class='ocrx_word' id='word_1_827' title='bbox 360 2632 564 2671; x_wconf 19' lang='lat' dir='ltr'><strong>_Co|_b.»Jes.,xal.</strong></span> <span class='ocrx_word' id='word_1_828' title='bbox 579 2634 715 2663; x_wconf 83' lang='grc' dir='ltr'>ἁπάντων.</span> <span class='ocrx_word' id='word_1_829' title='bbox 730 2635 788 2662; x_wconf 83' lang='lat' dir='ltr'><strong>Mox</strong></span> <span class='ocrx_word' id='word_1_830' title='bbox 803 2635 842 2668; x_wconf 85' lang='grc' dir='ltr'><strong>δέ,</strong></span> <span class='ocrx_word' id='word_1_831' title='bbox 853 2640 913 2671; x_wconf 87' lang='lat' dir='ltr'><strong>post</strong></span> 
     </span>
    </p>
   </div>
   <div class='ocr_carea' id='block_1_100' title="bbox 129 2667 474 2701">
    <p class='ocr_par' dir='ltr' id='par_1_100' title="bbox 129 2667 474 2701">
     <span class='ocr_line' id='line_1_102' title="bbox 129 2667 474 2701; baseline 0.006 -9"><span class='ocrx_word' id='word_1_832' title='bbox 129 2667 259 2701; x_wconf 78' lang='grc' dir='ltr'>ποταμός,</span> <span class='ocrx_word' id='word_1_833' title='bbox 269 2668 344 2694; x_wconf 85' lang='lat' dir='ltr'><strong>deest</strong></span> <span class='ocrx_word' id='word_1_834' title='bbox 360 2668 384 2694; x_wconf 90' lang='lat' dir='ltr'><strong>in</strong></span> <span class='ocrx_word' id='word_1_835' title='bbox 397 2668 474 2695; x_wconf 87' lang='lat' dir='ltr'><strong>Colb.</strong></span> 
     </span>
    </p>
   </div>
   <div class='ocr_carea' id='block_1_101' title="bbox 164 2702 910 2736">
    <p class='ocr_par' dir='ltr' id='par_1_101' title="bbox 164 2702 910 2736">
     <span class='ocr_line' id='line_1_103' title="bbox 164 2702 910 2736; baseline 0.007 -9"><span class='ocrx_word' id='word_1_836' title='bbox 164 2702 220 2736; x_wconf 87' lang='lat' dir='ltr'><strong>(ll)</strong></span> <span class='ocrx_word' id='word_1_837' title='bbox 239 2702 283 2728; x_wconf 88' lang='lat' dir='ltr'><strong>Sic</strong></span> <span class='ocrx_word' id='word_1_838' title='bbox 297 2702 363 2735; x_wconf 78' lang='lat' dir='ltr'><strong>Reg.</strong></span> <span class='ocrx_word' id='word_1_839' title='bbox 379 2703 460 2730; x_wconf 83' lang='lat' dir='ltr'><strong>Basil.</strong></span> <span class='ocrx_word' id='word_1_840' title='bbox 479 2708 505 2729; x_wconf 81' lang='lat' dir='ltr'><strong>et</strong></span> <span class='ocrx_word' id='word_1_841' title='bbox 520 2704 594 2730; x_wconf 86' lang='lat' dir='ltr'><strong>editi.</strong></span> <span class='ocrx_word' id='word_1_842' title='bbox 612 2703 723 2731; x_wconf 81' lang='lat' dir='ltr'><strong>Taurin.</strong></span> <span class='ocrx_word' id='word_1_843' title='bbox 746 2709 773 2732; x_wconf 86' lang='lat' dir='ltr'><strong>et</strong></span> <span class='ocrx_word' id='word_1_844' title='bbox 789 2705 857 2736; x_wconf 70' lang='lat' dir='ltr'><strong>Jes.,</strong></span> <span class='ocrx_word' id='word_1_845' title='bbox 871 2703 910 2731; x_wconf 85' lang='grc' dir='ltr'><strong>εἷ-</strong></span> 
     </span>
    </p>
   </div>
   <div class='ocr_carea' id='block_1_102' title="bbox 127 2737 910 2774">
    <p class='ocr_par' dir='ltr' id='par_1_102' title="bbox 127 2737 910 2774">
     <span class='ocr_line' id='line_1_104' title="bbox 127 2737 910 2774; baseline 0.005 -11"><span class='ocrx_word' id='word_1_846' title='bbox 127 2745 178 2764; x_wconf 78' lang='grc' dir='ltr'><strong>πεν</strong></span> <span class='ocrx_word' id='word_1_847' title='bbox 261 2737 372 2774; x_wconf 75' lang='grc' dir='ltr'>καρδίας</span> <span class='ocrx_word' id='word_1_848' title='bbox 380 2738 423 2774; x_wconf 77' lang='grc' dir='ltr'>διὰ</span> <span class='ocrx_word' id='word_1_849' title='bbox 439 2738 571 2774; x_wconf 86' lang='grc' dir='ltr'>στόματος</span> <span class='ocrx_word' id='word_1_850' title='bbox 587 2739 750 2774; x_wconf 82' lang='grc' dir='ltr'>ἐξοχεύεται.</span> <span class='ocrx_word' id='word_1_851' title='bbox 766 2740 811 2767; x_wconf 87' lang='lat' dir='ltr'><strong>Fr.</strong></span> <span class='ocrx_word' id='word_1_852' title='bbox 829 2742 854 2772; x_wconf 84' lang='grc'><strong>1,</strong></span> <span class='ocrx_word' id='word_1_853' title='bbox 870 2739 910 2767; x_wconf 81' lang='grc' dir='ltr'><strong>εἷ-</strong></span> 
     </span>
    </p>
   </div>
   <div class='ocr_carea' id='block_1_103' title="bbox 126 2772 909 2835">
    <p class='ocr_par' dir='ltr' id='par_1_103' title="bbox 126 2772 909 2835">
     <span class='ocr_line' id='line_1_105' title="bbox 126 2772 909 2835; baseline 0.005 -37"><span class='ocrx_word' id='word_1_854' title='bbox 126 2781 186 2835; x_wconf 59' lang='grc' dir='ltr'><strong>ἶτέεέ,</strong></span> <span class='ocrx_word' id='word_1_855' title='bbox 202 2772 254 2799; x_wconf 75' lang='grc' dir='ltr'><strong>ὑπὸ</strong></span> <span class='ocrx_word' id='word_1_856' title='bbox 269 2772 380 2807; x_wconf 82' lang='grc' dir='ltr'>καρδίας</span> <span class='ocrx_word' id='word_1_857' title='bbox 392 2773 435 2800; x_wconf 87' lang='grc' dir='ltr'><strong>διὰ</strong></span> <span class='ocrx_word' id='word_1_858' title='bbox 449 2772 581 2808; x_wconf 84' lang='grc' dir='ltr'>στόματος</span> <span class='ocrx_word' id='word_1_859' title='bbox 590 2772 737 2810; x_wconf 73' lang='grc' dir='ltr'>ἐξέρχεται.</span> <span class='ocrx_word' id='word_1_860' title='bbox 752 2776 827 2803; x_wconf 82' lang='lat' dir='ltr'><strong>Colb.</strong></span> <span class='ocrx_word' id='word_1_861' title='bbox 844 2777 909 2802; x_wconf 88' lang='lat' dir='ltr'><strong>item</strong></span> 
     </span>
     <span class='ocr_line' id='line_1_106' title="bbox 174 2816 276 2835; baseline -0.01 0"><span class='ocrx_word' id='word_1_862' title='bbox 174 2816 276 2835; x_wconf 84' lang='grc' dir='ltr'>ονεται.</span> 
     </span>
    </p>
   </div>
   <div class='ocr_carea' id='block_1_104' title="bbox 207 2816 276 2834">
    <p class='ocr_par' dir='ltr' id='par_1_104' title="bbox 207 2816 276 2834">
     <span class='ocr_line' id='line_1_107' title="bbox 207 2816 276 2834; baseline 0 0"><span class='ocrx_word' id='word_1_863' title='bbox 207 2816 276 2834; x_wconf 87' lang='grc' dir='ltr'>εται.</span> 
     </span>
    </p>
   </div>
   <div class='ocr_carea' id='block_1_105' title="bbox 142 2807 913 2878">
    <p class='ocr_par' dir='ltr' id='par_1_105' title="bbox 142 2807 913 2878">
     <span class='ocr_line' id='line_1_108' title="bbox 142 2807 913 2878; baseline 0.001 -8"><span class='ocrx_word' id='word_1_864' title='bbox 142 2807 302 2878; x_wconf 54' lang='grc' dir='ltr'><strong>εῗῗξῖτῗξέιι</strong></span> <span class='ocrx_word' id='word_1_865' title='bbox 319 2843 393 2870; x_wconf 86' lang='lat' dir='ltr'><strong>deest</strong></span> <span class='ocrx_word' id='word_1_866' title='bbox 406 2843 432 2869; x_wconf 92' lang='lat' dir='ltr'><strong>in</strong></span> <span class='ocrx_word' id='word_1_867' title='bbox 449 2843 559 2870; x_wconf 88' lang='lat' dir='ltr'><strong>Taurin.</strong></span> <span class='ocrx_word' id='word_1_868' title='bbox 573 2845 650 2872; x_wconf 80' lang='lat' dir='ltr'><strong>Colb.</strong></span> <span class='ocrx_word' id='word_1_869' title='bbox 666 2845 734 2877; x_wconf 80' lang='lat' dir='ltr'><strong>Jes.,</strong></span> <span class='ocrx_word' id='word_1_870' title='bbox 747 2846 793 2872; x_wconf 91' lang='lat' dir='ltr'><strong>sed</strong></span> <span class='ocrx_word' id='word_1_871' title='bbox 809 2846 834 2872; x_wconf 94' lang='lat' dir='ltr'><strong>iu</strong></span> <span class='ocrx_word' id='word_1_872' title='bbox 851 2845 913 2872; x_wconf 84' lang='lat' dir='ltr'><strong>aliis</strong></span> 
     </span>
    </p>
   </div>
   <div class='ocr_carea' id='block_1_106' title="bbox 163 2878 912 2916">
    <p class='ocr_par' dir='ltr' id='par_1_106' title="bbox 163 2878 912 2916">
     <span class='ocr_line' id='line_1_109' title="bbox 163 2878 912 2916; baseline -0.001 -10"><span class='ocrx_word' id='word_1_873' title='bbox 163 2878 249 2906; x_wconf 49' lang='lat' dir='ltr'><strong>’etur.</strong></span> <span class='ocrx_word' id='word_1_874' title='bbox 268 2879 326 2905; x_wconf 81' lang='lat' dir='ltr'><strong>Mox</strong></span> <span class='ocrx_word' id='word_1_875' title='bbox 343 2878 419 2911; x_wconf 62' lang='lat' dir='ltr'><strong>lieg.,</strong></span> <span class='ocrx_word' id='word_1_876' title='bbox 432 2878 609 2913; x_wconf 80' lang='grc' dir='ltr'>ὲλέγχθησαν,</span> <span class='ocrx_word' id='word_1_877' title='bbox 632 2888 711 2915; x_wconf 84' lang='lat' dir='ltr'><strong>quem</strong></span> <span class='ocrx_word' id='word_1_878' title='bbox 729 2884 804 2916; x_wconf 78' lang='lat' dir='ltr'><strong>sequi</strong></span> <span class='ocrx_word' id='word_1_879' title='bbox 826 2881 912 2907; x_wconf 85' lang='lat' dir='ltr'><strong>visunt</strong></span> 
     </span>
    </p>
   </div>
   <div class='ocr_carea' id='block_1_107' title="bbox 273 2928 614 2973">
    <p class='ocr_par' dir='ltr' id='par_1_107' title="bbox 273 2928 614 2973">
     <span class='ocr_line' id='line_1_110' title="bbox 273 2928 614 2973; baseline 0 -17"><span class='ocrx_word' id='word_1_880' title='bbox 273 2928 420 2973; x_wconf 31' lang='lat' dir='ltr'><strong>‘Pnnoc.</strong></span> <span class='ocrx_word' id='word_1_881' title='bbox 434 2929 493 2958; x_wconf 79' lang='lat' dir='ltr'><strong>Gn.</strong></span> <span class='ocrx_word' id='word_1_882' title='bbox 515 2929 539 2958; x_wconf 75' lang='grc' dir='ltr'>Χ</span> <span class='ocrx_word' id='word_1_883' title='bbox 548 2929 570 2957; x_wconf 80' lang='grc' dir='ltr'><strong>Χ</strong></span> <span class='ocrx_word' id='word_1_884' title='bbox 579 2928 614 2957; x_wconf 80' lang='lat'><strong>\’.</strong></span> 
     </span>
    </p>
   </div>
   <div class='ocr_carea' id='block_1_108' title="bbox 966 2424 1755 2463">
    <p class='ocr_par' dir='ltr' id='par_1_108' title="bbox 966 2424 1755 2463">
     <span class='ocr_line' id='line_1_111' title="bbox 966 2424 1755 2463; baseline 0.008 -13"><span class='ocrx_word' id='word_1_885' title='bbox 966 2424 996 2463; x_wconf 50' lang='grc' dir='ltr'><strong>δὲ</strong></span> <span class='ocrx_word' id='word_1_886' title='bbox 1018 2424 1303 2463; x_wconf 18' lang='grc' dir='ltr'>τῷ-τετάρτγῳᾈΕάίιίζ</span> <span class='ocrx_word' id='word_1_887' title='bbox 1318 2424 1403 2463; x_wconf 20' lang='grc' dir='ltr'><strong>Ὲννδὲ</strong></span> <span class='ocrx_word' id='word_1_888' title='bbox 1421 2426 1463 2463; x_wconf 69' lang='grc' dir='ltr'>τῷ</span> <span class='ocrx_word' id='word_1_889' title='bbox 1477 2426 1501 2460; x_wconf 79' lang='grc' dir='ltr'><strong>β.</strong></span> <span class='ocrx_word' id='word_1_890' title='bbox 1519 2427 1577 2454; x_wconf 82' lang='lat' dir='ltr'><strong>Mox</strong></span> <span class='ocrx_word' id='word_1_891' title='bbox 1596 2427 1679 2461; x_wconf 84' lang='grc' dir='ltr'>λέγει,</span> <span class='ocrx_word' id='word_1_892' title='bbox 1695 2424 1755 2463; x_wconf 84' lang='lat' dir='ltr'><strong>post</strong></span> 
     </span>
    </p>
   </div>
   <div class='ocr_carea' id='block_1_109' title="bbox 968 2458 1473 2491">
    <p class='ocr_par' dir='ltr' id='par_1_109' title="bbox 968 2458 1473 2491">
     <span class='ocr_line' id='line_1_112' title="bbox 968 2458 1473 2491; baseline 0.008 -7"><span class='ocrx_word' id='word_1_893' title='bbox 968 2458 1064 2491; x_wconf 73' lang='grc' dir='ltr'>οὕτως,</span> <span class='ocrx_word' id='word_1_894' title='bbox 1080 2458 1155 2488; x_wconf 78' lang='lat' dir='ltr'><strong>deest</strong></span> <span class='ocrx_word' id='word_1_895' title='bbox 1166 2458 1191 2487; x_wconf 82' lang='lat' dir='ltr'><strong>iit</strong></span> <span class='ocrx_word' id='word_1_896' title='bbox 1205 2461 1314 2488; x_wconf 83' lang='lat' dir='ltr'><strong>Tauriu.</strong></span> <span class='ocrx_word' id='word_1_897' title='bbox 1328 2462 1401 2488; x_wconf 80' lang='lat' dir='ltr'><strong>Coll).</strong></span> <span class='ocrx_word' id='word_1_898' title='bbox 1417 2458 1473 2488; x_wconf 78' lang='lat' dir='ltr'><strong>Jes.</strong></span> 
     </span>
    </p>
   </div>
   <div class='ocr_carea' id='block_1_110' title="bbox 1005 2494 1437 2531">
    <p class='ocr_par' dir='ltr' id='par_1_110' title="bbox 1005 2494 1437 2531">
     <span class='ocr_line' id='line_1_113' title="bbox 1005 2494 1437 2531; baseline 0.005 -11"><span class='ocrx_word' id='word_1_899' title='bbox 1005 2494 1059 2530; x_wconf 84' lang='grc'><strong>(15)</strong></span> <span class='ocrx_word' id='word_1_900' title='bbox 1070 2495 1179 2531; x_wconf 69' lang='grc' dir='ltr'>Ϊ.ιιιι·ἰιι.</span> <span class='ocrx_word' id='word_1_901' title='bbox 1194 2495 1261 2527; x_wconf 72' lang='lat'><strong>165.,</strong></span> <span class='ocrx_word' id='word_1_902' title='bbox 1280 2496 1437 2531; x_wconf 80' lang='grc' dir='ltr'>στερῶνται.</span> 
     </span>
    </p>
   </div>
   <div class='ocr_carea' id='block_1_111' title="bbox 1002 2530 1751 2566">
    <p class='ocr_par' dir='ltr' id='par_1_111' title="bbox 1002 2530 1751 2566">
     <span class='ocr_line' id='line_1_114' title="bbox 1002 2530 1751 2566; baseline 0.004 -10"><span class='ocrx_word' id='word_1_903' title='bbox 1002 2530 1058 2564; x_wconf 75' lang='grc'><strong>(14)</strong></span> <span class='ocrx_word' id='word_1_904' title='bbox 1074 2530 1267 2566; x_wconf 82' lang='lat' dir='ltr'><strong>Tauriu.Colb.</strong></span> <span class='ocrx_word' id='word_1_905' title='bbox 1279 2530 1346 2563; x_wconf 63' lang='grc' dir='ltr'>δεεζ,</span> <span class='ocrx_word' id='word_1_906' title='bbox 1363 2533 1500 2564; x_wconf 86' lang='lat' dir='ltr'><strong>mendose,</strong></span> <span class='ocrx_word' id='word_1_907' title='bbox 1512 2531 1610 2566; x_wconf 78' lang='grc' dir='ltr'>ἑαυτῷ.</span> <span class='ocrx_word' id='word_1_908' title='bbox 1624 2531 1684 2559; x_wconf 78' lang='lat' dir='ltr'><strong>Mox</strong></span> <span class='ocrx_word' id='word_1_909' title='bbox 1698 2533 1751 2560; x_wconf 78' lang='lat' dir='ltr'><strong>Jes.</strong></span> 
     </span>
    </p>
   </div>
   <div class='ocr_carea' id='block_1_112' title="bbox 963 2565 1310 2600">
    <p class='ocr_par' dir='ltr' id='par_1_112' title="bbox 963 2565 1310 2600">
     <span class='ocr_line' id='line_1_115' title="bbox 963 2565 1310 2600; baseline 0.003 -8"><span class='ocrx_word' id='word_1_910' title='bbox 963 2565 1046 2594; x_wconf 88' lang='lat' dir='ltr'><strong>solus.</strong></span> <span class='ocrx_word' id='word_1_911' title='bbox 1060 2565 1157 2600; x_wconf 77' lang='grc' dir='ltr'>ἑαυτῷ,</span> <span class='ocrx_word' id='word_1_912' title='bbox 1172 2567 1310 2593; x_wconf 87' lang='lat' dir='ltr'><strong>mendose.</strong></span> 
     </span>
    </p>
   </div>
   <div class='ocr_carea' id='block_1_113' title="bbox 999 2600 1752 2635">
    <p class='ocr_par' dir='ltr' id='par_1_113' title="bbox 999 2600 1752 2635">
     <span class='ocr_line' id='line_1_116' title="bbox 999 2600 1752 2635; baseline 0.004 -9"><span class='ocrx_word' id='word_1_913' title='bbox 999 2600 1055 2634; x_wconf 79' lang='grc'><strong>(15)</strong></span> <span class='ocrx_word' id='word_1_914' title='bbox 1069 2600 1133 2634; x_wconf 74' lang='lat' dir='ltr'><strong>Reg.</strong></span> <span class='ocrx_word' id='word_1_915' title='bbox 1144 2602 1225 2633; x_wconf 78' lang='lat' dir='ltr'><strong>solus,</strong></span> <span class='ocrx_word' id='word_1_916' title='bbox 1239 2602 1252 2627; x_wconf 85' lang='lat'><strong>6</strong></span> <span class='ocrx_word' id='word_1_917' title='bbox 1264 2601 1290 2627; x_wconf 81' lang='grc' dir='ltr'><strong>δὲ</strong></span> <span class='ocrx_word' id='word_1_918' title='bbox 1305 2601 1367 2632; x_wconf 85' lang='grc' dir='ltr'>νοῦς</span> <span class='ocrx_word' id='word_1_919' title='bbox 1376 2602 1463 2635; x_wconf 74' lang='grc' dir='ltr'>λόγος,</span> <span class='ocrx_word' id='word_1_920' title='bbox 1475 2601 1552 2628; x_wconf 83' lang='lat' dir='ltr'><strong>male.</strong></span> <span class='ocrx_word' id='word_1_921' title='bbox 1563 2601 1634 2633; x_wconf 82' lang='lat' dir='ltr'><strong>Mox,</strong></span> <span class='ocrx_word' id='word_1_922' title='bbox 1643 2603 1656 2628; x_wconf 77' lang='grc' dir='ltr'><strong>ὀ</strong></span> <span class='ocrx_word' id='word_1_923' title='bbox 1669 2603 1696 2629; x_wconf 76' lang='grc' dir='ltr'><strong>δὲ</strong></span> <span class='ocrx_word' id='word_1_924' title='bbox 1710 2604 1752 2629; x_wconf 77' lang='grc' dir='ltr'>λό-</span> 
     </span>
    </p>
   </div>
   <div class='ocr_carea' id='block_1_114' title="bbox 963 2635 1753 2671">
    <p class='ocr_par' dir='ltr' id='par_1_114' title="bbox 963 2635 1753 2671">
     <span class='ocr_line' id='line_1_117' title="bbox 963 2635 1753 2671; baseline 0.004 -10"><span class='ocrx_word' id='word_1_925' title='bbox 963 2643 1009 2669; x_wconf 88' lang='grc' dir='ltr'><strong>γος</strong></span> <span class='ocrx_word' id='word_1_926' title='bbox 1018 2636 1062 2671; x_wconf 79' lang='grc' dir='ltr'><strong>τὸν</strong></span> <span class='ocrx_word' id='word_1_927' title='bbox 1069 2635 1129 2661; x_wconf 86' lang='grc' dir='ltr'>νοῦν</span> <span class='ocrx_word' id='word_1_928' title='bbox 1138 2637 1177 2667; x_wconf 77' lang='grc' dir='ltr'><strong>εἰς</strong></span> <span class='ocrx_word' id='word_1_929' title='bbox 1185 2636 1248 2668; x_wconf 73' lang='grc' dir='ltr'>τοὺς</span> <span class='ocrx_word' id='word_1_930' title='bbox 1258 2637 1393 2671; x_wconf 79' lang='grc' dir='ltr'>ἀκροατὰς</span> <span class='ocrx_word' id='word_1_931' title='bbox 1401 2636 1538 2671; x_wconf 76' lang='grc' dir='ltr'>ὲγκυκλεῑ,</span> <span class='ocrx_word' id='word_1_932' title='bbox 1557 2644 1640 2671; x_wconf 77' lang='lat' dir='ltr'><strong>genus</strong></span> <span class='ocrx_word' id='word_1_933' title='bbox 1647 2638 1753 2671; x_wconf 70' lang='lat' dir='ltr'><strong>loqui-u-</strong></span> 
     </span>
    </p>
   </div>
   <div class='ocr_carea' id='block_1_115' title="bbox 963 2670 1754 2706">
    <p class='ocr_par' dir='ltr' id='par_1_115' title="bbox 963 2670 1754 2706">
     <span class='ocr_line' id='line_1_118' title="bbox 963 2670 1754 2706; baseline 0.003 -9"><span class='ocrx_word' id='word_1_934' title='bbox 963 2671 988 2697; x_wconf 89' lang='lat' dir='ltr'><strong>di</strong></span> <span class='ocrx_word' id='word_1_935' title='bbox 1005 2678 1019 2696; x_wconf 81' lang='lat' dir='ltr'><strong>a</strong></span> <span class='ocrx_word' id='word_1_936' title='bbox 1038 2670 1177 2697; x_wconf 67' lang='lat' dir='ltr'><strong>Clemente</strong></span> <span class='ocrx_word' id='word_1_937' title='bbox 1196 2672 1378 2698; x_wconf 69' lang='lat' dir='ltr'><strong>Alexandrino</strong></span> <span class='ocrx_word' id='word_1_938' title='bbox 1393 2670 1600 2705; x_wconf 75' lang='lat' dir='ltr'><strong>frequentatum.</strong></span> <span class='ocrx_word' id='word_1_939' title='bbox 1625 2672 1669 2699; x_wconf 85' lang='lat' dir='ltr'><strong>Sic</strong></span> <span class='ocrx_word' id='word_1_940' title='bbox 1683 2670 1754 2706; x_wconf 72' lang='grc' dir='ltr'>Προ-</span> 
     </span>
    </p>
   </div>
   <div class='ocr_carea' id='block_1_116' title="bbox 962 2706 1750 2742">
    <p class='ocr_par' dir='ltr' id='par_1_116' title="bbox 962 2706 1750 2742">
     <span class='ocr_line' id='line_1_119' title="bbox 962 2706 1750 2742; baseline 0.005 -11"><span class='ocrx_word' id='word_1_941' title='bbox 962 2714 1061 2742; x_wconf 62' lang='grc' dir='ltr'>ῖρεπτ.</span> <span class='ocrx_word' id='word_1_942' title='bbox 1092 2714 1118 2739; x_wconf 90' lang='lat' dir='ltr'><strong>p.</strong></span> <span class='ocrx_word' id='word_1_943' title='bbox 1149 2706 1183 2733; x_wconf 83' lang='grc'><strong>50</strong></span> <span class='ocrx_word' id='word_1_944' title='bbox 1199 2716 1204 2732; x_wconf 81' lang='lat'><strong>2</strong></span> <span class='ocrx_word' id='word_1_945' title='bbox 1222 2707 1364 2740; x_wconf 81' lang='grc' dir='ltr'>Ἐγκυκλεῖ</span> <span class='ocrx_word' id='word_1_946' title='bbox 1380 2706 1418 2742; x_wconf 83' lang='grc' dir='ltr'>τῷ</span> <span class='ocrx_word' id='word_1_947' title='bbox 1443 2707 1548 2742; x_wconf 74' lang='grc' dir='ltr'>θεάτρῳ</span> <span class='ocrx_word' id='word_1_948' title='bbox 1573 2707 1636 2738; x_wconf 81' lang='grc' dir='ltr'>τοὺς</span> <span class='ocrx_word' id='word_1_949' title='bbox 1664 2707 1750 2740; x_wconf 81' lang='grc' dir='ltr'>θεούς.</span> 
     </span>
    </p>
   </div>
   <div class='ocr_carea' id='block_1_117' title="bbox 964 2740 1751 2776">
    <p class='ocr_par' dir='ltr' id='par_1_117' title="bbox 964 2740 1751 2776">
     <span class='ocr_line' id='line_1_120' title="bbox 964 2740 1751 2776; baseline 0.004 -10"><span class='ocrx_word' id='word_1_950' title='bbox 964 2740 1030 2766; x_wconf 73' lang='lat' dir='ltr'><strong>Deos</strong></span> <span class='ocrx_word' id='word_1_951' title='bbox 1046 2741 1072 2767; x_wconf 85' lang='lat' dir='ltr'><strong>in</strong></span> <span class='ocrx_word' id='word_1_952' title='bbox 1082 2743 1211 2767; x_wconf 78' lang='lat' dir='ltr'><strong>lliealrum</strong></span> <span class='ocrx_word' id='word_1_953' title='bbox 1230 2743 1340 2768; x_wconf 81' lang='lat' dir='ltr'><strong>inducit.</strong></span> <span class='ocrx_word' id='word_1_954' title='bbox 1358 2740 1442 2774; x_wconf 73' lang='lat' dir='ltr'><strong>Alias,</strong></span> <span class='ocrx_word' id='word_1_955' title='bbox 1460 2740 1602 2776; x_wconf 70' lang='grc' dir='ltr'>ὲγκνκλεῐν</span> <span class='ocrx_word' id='word_1_956' title='bbox 1620 2743 1676 2774; x_wconf 83' lang='grc' dir='ltr'>τοῖς</span> <span class='ocrx_word' id='word_1_957' title='bbox 1691 2742 1751 2770; x_wconf 83' lang='grc' dir='ltr'>θεα-</span> 
     </span>
    </p>
   </div>
   <div class='ocr_carea' id='block_1_118' title="bbox 964 2776 1750 2813">
    <p class='ocr_par' dir='ltr' id='par_1_118' title="bbox 964 2776 1750 2813">
     <span class='ocr_line' id='line_1_121' title="bbox 964 2776 1750 2813; baseline 0.006 -12"><span class='ocrx_word' id='word_1_958' title='bbox 964 2776 1033 2807; x_wconf 82' lang='grc' dir='ltr'>ταῖς,</span> <span class='ocrx_word' id='word_1_959' title='bbox 1048 2777 1232 2813; x_wconf 59' lang='lat' dir='ltr'><strong>apectatoribzts</strong></span> <span class='ocrx_word' id='word_1_960' title='bbox 1244 2777 1385 2803; x_wconf 72' lang='lat' dir='ltr'><strong>insinuare.</strong></span> <span class='ocrx_word' id='word_1_961' title='bbox 1398 2777 1474 2813; x_wconf 82' lang='lat' dir='ltr'><strong>Apud</strong></span> <span class='ocrx_word' id='word_1_962' title='bbox 1488 2779 1574 2813; x_wconf 76' lang='lat' dir='ltr'><strong>ipsum</strong></span> <span class='ocrx_word' id='word_1_963' title='bbox 1587 2777 1750 2806; x_wconf 82' lang='lat' dir='ltr'><strong>Clementem</strong></span> 
     </span>
    </p>
   </div>
   <div class='ocr_carea' id='block_1_119' title="bbox 965 2811 1406 2844">
    <p class='ocr_par' dir='ltr' id='par_1_119' title="bbox 965 2811 1406 2844">
     <span class='ocr_line' id='line_1_122' title="bbox 965 2811 1406 2844; baseline 0.005 -8"><span class='ocrx_word' id='word_1_964' title='bbox 965 2811 1126 2844; x_wconf 82' lang='lat' dir='ltr'><strong>quandoque</strong></span> <span class='ocrx_word' id='word_1_965' title='bbox 1144 2811 1243 2844; x_wconf 78' lang='lat' dir='ltr'><strong>legitur</strong></span> <span class='ocrx_word' id='word_1_966' title='bbox 1253 2812 1406 2838; x_wconf 75' lang='grc' dir='ltr'>ἐκκυκλεῖν.</span> 
     </span>
    </p>
   </div>
   <div class='ocr_carea' id='block_1_120' title="bbox 1002 2845 1749 2883">
    <p class='ocr_par' dir='ltr' id='par_1_120' title="bbox 1002 2845 1749 2883">
     <span class='ocr_line' id='line_1_123' title="bbox 1002 2845 1749 2883; baseline 0.008 -13"><span class='ocrx_word' id='word_1_967' title='bbox 1002 2845 1057 2883; x_wconf 60' lang='lat' dir='ltr'><strong>(lg)</strong></span> <span class='ocrx_word' id='word_1_968' title='bbox 1071 2845 1263 2883; x_wconf 36' lang='lat' dir='ltr'><strong>“stellas-ibet</strong></span> <span class='ocrx_word' id='word_1_969' title='bbox 1278 2847 1353 2880; x_wconf 87' lang='lat' dir='ltr'><strong>editi,</strong></span> <span class='ocrx_word' id='word_1_970' title='bbox 1368 2847 1528 2883; x_wconf 79' lang='grc' dir='ltr'>ἐνιδρύεται.</span> <span class='ocrx_word' id='word_1_971' title='bbox 1545 2848 1656 2876; x_wconf 86' lang='lat' dir='ltr'><strong>Taurin.</strong></span> <span class='ocrx_word' id='word_1_972' title='bbox 1674 2848 1749 2877; x_wconf 74' lang='lat' dir='ltr'><strong>Coll).</strong></span> 
     </span>
    </p>
   </div>
   <div class='ocr_carea' id='block_1_121' title="bbox 965 2880 1281 2915">
    <p class='ocr_par' dir='ltr' id='par_1_121' title="bbox 965 2880 1281 2915">
     <span class='ocr_line' id='line_1_124' title="bbox 965 2880 1281 2915; baseline 0 -7"><span class='ocrx_word' id='word_1_973' title='bbox 965 2880 1019 2908; x_wconf 72' lang='lat' dir='ltr'><strong>Jcs.</strong></span> <span class='ocrx_word' id='word_1_974' title='bbox 1033 2880 1078 2908; x_wconf 90' lang='lat' dir='ltr'><strong>Fr.</strong></span> <span class='ocrx_word' id='word_1_975' title='bbox 1094 2881 1119 2913; x_wconf 84' lang='grc'><strong>1,</strong></span> <span class='ocrx_word' id='word_1_976' title='bbox 1136 2881 1281 2915; x_wconf 72' lang='grc' dir='ltr'>ἐνίδρυται.</span> 
     </span>
    </p>
   </div>
   <div class='ocr_carea' id='block_1_122' title="bbox 1555 2931 1593 2960">
    <p class='ocr_par' dir='ltr' id='par_1_122' title="bbox 1555 2931 1593 2960">
     <span class='ocr_line' id='line_1_125' title="bbox 1555 2931 1593 2960; baseline -0.026 0"><span class='ocrx_word' id='word_1_977' title='bbox 1555 2931 1593 2960; x_wconf 82' lang='lat'><strong>17</strong></span> 
     </span>
    </p>
   </div>
  </div>
