2018 3048
290 150 306 167 κ

254 151 306 179 515

538 149 565 176 5η
587 148 772 176 ATIIANASII
792 148 867 175 OPP.
887 146 977 176 PARS
997 149 1018 178 Ι.
1042 164 1077 169 -
1096 148 1281 177 lllSTORlCA
1301 149 1344 176 ET
1364 149 1575 177 DOCMATICA.

1827 149 1880 178 516

256 213 302 244 tis,
319 219 372 239 non
387 215 448 238 ante
461 210 544 243 ipsam
559 209 678 243 quidem,
693 209 740 236 sed
758 216 847 243 neque
861 214 940 236 extra
954 208 1040 243 ipsam

1093 209 1119 235 δὲ
1138 209 1261 245 καθάπερ
1273 209 1338 241 υίὸς,
1350 211 1364 236 6
1376 209 1462 244 λόγος,
1476 209 1522 236 τοῦ
1538 201 1600 235 νοῦ·
1627 208 1681 244 πρὸ
1706 206 1809 234 ἐκείνου
1830 208 1881 244 μὲν

255 257 357 285 factum
373 263 432 282 esse
443 259 539 290 potest,
551 255 597 282 sed
611 262 671 281 cuin
686 255 742 288 ipsa
761 254 880 286 exsistit,
892 259 919 280 et
933 254 967 281 ab
982 254 1040 288 ipsa

257 301 431 338 germinavit.
444 300 542 327 Eodem
556 307 664 334 quoque
687 300 768 327 modo
790 299 871 326 Pater
886 300 929 326 ille
952 301 1040 327 maxi-

257 354 327 379 mus,
344 353 370 374 et
383 353 460 373 mens
475 345 520 372 illa
542 345 717 378 universalis,
743 350 807 372 ante
832 346 923 372 omnia
941 344 1041 373 Filium

257 393 349 426 habet,
375 391 504 423 Verbum,
521 392 697 426 interpretem
713 397 741 418 et
760 391 882 426 angelum
899 391 989 418 situm.
1008 401 1018 417 ι

291 449 413 478 Ξ4..Ιίεοο
423 449 464 476 vel
481 457 618 483 nunquam
634 449 737 476 audivit
755 449 847 482 Arius,
868 449 910 478 vel
927 449 949 476 si
965 449 1041 476 audi-

255 497 362 525 vitnon
376 496 507 524 intellexit
519 495 599 523 homo
617 496 761 523 indoctus:
776 503 837 522 nam
850 495 871 522 si
891 495 1038 522 intellexis-

255 548 309 576 set,
321 550 374 570 non
394 547 469 570 tanta
487 542 630 570 mendacia
647 542 680 569 de
697 542 825 576 episcopo
841 541 1040 576 pervulgasset;

255 590 311 617 imo
322 590 412 625 potius
434 589 519 622 illum,
537 594 567 616 ut
585 596 647 620 nos,
669 588 703 615 ob
721 587 830 614 insitum
848 587 874 614 in
899 587 1040 614 veritatem

255 636 347 664 odium
361 636 488 664 convitiis
502 637 648 663 insectatus
659 634 763 662 fuisset.
782 633 849 661 Nam
863 641 923 661 cum
936 634 1040 661 Christi

255 682 292 709 sit
305 682 401 715 hostis,
418 681 597 709 libentissime
609 685 787 715 persequetur
805 680 884 712 illos,
911 680 957 715 qui
981 687 1041 716 qum

255 726 358 754 Christi
371 730 434 754 sunt
445 726 563 761 sapiunt,
579 731 607 752 ut
623 725 681 759 ipse
701 725 827 760 praedixit
843 725 974 752 Dominus
988 735 994 752 :
1009 723 1041 752 Si

256 780 299 800 me
309 773 439 807 persecuti
453 777 525 804 sunt,
537 777 560 798 et
582 779 625 798 vos
640 775 829 806 persequentur
843 770 877 797 “.
892 770 946 798 Aut
957 771 978 798 si
991 777 1042 805 pu—

257 822 319 846 tant
332 817 479 853 impietatis
495 817 602 852 patroni
627 823 718 844 secam
734 816 837 844 sentire
860 816 1040 852 Dionysium,

257 865 351 893 eadem
362 871 422 899 quae
437 863 482 890 ille
496 863 626 895 scribant,
656 864 749 890 eadem
761 862 939 897 proﬁteantur
952 871 959 894 ς
971 863 1041 890 scri-

1093 255 1233 287 ἀδύνατον,
1249 255 1305 282 ἀλλ’
1321 255 1382 282 οὐδὲ
1403 255 1502 289 ἔξωθέν
1528 254 1609 281 ποθεν
1625 255 1673 281 σὺν
1697 253 1794 289 ἐκείνῳ
1809 254 1882 288 γενό-

1095 310 1184 337 μενος,
1199 301 1353 336 βλαστήσας
1380 301 1408 327 δὲ
1438 302 1486 327 ἀπ’
1508 300 1601 328 αὑτοῦ.
1620 299 1714 332 Οὕτως
1727 300 1740 326 6
1758 300 1853 335 Πατὴρ
1868 301 1880 327 ό

1095 347 1223 382 μέγιστος
1250 346 1305 381 (17)
1335 347 1382 373 καὶ
1396 345 1509 372 καθόλου
1533 345 1595 377 νοῦς
1609 366 1617 378 ,
1634 344 1741 380 πρῶτον
1757 343 1803 371 τδν
1818 344 1880 371 Υἰδν

1093 391 1178 425 Λόγον
1189 391 1309 426 ἑρμηνέα
1326 391 1372 418 καὶ¹
1388 390 1502 425 ἄγγελον
1515 390 1611 417 ἑαυτοῦ
1624 390 1691 425 ἔχει.
1711 400 1721 416 )

1128 448 1173 474 Ἃ.
1187 447 1322 483 Τούτωνῆ
1335 448 1385 474 οὐκ
1401 447 1500 483 ἤκουσέ
1517 455 1583 474 ποτε
1597 447 1715 482 ΙἌρειος,
1729 446 1745 482 ἢ
1762 445 1880 478 ἀκούσας

1093 494 1143 520 οὐκ
1154 493 1262 528 ἐνόησεν
1280 493 1334 528 (18)
1352 495 1366 520 6
1386 493 1494 529 ἀμαθής
1508 502 1514 508 ·
1530 493 1581 520 οὐκ
1597 493 1631 520 ἂν
1645 493 1714 528 γὰρ,
1738 493 1818 528 εἴπερ
1846 491 1880 528 ἦν

1093 540 1201 574 νοήσας,
1224 539 1402 574 κατεψεύδετο
1418 539 1543 565 τοσοῦτον
1558 538 1630 565 κατὰ
1650 538 1697 564 τοῦ
1714 538 1862 564 ἐπισκόπου
1872 546 1879 552 ·

1093 585 1161 612 ἀλλὰ
1186 586 1294 617 πάντως
1322 586 1369 612 καὶ
1393 585 1473 612 αὑτὸν
1493 585 1531 617 ὡς
1554 586 1629 620 ἡμὴ
1655 583 1880 619 ι’λοιδόρειδιὰτὸ

1094 631 1162 667 πρὸς
1178 631 1227 667 τὴν
1241 631 1368 666 ἀλήθειαν
1388 633 1474 667 μῖσος.
1489 631 1678 666 Χριστομάχος
1696 630 1750 666 γὰρ
1771 630 1819 663 ὢν,
1832 629 1880 656 ούῦ

1093 678 1203 712 ὀκνήσει
1218 678 1264 704 καὶ
1277 677 1340 709 τοὺς
1351 677 1386 704 τὰ
1397 677 1515 713 Χριστοῦ
1528 677 1691 712 φρονοῦντας
1705 676 1823 710 διώκειν,
1843 677 1880 708 ὡς

1094 723 1198 754 αὐτὸςὸ
1214 723 1316 758 Κύριος
1336 723 1514 760 προείρηκενν
1529 724 1565 750 Ei
1589 723 1642 758 ἐμὲ
1666 723 1802 755 ἐδίωξαν,
1831 722 1880 749 και

1093 766 1171 802 ὑμᾶς
1183 767 1352 799 διώξουσιν.
1371 767 1407 794 Ἣ
1419 769 1443 794 ει
1460 767 1614 802 νομίζουσιν
1626 767 1651 792 οί
1669 766 1818 802 προστάται
1833 765 1881 801 τῆς

1093 812 1219 843 ἀσεϐείας
1245 813 1384 847 ὁμόφρονα
1414 812 1460 838 τὸν
1497 812 1632 838 Διονύσιον
1664 812 1770 842 ἑαυτοῖς
1801 809 1879 841 εἶναι,

1094 858 1278 894 γραψάτωσαν
1293 857 1379 884 ταῦτα
1392 858 1440 884 κα)⁸
1453 857 1682 892 ὁμολογείτωσαν·
1698 856 1882 891 γραψάτωσαν

257 909 323 938 bant
338 897 461 944 exempla
474 908 530 943 illa,
545 908 578 936 de
589 909 667 936 vinea
684 915 780 943 nempe
801 913 828 935 et
851 909 979 943 agricala,
1007 909 1040 936 de

1093 904 1142 939 τὴν
1168 903 1289 938 ἄμπελον
1314 904 1360 930 καὶ
1388 903 1435 930 τὸν
1457 903 1590 938 γεωργὸν,
1607 903 1638 929 τὸ
1650 902 1753 936 σκάφος
1771 902 1818 928 καὶ
1837 901 1882 928 τὸν

257 957 357 991 scapha
372 961 398 983 et
415 955 507 987 fabro;
525 960 552 982 et
567 962 618 981 una
637 954 819 981 conﬁteantur
833 962 894 989 qua:
909 955 967 989 ipse
976 962 1040 982 con-

242 1000 494 1030 ~substantialitatis
513 999 714 1034 propugnandze
728 1006 811 1027 causa
831 1000 942 1027 tradidit
956 1009 964 1028 :
979 1008 1042 1027 sen-

259 1049 369 1077 tentiam
383 1047 446 1073 item
461 1054 514 1080 qua
534 1045 724 1078 dicit,Filium
747 1052 809 1073 esse
835 1053 868 1073 ex
889 1047 1040 1074 substantia

257 1094 359 1125 Pati-vs,
375 1100 480 1119 necnon
493 1093 671 1119 mternitatem
685 1092 754 1126 ejus,
768 1092 957 1125 cognationem
969 1098 1043 1119 men~

258 1142 294 1167 tis
308 1147 368 1166 cum
384 1138 477 1170 verbo,
496 1138 578 1165 fontis
591 1145 653 1164 cum
678 1137 760 1164 lluvio
772 1141 799 1164 et
813 1142 929 1170 caetera;
948 1141 979 1164 ut
999 1137 1042 1164 vel

257 1192 291 1211 ex
326 1185 384 1219 ipsa
412 1190 502 1210 rerum
531 1183 710 1218 discrepantia
749 1183 873 1211 noverint
907 1183 1042 1217 quomodo

257 1231 348 1266 priora
367 1230 476 1264 quidem
504 1229 549 1256 illa
570 1236 618 1264 per
632 1229 814 1256 (nconomiam
840 1229 955 1261 dixerit;
985 1229 1041 1256 haec

257 1283 333 1308 vero,
350 1280 378 1302 ut
396 1275 446 1308 pia:
463 1275 522 1301 fidei
539 1274 657 1309 postulat
682 1274 760 1301 ratio.
781 1275 820 1301 Ac
837 1274 966 1309 deinceps
985 1274 1042 1301 haec

258 1318 426 1355 proﬁtentes,
441 1319 522 1354 205
537 1326 601 1346 suas
625 1319 666 1346 his
693 1319 869 1346 adversantes
888 1319 1042 1346 sententias

258 1365 411 1399 repudleut.
425 1365 493 1397 Quid
507 1363 578 1391 enim
600 1363 642 1390 vel
662 1365 815 1398 proximum
841 1363 967 1391 habuerit
983 1363 1041 1390 Arii

258 1411 420 1445 malignitati
437 1409 555 1445 Dionysii
575 1409 763 1436 ﬁdes?Nonne
781 1409 862 1436 Arius
891 1409 1040 1436 secundum

258 1456 394 1491 cogitandi
412 1455 521 1483 modum
533 1456 665 1482 duntaxat
680 1454 798 1482 Verbum
813 1460 874 1482 esse
886 1455 963 1488 dicit,
980 1454 1043 1481 Dio—

257 1502 352 1537 nysius
368 1505 457 1528 autem
476 1507 541 1527 vere
550 1505 577 1527 et
591 1505 685 1527 natura
699 1506 746 1527 sua
763 1499 880 1527 Verbum
895 1499 943 1527 Dei
962 1499 1042 1527 esse?

256 1544 304 1572 Ile
315 1543 434 1571 Verbum
450 1543 524 1571 Patri
539 1548 699 1571 extraneum
717 1544 801 1571 dicit:
825 1544 869 1571 hic
883 1544 962 1572 docet
981 1552 1042 1572 esse

256 1591 396 1625 proprium
419 1596 447 1617 et
463 1590 624 1618 intlivisibile
653 1598 668 1618 a
691 1589 780 1617 Patris
795 1590 958 1623 substantia,
974 1591 1044 1618 sicut

257 1638 371 1665 verbum
386 1644 401 1664 a
415 1641 516 1668 mente.
534 1641 561 1664 et
572 1636 671 1664 ﬂumen
699 1644 715 1664 a
738 1636 823 1664 fonte.
839 1637 868 1664 Si
883 1637 945 1672 quis
960 1637 1043 1672 igitur

256 1683 357 1718 poterit
372 1683 492 1710 dividere
507 1686 535 1710 et
555 1683 675 1711 alienare
696 1683 807 1710 verbum
825 1691 840 1710 a
866 1687 955 1711 mente
969 1703 977 1716 ,
1001 1683 1043 1712 vel

257 1728 368 1756 ﬂuvium
384 1736 399 1756 a
419 1729 494 1756 fonte
507 1733 690 1763 separaretet
703 1729 782 1764 qttasi
798 1737 876 1757 muro
903 1733 1042 1757 exstructo

257 1775 402 1807 dirimere;
418 1775 459 1801 vel
475 1774 545 1801 ausit
559 1774 650 1801 dicere
663 1774 774 1801 ﬂuvium
788 1775 902 1802 diversae
914 1775 1040 1802 substan-

257 1821 302 1847 tia:
322 1827 339 1847 ι
365 1820 450 1851 fonte,
471 1827 502 1846 ac
530 1819 665 1846 diversam
680 1820 714 1846 ab
730 1827 761 1847 eo
777 1827 875 1854 aquam
901 1827 1042 1846 common-

257 1872 363 1899 strare;
380 1867 420 1894 vel
435 1866 603 1901 splendorem
620 1873 634 1892 a
650 1865 710 1892 luce
721 1865 859 1898 dirimere,
869 1870 896 1893 et
909 1865 1042 1893 allirmare

257 1921 291 1941 ex
303 1913 389 1941 aliena
419 1912 579 1939 substantia"
594 1919 654 1939 esse
672 1911 862 1946 splendorem,
879 1919 929 1939 nec
952 1919 967 1938 a
983 1912 1043 1939 luce

257 1958 378 1993 prodire,
412 1958 435 1984 is
459 1964 520 1984 cum
535 1957 599 1983 Ario
627 1957 766 1983 insaniat:
785 1956 918 1991 ejusmodi
942 1957 1042 1991 quippe

257 2005 338 2031 homo
359 2011 393 2030 ne
420 2007 537 2030 mentem
554 2002 663 2037 quidem
676 2003 822 2029 humanam
849 2003 951 2029 habere
970 2003 1040 2029 ultra

257 2049 405 2076 videbitur.
419 2048 495 2081 Quod
511 2049 532 2075 si
549 2049 606 2075 hanc
625 2048 797 2075 indivisibilia
812 2055 873 2075 esse
895 2048 952 2082 ipsa
965 2048 1040 2075 novit

260 2101 366 2127 natura,
387 2101 534 2128 eorumque
548 2093 639 2128 proles
660 2093 726 2127 ipsis
742 2093 850 2128 propria
865 2097 922 2126 est;
940 2094 1041 2128 nequis

258 2139 341 2175 igitur
355 2140 481 2174 deinceps
497 2147 559 2166 cuin
572 2138 639 2166 Ario
649 2137 758 2171 sentiat,
773 2144 819 2166 aut
830 2139 984 2173 Dionysium
996 2146 1041 2166 ca-

257 2186 384 2213 lumniari
397 2185 482 2218 ausit;
500 2184 548 2212 sed
568 2184 654 2218 magis
668 2184 731 2211 hinc
747 2184 807 2219 ejus
824 2191 885 2211 cum
905 2184 1040 2212 sermonis

257 2233 488 2267 persuicuitatem,
502 2237 559 2259 tum
578 2235 682 2259 rectam
696 2231 776 2259 [idem
789 2232 950 2259 admiretur.

294 2343 406 2375 “Joan.
422 2351 466 2375 xv,
480 2343 524 2371 2t).

1057 1575 1077 1604 C

1094 948 1243 984 ναυπηγὸν.
1260 949 1315 976 Καὶ
1328 949 1386 984 ἅμα
1409 948 1622 984 δμολογείτωσαν
1646 949 1692 976 καὶ
1714 948 1785 982 ἅπερ
1806 945 1881 973 εἶπεν

1094 995 1310 1030 ἀπολογούμενος
1325 996 1379 1030 (l9)
1391 995 1422 1021 τὸ
1433 996 1589 1030 όμοούσιον·
1607 995 1652 1021 καὶ
1675 994 1706 1021 τὸ
1720 995 1752 1021 ὲκ
1766 993 1816 1028 τῆς
1835 993 1880 1019 οὺ-

1094 1041 1154 1073 σίας
1168 1040 1237 1068 εἶναι
1251 1041 1296 1068 τὸν
1310 1041 1382 1073 Υἱὺν,
1401 1041 1448 1068 καὶ¹
1461 1041 1492 1067 τὸ
1503 1041 1587 1068 ἀΐδιον
1597 1061 1604 1074 ,
1619 1041 1666 1068 καὶ
1678 1041 1724 1068 τὸν
1739 1039 1801 1067 νοῦν
1813 1040 1880 1076 πρὸς

1094 1088 1139 1114 τὸν
1164 1087 1252 1122 λόγον,
1265 1089 1315 1123 τήν
1339 1096 1368 1115 τε
1394 1087 1497 1123 πηγὴν,
1521 1088 1567 1114 καὶ
1580 1087 1625 1114 τὸν
1641 1087 1771 1122 ποταμὸν,
1786 1086 1833 1113 καὶ
1846 1085 1881 1112 τὰ

1094 1135 1180 1162 ἁλλα-
1206 1135 1249 1161 ἴνα
1274 1134 1395 1170 κᾶν(20)
1419 1136 1451 1162 ὲκ
1473 1135 1524 1171 τῆς
1550 1134 1682 1169 διαφορᾶς
1713 1133 1808 1168 γνῶσι,
1823 1133 1880 1164 πῶς

1094 1181 1186 1208 ἐκεῖνα
1202 1181 1250 1216 μὲν
1272 1181 1332 1208 κατ’
1347 1181 1512 1217 οἰκονομίαν,
1525 1181 1610 1208 ταῦτα
1623 1180 1661 1213 δὲ,
1687 1180 1724 1212 ὡς
1739 1180 1753 1206 6
1773 1179 1824 1214 τῆς
1836 1179 1881 1205 εὑ-

1095 1227 1191 1258 σεὸοῦς
1207 1227 1325 1258 πίστεως
1349 1226 1472 1263 βούλεται
1483 1227 1570 1261 λόγος,
1586 1226 1690 1261 εἴρηκε.
1707 1225 1762 1251 Καὶ
1789 1225 1881 1251 λοιπὸν

1093 1273 1180 1300 ταῦτα
1209 1273 1334 1307 λέγοντες
1361 1273 1507 1309 ἀναιρῶσιν
1531 1273 1586 1308 (21)
1609 1273 1680 1307 ἅπερ
1706 1271 1766 1298 κατ’
1793 1271 1882 1298 αὐτῶν

1094 1319 1194 1346 τούτων
1221 1319 1383 1354 ἐφρόνησαν.
1413 1318 1445 1346 Τί
1474 1319 1529 1355 γὰρ
1556 1318 1606 1346 κᾶν
1637 1319 1721 1353 ἐγγὺς
1752 1318 1807 1353 ἔχει
1827 1317 1882 1344 τῶν

1101 1365 1204 1400 Ἀρείου
1233 1365 1328 1391 κακῶν
1355 1366 1372 1400 ἠ
1401 1365 1538 1391 Διονυσίου
1569 1365 1679 1396 rictu;
1706 1364 1761 1398 υὺχ
1785 1364 1800 1390 ὁ
1832 1363 1881 1398 μὲν

1096 1411 1202 1447 Ἄρειος
1216 1410 1276 1437 κατ’
1286 1410 1406 1437 ἐπίνοιαν
1422 1410 1494 1445 λέγει
1508 1410 1553 1437 τὸν
1570 1410 1666 1443 Λόγον,
1681 1409 1731 1436 όδὲ
1746 1409 1881 1440 Διονύσιος

1094 1456 1218 1492 ἀληθινὸν
1236 1456 1282 1482 καὶ
1297 1456 1377 1490 φύσει
1391 1456 1476 1490 Λόγον
1494 1455 1540 1482 τοῦ
1557 1456 1643 1488 Θεοῦ;
1656 1456 1710 1482 Καὶ
1725 1456 1740 1482 ὁ
1753 1455 1800 1490 μὲν
1814 1455 1882 1481 ἁπο-

1095 1502 1164 1535 ξενοί
1190 1503 1237 1528 τὸν
1263 1501 1340 1536 λόγον
1366 1502 1420 1528 ἀπὸ
1447 1501 1492 1528 τοῦ
1521 1501 1642 1534 Πατρός·
1659 1502 1673 1527 6
1701 1500 1730 1526 δὲ
1752 1499 1817 1527 ἴδιον
1835 1499 1881 1526 καὶ

1094 1547 1243 1582 ἀδιαίρετον
1262 1547 1311 1581 τῆς
1327 1546 1374 1573 τοῦ
1397 1545 1503 1581 Πατρὺς
1525 1545 1619 1577 οὐσίας
1633 1545 1714 1572 αὑτὸν
1730 1542 1799 1571 εἶναι
1813 1544 1882 1570 διδά-

1095 1598 1169 1618 σκει“
1184 1591 1221 1623 ὡς
1235 1591 1308 1618 ἔστιν
1319 1592 1332 1617 6
1348 1591 1425 1625 λόγος
1440 1592 1508 1627 πρὸς
1529 1591 1574 1618 τὸν
1596 1590 1669 1623 νοῦν,
1688 1590 1732 1616 καὶ
1760 1589 1882 1625 ποταμὸς

1094 1639 1162 1674 πρὸς
1177 1638 1226 1674 τὴν
1243 1639 1345 1674 πηγήν.
1366 1639 1398 1665 Ei
1414 1639 1462 1673 μὲν
1470 1636 1516 1665 οὖν
1528 1638 1641 1674 διαιρεῖν
1657 1638 1702 1665 καὶ
1732 1637 1882 1670 ἀποξενοῦν

1093 1684 1139 1710 τὸν
1151 1684 1228 1718 λόγον
1243 1684 1290 1710 καὶ
1308 1683 1353 1710 τὸν
1367 1683 1429 1710 νοῦν
1443 1692 1484 1715 τις
1497 1683 1617 1716 δύναται,
1639 1683 1657 1719 ἢ
1686 1683 1731 1710 τὸν
1758 1682 1882 1718 ποταμὸν

1094 1730 1140 1756 καὶ
1152 1730 1200 1764 τὴν
1215 1729 1305 1765 πηγὴν
1321 1729 1440 1765 μερίσαι,
1457 1729 1504 1756 καὶ
1528 1730 1649 1764 τειχίσας
1665 1729 1777 1756 διελεῖν’
1803 1728 1822 1765 ἢ
1835 1729 1881 1755 τὸν

1094 1775 1213 1811 ἀτοταμὸν
1237 1775 1389 1811 ὲτερούσιον
1413 1775 1499 1802 εἰπεῖν
1528 1776 1597 1811 πρὸς
1626 1775 1675 1811 τὴν
1702 1775 1802 1811 πηγὴν,
1833 1775 1880 1802 καὶ

1093 1820 1167 1854 ξένον
1183 1820 1213 1846 τὸ
1230 1819 1302 1856 ὕδωρ
1323 1820 1425 1852 δεῖξαι,
1443 1821 1460 1856 ἢ
1476 1820 1507 1847 τὸ
1534 1821 1704 1856 ἀπαύγασμα
1725 1821 1812 1856 τολμᾷ
1824 1820 1879 1856 (‘22)

1092 1866 1188 1893 διελεῖν
1211 1866 1264 1892 ἀπὸ
1293 1866 1339 1893 τοῦ
1357 1867 1445 1900 φωτὸς
1461 1867 1508 1893 καὶ
1526 1867 1614 1893 είπεῖν
1629 1866 1659 1899 ἐξ
1678 1867 1775 1902 ἐτέρας
1788 1866 1880 1897 οὐσίας

1093 1911 1160 1939 εῖναι
1179 1913 1210 1938 τὸ
1226 1913 1404 1948 ἀπαύγασμα,
1414 1915 1460 1940 καὶ
1474 1913 1511 1949 μὴ
1524 1914 1556 1940 ὲκ
1570 1913 1615 1940 τοῦ
1631 1914 1730 1948 φωτὸς,
1744 1913 1880 1948 μαινέσθω

1094 1957 1162 1993 μετὰ
1180 1958 1284 1993 Ἀρείου
1296 1967 1303 1973 '
1316 1959 1330 1985 6
1344 1959 1397 1993 γὰρ
1413 1958 1531 1989 τοιοῦτος
1548 1959 1614 1994 μηδὲ
1628 1958 1690 1985 νοῦν
1710 1957 1879 1994 ἀνθρώπινον

1091 2002 1160 2037 ἔχων
1175 2002 1215 2028 ἔτι
1228 2003 1282 2038 (25)
1293 2004 1459 2039 φανήσεταιι
1474 2004 1499 2029 εἰ
1515 2003 1544 2030 δὲ
1557 2003 1696 2039 ἀδιαίρετα
1712 2003 1798 2030 ταῦτα
1811 2001 1880 2030 οἶδεν

1091 2050 1108 2084 ὴ
1124 2049 1213 2082 φύσις,
1228 2049 1274 2075 καὶ
1289 2049 1318 2075 τὸ
1331 2050 1432 2076 τούτων
1447 2049 1504 2086 (24)
1526 2050 1649 2086 γέννημα
1667 2049 1744 2082 ἴδιον,
1758 2051 1826 2086 μήτε
1844 2050 1879 2077 τὰ

1098 2093 1201 2129 ’Λρείου
1225 2102 1267 2125 τις
1290 2093 1329 2120 ἔτι
1355 2094 1448 2120 λοιπὸν
1476 2094 1619 2129 φρονείτω,
1647 2096 1715 2130 μήτε
1743 2094 1879 2121 Διονύσιον

1090 2138 1254 2165 διαϐαλλέτω
1264 2148 1271 2153 ·
1284 2139 1352 2166 ἀλλὰ
1369 2140 1415 2166 καὶ
1432 2139 1533 2175 μᾶλλον
1547 2140 1579 2166 ὲκ
1601 2140 1703 2166 τούτων
1717 2139 1774 2175 (25)
1795 2138 1879 2166 αὐτοῦ

1090 2185 1253 2220 θαυμαζέτω
1266 2186 1316 2221 τήν
1328 2195 1358 2212 τε
1370 2185 1418 2213 τοῦ
1432 2186 1510 2221 λόγου
1523 2186 1682 2223 λευκότητα,
1700 2187 1748 2213 καὶ
1762 2185 1813 2222 τὴν
1826 2185 1882 2221 τῆς

1091 2232 1208 2263 πίστεως
1219 2231 1371 2267 ὀρθότητα.“

291 2460 348 2495 (l7)
374 2459 485 2487 Taurin.
511 2458 599 2495 Coll)._
620 2457 676 2495 Jes.
700 2458 761 2491 soli,
786 2459 800 2485 6
816 2457 1038 2495 ante_p.éytgcog.
1055 2459 1078 2487 D
1094 2492 1113 2495 _
1127 2456 1279 2495 (sempr
1288 2456 1318 2482 τὺ
1333 2456 1554 2495 aua.__m_end9se.
1570 2457 1680 2495 Taurin.
1692 2456 1834 2495 Coll)._Jes.
1851 2462 1880 2485 et

255 2493 343 2523 Paulo
356 2501 415 2529 post
431 2495 488 2528 καί,
508 2499 570 2521 ante
584 2493 709 2528 ἄγγελον,
733 2494 808 2521 deest
834 2494 860 2520 in
872 2493 950 2529 Reg.
968 2493 1039 2529 Tau-

255 2531 309 2557 rin.
331 2528 408 2558 Golb.
432 2529 488 2557 Jes.
515 2528 672 2564 Opportune
702 2533 792 2556 tamen
819 2528 936 2563 positutn
967 2528 1040 2555 vide-

256 2571 311 2592 tur.

290 2600 346 2634 (18)
361 2599 472 2626 Taurin.
487 2599 564 2628 Colb.
581 2598 739 2634 Jes.Fr.71.
753 2597 894 2634 ἐνενόηκεν

290 2632 345 2671 (l9)
355 2635 399 2662 Sic
410 2634 600 2671 Πομ-Τεανῷ.
610 2633 749 2671 Coll)..ies.
759 2633 804 2671 Er.
822 2635 846 2660 l.
856 2633 883 2659 In
898 2632 976 2671 editis
991 2633 1038 2671 καί

253 2667 431 2713 desideratur.
449 2670 550 2698 Ibidem
563 2668 631 2701 Jes.,
647 2668 871 2704 ὁμολογούμενος,
882 2675 930 2702 pro
943 2667 1042 2694 ἀπολο-

273 2715 302 2733 Ου
307 2713 385 2736 μενος
388 2724 397 2732 .

253 2714 397 2740 γουμενος.

290 2742 345 2775 (20)
357 2739 468 2767 Taurin.
477 2738 560 2775 βου).
576 2738 642 2772 Jes.,
655 2738 808 2775 txavaxiv.

289 2773 345 2810 (2i)
357 2775 467 2802 Taurin.
477 2773 544 2808 Jes.,
556 2774 722 2810 ἀναιροῦσιν.
734 2774 886 2810 Μοείἱᾱειῃ
896 2781 955 2810 cum
965 2773 1040 2810 colli.

254 2817 281 2837 et
294 2808 340 2836 Fr.
350 2811 375 2841 l,
387 2811 446 2836 κατ’
460 2810 540 2836 αὑτὸν
550 2808 653 2845 τοῦτον.
669 2809 768 2845 Ibidem
784 2809 850 2845 Reg.
867 2808 1040 2845 TaurinJes.

255 2844 299 2871 Fr.
321 2846 345 2874 't,
357 2844 522 2880 smrfluiti,
540 2845 606 2879 ἔχει.
625 2844 682 2872 Mox
701 2844 814 2872 Taurin.
830 2843 918 2873 ‘Colb.
934 2843 1004 2877 Jes.,
1024 2845 1040 2880 ἡ

254 2879 392 2906 Διονυσίου
406 2878 478 2910 δόξα.

1093 2491 1138 2519 Fr.
1149 2493 1174 2524 l,
1192 2491 1286 2526 τολμᾷ,
1303 2496 1385 2526 recte:
1401 2491 1483 2524 Edili,
1496 2491 1563 2526 ἅμα.
1573 2492 1634 2519 Mox
1648 2492 1715 2524 haec,
1734 2493 1878 2520 καὶείπείν

1092 2527 1121 2560 ἐξ
1141 2524 1341 2563 ἐτέραςόὖσίας
1357 2524 1426 2563 εἶναι
1436 2526 1466 2553 τὸ
1477 2524 1660 2563 Δἀ·ιὲ‹ιιύγιίιϊι,ι.α,
1670 2529 1721 2563 καὶ
1733 2528 1771 2563 μὴ
1787 2529 1819 2555 ἐκ
1830 2528 1878 2555 τοῦ

1093 2561 1194 2596 φωτόςζ
1209 2563 1235 2588 in
1260 2562 1339 2588 editis
1358 2562 1457 2588 omissa
1473 2561 1590 2595 fuerant,
1605 2561 1676 2596 quod
1689 2561 1797 2596 phrasis
1806 2569 1879 2590 esset

1091 2596 1472 2632 ρεδει-ούμηιὶᾃὸμοιοτέλευτος.
1481 2597 1533 2624 Sed
1547 2598 1679 2625 habentur
1692 2597 1718 2624 in
1735 2597 1800 2632 Reg.
1810 2597 1880 2625 Tau-

1091 2630 1142 2658 rin.
1159 2633 1234 2658 (Iulli.
1251 2630 1305 2658 les.
1319 2631 1363 2658 Fr.
1382 2632 1406 2658 l.

1136 2667 1180 2702 25)
1197 2667 1240 2694 Sic
1259 2667 1324 2701 Reg.
1354 2665 1464 2694 Taurin.
1484 2666 1540 2695 Jes.
1561 2666 1590 2695 in
1599 2667 1680 2696 editis
1703 2667 1744 2694 ἔτι
1769 2668 1879 2696 deside-

1089 2707 1182 2798 ηζξῗ)
1198 2736 1243 2764 Sic
1256 2737 1324 2778 ncg.
1337 2736 1461 2779 'Taurin'.
1475 2737 1630 2771 Colb.1es.,
1640 2737 1747 2766 τούτου.
1759 2737 1829 2766 Editi
1849 2743 1878 2765 et

1088 2770 1126 2798 Fc
1138 2771 1264 2798 cltmanni
1283 2772 1399 2798 codices.
1407 2780 1520 2798 τούτων.

1112 2779 1264 2799 echIIIanllI
1283 2779 1520 2804 conices,1ou1:wv.

1126 2806 1181 2843 (25)
1205 2806 1402 2849 lies..'l‘aur_in.
1416 2807 1491 2848 Colb.
1503 2807 1572 2842 λοι,
1588 2809 1621 2836 ἐκ
1636 2808 1750 2843 τούτων,
1775 2809 1880 2838 rectius

1090 2849 1172 2878 quam
1190 2842 1266 2876 editi,
1275 2842 1308 2869 ὲκ
1323 2842 1430 2871 τούτου.
