2018 3048
139 178 194 212 sit

730 174 778 207 m3
798 173 991 208 SENTENTIA
1012 173 1172 210 DIONVYS'II.

1706 177 1757 211 sis

172 240 218 268 25.
236 241 296 266 "011
311 235 365 274 γὰρ
389 236 456 274 πρὸς
474 239 524 274 τὴν
555 239 652 273 μανίαν
672 239 776 275 ’Λρείου
800 239 925 274 λέγοντος

1010 239 1055 266 25.
1074 239 1149 272 Quod
1164 244 1268 273 spectat
1279 242 1368 266 autem
1385 239 1457 266 illam
1472 238 1529 266 Arii
1545 239 1691 272 insaniam,
1706 247 1759 275 qua

138 286 216 314 ἄλλον
232 284 300 312 εἴναι
314 285 360 311 τὸν
369 286 397 311 ὲν
412 283 451 320 τῷ
467 283 526 319 Θεῷ
542 285 627 318 Λόγον
639 304 646 316 ,
661 285 707 311 καὶ
724 285 802 312 ἄλλον
818 285 881 320 περὶ
895 283 925 312 οὗ

140 340 221 369 φησιν
245 333 259 358 ὁ
284 331 410 366 Ἰωάννης
425 351 433 363 ,
458 331 509 358 Ἐν
533 330 611 365 ἀρχῇ
641 329 680 366 ἦν
703 332 719 358 ό
749 331 858 365 Λόγος·
882 332 930 356 καὶ

139 378 223 412 ἄλλην
239 377 293 412 (26)
317 377 365 412 μὲν
383 377 449 403 ἰδίαν
469 377 562 411 σοφίαν
579 374 648 402 εἶναι
662 377 691 402 ἐν
708 376 747 411 τῷ
759 376 828 411 Θεῷ,
846 376 929 411 ἄλλην

139 423 168 450 δὲ
183 423 246 459 περὶ
258 420 292 458 ἦς
306 430 387 457 φησιν
406 423 420 449 ό
448 422 621 454 ’Λπόστολος-
638 422 764 456 Χριστὸς
782 422 855 448 θεοῦ
875 422 930 448 Δύ-

140 474 228 503 ναμις
243 467 375 501 ualeam?
393 468 483 501 Σοφία
495 477 501 483 ·
522 467 602 494 πάλιν
621 469 635 494 ὁ
651 468 786 499 Διονύσιος
805 467 930 494 ἀνθίστα-

141 522 184 541 ται
201 515 248 541 καὶ
261 514 397 541 διαϐάλλει
416 514 466 549 τὴν
479 513 608 548 τοιαύτην
622 514 790 546 κακοδοξίαν·
809 514 860 548 ὅρα
877 513 930 540 πά-

141 561 183 587 λιν
200 561 258 592 πῶς
273 561 302 587 ὲν
316 560 353 595 τῷ
368 560 487 595 δευτέρῳ
502 559 595 595 βιϐλίῳ
606 559 661 595 (27)
673 560 772 596 γράφει
788 561 852 595 περὶ
871 559 931 586 τού-

142 616 196 634 των
211 606 297 638 οὕτως
307 615 314 621 ⁸
334 612 343 631 t
366 607 414 632 Ἐν
427 606 505 641 ἀρχῇ
527 606 567 640 ἦν
579 608 595 633 ό
608 607 701 640 Λόγος
712 615 718 620 ·
733 606 790 632 ἀλλ’
823 607 872 632 οὐκ
898 604 931 641 ἦν

142 653 228 688 Λόγος
242 652 297 687 (28)
313 653 327 679 ὁ
342 653 386 679 τὸν
403 653 487 686 Λόγον
503 652 665 687 προέμενος*
681 651 715 688 ἦν
736 652 790 688 γὰρ
812 654 826 678 ὁ
846 653 932 687 Λόγος

143 699 212 734 πρὸς
238 697 285 724 τὸν
299 697 375 724 Θεόν.
404 699 489 732 Σοφία
502 698 648 732 γεγένηται
666 699 680 724 ὀ
698 698 799 734 Κύριος
810 707 816 712 ·
832 699 882 724 οὐκ
897 696 932 734 ἧν

143 742 190 770 οὖν
214 743 293 778 σοφία
315 743 330 769 ὁ
357 744 406 779 τὴν
435 744 530 778 σοφίαν
553 744 642 774 ἀνείς·
666 743 740 778 Ἐγὼ
763 743 817 778 γὰρ
840 743 931 778 ἤμην,

145 790 238 826 φησὶν,
259 787 278 825 ᾖ
300 789 508 824 προσέχαιρεν.
540 789 666 825 ’Λλήοειά
681 791 754 816 ἐστιν
768 790 782 815 ὁ
797 790 912 823 Χριστός
924 798 930 804 ·

145 836 317 870 Εὐλογητὸς
329 835 374 866 δὲ.
391 836 484 870 φησὶν,
497 837 513 862 ό
528 835 601 867 Θεὸς
612 834 665 868 τῆς
687 834 856 867 ἀληθείας.»
880 835 933 861 Ἐν-

144 881 231 908 ταῦθα
247 882 294 908 καὶ
308 881 448 907 Σαεέλλιον
462 881 508 907 καῖ⁸
520 881 628 916 Ἀρειον
641 880 798 915 ἀνατρέπει,
812 880 859 906 καὶ
878 880 932 915 ἀμ-

145 927 262 963 φοτέρας
274 927 323 959 τὰς
334 927 455 962 αἱρέσεις
472 927 532 958 ἴσας
540 928 569 952 ὲν
583 925 694 961 ἀσεϐείᾳ
706 925 854 952 δείκνυσιν
871 924 933 951 οὔτε

145 973 200 1009 γὰρ
216 974 300 1007 Λόγος
314 973 388 1000 ἐστὶν
401 973 416 998 ὁ
438 972 485 999 τοῦ
505 973 592 1006 Λόγου
623 971 728 1006 Πατὴρ,
741 970 804 997 οὔτε
828 971 934 1005 ποίημά

146 1019 246 1045 ἔστιτὸ
258 1019 290 1046 ἐκ
302 1018 350 1045 τοῦ
370 1019 484 1053 Πατρὸς,
498 1018 566 1045 ἀλλὰ
586 1018 650 1045 ῐδιον
663 1017 713 1052 τῆς
735 1017 829 1049 οὐσίας
851 1017 933 1044 αὐτοῦ

146 1064 279 1099 γέννημα,
296 1064 380 1091 Πάλιν
392 1073 421 1090 τε
438 1064 488 1091 οὐκ
498 1064 555 1090 ἐστι
570 1063 665 1099 Πατὴρ
680 1064 694 1089 ό
723 1063 860 1099 προελθὼν
885 1063 936 1090 A6-

147 1118 212 1144 γος·
226 1109 287 1136 οὐδὲ
305 1109 384 1136 πάλιν
410 1110 442 1136 ἐκ
469 1108 574 1136 πολλῶν
590 1107 631 1140 εἷς
646 1110 719 1135 ἐστιν
747 1107 824 1140 οὗτος
840 1109 934 1142 Λόγοςι

147 1155 217 1182 ἀλλὰ
232 1155 311 1190 μόνος
324 1155 383 1181 ἐστὶ
397 1155 442 1182 τοῦ
463 1155 567 1191 Πατρὸς
585 1155 661 1187 Υἱὸς,
677 1155 802 1191 ἀληθινὸς
816 1156 862 1182 καὶ
885 1155 936 1190 φύ-

149 1209 190 1228 σει
205 1202 324 1236 γνήσιος,
341 1202 356 1227 ὁ
366 1202 412 1228 καὶ
427 1201 474 1227 νῦν
484 1201 520 1227 ὢν
534 1202 587 1236 (29)
607 1202 635 1228 ἐν
660 1201 744 1237 αὐτῷ,
772 1202 818 1228 καὶ
845 1202 937 1233 ἀῐδίως

149 1247 198 1274 καὶ
216 1247 376 1283 ἁδιαιρέτως
398 1247 435 1274 ὢν
455 1247 484 1279 ἐξ
502 1247 594 1274 αὐτοῦ.
617 1247 693 1274 Οὕτω
713 1248 759 1274 καὶ
780 1248 859 1282 σοφία
892 1247 938 1274 καὶ

149 1291 264 1327 ἀλήθειά
276 1293 349 1318 ἐστιν
362 1293 377 1318 ὁ
395 1291 508 1327 Κύριος,
524 1292 570 1318 καὶ
580 1292 630 1318 οὐκ
651 1291 725 1318 ἔστιν
740 1291 822 1326 ἄλλης
841 1292 939 1326 σοφίας

148 1337 275 1373 δεύτερος
288 1346 294 1353 ·
309 1337 377 1364 ἀλλὰ
391 1337 470 1372 μόνος
485 1334 561 1369 οὗτός
577 1338 634 1364 ἐστι
649 1337 682 1364 δι’
697 1336 727 1364 οὗ
737 1338 771 1364 τὰ
785 1338 873 1364 πάντα
889 1346 938 1364 πε-

151 1383 292 1419 ποίηκενό
319 1383 422 1419 Πατὴρ,
448 1384 496 1410 καὶ
523 1384 552 1410 ὲν
575 1383 649 1418 αὐτῷ
674 1385 857 1419 συνεστήσατο
885 1383 942 1410 τῶν

151 1429 272 1464 γενητῶν
284 1429 332 1461 τὰς
346 1429 468 1462 ποικίλας
482 1429 590 1460 οὐσίας·
605 1429 639 1456 δι’
653 1428 735 1456 αὑτοῦ
755 1438 785 1455 τε
809 1429 939 1465 γνωρίζε-

151 1484 195 1502 ται
212 1473 252 1506 οἷς
265 1475 298 1502 ἂν
309 1474 394 1502 ἐθέλοι
469 1484 475 1489 ·
489 1475 537 1502 καὶ
550 1475 578 1502 ὲν
600 1474 674 1509 αὑτῷ
686 1474 736 1510 τὴν
751 1475 805 1501 τῶν
831 1475 939 1502 πάντων

150 1522 280 1557 πρόνοιαν
301 1523 416 1548 ποιεῖται
435 1522 482 1548 καὶ
498 1522 652 1557 ἐργάζεται.
669 1521 757 1549 Μόνον
771 1520 824 1556 γὰρ
847 1521 940 1548 τοῦτον

151 1566 205 1594 οἵδε
217 1567 264 1594 τοῦ
283 1568 350 1594 Θεοῦ
363 1568 447 1602 Λόγον
462 1568 510 1594 καὶ
525 1569 672 1600 Διονύσιος.
685 1568 758 1603 Αὕτη
776 1567 822 1594 τοῦ
848 1569 939 1595 Διονυ-

153 1612 212 1638 σίου
233 1614 250 1648 ή
275 1612 366 1644 πίστις
377 1621 384 1626 ·
410 1612 488 1646 ὀλίγα
499 1613 552 1648 γὰρ
566 1614 598 1639 ὲκ
615 1613 669 1639 τῶν
686 1612 835 1639 ἐπιστολῶν
857 1613 939 1640 αὑτοῦ

153 1657 314 1692 συναγαγὼν
341 1657 457 1692 ἔγραψα,
485 1657 621 1693 δυνάμενα
651 1660 799 1694 παρασχεῖν
821 1667 861 1685 σοι
891 1659 940 1694 μὲν

151 1704 279 1740 ἀφορμὴν
290 1704 330 1735 εἰς
343 1703 374 1729 τὸ
385 1704 495 1730 πλείονα
511 1704 695 1738 προστιθέναι,
715 1706 770 1736 τοῖς
783 1705 811 1731 δὲ
837 1705 941 1740 ’Λρεια-

153 1751 210 1780 νοίς
225 1750 355 1784 μεγίστην
369 1749 499 1784 αἰσχύνην
515 1749 560 1776 διὰ
572 1750 620 1785 τὴν
637 1750 708 1776 κατὰ
726 1750 780 1784 (51)
808 1748 854 1775 τοῦ
879 1750 946 1775 ἐπι-

155 1795 256 1822 σκόπου
269 1795 458 1829 συκοφαντίαν.
481 1796 524 1822 Ἐν
539 1796 603 1822 πᾶσι
617 1795 671 1831 γὰρ
685 1795 732 1822 καὶ⁸
748 1794 808 1821 καθ’
828 1795 942 1821 ἕκαστον

153 1838 187 1866 δι’
200 1836 237 1866 ὧν
262 1839 391 1876 ἔγραψεν,
407 1840 519 1875 ἦλεγξεν
543 1840 633 1867 αὐτῶν
655 1841 702 1876 τὴν
719 1840 940 1875 κακοφροσύνην,

155 1886 203 1913 καὶ
214 1885 263 1922 τὴν
281 1886 386 1921 αἵρεσιν
397 1886 484 1913 αὐτῶν
497 1887 693 1923 ἐστηλίτευσεν.

190 1932 234 1960 26.
247 1932 350 1959 Οὐκοῦν
363 1933 417 1959 ἀπὸ
441 1933 542 1960 τούτων
566 1933 701 1960 δείκνυται
716 1933 762 1960 καὶ
776 1934 792 1968 ή
814 1932 880 1967 πρὸς
894 1932 943 1958 Εὑ-

152 1979 278 2014 φράνορα
295 1979 342 2005 καὶ
364 1979 513 2015 ’Λρμώνιον
528 1979 665 2014 ἐπιστολὴ,
679 1979 783 2014 διανοίᾳ
804 1979 870 2014 ἄλλῃ
886 1979 941 2013 (52)

156 2025 216 2051 κατ’
226 2024 382 2059 οίκονομίαν
395 2026 531 2060 γραφεῖσα
544 2025 610 2060 παρ’
620 2024 701 2051 αὑτοῦ
714 2034 719 2039 ·
737 2024 816 2050 τοῦτο
828 2024 881 2058 γὰρ
895 2024 943 2050 καὶ

154 2070 172 2105 ἡ
191 2070 322 2104 ἀπολογία
333 2070 414 2097 αὑτοῦ
426 2070 554 2098 δείκνυσι.
574 2071 629 2096 Καὶ
643 2070 715 2097 ἐστιν
733 2070 839 2105 ἀληθῶς
858 2078 942 2101 τυπος

154 2112 232 2148 οὗτος
246 2117 357 2148 πιθανὸς
369 2117 438 2152 πρὸς
450 2117 603 2152 ἀνατροπὴν
612 2116 660 2150 τῆς
672 2116 814 2142 Σαϐελλίου
834 2115 940 2150 μανίας,

154 2161 226 2188 ὥστε
235 2162 280 2188 τὸν
294 2161 451 2196 βουλόμενον
463 2162 567 2197 ταχέως
574 2161 719 2196 διελέγχειν
731 2161 794 2192 τοὺς
808 2161 942 2192 τοιούτους

157 2207 195 2242 μὴ
211 2207 263 2234 ἀπὸ
290 2207 344 2233 τῶν
365 2207 550 2242 σημαινόντων
568 2207 617 2242 τὴν
644 2206 759 2242 Θεότητα
782 2207 829 2233 τοῦ
855 2207 941 2240 Λόγου

156 2253 290 2280 ποιεῖσθαι
313 2253 362 2288 τὴν
384 2253 489 2288 ἀρχήνο
512 2253 553 2279 ὅτι
577 2252 672 2286 Λόγος,
702 2252 750 2278 καὶ
783 2251 875 2286 Σοφία.
896 2252 944 2278 καὶ

156 2298 274 2334 Δύναμις
291 2299 363 2325 ἐστιν
374 2299 388 2324 ὁ
408 2298 480 2330 Υἱὸς,
495 2298 541 2324 καί
553 2298 594 2324 ὅτι
616 2297 689 2331 Ἐγὼ
700 2298 747 2324 καὶ
761 2299 776 2324 ὀ
794 2297 893 2331 Πιιτὶιρ
907 2297 943 2324 ἒν

155 2345 262 2379 ἐσμεν·
286 2345 330 2371 ἴνα
344 2344 391 2380 μὴ,
403 2343 435 2370 τὰ
451 2343 540 2375 καλῶς
553 2343 684 2378 εἰρημένα
708 2343 942 2378 παρεξηγούμενοι

157 2391 272 2421 ὲκεῖνοιν
287 2389 422 2425 πρόφασιν
443 2389 493 2424 τῆς
505 2388 681 2424 ἀναισχύντου
699 2388 863 2422 φιλονεικίας
884 2389 944 2415 sau-

158 2436 220 2467 τῶν,
235 2436 268 2463 τὰ
277 2435 389 2462 τοιαῦτα
405 2435 577 2470 πορίσωνται,
587 2433 742 2466 ἀκούοντες,
755 2435 795 2461 ὅτι
805 2435 863 2469 (55)
874 2435 944 2469 Ἐγὼ

980 286 1054 317 dicit,
1070 286 1142 312 aliud
1157 292 1216 312 esse
1235 285 1307 319 quod
1323 285 1349 311 iu
1370 285 1425 312 Deo
1439 289 1480 312 est
1499 284 1626 317 Verbum,
1645 289 1672 312 et
1686 285 1760 312 aliud

980 332 1012 358 de
1029 338 1083 366 quo
1099 330 1204 357 loculus
1215 335 1257 357 est
1272 329 1392 357 Joannes
1407 339 1413 356 :
1428 329 1461 356 ln’
1476 330 1604 364 principio
1617 335 1674 357 erat
1693 329 1760 357 Ver-

981 377 1074 403 bum"
1089 385 1096 403 :
1109 381 1137 403 et
1152 377 1232 403 aliain
1245 377 1379 410 propriam
1395 383 1454 403 esse
1472 376 1497 402 itt
1522 375 1577 402 Deo
1589 376 1760 410 sapientiam,

980 421 1060 449 aliam
1086 426 1151 448 Vero
1181 429 1260 456 quam
1283 422 1324 448 his
1348 423 1439 449 verbis
1461 421 1562 448 indicat
1587 421 1754 456 Apostolus:

979 466 1098 494 Christus
1113 467 1162 494 Dei
1177 467 1266 494 Virtus
1281 472 1304 493 et
1322 466 1516 501 DeiSapientia
1526 467 1566 499 ";
1580 467 1644 494 illud
1658 475 1763 494 summa

980 514 1006 539 vi
1022 512 1163 547 impugnat
1183 512 1339 548 Dionysius,
1368 519 1535 547 pravamque
1552 512 1624 539 illaut
1651 518 1763 540 Semen;

981 558 1045 585 tiam
1062 563 1173 586 strenue
1198 559 1347 585 insectatur
1362 568 1370 585 :
1398 558 1469 589 vide,
1487 565 1589 592 quaaso,
1605 566 1659 593 quo
1686 565 1764 593 pacto

980 603 1007 630 in
1033 604 1151 631 secundo
1167 604 1236 631 libro
1261 604 1304 631 his
1331 604 1365 631 de
1382 605 1465 632 rebus
1485 605 1569 631 verba
1581 604 1683 632 faciat:
1702 614 1711 630 ε
1730 605 1765 632 In

980 650 1109 684 principio
1121 655 1176 677 erat
1197 649 1309 677 Verbum
1319 658 1329 677 :
1343 651 1391 678 sed
1414 658 1468 678 nun
1482 655 1542 677 erat
1564 651 1679 679 Verbum
1693 652 1764 686 quod

983 696 1100 723 Verbum
1119 696 1280 731 protulerit;
1292 701 1353 723 erat
1366 697 1438 724 enim
1451 695 1567 724 Verbum
1580 698 1650 732 apud
1660 697 1744 725 Deum
1756 705 1763 724 ε

982 741 1115 769 Dominus
1137 743 1268 776 sapientia
1294 746 1354 776 est;
1382 751 1434 770 non
1449 749 1509 771 erat
1527 744 1609 779 igitur
1633 744 1765 778 sapientia

983 790 1027 824 qui
1045 790 1204 824 sapientiam
1224 790 1370 824 produxit:
1390 798 1463 823 nam,
1484 790 1539 825 Ego
1563 798 1652 823 erant,
1668 791 1764 825 inquit,

982 844 1035 870 qua
1049 836 1226 862 delectabatur
1249 836 1281 862 "’.
1304 836 1410 863 Veritas
1428 841 1470 863 est
1485 837 1630 864 Christus:
1652 836 1766 864 Benedi-

984 886 1040 908 ctus
1056 886 1152 913 autem,
1165 881 1212 913 ait,
1232 881 1300 908 Deus
1310 883 1428 909 veritatis
1438 883 1470 910 ⁸⁸.
1485 891 1494 908 ι
1506 882 1541 909 1ὺί
1557 890 1607 910 una
1621 882 1768 910 Sabelliqu

985 931 1012 954 et
1027 927 1119 954 Arium
1134 927 1244 959 evertit,
1256 927 1405 963 ambasque
1420 928 1536 955 hmreses
1554 928 1628 962 paris
1643 927 1768 961 impieta—

986 972 1020 999 tis
1031 972 1152 999 declarat
1169 981 1175 998 :
1191 980 1278 1007 neque
1294 972 1367 999 enim
1383 972 1499 1000 Verbum
1517 977 1560 1000 est
1572 973 1654 1001 Verbi
1679 979 1767 1007 pater,

986 1024 1076 1052 neque
1095 1017 1195 1044 factum
1208 1023 1250 1045 est
1260 1019 1331 1053 quod
1344 1024 1375 1046 ex
1389 1018 1469 1046 Patre
1486 1020 1620 1053 procedit,
1645 1020 1692 1046 sed
1706 1027 1769 1054 prn-

986 1063 1044 1098 pria
1059 1063 1117 1098 ejus
1144 1065 1304 1092 substantiae
1327 1065 1429 1100 proles.
1456 1065 1629 1100 Rursumque
1651 1066 1767 1094 Verbqu

986 1109 1137 1143 procedens
1154 1116 1206 1136 non
1222 1114 1263 1136 est
1276 1109 1377 1137 Pater:
1393 1117 1441 1137 nec
1458 1110 1574 1137 Verbum
1590 1111 1671 1142 istud,
1685 1118 1769 1138 unum

987 1161 1019 1181 ex
1033 1154 1125 1181 multis
1139 1159 1191 1186 est,
1213 1155 1260 1181 sed
1275 1155 1348 1184 solus
1369 1159 1411 1182 est
1431 1154 1518 1182 Patris
1534 1155 1629 1187 Filius,
1645 1163 1725 1183 verus
1742 1161 1771 1182 et

989 1204 1084 1226 natura
1105 1201 1250 1234 genulnus,
1265 1201 1311 1235 qui
1326 1205 1353 1228 et
1369 1208 1440 1228 nunc
1459 1202 1485 1227 in
1501 1201 1558 1234 ipso
1573 1201 1692 1234 exsistit,
1703 1205 1729 1229 et
1741 1201 1770 1228 in

988 1249 1117 1272 aeternum
1130 1250 1211 1280 atque
1233 1246 1432 1274 indivisibiiiter
1445 1253 1479 1273 ex
1496 1253 1528 1274 eo
1542 1251 1592 1274 est.
1613 1246 1660 1275 Sic
1676 1253 1703 1274 et
1718 1247 1771 1275 Sa-

988 1292 1090 1326 pientia
1109 1297 1137 1319 et
1149 1292 1256 1319 Veritas
1270 1297 1311 1320 est
1322 1293 1462 1325 Dominus,
1475 1297 1502 1320 et
1524 1301 1578 1320 non
1594 1299 1635 1320 est
1656 1293 1691 1321 ab
1716 1294 1770 1322 alia

989 1338 1122 1372 sapientia
1149 1339 1299 1371 secundus;
1327 1338 1375 1366 sed
1397 1339 1470 1366 solus
1489 1339 1534 1366 hic
1556 1343 1598 1367 est
1614 1347 1663 1374 per
1689 1344 1770 1375 quem

989 1383 1079 1410 omnia
1095 1382 1177 1410 Pater
1196 1383 1326 1415 condidit,
1336 1383 1362 1410 in
1377 1384 1489 1419 ipsoque
1501 1384 1664 1419 multiplices
1680 1392 1771 1412 rerum

990 1429 1129 1456 constituit
1146 1429 1334 1463 substantias;
1350 1437 1396 1464 per
1408 1438 1488 1465 quem
1502 1430 1585 1457 etiam
1603 1431 1700 1465 quibus
1716 1431 1774 1458 vult

991 1474 1134 1502 inuotescit
1149 1482 1157 1501 :
1174 1475 1200 1501 in
1213 1476 1270 1510 ipso
1285 1475 1348 1502 item
1365 1475 1485 1502 omnium
1511 1475 1706 1510 providentiam
1724 1483 1772 1511 ge-

992 1520 1038 1552 rit,
1051 1521 1142 1547 omnia
1168 1521 1232 1555 agit.
1258 1520 1314 1548 Hoc
1342 1521 1415 1548 enim
1442 1521 1551 1548 unicum
1581 1521 1629 1548 Dei
1655 1521 1773 1549 Verbum

993 1565 1102 1600 agnovit
1115 1569 1142 1592 et
1156 1564 1310 1600 Dionysius.
1327 1563 1390 1592 Haec
1403 1570 1446 1592 est
1461 1565 1580 1600 Dionysii
1591 1565 1668 1593 ﬁdes.
1685 1565 1773 1594 Pauca

991 1611 1064 1638 enim
1084 1618 1117 1638 ex
1130 1611 1190 1647 ejus
1206 1611 1327 1646 epistolis
1340 1612 1454 1638 collecta
1474 1612 1643 1648 conscripsi;
1662 1619 1721 1647 qua:
1733 1617 1775 1639 ta-

993 1664 1053 1683 men
1085 1656 1160 1691 plura
1192 1656 1306 1685 addcndi
1331 1656 1378 1683 tibi
1407 1657 1577 1684 occasionem
1608 1658 1767 1692 praebeant:

992 1701 1106 1729 Arianos
1120 1709 1184 1730 vero
1195 1701 1312 1729 maximo
1324 1702 1428 1736 pudore
1441 1701 1606 1735 suﬂ'uudant,
1633 1703 1668 1730 ob
1697 1710 1774 1730 suam

992 1748 1122 1776 adversus
1137 1749 1292 1783 episcopum
1309 1748 1484 1776 calumniam.
1502 1749 1530 1776 In
1543 1750 1669 1777 omnibus
1677 1749 1777 1785 quippe

993 1795 1103 1829 scriptis
1128 1795 1186 1823 suis
1200 1803 1292 1823 eorum
1310 1795 1441 1822 malitiam
1460 1795 1581 1831 coarguit
1605 1801 1633 1824 et
1648 1797 1777 1824 ha‘resim

993 1840 1121 1868 traduxit.

993 1934 1002 1956 ε
1029 1931 1074 1959 ‘26.
1092 1932 1130 1959 Ex
1148 1932 1191 1960 his
1204 1933 1294 1968 itaque
1307 1938 1380 1967 patet
1395 1932 1536 1967 epistolam
1557 1934 1591 1961 ad
1619 1933 1778 1968 Euphraum

993 1985 1050 2005 rem
1070 1982 1098 2005 et
1113 1977 1283 2006 Ammonium
1293 1979 1343 2006 alia
1361 1984 1450 2007 mente
1465 1985 1491 2007 et
1505 1986 1537 2006 ex
1545 1981 1697 2007 meonomia
1712 1987 1779 2014 qua-

993 2024 1054 2050 dam
1070 2025 1104 2051 ab
1121 2025 1179 2059 ipso
1191 2025 1320 2060 scriptam
1335 2033 1395 2053 esse
1408 2033 1415 2052 :
1431 2025 1502 2061 quod
1518 2025 1585 2053 item
1599 2034 1631 2053 ex
1646 2026 1704 2061 ejus
1716 2034 1780 2061 apo-

993 2069 1063 2103 logia
1088 2070 1292 2105 comprobatur.
1311 2071 1345 2098 Et
1370 2077 1412 2099 est
1426 2078 1490 2098 vere
1508 2076 1571 2106 apta
1597 2072 1779 2106 persuadendi

994 2115 1076 2150 206
1088 2115 1184 2147 forma,
1200 2117 1232 2142 ad
1253 2117 1384 2144 insaniam
1400 2117 1511 2144 Sabellii
1533 2118 1707 2145 evertendam
1719 2137 1727 2149 ,
1750 2123 1780 2145 ut

994 2161 1040 2193 qui
1052 2167 1184 2194 sequaces
1199 2161 1257 2195 ejus
1272 2161 1327 2188 cito
1343 2169 1492 2196 coarguere
1513 2162 1588 2193 velit,
1610 2170 1664 2190 non
1685 2163 1720 2190 ab
1731 2171 1778 2189 ar-

996 2206 1130 2240 gumentis
1143 2206 1201 2240 ejus
1216 2206 1388 2234 divinitatem
1404 2206 1588 2234 indicantibus
1605 2207 1712 2234 initium
1727 2208 1778 2234 du-

960 2269 981 2297 D
997 2256 1055 2283 cat;
1075 2259 1171 2286 nempe
1187 2251 1284 2278 Filium
1310 2259 1370 2279 esse
1386 2252 1514 2284 Verbum,
1537 2252 1704 2286 Sapientiam
1718 2271 1726 2285 ,
1753 2257 1781 2279 et

999 2295 1140 2328 Virtutem,
1158 2303 1207 2322 nec
1231 2296 1265 2323 ab
1286 2295 1332 2322 illo
1366 2305 1372 2323 :
1396 2297 1453 2332 Ego
1474 2302 1498 2324 et
1531 2297 1612 2323 Pater
1635 2305 1717 2323 unum
1734 2305 1781 2323 su-

997 2349 1054 2367 mus
1084 2341 1123 2372 °’;
1144 2349 1177 2367 ue
1203 2341 1238 2367 illi
1271 2349 1330 2376 qua,z
1349 2347 1422 2369 recte
1443 2343 1512 2370 dicta
1527 2348 1590 2370 sunt
1612 2344 1645 2370 ad
1668 2351 1781 2378 pravum

999 2395 1109 2414 sensum
1121 2387 1324 2421 detorquentes,
1351 2389 1516 2422 impudentis
1533 2389 1717 2416 contentionis
1732 2397 1783 2415 oe-

998 2433 1210 2460 casionem'hinc
1224 2434 1363 2468 arripiant,
1383 2435 1446 2461 dum
1463 2435 1575 2462 audiunt
1591 2445 1597 2462 :
1615 2435 1670 2470 Ego
1684 2441 1707 2462 et
1723 2435 1778 2462 Pa-

196 2495 218 2510 "
233 2493 311 2521 Joan.
326 2501 345 2521 ι.
383 2493 406 2508 ⁸⁸
422 2492 432 2520 l
447 2492 508 2520 Cor.
523 2500 541 2521 ι.
561 2491 607 2518 24.
647 2492 668 2507 ⁸⁷
681 2491 761 2520 Prov.
773 2499 832 2524 vui,
846 2491 890 2519 50.
929 2492 937 2507 ⁸

988 2490 1084 2518 lEsdr.
1101 2497 1136 2521 tv.
1147 2489 1175 2516 4.
1214 2490 1236 2505 θ’
1247 2489 1325 2517 Joan.
1340 2499 1367 2522 1,
1382 2491 1424 2518 50.

194 2553 250 2590 (26)
263 2553 330 2590 Reg.
344 2553 455 2580 Taurin.
474 2552 556 2590 Coll)._
567 2551 685 2590 Jes._Fr.
707 2552 845 2590 Lentim
860 2557 887 2580 et
903 2552 943 2580 sic

1031 2551 1088 2587 (‘50)
1110 2550 1156 2578 Sic
1173 2550 1241 2585 Reg.
1258 2549 1371 2579 Taurin.
1385 2551 1461 2578 Colb.
1477 2551 1532 2579 Jes.
1545 2551 1616 2579 Editi
1632 2559 1708 2584 vero,
1725 2552 1784 2578 ἐθέ-

158 2587 227 2617 infra
243 2589 286 2615 ubi
299 2594 415 2622 quatuor
430 2587 556 2621 postremi
576 2587 683 2614 codices
698 2588 744 2614 καί
762 2587 865 2614 addunt
880 2593 943 2615 ante
996 2587 1010 2614 λ

159 2625 251 2660 ἄλληνἶ
267 2623 324 2660 Mox
337 2623 439 2650 iidemb
451 2623 566 2654 Παῦλος,
581 2622 626 2649 ubi
639 2622 704 2658 Reg.
720 2623 802 2650 Basil.
823 2629 850 2649 et
865 2623 942 2656 editi,

159 2661 174 2686 ὁ
187 2658 356 2689 ’Λπόστολος.

195 2693 442 2730 (27181εΤιιιιι-ίη.
457 2692 533 2720 Colb.
549 2692 606 2719 Jcs.
627 2692 674 2718 Fr.
697 2693 722 2719 1.
743 2691 770 2719 In
792 2692 857 2727 Reg.
873 2697 900 2720 et
916 2693 942 2719 in

160 2728 241 2758 editis
253 2728 347 2763 βιῦλιῳ
362 2729 447 2755 decet.

197 2762 294 2798 (ίδγιι.
309 2762 420 2789 Taurin.
433 2763 509 2790 (lolh.
537 2762 594 2791 Jes.
608 2764 623 2789 ὁ
650 2767 712 2798 ante
727 2763 821 2797 Λόγος.
845 2763 897 2790 Sed
917 2764 943 2790 in

161 2800 308 2833 reliquiset
327 2799 352 2825 in
362 2798 441 2825 editis
456 2799 531 2825 deest
547 2798 686 2825 articulus.
703 2797 785 2824 Paulo
796 2803 856 2832 post
872 2798 944 2824 Tau-

162 2832 331 2870 rin.et_.les.,
349 2833 521 2870 γεγέννηται.
535 2833 584 2861 Alii
595 2841 699 2867 omnes,
717 2833 873 2870 γεγένηται.
885 2833 945 2861 Mox

160 2869 236 2899 Oolb.
251 2868 294 2895 Fr.
307 2869 332 2900 1,
348 2866 393 2895 οὖν
408 2869 424 2903 ἡ
438 2866 527 2902 σοφία.

197 2904 253 2939 ι29)
267 2904 314 2929 Ὧν
324 2904 397 2931 deest
408 2904 434 2930 in
455 2904 528 2931 Uolb.

1015 2609 1088 2657 Η151)
1116 2620 1196 2647 Κατά
1221 2620 1346 2657 _deestrin
1366 2621 1467 2648 editis:
1490 2622 1535 2657 sed
1564 2621 1661 2656 legitur
1678 2622 1704 2648 in
1717 2621 1782 2656 Reg.

997 2655 1109 2683 Taurin.
1126 2657 1202 2682 Colb.
1217 2655 1273 2684 Jes.
1291 2656 1336 2683 Fr.
1367 2657 1392 2689 i,
1414 2662 1441 2683 et
1454 2664 1468 2684 a
1484 2655 1667 2684 Nannio'item
1685 2657 1782 2684 lectum

996 2698 1088 2761 65235-2)
1116 2726 1162 2752 Sic
1187 2726 1253 2759 Reg.
1279 2726 1360 2752 Basil.
1390 2730 1416 2752 et
1443 2726 1519 2757 editi,
1545 2730 1626 2760 atque
1645 2727 1680 2752 ita
1709 2725 1785 2753 Nan-

997 2763 1071 2789 niqu
1087 2762 1182 2796 legisse
1200 2765 1283 2794 patcl,
1298 2762 1342 2795 qui
1358 2761 1449 2790 vertit.
1463 2761 1516 2787 alia
1535 2769 1626 2788 mente.
1649 2761 1700 2788 Sed
1715 2761 1786 2788 Tati-

999 2797 1138 2838 riu.|(qul).
1155 2796 1208 2823 Jes.
1223 2797 1268 2823 Fr.
1281 2797 1305 2827 1.
1320 2797 1369 2828 sic,
1385 2796 1512 2831 ἐπιστολὴ
1524 2797 1561 2831 μὴ
1573 2796 1661 2832 φαύλῃ
1670 2795 1785 2833 διανοίᾳσ

997 2832 1064 2858 ἀλλὰ
1075 2832 1134 2858 κᾶν.

1036 2868 1092 2903 (55)
1105 2868 1166 2893 ’Ὅτι
1179 2867 1251 2894 deest
1269 2867 1294 2893 in
1310 2865 1486 2894 TauriuJes.
1501 2866 1544 2893 Fr.
1566 2867 1588 2894 i.
