2018 3048
243 149 296 177 519
527 150 762 180 8.’ΛΤ11ΛΝΛ511
781 151 858 180 OPP.
877 151 969 180 PARS
987 151 1007 179 I.
1024 166 1059 172 —

243 216 285 236 ter
305 216 388 236 unum
402 217 503 240 summa.
518 213 556 241 et,
572 208 624 242 Qui
639 210 703 237 uidit
719 218 769 243 me,
793 211 858 237 vidit
872 216 895 238 et
924 209 1031 238 Patrem
1046 213 1070 242 Α

245 263 330 282 meum
345 254 369 270 "
384 262 392 281 ι
409 255 456 282 sed
468 254 619 282 Salvatoris
633 256 757 290 exemplo
767 256 914 291 praemittat
927 263 959 283 ea
969 263 1030 290 qua

245 302 363 329 humano
378 307 452 327 more
469 300 502 327 de
525 300 570 327 illo
593 301 663 328 dicta
692 301 848 329 habemur:
876 301 1029 335 cujusmodi

245 353 319 380 sunt,
339 347 452 380 esurire,
480 347 617 380 laborare,
639 348 712 382 quod
728 348 791 376 vitis
807 348 854 381 sit,
871 348 942 382 quod
969 354 1031 375 ora-

244 395 314 422 vorit
328 399 357 422 et
371 402 467 429 passus
490 394 547 421 sit:
563 399 665 428 quanto
692 395 766 422 enim
794 395 853 422 haec
867 394 939 422 dictu
966 398 1031 422 sunt

243 441 400 473 humiliora,
419 441 627 479 tantoliquidius
640 441 844 468 demonstratur
855 441 961 469 Patrem
976 448 1030 469 non

242 495 303 515 esse
316 487 417 515 factum
428 486 576 515 hominem.
591 486 740 515 Necessum
756 491 799 514 est
814 487 887 515 enim
903 494 965 514 cum
978 486 1031 515 Do-

242 533 332 561 minus
349 534 412 561 vilis
432 533 594 568 appelletur,
607 534 754 569 agricolam
769 538 879 562 exstare
894 543 901 561 :
916 538 946 561 et
964 541 1028 561 cum

243 584 314 613 oret,
331 587 393 607 esse
411 581 457 614 qui
474 580 621 612 exaudiat;
643 587 706 607 cum
733 580 850 615 denique
865 584 949 614 petat,
969 587 1030 607 esse

244 627 290 661 qui
305 626 446 654 concedat.
458 625 616 660 llujusmodi
630 626 728 661 quippe
747 626 820 653 dicta
835 625 913 661 longe
923 625 1030 654 facilius

245 671 465 699 Sabellianorum
483 671 616 698 insaniam
639 675 865 704 commonstrant,
882 670 954 705 quod
983 677 1029 698 ne-

244 724 322 746 cesse
331 717 444 745 omnino
458 716 588 744 sitalium
603 723 663 743 esse
673 716 720 751 qui
732 720 805 749 orat,
818 715 901 743 alium
916 715 962 750 qui
981 723 1030 743 ex-

242 764 340 791 audit:
365 763 448 791 alium
474 763 568 796 vitem,
592 762 674 790 alium
705 762 862 797 agricolam.
890 762 1029 798 Quotquot

242 810 314 838 enim
328 811 409 838 verba
420 809 517 837 Filium
529 809 606 845 quasi
620 809 739 837 alienum
754 817 769 836 a
784 808 864 837 Patre
878 809 1026 842 declarant;

243 857 301 884 haec
316 856 349 883 ad
361 863 472 884 carnem
485 856 610 888 attinent,
624 862 706 890 quam
719 855 804 882 nostri
828 862 909 882 causa
938 859 1024 890 gesta-

242 901 412 937 vit.0pillcia
425 901 526 936 quippe
539 886 688 929 secundum
705 905 831 928 naturam
858 907 873 928 ε
898 886 953 928 ι)οό
966 904 1030 928 sunt
1046 886 1067 914 Β

242 949 330 976 aliena
348 957 355 976 :
370 949 430 976 ideo
445 955 507 975 cum
519 955 583 976 caro
596 946 734 982 opificium
743 947 791 980 sit,
804 946 930 979 Verbum.
945 946 1028 982 quod,

242 1000 272 1022 ut
283 995 321 1022 ait
333 994 462 1027 Joannes,
474 1002 536 1021 cara
547 994 649 1028 factum
661 999 699 1021 ut
708 993 781 1026 ⁷¹·⁷·,
796 992 859 1020 licet
876 992 1026 1020 secundum

242 1046 368 1068 naturam
380 1040 516 1075 proprium
524 1039 560 1067 sit
567 1039 653 1072 Patri,
663 1044 690 1066 et
702 1040 735 1066 ab
743 1046 777 1066 eo
784 1038 948 1066 indivisibile
959 1046 967 1072 ;
987 1043 1029 1066 at-

243 1093 332 1115 tamen
351 1087 373 1114 si
390 1094 454 1114 caro
467 1090 615 1121 spectetur,
631 1085 712 1113 Pater
725 1085 824 1113 dicitur
838 1084 872 1112 ab
885 1084 930 1112 illo
943 1091 1029 1112 remo-

242 1139 286 1162 tus
300 1143 306 1162 :
324 1140 383 1168 qua
397 1133 471 1160 enim
483 1133 557 1160 carui
574 1132 683 1167 propria
698 1135 773 1164 sunt,
789 1130 847 1166 ipse
859 1129 984 1158 concedit
999 1133 1029 1157 ut

242 1181 276 1207 de
287 1187 316 1208 se
328 1180 455 1208 dicantur
468 1188 476 1213 ;
492 1186 548 1214 quo
559 1178 622 1206 hinc
634 1178 723 1213 palam
735 1177 792 1211 ﬁat,
808 1184 861 1205 non
890 1176 1003 1205 alterius
1019 1198 1026 1210 ,

241 1226 289 1254 sed
303 1233 383 1253 suurn
406 1225 518 1261 proprie
531 1232 631 1260 corpus
654 1223 752 1251 fuisse.
768 1222 838 1250 Cum
857 1223 949 1257 itaque
971 1222 1030 1250 haec

241 1280 274 1299 co
290 1272 370 1300 modo
387 1272 442 1300 sint
453 1271 641 1306 intelligenda,
662 1270 745 1298 citius
760 1269 898 1298 Sabellius
913 1269 1026 1297 eonvio-

240 1322 318 1346 cetur
344 1326 396 1346 non
407 1325 467 1346 esse
482 1317 590 1345 Patrem
608 1317 655 1352 qui
677 1324 741 1344 caro
764 1316 853 1344 iactus
879 1320 942 1349 est;
976 1314 1025 1344 sed

241 1364 300 1398 ejus
315 1362 433 1391 Verbum
449 1363 521 1398 quod
541 1362 614 1390 illam
631 1361 755 1394 redemit,
775 1360 907 1396 Patrique
918 1360 1027 1388 obtulit.

242 1409 276 1437 Et
292 1409 337 1437 ubi
364 1410 426 1444 quis
439 1408 513 1436 illum
545 1408 583 1435 ita
604 1406 762 1442 coarguerit
788 1414 820 1435 ac
836 1406 1027 1442 persuaserit,

242 1456 306 1483 hinc
322 1455 491 1483 divinitatem
511 1461 619 1488 quoque
639 1453 723 1481 Verbi
745 1452 853 1481 facilius
878 1452 1026 1481 edocebit:

241 1502 330 1535 ipsum
347 1508 443 1536 nempe
458 1507 519 1528 esse
536 1499 655 1527 Verbum
674 1503 702 1527 et
721 1499 902 1534 Sapientiam,
927 1499 1026 1527 Filium

241 1553 269 1575 et
282 1547 426 1579 Virtutem,
440 1547 612 1582 splendorem
627 1551 655 1574 et
670 1547 792 1582 ﬁguram.
804 1545 919 1574 Necesse
929 1546 1028 1582 quippe
1043 1563 1067 1594 ο

241 1599 282 1622 cst
293 1595 349 1630 jam
380 1595 468 1622 denuo
485 1593 623 1629 colligere,
648 1600 710 1620 cum
727 1593 845 1620 Verbum
862 1593 988 1626 exsistat,
1001 1597 1030 1620 et

242 1641 322 1668 Verbi
343 1640 450 1668 Patrem
469 1647 530 1668 esse
557 1644 698 1675 oportere;
728 1638 869 1673 Sapientia
896 1646 957 1666 cum
982 1639 1028 1672 sit,

241 1688 300 1722 ejus
315 1692 453 1721 parentem
467 1694 543 1718 esse;
558 1691 585 1712 et
597 1685 726 1721 splendor
747 1693 808 1712 cum
825 1685 872 1717 sit,
887 1692 950 1713 esse
961 1692 1030 1720 quo-

241 1741 295 1768 que
308 1733 406 1766 lucem,
423 1737 506 1768 atque
521 1733 558 1760 ita
578 1731 688 1760 Patrem
702 1737 730 1759 et
739 1730 840 1759 Filium
858 1739 942 1759 unum
956 1738 1026 1759 eSSe.

276 1821 320 1848 27.
339 1820 401 1848 llaec
416 1828 476 1848 cum
491 1820 576 1855 probe
593 1820 676 1848 sciret
691 1820 847 1856 Dionysius,
868 1819 912 1847 illa
944 1819 1030 1847 edidit

241 1867 353 1901 scripta,
367 1866 558 1901 prioribusque
574 1866 665 1894 verbis
681 1866 829 1893 Sabellium
846 1865 1027 1900 compressit:

242 1913 285 1939 Lis
300 1919 364 1940 vero
376 1912 504 1939 Arianam
522 1913 673 1946 prosternit
691 1911 827 1939 hzeresim.
844 1911 877 1939 Ut
891 1911 963 1938 enim
978 1911 1029 1938 hu-

243 1965 322 1984 mana
331 1956 481 1984 Salvatoris
489 1961 551 1990 apta
564 1961 626 1983 sunt
637 1957 670 1983 ad
681 1955 828 1983 Sabellium
838 1955 1027 1988 evertendum,

242 2010 258 2029 ο
273 2009 405 2030 converso
421 2002 447 2028 in
463 2002 661 2034 Ariomanitas,
682 2009 734 2030 non
752 2010 786 2029 ex
814 2002 956 2035 humanis,
969 2002 1030 2030 'sed

241 2057 274 2076 ex
292 2049 326 2076 iis
338 2056 397 2084 quae
410 2048 491 2076 Verbi
522 2048 694 2076 divinitatem
717 2048 850 2080 indicant,
869 2053 1028 2084 argumenta

242 2099 305 2122 sunt
319 2093 481 2127 mutuanda;
499 2099 528 2121 ut
541 2101 575 2122 ne
587 2093 638 2126 illi,
659 2102 719 2129 qu:e
734 2095 768 2122 de
779 2094 894 2121 Domino
904 2094 1028 2128 corporis

241 2147 323 2167 causa
347 2140 473 2167 dicuntur
494 2147 575 2174 prave
603 2140 833 2174 interpretantes,
871 2140 1030 2168 existiment

239 2187 372 2220 ejusmodi
386 2193 445 2214 esse
459 2185 588 2219 Verbum,
607 2186 703 2221 quales
720 2194 770 2214 nos
780 2186 904 2213 homines
915 2193 1022 2219 sumus.

1079 151 1269 180 IIISTURICA
1287 150 1332 179 ET
1352 151 1563 181 DOGMATICA.
1823 154 1879 182 B20

1083 210 1132 237 καὶ
1160 211 1176 238 ό
1199 210 1301 245 Πατὴρ
1330 210 1365 238 ἓν
1389 211 1498 245 ἐσμεν,
1521 211 1586 243 καὶ,
1614 211 1645 238 ὀ
1666 211 1802 246 ἑωρακὼς
1823 210 1879 246 ἐμὲ

1082 255 1192 290 ἑώρακε
1203 256 1257 282 τὸν
1268 257 1398 291 Πατέραο
1409 257 1478 283 ἀλλὰ
1492 257 1526 283 τὰ
1537 256 1715 292 ἀνθρωπίνως
1742 257 1879 293 εἰρημένα

1083 302 1146 338 περὶ
1160 301 1207 329 τοῦ
1224 302 1351 338 Σωτῆρος
1361 303 1535 338 προϐάλλειν,
1551 302 1647 340 ὥσπερ
1669 303 1750 336 αὐτὸς
1761 305 1878 339 πεποίη-

1081 355 1145 374 κενσ
1160 345 1205 374 οἶά
1229 348 1332 375 ἔστιτὸ
1356 349 1450 384 πεινᾷν
1466 348 1539 385 (54),
1567 349 1598 376 τὸ
1622 350 1732 385 κοπιᾷν,
1748 350 1806 381 καὶ,
1834 350 1877 376 ὅτι

1081 393 1269 429 ἇμπελος,καὶ
1284 393 1394 430 ηὔχετο,
1409 395 1457 422 καὶ
1471 395 1606 423 πέπονθεν
1616 404 1622 410 ·
1650 395 1707 431 ὅσῳ
1718 395 1772 431 γὰρ
1789 395 1878 422 ταῦτα

1080 440 1196 467 ταπεινὰ
1208 440 1327 475 λέγεται,
1337 440 1458 477 τοσούτῳ
1471 441 1527 476 (55)
1537 441 1673 469 δείκνυται
1689 441 1727 478 μὴ
1747 443 1762 468 ό
1780 441 1878 477 Πατὴρ

1080 487 1226 523 γενόμενος
1250 488 1404 524 ἄνθρωπος.
1430 488 1550 524 ’Λνάγκη
1578 489 1650 524 γὰρ,
1676 489 1724 516 καὶ
1752 488 1877 524 ἀμπέλου

1081 532 1226 569 λεγομένου
1239 533 1287 561 τοῦ
1302 535 1418 570 Κυρίου,
1432 533 1503 565 εἶναι
1513 536 1562 562 καὶ
1577 535 1701 569 γεωργὸν
1711 544 1717 550 ·
1737 535 1784 562 καὶ
1798 535 1877 570 εὐχο-

1083 579 1164 614 μένου
1180 578 1274 612 αύτοῦ,
1287 577 1358 608 εἶναι
1371 580 1417 607 τὸν
1432 580 1602 608 ἐπακούοντα
1611 580 1666 616 (56)
1679 589 1686 596 ·
1710 580 1757 607 καὶ
1768 579 1878 608 αἰτοῦν-

1080 634 1126 657 τος
1138 625 1232 657 αὑτοῦ,
1251 624 1378 653 εἷναιτδν
1389 626 1503 654 διδόντα.
1520 627 1560 654 Τὰ
1585 627 1613 654 δὲ
1633 626 1746 654 τοιαῦτα
1775 627 1877 662 μᾶλλον

1080 671 1264 708 εὐκολώτερον
1278 673 1328 707 τὴν
1338 672 1393 699 τῶν
1407 672 1594 700 Σαϐελλιανῶν
1610 673 1708 708 μανίαν
1721 673 1857 700 δείκνυσιν
1867 681 1876 688 ·

1080 718 1121 744 ὅτι
1134 718 1227 753 ἔτερος
1243 719 1257 745 6
1281 718 1438 754 εὐχόμενος,
1451 719 1544 755 ἕτερος
1557 719 1572 745 ὀ
1583 718 1726 746 ἐπακούων
1737 718 1805 755 (57),
1825 719 1874 746 καὶ

1079 763 1159 796 ἄλλος
1173 764 1190 800 ἡ
1204 764 1337 800 ἄμπελος,
1353 765 1400 791 καὶ
1413 764 1492 797 ἄλλος
1502 767 1516 792 ὁ
1529 765 1662 800 γεωργός.
1677 765 1747 792 Ὀσα
1764 765 1819 800 γὰρ
1837 765 1877 798 ὡς

1079 809 1265 842 ἀποξενοῦντα
1279 810 1324 838 τὸν
1337 811 1400 838 Υἰὸν
1416 809 1470 837 ἀπὸ
1486 811 1533 837 τοῦ
1547 811 1654 847 Πατρός
1669 811 1780 845 λέγεται
1795 811 1876 847 ῥητὰ,

1080 855 1167 882 ταῦτα
1186 855 1232 882 διὰ
1248 855 1298 891 τὴν
1319 855 1419 892 σάρκα,
1431 855 1464 891 ἢν
1482 855 1516 882 δι’
1526 856 1601 891 ἡμᾶς
1616 856 1730 892 ὲφόρεσε
1740 875 1747 887 ,
1766 856 1877 890 λέγεται

1081 901 1145 937 περὶ
1161 901 1255 928 αὐτοῦ.
1272 901 1342 928 Ξένα
1358 901 1412 938 γὰρ
1429 901 1463 928 τὰ
1492 902 1596 937 γενητὰ
1621 902 1692 929 κατὰ
1716 901 1797 936 φύσιν
1816 902 1877 929 ἐστὶ

1079 946 1127 974 τοῦ
1146 947 1225 975 Θεοῦ.
1238 947 1289 974 Διὰ
1304 947 1383 974 τοῦτο
1398 947 1464 982 γοῦν
1485 948 1579 984 ἐπειδὴ
1597 948 1647 984 τῆς
1671 949 1772 984 σαρκὸς
1794 957 1876 984 γενη-

1079 994 1130 1029 τῆς
1151 993 1235 1030 οὔσης
1260 994 1381 1029 γέγονεν,
1396 994 1433 1026 ὡς
1461 995 1475 1022 6
1494 994 1620 1029 Ἰωάννης
1635 994 1728 1029 φησὶν,
1752 995 1767 1021 6
1791 993 1877 1026 Λόγος

1080 1040 1158 1076 σὰρξ.
1172 1040 1260 1067 καίτοι
1273 1040 1345 1068 κατὰ
1359 1040 1439 1075 φύσιν
1455 1040 1519 1073 ἴδιος
1534 1041 1582 1068 καὶ
1593 1040 1745 1076 ἀδιαίρετος
1769 1039 1807 1067 ὢν
1828 1039 1877 1066 τοῦ

1080 1086 1197 1122 Πατρδς.
1213 1087 1289 1122 ὅμως
1309 1087 1343 1114 δι’
1358 1087 1443 1123 αὐτὴν
1459 1087 1569 1122 λέγεται
1597 1086 1645 1114 καὶ
1667 1088 1682 1114 ό
1710 1086 1804 1122 Πατὴρ
1824 1095 1877 1122 μα-

1079 1131 1148 1168 κρὰν
1159 1133 1206 1159 ἀπ’
1223 1132 1324 1159 αὐτοῦ’
1342 1132 1378 1159 τὰ
1389 1133 1443 1168 γὰρ
1459 1133 1510 1168 τῆς
1527 1133 1627 1170 σαρκὸς
1645 1132 1698 1159 ἴδια
1719 1132 1800 1164 αὐτὸς
1827 1132 1876 1159 ἀν-

1079 1177 1171 1214 έχεται
1187 1178 1242 1214 (58)
1256 1178 1320 1215 περὶ
1335 1178 1418 1206 αὐτοῦ
1430 1178 1559 1214 λέγεσθαι
1568 1187 1575 1194 ·
1594 1179 1639 1206 ἴνα
1651 1178 1755 1214 δειχθῇ,
1772 1179 1814 1206 ὅτι
1827 1179 1878 1206 οὐκ

1079 1223 1172 1258 ἄλλου,
1185 1225 1243 1252 ἀλλ’
1259 1224 1343 1252 αὐτοῦ
1359 1223 1393 1261 ἦν
1408 1225 1474 1252 ῐδιον
1487 1225 1518 1252 τὸ
1532 1225 1621 1260 σῶμα.
1638 1225 1774 1260 Τοιαύτης
1786 1225 1814 1252 δὲ
1827 1225 1878 1260 τῆς

1079 1269 1200 1302 διανοίας
1214 1269 1298 1306 οὔσης
1311 1291 1319 1303 ,
1336 1270 1486 1305 ταχύτερον
1501 1269 1697 1306 ἐλεγχθήσεται
1721 1269 1876 1303 Σαϐέλλιος,

1079 1315 1120 1342 ἄτι
1131 1316 1169 1351 μὴ
1182 1315 1256 1342 ἔστιν
1270 1316 1285 1343 ό
1305 1316 1400 1352 Πατὴρ
1413 1316 1428 1342 ὸ
1449 1315 1596 1351 γενόμενος
1610 1315 1690 1351 σὰρξ,
1701 1315 1759 1343 ἀλλ’
1786 1317 1800 1342 6
1815 1315 1878 1343 ‘tou'~

1079 1367 1126 1386 του
1155 1359 1242 1394 Λόγος
1270 1358 1343 1395 (39),
1368 1359 1384 1386 6
1421 1359 1470 1387 καὶ
1495 1359 1597 1395 ταύτην
1621 1359 1803 1396 λυτρούμενος
1829 1361 1878 1388 καὶ

1079 1405 1227 1441 προσάγων
1240 1404 1280 1440 τῷ
1291 1405 1389 1441 Πατρί.
1408 1405 1488 1432 οὔτω
1502 1405 1530 1432 δὲ
1546 1405 1686 1440 διελέγξας
1703 1406 1750 1433 καὶ
1767 1406 1876 1437 πείσας,

1078 1451 1172 1479 λοιπὸν
1187 1453 1235 1479 καὶ
1251 1452 1380 1488 περὶτῆς
1393 1451 1442 1479 τοῦ
1455 1452 1543 1487 Λόγου
1559 1452 1686 1488 θεότητος
1703 1451 1877 1488 ἑτοιμότερον

1077 1498 1196 1531 διδάξει·
1210 1498 1251 1525 ὅτι
1280 1498 1366 1533 Λόγος
1382 1498 1438 1535 (40)
1452 1499 1500 1525 καὶ
1516 1499 1602 1533 Σοφία
1615 1518 1623 1531 ,
1638 1498 1703 1530 Υἱὸς
1718 1497 1877 1533 ,καὶΔύνα-

1083 1554 1138 1582 μις,
1155 1545 1325 1582 ἀπαύγασμα
1353 1545 1400 1573 καὶ
1422 1546 1577 1582 χαρακτήρ.
1601 1545 1719 1580 ’Δνάγκη
1749 1545 1804 1581 7&9
1828 1544 1876 1572 καὶ

1081 1591 1199 1619 ἐνταῦθα
1229 1592 1285 1628 (ﬂ)
1323 1592 1406 1619 πάλιν
1420 1593 1508 1625 νοεῖν,
1523 1593 1582 1624 ὅτι,
1606 1591 1653 1619 τοῦ
1675 1591 1760 1626 Λόγου
1785 1591 1876 1623 ὄντος,

1080 1634 1201 1664 εἶναιδεῖ
1215 1637 1320 1664 καὶτὸν
1336 1638 1447 1674 Πατέρα
1458 1637 1505 1665 τοῦ
1521 1637 1608 1672 Λόγου
1620 1646 1628 1654 ·
1645 1638 1692 1664 καὶ
1718 1637 1814 1672 σοφίας
1828 1635 1877 1663 οὖ-

1081 1691 1140 1718 σης,
1156 1681 1226 1710 εῖναι
1240 1683 1287 1710 καὶ
1312 1683 1358 1711 τὸν
1369 1684 1472 1720 ταύτης
1484 1683 1580 1718 γονέα·
1599 1683 1647 1710 καὶ
1659 1683 1876 1718 ἁπανγάσματος

1079 1727 1165 1761 ὄντος,
1180 1727 1250 1756 εἶναι
1273 1729 1321 1757 καὶ
1334 1730 1365 1756 τὸ
1378 1729 1436 1765 φῶς
1448 1739 1455 1745 ·
1471 1730 1520 1756 καὶ
1533 1729 1621 1761 οὕτως
1637 1727 1708 1757 εἶναι
1736 1728 1783 1756 τὸν
1809 1728 1875 1756 my

1080 1774 1128 1801 καὶ
1139 1774 1185 1800 τὸν
1194 1774 1305 1810 Πατέρα
1315 1774 1355 1801 ἓν.

1115 1819 1161 1846 27.
1175 1819 1269 1847 Ταῦτα
1284 1819 1422 1851 Διονύσιος
1442 1819 1520 1852 εἰδὼς
1540 1818 1660 1855 ἔγραψε·
1679 1819 1728 1846 καὶ
1751 1818 1781 1846 ἒν
1804 1818 1875 1846 ἐκεῖ.

1079 1874 1136 1898 νοις
1164 1866 1214 1902 μὲν
1240 1865 1387 1893 Σαϐἐλλιον
1416 1867 1572 1901 ἐφίμωσεν,
1603 1867 1633 1893 ἐν
1662 1865 1768 1897 τούτοις
1785 1864 1875 1900 δὲτὴν

1086 1912 1228 1947 Ἀρειανὴν
1243 1911 1348 1948 αἵρεσιν
1365 1912 1533 1948 κατέστρεψε
1554 1911 1621 1947 (42).
1640 1913 1695 1939 Καὶ
1714 1912 1766 1947 γὰρ
1781 1911 1875 1946 ὥσπερ

1080 1957 1227 1993 ἀνατρέπει
1236 1957 1379 1984 Σαὸέλλιον
1387 1957 1422 1984 τὰ
1430 1957 1587 1993 ἀνθρώπινα
1599 1957 1645 1984 τοῦ
1654 1957 1791 1992 Σωτῆρος,
1803 1956 1875 1983 οὕτω

1080 2003 1128 2030 καὶ
1142 2003 1210 2038 πρὸς
1225 2003 1289 2035 τοὺς
1310 2003 1516 2039 ’Λρειομανίτας
1531 2004 1582 2030 οὐκ
1596 2003 1650 2031 ἀπὸ
1665 2003 1719 2030 τῶν
1736 2003 1874 2039 ἀνθρωπί-

1080 2057 1134 2076 νων
1146 2068 1153 2081 ,
1170 2048 1228 2076 ἀλλ’
1244 2048 1298 2076 ἀπὸ
1317 2049 1374 2076 τῶν
1397 2050 1585 2085 σημαινόντων
1609 2049 1659 2086 τὴν
1684 2049 1802 2084 θεότητα
1823 2048 1872 2076 τοῦ

1079 2094 1167 2129 Λόγου
1184 2093 1319 2121 ποιεῖσθαι
1333 2094 1385 2130 χρὴ
1397 2095 1460 2126 τοὺς
1475 2095 1535 2122 κατ’
1557 2094 1648 2121 αὐτῶν
1669 2094 1814 2129 ἐλέγχους·
1831 2095 1874 2120 ῐνα

1082 2139 1119 2175 μὴ
1141 2139 1187 2166 καὶ
1209 2136 1339 2170 οὗτοι,τὰ
1365 2139 1410 2166 διὰ
1425 2139 1456 2166 τὸ
1483 2139 1563 2176 σῶμα
1584 2139 1715 2176 λεχθέντα
1738 2140 1803 2176 περὶ
1826 2139 1873 2166 τοῦ

1080 2185 1183 2221 Κυρίου
1193 2185 1437 2221 παρεξηγούμενοι,
1456 2187 1587 2222 νομίσωσι
1605 2186 1726 2214 τοιοῦτον
1744 2184 1814 2214 εἶναι
1827 2187 1874 2214 τὸν

241 2240 273 2260 ac
288 2233 395 2260 demum
412 2232 438 2259 in
451 2233 554 2260 insania
567 2240 616 2259 sua
628 2237 814 2267 perseverent.
829 2231 878 2265 Qui
895 2232 918 2259 si
938 2231 970 2259 de
986 2232 1011 2259 di
1022 2246 1029 2252 -

1082 2231 1176 2265 Λόγον,
1192 2229 1244 2258 οἷοί
1257 2232 1341 2267 ἐσμεν
1355 2233 1435 2267 ἡμεῖς
1448 2233 1472 2259 οἱ
1483 2232 1632 2268 ἄνθρωποι,
1643 2233 1691 2259 καὶ
1701 2232 1795 2260 λοιπὸν
1811 2233 1874 2259 ἑπι-

240 2278 353 2305 viuitate
369 2278 526 2308 doceantur.
555 2286 634 2306 suum
656 2278 707 2312 ipsi
731 2285 853 2304 errorem
886 2277 1026 2311 improba—

241 2324 308 2351 bunt
323 2332 331 2350 :
349 2331 466 2358 cumque
481 2323 626 2351 didicerint
647 2322 765 2350 Verbum
782 2330 891 2350 carnem
924 2322 1025 2350 factum

238 2376 312 2415 esse,
331 2369 448 2396 humana
469 2369 496 2396 in
516 2374 654 2404 posterum
672 2368 778 2396 facilius
798 2368 969 2402 distinguent
991 2368 1026 2395 ab

274 2469 298 2485 "°
310 2467 387 2496 Joan.
403 2469 493 2500 xtv,9.
532 2469 591 2484 ”'"
602 2468 679 2496 Joan.
697 2477 716 2500 ι,
729 2468 772 2495 14.

274 2562 330 2597 (54)
350 2562 417 2598 Reg.
433 2562 545 2590 Taurin.
558 2561 625 2598 Jes.,
638 2561 743 2596 πεινῇν.
767 2560 829 2587 Mox
844 2559 1022 2587 Taurineusis

237 2598 357 2626 Colbert.
370 2596 438 2631 165.,
449 2598 497 2625 καὶ
507 2598 549 2624 ὅτι
559 2596 666 2632 ηὔχετο.

274 2616 549 2668 ξὲἕίἲὲῧῖ-ἱῖτῗὲὶῖιὲἶ
559 2616 719 2668 Ϊὲἒζῖὲσῳ.
732 2630 799 2668 Mox
816 2630 894 2666 Reg,
908 2631 957 2657 καὶ
971 2630 1024 2665 ἁμ-

238 2666 331 2696 πέλουζ
346 2669 374 2696 In
390 2668 502 2696 Taurin.
521 2668 597 2696 Colb.
611 2667 679 2699 Jes.,
692 2666 737 2693 καί
752 2667 837 2693 deest.

273 2704 329 2739 (56)
342 2704 420 2732 Colb.
431 2704 486 2739 νιος.
506 2703 551 2739 Fr.
567 2702 783 2739 l,_l:rra3¢odovra.
807 2701 878 2729 Editi
900 2705 927 2729 et
943 2699 1022 2735 Reg.,

239 2737 419 2766 ὑπακούοντα.
436 2738 497 2766 Mox
509 2738 587 2772 εἰπε..
597 2737 729 2764 διδοῦντα.

275 2774 330 2809 (57)
350 2774 425 2802 Colb.
442 2771 560 2809 Jesalf'ri
571 2774 602 2809 1ὲ
610 2772 764 2809 ἐπακούων.
780 2772 848 2809 Reg.
870 2771 982 2809 Taurin.
996 2776 1024 2809 et

238 2806 481 2840 editi,'61taxotiwv.
504 2808 565 2835 Mox
583 2807 695 2834 Taurini.
708 2808 783 2835 Colb.
799 2806 854 2835 les.
873 2807 919 2834 Fr.
933 2808 958 2838 1,
976 2806 1023 2833 καὶ

237 2842 331 2878 ἕτερος
350 2845 364 2869 ό
382 2844 514 2905 γεωργός.
535 2843 586 2870 Alii
605 2848 633 2868 ut
650 2843 726 2870 editi.
746 2843 773 2870 In
787 2843 880 2870 iisdem
898 2850 959 2869 mox
984 2842 1021 2872 ὣς

238 2880 323 2905 deest.
333 2878 426 2911 Iidem,
457 2878 547 2911 έγεται
565 2878 683 2914 ῥήματα.

258 2886 323 2905 eest.
333 2886 426 2911 noenu,
442 2886 547 2911 Λεγεται
565 2886 683 2911 ρηματα.

1082 2277 1193 2312 μείνωσι
1203 2279 1235 2314 τῇ
1252 2277 1356 2305 ἑαυτῶν
1369 2279 1462 2314 μανίᾳ.
1482 2279 1530 2305 Ἂν
1545 2279 1574 2306 δὲ
1585 2279 1730 2314 διδαχθιῖωι
1743 2279 1790 2306 καὶ
1801 2276 1873 2306 οὗτοι

1081 2321 1144 2357 περὶ
1156 2321 1206 2357 τῆς
1219 2321 1356 2357 θεότητος,
1374 2322 1595 2358 καταγνώσονται
1623 2325 1673 2359 μὲν
1702 2325 1752 2360 τῆς
1769 2323 1874 2351 ἑαυτῶν

1081 2367 1232 2400 κακονοίας,
1266 2368 1449 2406 εὐκολώτερον
1471 2369 1500 2396 δὲ
1525 2370 1668 2406 μαθόντες,
1682 2371 1724 2398 ὅτι
1747 2372 1763 2398 ό
1787 2371 1874 2406 Λόγος

1112 2558 1169 2593 (58)
1182 2556 1298 2593 lauri".
1309 2556 1389 2593 Colb.
1402 2556 1451 2593 Fr.
1465 2557 1493 2590 1,
1506 2557 1680 2593 ἀναδέχεται.

1111 2592 1168 2629 (59)
1181 2592 1293 2629 tamin.
1303 2592 1371 2629 διεδ..
1379 2592 1483 2629 [τούτου
1494 2592 1541 2619 τοῦ
1559 2592 1658 2629 Λόγου,
1673 2594 1810 2621 mendose.

1113 2626 1170 2663 (40)
1191 2626 1236 2654 Sic
1248 2626 1450 2663 Taurin.Colb.
1461 2627 1516 2655 .Ies.
1534 2629 1569 2655 At
1585 2626 1652 2663 Reg.
1668 2634 1695 2655 et
1706 2629 1782 2662 editi,
1800 2630 1814 2656 6
1825 2629 1874 2656 A6-

1077 2672 1136 2699 γος,
1155 2662 1244 2699 minus
1255 2668 1337 2699 recte.
1353 2662 1414 2699 llo;
1431 2663 1479 2689 καί
1494 2668 1558 2690 ante
1582 2664 1729 2699 χαρακτήρ
1742 2664 1820 2692 deest
1846 2665 1872 2692 iu

1079 2697 1143 2733 Reg.
1165 2697 1247 2725 Tuur.
1263 2697 1339 2725 Colb.
1355 2697 1411 2725 Jes.

1111 2733 1168 2773 (41)
1185 2734 1230 2760 Sic
1246 2733 1312 2768 Reg.
1323 2733 1520 2762 Taurin.Colb.
1533 2733 1591 2762 les.
1607 2733 1653 2761 Fr.
1669 2733 1697 2760 1.
1709 2733 1781 2762 Editi
1795 2741 1871 2767 vam.

1074 2777 1172 2802 ταυτα,
1186 2775 1339 2803 perperam.

1110 2804 1168 2840 (42)
1191 2803 1315 2840 Tauriu.,
1326 2802 1446 2840 ,ἔγραψε
1460 2804 1524 2840 uel:
1535 2804 1590 2839 γὰρ
1602 2803 1703 2840 Ῠῶσπερ
1725 2803 1872 2840 ἀνέτρεψε,

1073 2839 1182 2877 omissis
1199 2839 1379 2866 intermediis.
1391 2838 1494 2868 Ibidem
1505 2838 1582 2868 Colb.
1596 2839 1654 2868 Jes.
1664 2838 1710 2867 Fr.
1724 2839 1751 2874 1,
1762 2838 1873 2877 ’Λρεζα-

1077 2874 1164 2909 νικῆν.
