2018 3048
185 100 240 134 525

754 105 921 134 EPISTOLA
938 107 984 134 AD
1004 105 1239 136 DRACONTIUM.

1750 109 1801 135 526

221 164 248 192 Ξ.
265 164 333 192 Ποία
348 162 394 192 οὖν
412 163 458 192 ἐπὶ
471 165 672 207 τοϊςοτοιούτοις
687 166 820 201 ἀπολογία
834 167 910 203 παρὰ
925 167 964 194 eoi

1057 169 1084 196 2.
1101 170 1250 202 Quamnam
1267 167 1349 203 igitur
1362 174 1392 195 es
1406 174 1455 202 pro
1470 166 1529 194 istis
1548 166 1750 195 excusationem
1766 169 1806 194 al-

185 210 345 246 δοθήσεταις
362 211 452 242 Ποίοις
469 212 502 238 ἂν
519 212 698 246 ἀπονίῲασθαι
715 213 761 239 κα)⁸
782 213 972 249 ἀπομάξασθαι

184 257 274 291 λόγοις
289 257 339 288 τὰς
351 256 478 289 τοιαύτας
490 257 579 289 αἰτίας
591 257 710 294 δυνήσῃ;
722 258 785 290 Πῶς
796 259 973 294 θεραπεύσεις

185 302 247 334 τοὺς
263 301 306 328 διὰ
323 302 353 328 σὲ
367 302 498 334 πεσόντας
513 303 560 329 καὶ
572 303 829 338 σκανδαλιζομὲνους
839 313 846 337 ;
858 304 893 331 Ἢ
903 305 972 337 πῶς,

187 346 258 388 μετὰ
279 347 310 373 τὸ
332 347 473 383 σχισθῆναι
493 347 543 383 τὴν
563 349 687 384 είρήνην,
713 349 849 384 συρράψαι
872 349 972 385 ταύτην

185 391 306 427 δυνήσῃ;
328 390 363 418 Ὦ
384 392 509 428 ἀγαπητὲ
530 393 685 428 Δρακόντιε,
701 393 762 419 ἀντὶ
779 394 865 429 χαρᾶς
885 393 973 429 λύπην

185 438 251 473 ἡμῖν
265 438 320 474 (51)
344 439 508 474 πεποίηκας,
528 439 588 466 ἀντὶ
611 439 786 475 παραμυθίας
810 440 970 475 στεναγμόν.

185 483 403 520 Προσεδοκοῦμεν
416 484 471 520 γὰρ
484 485 662 521 παραμυθίαν
676 485 747 520 ἔχειν
763 494 792 511 σε
810 485 870 520 μεθ’
882 486 971 522 ἡμῶν,

184 529 232 554 καὶ
245 528 293 555 νῦν
310 527 444 564 βλέπομεν
458 529 593 563 φεύγοντά
605 537 646 561 σε,
663 529 710 555 καὶ
725 528 843 564 ὁρῶμεν,
858 529 898 555 ὃτι
913 537 973 564 κρι-

185 574 294 609 νόμενος
308 575 356 610 μὲν
367 574 529 610 ἐλεγχθήσῃ,
540 574 700 602 κινδυνεύων
710 575 738 602 δὲ
752 574 970 611 μεταμεληθήσῃ.

184 620 240 646 Καὶ
255 621 297 651 τίς
320 620 450 655 φείσεται,
466 620 504 652 ὡς
519 621 534 647 ὁ
555 621 698 657 προφήτης
716 621 835 656 εἴρηκεν,
850 622 895 648 ἐπὶ
911 622 971 654 σοί·;

183 666 206 691 Τ
210 666 233 697 ίς
248 666 402 700 ἀνακάμψει
423 666 469 692 ἐπὶ
487 666 516 692 σὲ
531 667 572 698 είς
587 667 708 702 είρήνην,
729 667 800 703 ὁρῶν
815 667 879 699 τοὺς
895 667 971 694 ἁδελ-

184 712 262 746 φοὺς,
275 712 308 738 δι’
330 711 376 744 οὓς
395 711 512 748 Χριστὸς
525 711 656 746 ἀπέθανε,
671 713 815 748 βλαϐέντας
828 713 874 739 ἐπὶ
884 715 917 749 τῇ
937 715 970 749 σῇ

185 759 257 793 φυγῇ
273 757 342 794 (5‘2);
361 759 406 784 Δεῖ
421 758 475 793 γὰρ
496 758 596 785 εἰδέναι
619 767 648 784 σε
665 759 712 785 καὶ
729 759 766 794 μὴ
780 759 970 794 ἀμφιϐάλλειν,

183 797 224 831 ὃτι
239 805 303 840 πρὶν
322 805 371 840 μὲν
390 804 562 840 κατασταθῇς
584 804 674 840 σαυτῷ
691 804 764 840 ἔζης,
792 805 971 836 κατασταθεὶς

1024 214 1146 242 laturus?
1164 214 1266 248 Quibus
1289 213 1380 241 verbis
1402 213 1556 241 istiusmodi
1580 213 1673 248 culpas
1697 214 1808 241 abluere

1023 261 1065 288 vel
1081 260 1237 295 abstergere
1251 259 1371 294 poteris?
1396 259 1472 292 Quod
1490 258 1543 286 illis
1558 265 1588 286 es
1601 259 1750 286 remedium
1764 259 1808 286 ad-

1024 306 1171 337 hibiturus,
1185 305 1231 339 qui
1246 309 1273 333 te
1285 309 1396 332 auctore
1413 303 1480 338 lapsi
1495 307 1559 331 sunt
1571 308 1598 330 et
1611 303 1807 331 scandalizati?

1023 352 1077 378 Aul.
1104 351 1240 386 quomodo
1268 355 1375 385 ruptam
1400 356 1493 384 pacem
1521 349 1611 377 denuo
1639 350 1807 384 componas?

1023 396 1190 424 Charissime
1203 395 1342 426 Draconti.
1361 401 1410 429 pro
1432 394 1531 429 gaudio
1552 401 1697 421 mmrorem
1717 394 1804 426 nobis,

1023 449 1073 477 pro
1085 441 1271 469 consolatione
1286 440 1386 467 luctum
1402 440 1525 467 attulisti.
1540 439 1721 474 Sperabamus
1733 440 1805 466 enim

1023 492 1052 514 te
1072 487 1149 514 nobis
1169 486 1349 514 consolationi
1366 484 1486 512 futurum
1503 493 1510 511 :
1528 489 1555 511 at
1569 491 1640 512 nunc
1659 489 1685 511 te
1700 483 1805 519 fugien-

1022 537 1076 560 tem
1102 532 1302 566 conspicimus;
1322 530 1498 565 l‘uturumque
1523 530 1701 565 praevidemus
1720 535 1749 557 ut
1776 530 1804 557 in

1019 578 1150 612 judicium
1176 583 1300 611 vocatus,
1319 578 1494 610 convincare,
1510 577 1592 611 inque
1607 575 1724 611 periculo
1739 584 1805 604 con-

996 642 998 644 »
1022 624 1142 655 stitutus.
1161 628 1187 651 te
1209 624 1274 651 facti
1293 624 1430 659 pteuileat.
1454 622 1553 658 Ecquis
1570 623 1629 656 tibi,
1646 627 1675 649 ut
1690 623 1727 649 ait
1742 629 1806 657 pro-

1022 670 1101 704 pheta
1113 669 1145 703 ⁷⁸,
1163 670 1267 697 veniam
1286 669 1408 696 tribuat?
1433 669 1498 702 Quis
1514 669 1547 695 ad
1567 675 1660 703 pacem
1679 668 1724 695 tibi
1740 675 1805 695 conv

1022 716 1168 742 cedendam
1192 716 1309 742 animum
1336 715 1464 747 inducat,
1486 722 1545 741 cum
1575 714 1672 741 fratres
1702 714 1802 746 videat,

1022 769 1071 795 pro
1095 761 1192 795 quibus
1218 764 1338 787 mortuus
1360 765 1402 786 est
1417 759 1539 786 Christus
1565 759 1638 793 gravi
1664 760 1697 786 ob
1714 758 1803 793 fugam

1024 812 1095 833 tuam
1111 807 1271 833 detrimento
1288 805 1420 832 allectos?
1437 805 1521 832 Nosse
1538 810 1563 831 te
1582 812 1613 832 ac
1633 804 1698 831 nihil
1718 804 1805 831 ambi-

183 850 221 882 δὲ,
248 848 288 882 οἷς
317 851 495 886 κατεστάθης.
517 850 573 877 Καὶ
596 851 661 887 πρὶν
684 851 731 885 μὲν
748 850 832 887 λάϐῃς
852 851 901 886 τὴν
922 851 964 886 τῆς

1024 859 1089 886 gere
1100 853 1236 884 convenit,
1259 856 1284 878 te
1305 857 1448 885 antequam
1463 851 1619 877 ordinarere
1638 850 1683 877 tibi
1697 850 1746 884 ipsi
1761 850 1803 876 vi-

184 896 334 931 émaxofrﬁg
349 897 438 932 χάριν,
462 897 549 929 οὐδεὶς
566 896 697 931 ὲγίνωσκέ
719 905 766 923 σε’
783 897 971 932 γενόμενονδὲ

182 941 286 974 λοιπὸν,
301 943 325 968 ot
346 943 404 969 Mat
429 942 599 978 προσδοκῶσι
616 942 733 978 φέροντά
753 951 782 969 σε
798 942 852 979 (55)
870 942 971 979 τροφὴν

182 988 283 1020 αὺτοῖς,
297 988 348 1023 τὴν
362 990 393 1016 ἐκ
407 989 461 1016 τῶν
476 989 591 1025 Γραφῶν
608 988 778 1016 διδασκαλίαν
789 998 795 1004 ·
807 990 870 1016 ὅταν
881 990 970 1016 τοίνυν

181 1033 207 1060 οἱ
227 1034 428 1069 προσδοκῶντες
444 1035 608 1071 λιμώττωσι,
627 1038 658 1064 σὺ
671 1038 699 1065 δὲ
715 1037 875 1072 σαυτὸν(54)
891 1037 969 1072 μόνον

181 1078 295 1115 τρέψῃς,
312 1080 360 1106 καὶ
378 1080 442 1116 ἔλθῃ
458 1082 472 1108 ὁ
488 1082 590 1118 Κύριος
611 1082 689 1118 ἡμῶν
716 1081 818 1118 Ἰησοῦς
840 1081 966 1117 Χριστὸς,

181 1125 262 1159 ἡμεῖς
276 1134 304 1152 τε
317 1125 390 1161 αὐτῷ
406 1128 599 1163 παραστῶμεν,
611 1129 689 1156 ποίαν
704 1129 797 1164 σχοίης
809 1128 965 1162 ἀπολογίαν,

180 1170 298 1206 ὁρῶντος
318 1173 399 1200 αὑτοῦ
413 1173 446 1200 τὰ
465 1173 518 1201 ῖδια
534 1175 657 1210 πρόϐατα
671 1175 855 1210 λιμώττοντα;
870 1175 902 1201 Εἰ
918 1175 967 1210 μὲν

181 1217 234 1253 γὰρ
249 1217 286 1254 μὴ
302 1219 424 1254 εἰλήφεις
444 1220 479 1246 τὰ
502 1220 625 1256 δηνάρια,
646 1221 697 1248 οὐκ
712 1221 744 1248 ἂν
760 1221 902 1257 ἐμέμψατό
918 1229 964 1247 σε·

181 1262 296 1290 λαϐόντα
305 1264 333 1290 δὲ
343 1266 389 1291 καὶ
400 1264 524 1299 χώσαντα
537 1266 594 1300 (55)
608 1267 655 1293 καὶ
669 1266 819 1302 κρύψαντα,
834 1266 966 1303 μέμψαιτ’

180 1308 213 1335 ἂν
231 1310 350 1342 εἰκότως,
367 1311 453 1345 λέγων
475 1313 564 1338 ἐκεῖνα
579 1312 612 1339 τὰ
631 1314 750 1348 ῥήματα,
766 1313 782 1340 ἃ
800 1314 837 1349 μὴ
851 1313 965 1348 γένοιτο,

181 1353 232 1380 κᾶν
247 1355 361 1382 ἀκοῦσαι
383 1357 431 1392 τὴν
451 1357 500 1392 σὴν
523 1358 683 1384 εὐλάϐειαν·
708 1359 788 1386 Ἔδει
805 1368 841 1386 σε
856 1360 966 1391 ,ϐαλεῖν

179 1398 215 1428 τὰ
226 1399 350 1434 δηνάριά
361 1410 420 1436 μου
433 1403 494 1436 τοῖς
510 1403 700 1439 τραπεζῗταις,
714 1405 764 1431 ἵνα
778 1405 874 1432 ἐλθὼν
886 1405 965 1440 κάγὼ

179 1447 247 1479 παρ’
268 1447 391 1474 ἐκείνων
412 1449 577 1484 ἀπαιτήσω.

1023 898 1108 931 xisse;
1122 897 1287 929 ordinatum,
1303 897 1336 923 iis
1350 896 1448 930 quibus
1458 903 1488 922 es
1501 896 1650 923 ordinatus.
1665 896 1704 923 Ac
1717 896 1802 930 prius-

1020 951 1100 977 quam
1121 943 1236 977 gratiam
1262 942 1432 977 episcopatus
1451 942 1614 974 accepisses,
1634 941 1701 972 nulli
1724 946 1803 969 notus

1020 996 1081 1016 eras
1095 997 1102 1015 :
1116 988 1171 1022 jam
1185 995 1265 1020 vero,
1285 988 1425 1014 ordinatus
1440 995 1500 1014 cum
1517 987 1567 1018 sis,
1588 991 1614 1014 te
1643 987 1732 1022 populi
1754 996 1803 1015 ex-

1020 1039 1152 1068 spectant,
1172 1038 1200 1060 ut
1214 1033 1302 1061 cibum
1317 1033 1369 1060 illis
1379 1033 1580 1065 subministres,
1600 1032 1800 1068 Scripturarutu

1021 1086 1117 1113 nempe
1133 1079 1293 1106 doctrinam.
1314 1078 1364 1111 Qui
1381 1078 1401 1106 si
1421 1078 1482 1105 dum
1502 1082 1659 1113 exspectant
1675 1079 1745 1106 laute
1760 1079 1801 1105 la-

1020 1124 1134 1158 borent,
1161 1128 1241 1158 teque
1266 1123 1352 1151 solum
1373 1125 1430 1158 ipse
1445 1124 1500 1152 alas
1512 1143 1521 1157 ,
1538 1131 1569 1151 ac
1586 1124 1693 1151 interim
1710 1125 1801 1152 veniat

1021 1170 1149 1198 Dominus
1175 1175 1268 1198 noster
1287 1169 1366 1197 Jesus
1383 1170 1518 1202 Christus,
1538 1178 1641 1205 nosque
1655 1169 1712 1204 ejus
1734 1178 1799 1198 cou-

1019 1218 1121 1253 spectui
1137 1219 1279 1250 sistamus;
1304 1225 1396 1253 quam,
1416 1226 1518 1253 quaeso,
1541 1219 1661 1246 invenias
1676 1219 1713 1246 tui
1735 1226 1801 1253 pur-

1019 1264 1098 1298 gandi
1126 1264 1267 1296 rationem,
1297 1271 1357 1291 cum
1386 1264 1444 1299 ipse
1472 1265 1622 1292 esurientes
1648 1272 1710 1292 suas
1736 1272 1800 1292 oves

1018 1310 1184 1345 conspiciat?
1199 1309 1226 1337 Si
1238 1310 1363 1337 denarios
1379 1318 1433 1338 non
1453 1310 1614 1345 accepisses,
1629 1318 1799 1345 nequaquam

1020 1361 1045 1383 te
1066 1357 1110 1384 ille
1123 1356 1293 1391 objurgasset
1308 1365 1315 1385 :
1335 1365 1395 1384 cum
1417 1361 1504 1384 autent
1520 1362 1644 1391 acceptos
1660 1356 1801 1384 sulTodcris

1019 1406 1100 1436 atque
1124 1401 1278 1434 occultaris,
1297 1401 1357 1436 jure
1383 1410 1415 1430 ac
1439 1402 1536 1429 merito
1564 1407 1589 1429 te
1615 1403 1800 1436 iucrepaturus

1018 1452 1070 1478 est,
1097 1446 1139 1473 his
1157 1447 1286 1475 adhibitis
1307 1447 1408 1479 verbis,
1427 1454 1486 1481 quae
1509 1447 1582 1474 absit
1604 1452 1633 1474 ut
1653 1453 1696 1474 tua
1715 1447 1800 1481 pietas

179 1491 269 1518 audiat
284 1501 290 1519 :
309 1492 429 1526 Oportuil
449 1499 473 1521 le
490 1496 616 1530 projicere
633 1497 755 1527 denarios
777 1505 847 1523 meos
871 1495 1015 1530 trupezilis,
1032 1499 1061 1520 ut
1075 1502 1120 1528 ego
1131 1494 1233 1521 veniens
1252 1494 1284 1519 ab
1298 1493 1352 1519 illis
1368 1498 1506 1526 repeterem
1517 1493 1551 1520 ⁷⁵.

213 1537 238 1563 5.
256 1537 410 1573 Παρακαλῶ
432 1542 523 1574 φεῖσαι
548 1542 659 1568 σεαυτοῦ
681 1543 727 1569 καὶ
747 1543 840 1578 ἡμῶν·
866 1542 963 1569 σαυτοῦ

1051 1540 1076 1566 5.
1094 1539 1222 1571 Obsecro,
1245 1539 1290 1566 tibi
1309 1539 1438 1573 nobisque
1462 1545 1576 1572 parcas;
1597 1539 1658 1572 tibi,
1677 1543 1706 1565 ut
1723 1546 1755 1566 ne
1771 1540 1797 1566 in

181 1582 241 1623 μὲν,
257 1583 300 1609 ἵνα
317 1584 353 1619 μὴ
368 1585 541 1621 κινδυνεύσῃς
551 1596 557 1601 ·
580 1588 657 1622 ἡμῶν
671 1589 709 1621 δὲ,
725 1589 768 1616 ἵνα
787 1590 823 1625 μὴ
840 1589 964 1624 λυπηθῶ-

178 1636 229 1662 μεν
241 1628 286 1654 ἐπὶ
302 1629 351 1656 σοί.
366 1630 492 1665 Φρόντιζε
508 1632 557 1666 τῆς
575 1633 745 1668 Ἐκκλησίας,
762 1634 805 1661 ἴνα
823 1635 859 1670 μὴ
876 1635 918 1662 διὰ
933 1635 963 1661 σὲ

178 1672 270 1698 πολλοὶ
285 1673 338 1698 τῶν
354 1674 459 1709 μικρῶν
475 1675 602 1710 βλαΰῶσι,
621 1678 666 1703 καὶ
683 1678 706 1703 οἱ
721 1678 794 1705 ἄλλοι
814 1678 842 1705 δὲ
858 1679 964 1714 πρόφα-

176 1725 220 1743 σιν
236 1717 352 1745 λάϐωσιν
367 1721 407 1750 εἰς
429 1720 459 1746 τὸ
477 1721 638 1757 ἀναχωρεῖν.
659 1724 690 1749 Εἰ
709 1724 758 1758 μὲν
776 1722 822 1751 οὖν
841 1724 886 1751 τὸν
905 1734 962 1752 και-

178 1762 223 1800 ρδν
237 1763 382 1800 ἐφοϐήθης,
404 1767 451 1792 καὶ
468 1768 643 1803 καταπτήξας
656 1769 736 1796 τοῦτο
750 1771 891 1807 ἐποίησας,
912 1772 962 1798 οὐκ

176 1808 300 1844 ἀνδρικὸν
319 1810 351 1836 τὸ
373 1811 514 1847 φρόνημα·
533 1813 586 1839 ἔδει
608 1814 661 1850 γὰρ
684 1815 729 1842 τὸν
752 1815 823 1842 κατὰ
845 1817 961 1852 Χριστὸν

175 1853 256 1889 ζῆλον
274 1855 302 1881 ἑν
315 1858 372 1888 τοῖς
387 1858 516 1890 τοιούτοις
529 1859 727 1894 ἐπιδείκνυσθαι
743 1861 810 1897 (56),
835 1863 881 1888 καὶ
895 1863 960 1897 μᾶλ-

173 1899 219 1926 λον
241 1902 269 1927 ὲν
289 1903 349 1934 ταῖς
366 1905 541 1940 περιστάσεσι
563 1907 807 1942 παρρησιάζεσθαι,
828 1908 916 1942 λέγειν
931 1917 960 1935 τε

173 1946 208 1972 τὰ
215 1947 261 1974 τοῦ
275 1950 407 1984 μακαρίου
419 1951 525 1978 Παύλου
538 1953 647 1988 ῥήματα
658 1962 664 1968 ·
684 1954 736 1981 Ἐν
743 1955 859 1989 τούτοις
866 1955 960 1982 πᾶσιν

172 1993 388 2029 ὑπερνικῶμεν·
403 1997 448 2023 καὶ
466 1997 591 2032 μάλιστα,
601 2000 642 2025 ὅτι
657 2000 687 2026 οὐ
705 2000 856 2036 πρέπει-τῷ
872 2001 960 2036 καιρῷ

172 2039 316 2072 δουλεύειν,
335 2041 403 2068 ἀλλὰ
420 2043 458 2078 τῷ
472 2044 566 2080 Κυρίῳ
577 2053 583 2059 ”
600 2046 623 2071 εί
637 2046 665 2072 δὲ
679 2046 733 2072 τῶν
757 2046 924 2081 Ἐκκλησιῶν
941 2048 957 2083 ή

171 2083 290 2118 διάταξις
300 2087 349 2112 οὐκ
361 2087 471 2122 ἀρέσκει
480 2097 531 2121 σοι,
543 2090 603 2116 οὐδὲ
615 2091 734 2125 νομίζεις
745 2092 775 2118 τὸ
789 2093 838 2127 τῆς
849 2093 958 2119 ἐπισκο-

171 2129 226 2164 πῆς
243 2131 425 2167 λειτούργημα
437 2134 530 2168 μισθὸν
546 2135 628 2170 ἔχειν.
637 2136 703 2163 ἀλλὰ
712 2137 767 2171 (57)
777 2139 957 2172 καταφρονεῖν

170 2175 216 2202 τοῦ
231 2177 315 2204 ταῦτα
330 2178 526 2214 διαταξαμένου
542 2181 667 2216 Σωτῆρος
680 2183 831 2218 πεποίηκας
847 2184 953 2210 σαυτόν·

170 2222 330 2257 παρακαλῶ,
355 2224 392 2259 μὴ
413 2225 523 2252 τοιαῦτα
550 2227 667 2260 λογίζου,
696 2228 762 2262 μηδὲ
787 2228 882 2263 ἀνέχου
902 2229 955 2255 τῶν

168 2267 254 2296 ταῦτα
264 2269 496 2304 συμϐουλευόντων
505 2280 512 2286 ’
522 2273 551 2298 οὺ
560 2273 614 2308 γὰρ
622 2273 684 2306 ἄξια
690 2275 708 2299 Δ
711 2273 850 2308 ρακοντίου
859 2274 953 2301 ταῦτα.

169 2314 203 2339 *Α
218 2315 271 2350 γὰρ
283 2316 297 2342 ὁ
308 2316 408 2351 Κύριος
418 2317 462 2344 διὰ
475 2317 527 2344 τῶν
540 2319 695 2358 ἀποστόλων
705 2319 856 2352 τετύπωκε,
869 2320 955 2346 ταῦτα

167 2360 238 2387 καλὰ
259 2362 305 2388 καὶ
330 2362 425 2398 βέὸαια
449 2364 541 2399 μένει·
567 2366 584 2400 ἡ
606 2365 634 2391 δὲ
654 2365 708 2392 τῶν
729 2365 850 2400 ἀδελφῶν
868 2366 954 2393 δειλία

168 2415 311 2435 παυσεται.

1014 1586 1161 1621 periculum
1190 1585 1339 1617 adducare;
1369 1585 1461 1618 nobis,
1485 1593 1518 1611 ne
1541 1585 1575 1612 ad
1601 1590 1626 1613 te
1653 1586 1796 1620 lugendum

1014 1631 1218 1666 compellamur.
1233 1631 1360 1658 Ecclesiae
1375 1639 1466 1658 curam
1489 1631 1596 1663 habeto,
1613 1639 1645 1657 ne
1659 1632 1696 1657 tui
1715 1640 1796 1658 causa

1014 1679 1088 1706 multi
1104 1686 1136 1706 ex
1153 1677 1256 1712 pusillis
1273 1678 1371 1704 damno
1395 1676 1569 1704 adiciantur:
1599 1685 1650 1704 neu
1679 1677 1724 1716 alii
1751 1682 1797 1704 tuo

1013 1724 1135 1759 exemplo
1151 1728 1259 1758 captent
1285 1723 1455 1750 occasionem
1473 1723 1626 1750 secedendi.
1647 1722 1675 1750 Si
1692 1729 1796 1758 tempo-

1013 1772 1051 1798 ris
1062 1769 1243 1797 calamitatem
1258 1769 1464 1804 pertimescens,
1481 1775 1512 1795 ac
1528 1774 1598 1796 metu
1614 1769 1752 1803 perculsus
1769 1769 1795 1796 id

1011 1815 1117 1850 egeris,
1134 1821 1304 1849 nequaquam
1318 1814 1441 1848 generosi
1456 1813 1539 1840 animi
1554 1813 1617 1840 illud
1634 1812 1732 1840 luerit:
1747 1822 1795 1848 par

1011 1860 1143 1888 fuitenim
1160 1865 1234 1886 tuum
1251 1867 1298 1895 pro
1310 1859 1417 1887 Christo
1431 1859 1558 1892 studium,
1576 1859 1602 1885 itt
1623 1859 1664 1886 his
1680 1860 1794 1886 calami-

1011 1907 1109 1934 tatibus
1123 1906 1262 1939 eshibere,
1281 1913 1312 1933 ac
1328 1905 1496 1940 potissimum
1521 1905 1547 1932 in
1563 1905 1713 1939 hujusmodi
1729 1911 1794 1933 tent-

1010 1953 1120 1987 poribus
1134 1957 1270 1986 assumpta
1284 1951 1392 1985 fiducia,
1408 1951 1465 1978 haec
1479 1950 1552 1977 Pauli
1564 1951 1645 1978 verba
1660 1951 1793 1986 proferre,

1008 1999 1036 2025 in
1056 1998 1096 2025 Itis
1110 1998 1229 2024 omnibus
1241 2005 1392 2032 superamus
1407 1997 1439 2030 ⁷⁸,
1463 2004 1524 2024 cum
1540 1997 1656 2024 maxime
1679 2005 1727 2025 nos
1748 1998 1794 2025 dc-

1009 2049 1068 2072 ceat
1087 2052 1139 2071 non
1153 2044 1265 2078 tempori
1283 2044 1329 2070 sed
1348 2043 1459 2070 Domino
1478 2043 1590 2070 servire.
1616 2043 1663 2070 Sin
1682 2043 1729 2070 tibi
1743 2044 1792 2070 tui-

1009 2090 1080 2116 ttitue
1095 2089 1183 2122 placet
1198 2088 1378 2116 Ecclesiarutu
1399 2088 1557 2115 constitutio
1569 2108 1577 2121 ,
1594 2095 1643 2116 nec
1657 2089 1792 2116 arbitrare

1008 2135 1179 2170 episcopatus
1204 2134 1382 2161 ministerium
1406 2141 1453 2161 sua
1478 2135 1601 2161 mercede
1616 2135 1790 2162 donandum:

1007 2182 1053 2209 sed
1076 2189 1108 2208 eo
1132 2189 1219 2216 usque
1234 2181 1353 2208 animum
1372 2180 1497 2216 appulisti
1515 2186 1544 2208 ut
1559 2180 1727 2208 Salvatorem
1743 2182 1789 2216 qui

1011 2226 1161 2261 bujusmodi
1177 2217 1220 2254 res
1235 2227 1386 2259 constituit,
1401 2226 1558 2261 vilipendas.
1573 2226 1690 2254 Obsecro
1704 2235 1736 2254 ne
1747 2235 1790 2254 res

1009 2273 1160 2306 huiusmodi
1176 2273 1268 2299 animo
1286 2280 1386 2305 verses,
1415 2280 1465 2299 neu
1493 2273 1590 2300 toleres
1613 2280 1659 2299 eos
1677 2273 1722 2307 qui
1742 2273 1789 2299 tibi

1008 2319 1088 2353 hujus
1108 2318 1214 2346 consilii
1234 2322 1358 2345 auctores
1373 2323 1437 2345 sunt
1451 2327 1457 2345 ε
1480 2326 1531 2345 non
1547 2318 1618 2345 enim
1636 2318 1694 2345 bzec
1708 2318 1787 2352 digna

1006 2370 1068 2392 sunt
1083 2365 1236 2392 Dracontio.
1251 2364 1355 2391 Etenim
1377 2372 1437 2399 qua:
1449 2364 1576 2391 Dominus
1590 2372 1638 2398 per
1653 2365 1787 2399 apostolos

1006 2409 1155 2443 constituit,
1182 2410 1239 2437 haec
1259 2410 1347 2444 bona,
1369 2410 1426 2437 haec
1451 2410 1526 2437 ﬁrma
1544 2414 1726 2444 perseverant.
1750 2409 1788 2436 Eo

165 2457 254 2480 autem
272 2455 350 2482 modo
365 2455 483 2484 futurum
503 2463 545 2486 est
565 2463 594 2486 ut
609 2459 723 2486 fratrum
743 2458 859 2487 formido
873 2463 1070 2495 compescatur.

202 2521 222 2536 ⁷⁸
237 2520 337 2563 trem.
358 2532 403 2558 xv,
424 2525 451 2554 5.
487 2527 510 2543 ⁷⁵
525 2527 619 2555 Matth.
634 2536 685 2555 xxv
696 2549 703 2561 ,
723 2528 756 2555 27
770 2538 778 2563 ;
805 2529 871 2557 Lttc.
887 2537 942 2562 Χικ,
972 2529 1006 2556 25
1038 2527 1127 2556 eadem
1148 2529 1288 2560 sententia,
1304 2528 1348 2555 sed
1364 2536 1415 2556 non
1434 2528 1524 2555 iisdem
1538 2527 1629 2556 verbis.
1667 2527 1691 2542 "‘
1707 2527 1785 2554 Rom.

164 2562 224 2587 VIII,
241 2557 282 2583 57.

275 2623 320 2664 S_ic
347 2623 503 2664 εἶρα-ρης).
521 2631 548 2664 e_t
568 2626 660 2654 Felck.
679 2629 694 2654 7
709 2636 789 2655 anon.
804 2629 873 2656 Editi
887 2637 947 2657 cttm

164 2659 232 2691 aliis,
246 2659 330 2694 ἡμᾶς.
351 2659 410 2699 Illox
422 2659 514 2699 Eelck.
528 2661 545 2688 5
559 2669 653 2695 auom,
669 2664 947 2699 προσεδοκῶμεν.ΑΙιί

161 2701 263 2729 Omnes,
276 2694 502 2729 προσεδοκοῦμεν.

197 2728 253 2763 (52)
267 2728 385 2768 Anglic”
400 2728 509 2768 διεξτῂν
533 2731 582 2768 σὴν
596 2733 696 2768 φυγήν.
709 2732 768 2768 Mox
783 2733 848 2760 editi
873 2743 946 2761 men-

161 2763 237 2794 dose.
256 2763 510 2802 μὲν-κατασταθείς.
533 2763 608 2802 Reg:
627 2763 704 2802 litigi.
723 2767 813 2796 Felck.
829 2770 845 2796 5
865 2778 944 2797 anon.

161 2798 342 2833 κατασταθῇς.

202 2834 257 2868 (55)
268 2833 300 2860 Σέ
312 2835 384 2861 deest
399 2834 424 2862 in
440 2834 504 2869 Reg.

1039 2630 1095 2666 (54)
1106 2629 1186 2666 Begu
1199 2631 1322 2658 σεαυτόν.
1337 2631 1402 2658 Ibid.
1414 2631 1529 2664 Anglic.,
1539 2631 1658 2666 τρέφεις.

1038 2665 1094 2699 (55)
1104 2665 1361 2701 Βεεηψυχώσαντα,
1369 2667 1504 2693 mendose.
1513 2665 1577 2693 Ibid.
1586 2667 1650 2700 lteg.
1659 2671 1683 2692 el
1693 2666 1780 2694 Felt‘k.

1000 2701 1018 2727 5
1037 2708 1129 2728 auom.
1145 2702 1192 2727 καὶ
1204 2701 1343 2728 κρύψαντα
1359 2701 1487 2728 μέμψαιτ’
1500 2701 1542 2728 ἄν.
1556 2701 1690 2728 Editi.xa‘t
1701 2710 1784 2728 καταο

1000 2709 1018 2727 o
1037 2709 1129 2733 auom,
1145 2709 1192 2727 και
1204 2710 1220 2727 κ
1241 2709 1343 2735 υψαντα
1359 2709 1480 2736 μεμψαιτ
1500 2709 1542 2728 αν.
1557 2709 1690 2734 κιαιιι,και
1701 2710 1769 2729 κατα

1000 2735 1140 2770 κρύψαντα
1159 2710 1271 2771 uetares"
1287 2736 1329 2763 ἄν.

1035 2770 1091 2796 ίῧῦὶ
1110 2770 1197 2796 Felck.
1213 2771 1230 2796 '5
1245 2779 1336 2796 auom.
1354 2770 1516 2796 δείκνυσθαι.

1035 2770 1091 2801 (56)
1110 2770 1197 2802 Felck,
1213 2771 1230 2797 '5
1245 2779 1336 2803 auom,
1354 2770 1516 2798 δείκνυσθαι.

1015 2804 1090 2867 I557)
1107 2805 1262 2840 [tegmina
1283 2807 1339 2834 καί,
1356 2806 1414 2834 Mox
1436 2806 1551 2841 Attglic.,
1570 2805 1704 2838 πέπεικας
1723 2816 1783 2834 σαυ-

999 2848 1035 2866 τγ
1046 2859 1053 2867 .
