2018 3048
255 105 308 134 55.7

500 100 502 102 ’
541 108 568 135 S.
591 95 773 135 ATllANASll
789 107 863 134 OPP.
884 107 974 135 PARS
993 108 1013 135 ι.
1034 123 1068 128 —-
1088 108 1273 136 lllSTORICA
1293 109 1336 137 ET
1357 110 1553 138 DOGMATICA

1817 112 1872 141 528

290 166 318 194 4.
335 165 363 193 Si
377 157 448 193 enim
465 172 558 192 omnes
571 166 664 193 eodem
680 173 786 199 semper
801 170 888 193 mente
908 165 1032 198 fuissent,

1119 167 1144 192 4.
1164 167 1194 192 Εἰ
1211 167 1265 202 γὰρ
1279 172 1324 193 τον
1343 167 1423 193 αὑτὸν
1445 167 1506 194 νοῦν
1527 164 1599 202 εἶχον
1615 166 1725 199 πάντες,
1746 164 1801 194 οἷον
1823 169 1872 196 νῦν

257 222 309 248 qua
328 221 399 240 nunc
415 212 562 240 consiliarii
585 212 622 239 tui
650 216 729 244 sunt,
755 220 807 246 qua
831 213 932 239 ratione
948 212 1034 239 Chri—

257 259 361 286 stianus
385 263 410 285 tu
436 258 550 288 fuisses,
575 265 628 284 non
644 257 811 284 exstantibus
830 258 985 292 episcopis?
1005 258 1034 286 Si

256 306 339 332 etiam
361 305 406 338 qui
422 303 593 336 postmodum
618 302 698 330 l’uturi
722 308 802 336 sunt,
820 302 938 336 ejusdem
953 303 1034 330 animi

256 352 366 383 fuerim,
394 358 445 385 qua
472 350 576 377 ratione
602 355 726 376 constare
748 354 871 384 poterunt
892 349 1036 377 Ecclesiae?

254 398 296 424 An
323 397 488 423 arbitrantur
510 395 654 423 consiliarii
681 396 717 422 tui
748 401 773 422 te
800 395 864 422 nihil
887 396 1034 430 accepisse,

254 445 300 476 qui
318 448 488 470 contemnere
506 442 666 468 videantur?
679 440 731 469 Sed
748 441 944 469 hallucinantur
960 449 1034 469 sane.

255 489 349 515 Restat
362 488 434 515 enim
458 493 488 514 ut
510 488 633 522 baptismi
647 488 759 522 gratiam
779 487 853 514 nihili
868 489 994 522 pendant,
1013 489 1034 515 si

254 535 363 568 quidam
378 535 547 569 reperiantur
560 535 605 568 qui
617 541 676 561 eam
695 534 852 568 despiciant.
871 534 923 562 Sed
942 542 1033 562 revera

255 581 395 614 accepisti,
415 580 588 608 dilectissime
606 580 743 608 Draconti.
770 580 807 607 Nc
825 581 922 608 toleres
942 582 1036 615 hujus-

255 626 326 652 modi
344 625 532 657 consiliarios,
558 632 608 652 neu
639 627 778 660 temetipse
798 628 926 662 decipias.
954 628 1036 662 209

255 670 302 697 Est
315 671 413 705 quippe
428 671 492 697 illud
509 678 523 696 a
543 672 605 703 Deo.
623 672 668 706 qui
684 673 766 703 dedit,
785 675 968 708 repetemlum.
981 675 1034 700 Au-

255 725 307 743 non
324 717 422 745 audisti
436 717 591 752 Apostolum
608 719 663 745 haec
681 719 842 753 loquentem,
871 720 934 746 Noli
955 720 1035 755 negli-

255 770 314 796 gere
327 762 439 796 gratiam
459 771 518 797 qua:
536 767 572 789 est
587 764 614 789 in
631 764 687 790 te"
699 764 711 789 ?
725 763 764 790 An
784 772 835 790 non
854 764 950 798 legisti,
969 772 1034 798 quo-

254 809 334 834 modo
357 815 418 835 eum
444 809 489 843 qui
516 810 657 844 pecuniam
681 810 853 843 duplicaSset,
877 818 937 836 eum
955 810 1032 837 laude

254 854 388 887 suscepit;
412 855 457 889 qui
479 855 671 887 abscondisset,
693 856 899 883 condemnavit?
927 856 1032 884 Utinam

254 899 454 934 quamprimum
470 906 616 933 revertare,
630 908 658 927 ut
669 910 698 928 ex
711 909 803 928 eorum
820 910 930 929 numero
942 903 979 929 sis
987 904 1031 936 qui

255 945 443 972 laudabuntur.
452 945 503 972 Ant
511 946 592 974 dicito
601 947 676 978 mihi,
687 947 762 979 cujus
774 953 798 975 te
806 955 864 974 esse
872 947 1031 975 imitatorem

255 990 348 1016 volunt
368 990 446 1024 hujus
461 991 563 1018 consilii
586 992 729 1018 auctores?
743 993 855 1026 Oportet
868 993 965 1027 quippe
984 1000 1032 1020 nos

254 1036 330 1069 juxta
345 1040 499 1062 sanctorum
520 1041 547 1063 et
560 1037 667 1063 Patrum
686 1045 794 1071 scopum
818 1039 898 1064 vitam
913 1043 1032 1064 nostram

255 1081 401 1114 moderari,
418 1081 530 1116 illosque
547 1081 656 1109 imitari.
683 1081 737 1109 Nec
757 1083 942 1116 ignorandum,
959 1085 981 1111 si
999 1085 1032 1111 ab

255 1126 307 1153 illis
324 1127 494 1160 secedamus,
515 1126 572 1154 fore
599 1135 647 1154 nos
671 1127 704 1154 ab
730 1135 822 1155 eorum
846 1129 1033 1156 communione

254 1172 367 1200 alienos.
393 1172 539 1207 Cujusnam
554 1177 580 1200 te
595 1173 757 1200 imitatorem
772 1181 831 1201 esse
844 1174 959 1200 suadent
976 1174 1033 1201 illi?

255 1216 353 1251 Ejusne
366 1218 410 1252 qui
427 1218 541 1249 hmsitat,
559 1222 586 1245 et
605 1218 681 1252 sequi
694 1222 780 1253 optat,
794 1219 839 1246 sed
855 1226 911 1246 rem
933 1219 1031 1250 dili‘ert,

253 1267 281 1289 et
291 1263 326 1289 ob
340 1263 504 1297 propinquos
517 1271 580 1290 suos
594 1264 705 1291 consilia
718 1265 820 1299 agitat;
832 1272 865 1291 an
878 1265 947 1292 beati
957 1265 1031 1293 Pauli

253 1308 420 1343 qui'accepto
435 1309 606 1343 dispensandi
620 1317 749 1342 munere,
769 1317 820 1337 non
836 1310 905 1337 ultra
921 1311 1033 1338 adhazsit

218 1373 224 1377 .
253 1355 327 1381 carni
343 1359 370 1382 et
388 1355 530 1389 sanguini?
543 1355 609 1382 Nam
631 1356 738 1382 tametsi
758 1355 880 1390 dixisset,
898 1356 960 1383 Non
974 1365 1031 1383 sum

255 1401 346 1434 dignus
366 1401 453 1427 vocari
467 1400 605 1435 Apostolus
619 1401 655 1432 ⁷⁸,
676 1409 735 1428 cum
754 1407 845 1429 nosset
856 1407 947 1429 tamen
961 1404 1033 1437 quod

254 1451 405 1481 acceperat,
423 1453 471 1474 nec
492 1447 603 1481 ignarus
619 1447 720 1475 datoris
736 1452 817 1480 esset,
835 1447 892 1475 haec
907 1449 1031 1484 scripsit:

1087 212 1191 252 ἔχουσιν
1214 213 1238 239 οί
1261 212 1487 248 συμϐουλεύοντὲς
1508 221 1566 243 σοι,
1588 212 1647 245 πῶς
1667 212 1700 239 ἂν
1721 213 1814 247 ἐγένου
1838 216 1871 241 σὺ

1085 257 1257 292 Χριστιανὸς,
1282 257 1438 283 ἐπισκόπων
1462 257 1499 292 μὴ
1522 257 1624 289 δντων;
1655 256 1718 283 Ἐὰν
1740 257 1768 283 δὲ
1785 258 1832 284 καὶ
1846 260 1871 285 οι

1087 303 1145 338 μεθ’
1171 304 1244 338 ἡμᾶς
1267 302 1420 329 ἀναλάϐωσι
1443 302 1489 328 τὸν
1510 302 1629 329 τοιοῦτον
1650 302 1728 335 νοῦν,
1751 303 1809 334 πῶς
1838 303 1871 330 ἂν

1086 350 1216 384 συστῆναι
1231 349 1395 384 δυνήσωνται
1408 348 1463 383 (ὃ8)
1488 350 1515 375 αἱ
1547 348 1716 383 Ἐκκλησίαι;
1737 349 1774 375 Ἦ
1793 349 1870 384 νομί-

1085 396 1175 427 ζουσιν
1189 395 1213 421 οἱ
1234 394 1459 429 συμόουλεὺοντές
1473 403 1513 420 σοι
1529 394 1610 429 μηδὲν
1624 394 1762 429 εἰληφέναι
1778 403 1817 426 σε,
1830 395 1869 420 ὅτι

1085 440 1315 477 καταφρονοῦσιν;
1339 440 1418 467 Ἀλλὰ
1443 441 1490 466 καὶ
1506 439 1585 466 τοῦτο
1601 440 1704 475 ψευδῶς
1714 439 1780 475 (59).
1802 440 1869 475 Ὦρα

1084 487 1138 522 γὰρ
1153 487 1248 517 αὐτοὺς
1270 486 1388 521 νομίζειν
1409 486 1490 521 μηδὲν
1506 483 1574 512 εἶναι
1599 486 1666 521 μηδὲ
1682 486 1730 521 τὴν
1743 485 1790 512 τοῦ
1806 486 1868 512 λου-

1084 532 1149 568 τροῦ
1171 533 1258 567 χάριν,
1284 532 1330 558 ἐάν
1355 540 1426 563 τινες
1449 532 1544 558 τούτου
1570 532 1768 567 καταφρονῶσι.
1800 531 1867 558 Ἀλλ’

1084 578 1206 613 εἴληφας,
1220 575 1242 604 ὦ
1255 578 1379 613 ἁγαπητὲ
1388 578 1533 613 Δρακόντιε
1543 587 1550 592 ⁸
1569 577 1608 613 μὴ
1621 578 1716 613 ἀνέχου
1734 577 1785 604 τῶν
1802 587 1868 612 συμ-

1084 623 1262 650 ϐουλευόντων
1278 632 1329 656 σοι,
1349 624 1416 659 μηδὲ
1430 624 1521 650 ἀπάτα
1541 623 1647 650 σαυτόν.
1669 623 1867 658 ’Δπαιτηθήσε-

1083 679 1127 697 ται
1145 671 1197 705 γὰρ
1220 670 1297 697 τοῦτο
1320 670 1394 705 παρὰ
1417 668 1464 696 τοῦ
1488 669 1633 700 δεδωκότος
1655 669 1732 696 Θεοῦ.
1759 669 1794 695 Ἦ
1818 669 1868 696 οὐκ

1083 717 1201 751 ﬁxo-arm;
1215 715 1262 742 τοῦ
1288 715 1447 742 Ἀποστὸλου
1470 715 1611 749 λέγοντος
1631 715 1678 749 Μὴ
1700 715 1801 750 ἀμέλει
1814 715 1868 741 τοῦ

1082 762 1118 788 ἐν
1133 762 1182 788 o'ol
1198 762 1398 796 χαρίσματος;
1417 762 1452 788 Ἢ
1469 761 1518 788 οὐκ
1533 761 1664 794 ἀνέγνως,
1683 760 1740 792 πῶς
1757 761 1806 796 μὲν
1821 761 1868 787 τὸν

1083 807 1314 842 διπλάσανταώθ)
1335 807 1504 841 ἀποδέχεται,
1521 807 1568 832 τὸν
1587 806 1615 832 δὲ
1644 806 1783 841 κρύψαντα
1803 814 1869 832 κατ-

1084 853 1189 880 εδίκασε
1200 862 1206 885 ;
1216 853 1321 879 Γὲνοιτο
1335 853 1362 879 δὲ
1377 853 1479 887 ταχέως
1493 852 1648 879 ἐπανελθεῖν
1664 852 1756 883 σε,ἵνα
1772 852 1817 878 καὶ
1835 852 1867 878 σὺ

1084 898 1136 924 τῶν
1148 898 1348 933 ἐπαινουμένων
1364 900 1445 934 γένῃ’
1466 898 1501 924 Ἦ
1521 898 1591 929 εἰπὲ,
1608 898 1680 929 τίνος
1697 906 1726 924 σε
1745 897 1868 923 θέλουσιν

1083 942 1150 970 εἶναι
1169 944 1290 979 μιμητὴν
1306 945 1329 970 οἱ
1350 943 1578 978 συμϐουλεύοντες
1591 951 1647 976 σοι;
1663 944 1706 969 Δεῖ
1725 943 1778 977 γὰρ
1795 943 1867 978 ἡμᾶς

1083 990 1152 1017 κατὰ
1166 990 1264 1016 σκοπὸν
1277 990 1330 1016 τῶν
1345 989 1428 1024 ἁγίων
1451 990 1497 1016 καὶ
1516 989 1570 1016 τῶν
1591 989 1717 1024 Πατέρων
1731 988 1868 1015 πολιτεύε-

1084 1036 1156 1068 σθαι,
1178 1036 1224 1062 καὶ
1238 1035 1348 1067 τούτους
1363 1035 1504 1070 μιμεῖσθαι
1514 1044 1520 1050 ”
1534 1035 1632 1061 εἰδέναι
1647 1035 1685 1066 δὲ,
1701 1035 1752 1066 ὅτι,
1766 1034 1869 1061 τούτων

1082 1082 1270 1116 ἀφιστάμενοι,
1286 1081 1419 1117 ἀλλότριοι
1437 1080 1484 1107 καὶ
1498 1081 1547 1116 τῆς
1559 1081 1661 1107 τούτων
1673 1080 1812 1112 κοινωνίας
1824 1089 1868 1114 γε-

1083 1126 1192 1161 νόμεθα.
1208 1126 1274 1153 Τίνα
1290 1126 1402 1161 psum)
1420 1125 1561 1161 μιμεῖσθαί
1577 1133 1606 1151 σε
1617 1125 1737 1151 θέλουσιν
1752 1125 1867 1156 ἐκεῖνοι;

1083 1173 1133 1199 Τὸν
1146 1171 1304 1204 διστάζοντα
1321 1173 1368 1198 καὶ
1384 1172 1493 1198 Θέλοντα
1510 1172 1558 1206 μὲν
1575 1170 1765 1205 ἀκολουθῆσαι,
1785 1171 1869 1206 ὑπερ.

1082 1217 1221 1253 τιθέμενον
1237 1217 1264 1244 δὲ
1276 1219 1323 1245 καὶ
1335 1217 1583 1253 συμϐουλευόμενον
1595 1217 1638 1244 διὰ
1656 1217 1718 1248 τοὺς
1737 1217 1818 1248 ἰδίους
1828 1226 1835 1232 ·
1850 1217 1866 1252 ἢ

1082 1263 1128 1290 τὸν
1150 1264 1283 1299 μακάριον
1305 1264 1420 1296 Παῦλον,
1439 1263 1484 1290 τὸν
1506 1263 1562 1298 ἅμα
1583 1263 1622 1298 τῷ
1645 1263 1693 1298 τὴν
1714 1262 1868 1297 οἰκονομίαν

1083 1310 1293 1345 ἐγχειρισθῆναι,
1308 1310 1345 1345 μὴ
1360 1309 1593 1345 προσαναθέμενον
1604 1309 1684 1345 σαρκὶ
1695 1309 1742 1335 καὶ
1757 1309 1867 1343 uitiati;

1082 1355 1113 1382 Ei
1128 1356 1182 1390 γὰρ
1194 1356 1240 1382 καὶ
1251 1355 1352 1390 ἔλεγεν,
1365 1356 1426 1382 Οὐκ
1438 1355 1495 1389 εὶμί
1512 1355 1614 1388 [κεινὸς
1626 1354 1781 1381 καλεῖσθαι
1795 1354 1868 1380 ἀπό-

1082 1403 1203 1434 στολος,
1219 1402 1293 1436 ὅμως
1305 1401 1444 1435 γινώσκων
1456 1401 1470 1426 ὃ
1482 1400 1571 1431 ἔλαϐε,
1586 1401 1632 1427 καὶ
1646 1401 1695 1426 οὐκ
1708 1399 1811 1434 ἀγνοῶν
1822 1400 1868 1426 τὸν

1081 1447 1227 1479 δεδωκότα,
1244 1447 1376 1482 ἔγραφεν·
1398 1447 1470 1473 Οὐαί
1495 1446 1549 1481 γάρ
1570 1446 1623 1480 μοι
1636 1446 1721 1472 ἐστιν
1732 1445 1798 1480 (62),
1813 1445 1868 1471 ἐὰν

257 1492 303 1519 Va:
315 1493 382 1519 enim
397 1493 459 1519 mihi
472 1497 521 1526 est,
531 1493 554 1519 si
567 1501 617 1519 non
630 1493 839 1527 evangetizavero
849 1495 882 1521 ".
896 1494 932 1521 Ut
943 1501 1031 1523 autem

1083 1493 1122 1527 μὴ
1139 1492 1378 1528 εὐαγγελίζωμαρ
1395 1492 1489 1527 ὥσπερ
1505 1492 1535 1518 δὲ
1548 1491 1578 1518 τὸ
1591 1491 1651 1518 οὐαί
1668 1500 1713 1526 μοι
1725 1491 1774 1517 οὐκ
1789 1491 1868 1524 εὐαγ-

252 1544 291 1563 vaa
309 1537 347 1564 illi
363 1536 458 1564 fuisset
471 1538 492 1564 si
510 1545 563 1564 non
577 1538 802 1572 evangelizasset,
824 1539 863 1566 sic
877 1539 982 1566 docenti
1002 1548 1034 1567 ac

253 1583 408 1615 praedicanti
433 1583 560 1617 gaudium
575 1588 601 1610 et
614 1591 714 1611 corona
728 1584 849 1618 discipuli
865 1585 949 1613 fuere.
965 1586 1032 1613 llinc

253 1628 298 1654 illa
314 1633 408 1655 sancto
425 1628 484 1656 viro
498 1636 563 1655 cura
581 1628 631 1656 fuit
646 1636 730 1663 usque
742 1629 776 1656 ad
789 1629 920 1665 Illyricum
936 1632 1033 1665 pra3di-

252 1674 330 1701 condi
346 1674 380 1706 '°,
407 1681 456 1701 nec
473 1674 606 1702 dubitavit
629 1675 671 1702 vel
687 1675 801 1702 Romam
825 1676 970 1710 proficisci,
993 1678 1033 1704 vel

253 1726 338 1753 usque
350 1719 383 1746 ad
400 1719 545 1754 llispanias
564 1727 722 1755 properare,
746 1726 774 1748 ut
786 1729 840 1756 quo
858 1723 944 1757 magis
959 1722 1034 1764 labor

253 1769 358 1795 rasset.
386 1772 419 1791 eo
447 1764 603 1798 ampliorem
633 1766 785 1794 mercedem
811 1773 1031 1801 consequeretur.

251 1808 426 1836 Gloriabatur
452 1817 516 1845 ergo
543 1817 573 1838 se
602 1811 700 1838 bonum
731 1817 867 1840 certamen
893 1818 1031 1846 certasse,

251 1856 433 1890 sperabatque
447 1863 572 1891 magnam
589 1864 618 1884 se
631 1865 759 1885 coronam
773 1863 954 1893 accepturum.
978 1861 1032 1887 Ita--

251 1909 314 1935 que,
336 1901 495 1929 charissime
518 1902 656 1936 Draconti,
683 1911 826 1938 quemnam
855 1906 906 1932 hoc
930 1907 1033 1941 agendo

253 1948 380 1974 imitare?
397 1947 519 1979 Illumne.
536 1956 569 1975 an
591 1957 638 1976 eos
660 1950 706 1984 qui
729 1950 779 1985 ipsi
794 1956 856 1978 sunt
869 1951 1034 1980 dissimiles?

252 1993 308 2027 Ego
321 2000 385 2020 sane
401 1998 426 2020 te
443 1999 470 2020 et
488 1994 619 2027 meipsum
636 1995 757 2022 omnium
774 2001 927 2023 sanctorum
943 1997 1032 2024 imita-

252 2045 324 2066 tores
337 2046 397 2066 esse
411 2040 586 2074 peroptarim.

287 2085 313 2112 5.
340 2085 381 2112 An
400 2085 470 2112 forte
485 2085 594 2119 quidam
611 2086 647 2112 tui
663 2087 816 2114 occultandi
833 2088 893 2114 ideo
908 2093 1031 2116 auctores

251 2131 326 2158 fuere
336 2150 344 2162 ,
358 2131 428 2166 quod
445 2139 497 2158 non
521 2131 607 2158 solum
625 2132 708 2159 verbo
721 2133 768 2159 sed
783 2133 862 2160 etiam
877 2134 1031 2168 iuramento

1084 1539 1264 1573 γελιζόμενος,
1276 1538 1361 1570 οὕτως
1372 1536 1503 1564 διδάσκων
1515 1537 1561 1564 καὶ
1574 1535 1717 1572 κηρύσσων
1736 1536 1766 1562 τὸ
1778 1536 1867 1570 Εὐαγ-

1083 1584 1182 1619 γέλιον,
1206 1584 1293 1619 χαρὰν
1308 1584 1354 1610 καὶ
1375 1584 1505 1619 στέφανον
1521 1581 1577 1618 εἶχε
1598 1583 1661 1614 τοὺς
1681 1582 1866 1618 μαθητευομέ-

1083 1639 1161 1662 νους·
1179 1630 1223 1656 διὰ
1243 1629 1322 1656 τοῦτο
1344 1630 1391 1657 καὶ
1414 1629 1515 1664 σπουδὴ
1534 1629 1588 1655 τῶν
1612 1628 1696 1662 ἁγίων
1717 1627 1796 1663 μέχρι
1817 1627 1866 1654 τοῦ

1089 1676 1235 1712 Ἰλλυρικοῦ
1258 1676 1401 1711 κηρύττειν
1423 1675 1488 1710 (65),
1514 1675 1561 1701 καὶ
1585 1675 1622 1710 μὴ
1637 1675 1722 1701 ὀκνεῖν
1741 1673 1806 1709 μηδὲ
1826 1673 1868 1704 εἰς

1082 1721 1132 1757 τὴν
1149 1721 1258 1756 Ῥώμην
1274 1721 1411 1753 ἀπελθεῖν,
1431 1721 1497 1756 μηδὲ
1512 1721 1552 1752 εἰς
1572 1719 1621 1751 τὰς
1635 1719 1755 1751 Σπανίας
1767 1719 1868 1754 ἀναΰῆ-

1083 1776 1136 1799 ναι,
1150 1768 1194 1794 ἴνα
1202 1768 1262 1794 ὅσον
1273 1768 1366 1802 κοπιᾷ,
1374 1767 1499 1793 τοσοῦτον
1512 1767 1614 1793 καὶτοῦ
1624 1767 1707 1793 κόπου
1718 1766 1763 1792 τὸν
1774 1765 1868 1801 μισθὸν

1084 1813 1193 1848 μείζονα
1204 1814 1327 1850 ἀπολάϐῃ
1340 1813 1405 1848 (64).
1428 1813 1576 1847 Ἐκαυχᾶτο
1596 1810 1641 1839 οὖν
1657 1812 1703 1838 τὸν
1720 1812 1812 1845 ἀγῶνα
1823 1811 1867 1838 τὸν

1082 1863 1162 1889 καλὸν
1179 1862 1392 1897 ἀγωνισάμενος,
1402 1862 1448 1888 καὶ
1459 1861 1568 1897 ἐθάρρει
1581 1860 1626 1886 τὸν
1639 1860 1724 1895 μέγαν
1739 1859 1866 1893 στέφανον

1082 1908 1296 1943 ἀποληψόμενος.
1311 1907 1423 1938 Οὐκοῦν,
1439 1907 1563 1942 ἀγαπητὲ
1579 1906 1735 1941 Δρακόντιε,
1749 1905 1808 1931 τίνα
1825 1913 1867 1940 μι-

1083 1953 1215 1988 μούμενος
1231 1953 1309 1979 τοῦτο
1324 1954 1424 1985 ποιεῑς;
1440 1952 1543 1983 τοῦτον,
1558 1952 1573 1985 ἦ
1589 1950 1651 1982 τοὺς
1671 1951 1707 1985 μὴ
1721 1950 1864 1980 τοιούτουςς

1088 1997 1157 2031 Ἐγὼ
1171 1998 1219 2031 μὲν
1238 1996 1352 2032 εὔχομαί
1368 2005 1396 2023 σε
1409 1997 1455 2024 καὶ
1468 1996 1584 2032 ὲμαυτὶν
1597 1995 1706 2022 πάντων
1718 1994 1772 2020 τῶν
1783 1994 1866 2027 ἁγίων

1083 2044 1205 2078 μιμητὴν
1219 2043 1354 2077 γενέσθαι.

1161 2089 1192 2115 Ἢ
1207 2089 1276 2124 τάχα
1290 2090 1360 2121 τινὲς
1378 2090 1401 2116 οἱ
1419 2088 1463 2116 διὰ
1484 2089 1562 2116 τοῦτο
1577 2087 1805 2124 συμϐουλεύοντες
1826 2096 1866 2114 σοι

1081 2134 1261 2170 κρύπτεσθαι,
1279 2136 1316 2167 ὡς
1330 2135 1408 2169 λόγον
1429 2135 1476 2162 καὶ
1496 2136 1577 2171 ὅρκον
1599 2144 1645 2162 σου
1664 2135 1808 2166 δεδωκότος
1830 2134 1866 2170 μὴ

251 2177 402 2210 afﬁrmaris,
417 2182 444 2205 te
461 2179 484 2205 si
495 2177 630 2206 ordinaris
643 2184 811 2213 nequaquam
826 2181 1032 2207 remansurum?

1084 2181 1189 2216 στῆναι,
1213 2181 1260 2207 ὲάν
1282 2181 1473 2216 κατασταθῇς;
1490 2181 1607 2207 Τοιαῦτα
1622 2180 1676 2215 (65)
1695 2180 1748 2215 γὰρ
1768 2180 1866 2212 αὐτοὺς

250 2224 312 2252 llaec
335 2224 407 2252 enim
430 2224 489 2252 illos
508 2224 588 2251 audio
613 2223 665 2251 tuis
686 2223 796 2251 auribus
815 2225 1029 2259 obmurmurare,

249 2270 304 2296 imo
322 2269 348 2296 in
365 2277 396 2297 ea
410 2277 439 2296 re
461 2277 491 2297 se
515 2269 654 2304 religiosos
669 2269 825 2297 existimare
841 2278 847 2296 :
866 2269 912 2296 sed
929 2271 951 2297 si
967 2279 1029 2298 vere

249 2316 367 2350 religiosi
381 2321 488 2348 essent,
506 2317 588 2343 Deum
603 2316 629 2343 in
646 2316 738 2351 primis
751 2316 796 2350 qui
819 2316 870 2343 hoc
887 2316 933 2343 tibi
951 2317 1029 2344 mini-

249 2364 359 2391 sterium
378 2364 502 2397 contulit,
529 2365 665 2392 timerent.
693 2363 769 2397 Quod
785 2363 809 2391 si
829 2364 934 2392 divinas
950 2364 1029 2400 legis.

1082 2227 1173 2253 ἀκούω
1184 2226 1358 2262 περιϐομϐεῖν
1369 2228 1428 2258 ταῖς
1442 2227 1547 2258 ἀκοαῖς,
1562 2226 1609 2252 καὶ
1624 2226 1712 2252 δοκεῖν
1723 2227 1751 2253 ὲν
1763 2226 1866 2257 τούτοις

1083 2273 1267 2299 εὐλαϐεῖσθαι·
1288 2273 1344 2299 ἀλλ’
1364 2274 1388 2298 εί
1411 2271 1480 2307 ἦσαν
1505 2271 1610 2308 ἀληθῶς
1635 2271 1767 2303 εὐλαϐεῖς,
1786 2271 1866 2307 ηὐλα-

1079 2319 1200 2355 ϐήθησαν
1226 2319 1258 2346 ἂν
1280 2319 1395 2354 μάλιστα
1417 2318 1461 2344 τὸν
1479 2317 1607 2344 ἐπιθέντα
1631 2326 1671 2344 σοι
1688 2317 1753 2344 Θεὸν
1765 2317 1795 2343 τὸ
1813 2317 1866 2342 λει-

1077 2365 1231 2401 τούργημα.
1261 2366 1292 2391 Εἰ
1310 2365 1338 2391 δὲ
1360 2364 1520 2398 ἀναγνόντες
1541 2361 1611 2400 ἦσαν
1633 2363 1688 2399 (66)
1714 2362 1764 2394 τὰς
1791 2362 1866 2394 θείας

283 2411 306 2428 ⁷⁷
321 2411 331 2438 l
345 2411 415 2438 Tim.
433 2419 471 2443 tv,
485 2411 529 2439 M.
567 2411 612 2438 "l
631 2411 693 2439 Cor.
712 2419 758 2445 xv,
774 2411 799 2438 9.
838 2412 862 2427 ⁷⁹
877 2412 888 2439 l
903 2411 966 2441 Cor.
983 2421 1020 2446 lx,
1037 2413 1081 2441 i6.
1118 2414 1141 2429 ⁸ο
1157 2413 1234 2441 Rom.
1255 2421 1300 2445 xv,
1320 2412 1361 2440 19.

354 2459 431 2497 Beg,,
446 2461 615 2497 δυνήσονται.

284 2494 340 2529 (59)
363 2495 390 2521 lu
407 2494 511 2531 Anglic:
531 2497 600 2529 haec,
618 2496 686 2523 ἀλλά
702 2496 840 2523 καὶτοῦτο
854 2496 970 2530 ψευδῶς,
988 2498 1033 2525 dc-

248 2530 510 2567 side‘ranturil’aulo
528 2537 590 2566 post
607 2532 685 2567 Reg..
701 2531 888 2567 ἀπαιτηθήσῃ.

283 2564 338 2594 (60)
355 2565 461 2599 Anglic.
471 2571 498 2593 et
506 2564 598 2594 Felck.
612 2567 630 2594 Ξ
641 2564 732 2599 ιῖηοηη
741 2564 936 2594 διαπλάσᾶντα.

283 2599 337 2634 (o’l)
355 2600 411 2626 Μέν
425 2601 500 2628 deest
514 2602 539 2628 in
552 2602 644 2629 Felck.
657 2603 673 2629 5
689 2610 769 2629 anon.

283 2634 340 2668 (6‘2)
359 2634 445 2662 Ἐστίν
455 2637 530 2664 deest
544 2638 570 2664 in
583 2637 673 2664 Felck.
690 2638 707 2665 5
722 2645 802 2664 anon.

283 2670 338 2703 (65)
352 2671 468 2698 Vitiatus
476 2672 520 2699 hic
529 2671 604 2699 locus
614 2678 655 2699 est
664 2673 689 2699 in
701 2673 828 2700 omnibus
835 2672 926 2704 editis,
936 2680 1031 2699 manu-

248 2706 411 2742 scriptisque
426 2705 539 2733 Graecis.
549 2706 619 2735 Editi
632 2715 749 2742 namque
760 2715 854 2734 omnes
864 2707 972 2737 habent,
986 2707 1030 2734 διὰ

246 2740 324 2778 τοῦτο
353 2741 400 2778 κσξι
423 2742 523 2777 σπουδῇ
555 2742 609 2769 τῶν
632 2740 715 2776 ἁγίων
742 2743 822 2778 μέχρι
844 2742 890 2768 τοῦ
917 2742 1029 2778 Ἰλλυρι-

247 2775 296 2812 κοῦ
324 2776 394 2812 κγηρύ
403 2785 480 2805 ετειν.
500 2775 546 2803 καὶ
570 2778 606 2812 μὴ
623 2779 721 2806 ὀκνεῖν.
743 2775 832 2810 ini-pte
857 2785 932 2803 sane.
950 2775 1026 2811 mg,

246 2808 291 2836 διὰ
306 2808 382 2837 τοῦτο
396 2813 442 2837 καὶ
466 2808 633 2846 σπονδὴτῶν
652 2813 736 2845 ἀγίιυν
756 2808 834 2847 μέχρι
852 2812 897 2838 τοῦ
920 2808 1028 2847 Ἰλλυρι-

1086 2462 1134 2489 κοῦ
1150 2462 1290 2498 κηρύττει,
1305 2461 1352 2498 καὶ
1366 2461 1407 2498 μὴ
1422 2461 1521 2498 ὀκνεῖν,
1538 2461 1712 2498 Ειλείοέγΐθνο
1732 2459 1776 2487 alii
1793 2460 1866 2487 codi-

1084 2505 1140 2529 ces,
1160 2496 1204 2532 qiii
1221 2504 1309 2524 Iamen
1328 2497 1553 2531 Ιιιώοηισπουόῇ.
1571 2496 1675 2530 Anglic.
1694 2501 1796 2532 autem,
1817 2503 1865 2532 κη-

1084 2530 1189 2567 ρύττειν
1203 2532 1249 2559 καὶ
1261 2532 1297 2567 μὴ
1305 2533 1388 2560 ὀκνεῖ.
1401 2532 1506 2565 Optime
1515 2530 1610 2565 legisse
1625 2531 1729 2558 videtur
1745 2530 1866 2567 Nannian

1082 2566 1128 2600 qui
1148 2569 1248 2595 habet:
1262 2566 1433 2599 Quapropter
1453 2567 1568 2592 altu/ium
1584 2566 1633 2600 fuit
1645 2571 1735 2592 sancto
1749 2566 1804 2591 viro
1817 2566 1866 2600 (τῷ

1083 2603 1163 2638 ἁγίῳ)
1180 2611 1260 2637 usque
1271 2603 1304 2628 ad
1323 2601 1541 2638 Illyricum_illnd
1556 2601 1710 2638 prwdicare,
1726 2609 1806 2638 neque
1823 2609 1864 2626 sr-

1081 2635 1210 2671 gnesoere,
1218 2635 1304 2671 neque
1315 2637 1442 2663 omittere.
1453 2635 1534 2662 Juxta
1545 2635 1622 2669 cujus
1639 2635 1782 2662 lectionem
1795 2635 1865 2662 hunc

1081 2674 1170 2699 locum
1187 2673 1329 2698 vertimus.

1116 2707 1172 2741 (64)
1187 2707 1303 2741 Anglic.,
1310 2705 1444 2741 ἀπολαύῃ.

1113 2740 1168 2776 (65)
1181 2740 1271 2769 Felck.
1285 2742 1301 2768 5
1316 2749 1409 2772 auom,
1422 2740 1559 2776 τοιαῦτα.ςέ

1116 2773 1172 2811 (66)
1180 2778 1222 2803 Sic
1231 2777 1294 2806 Reg.
1305 2776 1442 2811 AnglicLet
1452 2775 1542 2802 Felck.
1550 2774 1566 2801 5
1575 2782 1656 2802 anon.
1668 2775 1736 2811 Editi
1746 2782 1821 2811 vero.
1831 2773 1863 2800 Ei

1082 2808 1173 2847 eam,
1195 2808 1375 2845 ἀγνοήσαντές
1398 2808 1476 2845 ἦσαν,
1504 2811 1592 2838 minus
1605 2815 1687 2838 recte.
1710 2810 1790 2837 Paulo
1803 2813 1865 2844 post
