2018 3048
133 123 187 154 δῖθ

701 129 871 157 EPISTULA
893 131 938 158 AD
962 132 1200 162 DRACOLVTIUM.

1715 141 1769 169 550

131 180 254 216 Γραφὰς,
268 181 448 218 οὑκμᾶνλπαρά
460 183 560 215 ταύτας
577 185 777 213 συνεϐούλευον.
794 188 863 223 Ὦρα
875 188 923 224 γὰρ

983 196 1042 218 sent
1058 191 1225 226 Scripturas,
1245 199 1298 221 non
1313 194 1444 222 adversus
1464 195 1524 223 illas
1548 195 1574 223 id
1597 196 1703 224 consilii
1721 200 1768 226 da-

131 227 229 259 αὐτοὺς
252 228 299 254 καὶ
321 228 367 254 τὸν
389 228 523 264 Ἱερεμίαν
546 232 784 267 καταμέμφεσθαι,
811 235 857 260 καὶ
877 235 925 260 τὸν

133 273 218 309 μέγαν
234 274 371 301 αἰτιᾶσθαι
391 275 504 311 Μωοῆν,
525 277 566 303 ὅτι
580 277 629 313 τὴν
645 279 748 305 τούτων
769 279 924 316 συμϐουλὴν

131 319 181 345 οὐκ
197 319 325 354 ἥκουσαν,
343 319 411 346 ἀλλά
427 320 473 346 τὸν
493 321 560 348 Θεὸν
576 323 750 359 φοϐηθέντες,
767 325 816 359 τὴν
832 325 924 352 διακο-

131 364 190 391 νίαν
203 365 339 397 ἐτέλεσαν,
355 366 402 392 καὶ
415 368 631 403 προφητεύοντες
648 369 855 405 ἐτελειώθησαν.
869 371 924 397 Καὶ

131 410 185 446 γὰρ
202 411 277 437 αὐτοὶ
294 412 503 446 ἀποσταλέντες,
527 415 574 441 καὶ
597 415 724 447 λαϐόντες
739 416 787 452 ήδη
806 417 855 452 τὴν
875 418 925 449 τῆς

133 457 299 492 προφητείας
314 457 403 493 χάριν,
422 460 617 495 παρῃτήσαντο
633 461 692 496 μὲν,
712 462 884 498 ἐφοϐήθησαν
897 463 924 489 δὲ

134 502 203 537 μετὰ
221 502 317 535 ταῦτα,
337 504 382 530 καὶ
400 504 450 530 οὐκ
461 504 517 540 (67)
539 506 717 537 ἐξουδένωσαν
733 507 777 533 τὸν
798 508 926 534 ἀποστεί-

133 547 225 574 λαντα.
239 548 300 574 Ehe
313 549 402 576 τοίνυν
419 551 581 585 ἰσχνόφωνος
595 549 628 582 εἷ,
645 552 692 578 καὶ
706 551 923 587 βραδύγλωσσος,

133 593 200 620 ἀλλά
213 594 346 629 φοὸήθητι
361 596 407 622 τὸν
423 596 564 624 πλάσαντά
580 605 609 623 σε
623 598 704 624 Θεόν·
724 599 778 625 εἴτε
793 599 924 636 νεώτερον

133 638 230 665 σαυτὸν
250 638 338 674 λέγεις
360 641 428 676 πρὸς
446 642 476 668 τὸ
498 643 639 678 κήρυγμα,
663 643 720 670 ἀλλ’
742 645 856 672 εὐλαὸοῦ
879 645 925 672 τὸν

133 685 301 719 γινώσκοντα
322 695 352 712 σε
368 687 420 723 πρὸ
439 687 486 714 τοῦ
499 688 651 725 πλασθῆναι
661 699 667 705 ·
687 690 741 717 εἴτε
756 691 833 725 λόγον
846 692 926 719 δέδω-

133 738 183 762 κας
200 731 224 764 (ὁ
245 730 273 757 δὲ
287 731 364 765 λόγος
378 734 434 764 τοῖς
449 733 536 768 ἁγίοις
549 734 586 766 ὡς
602 735 682 771 ὅρκος
700 734 756 771 ἦν),
773 737 840 763 ἀλλὰ
860 738 926 764 ἀνά-

131 778 214 812 γνωθι
229 779 274 805 τὸν
295 779 438 815 Ἰερεμίαν,
455 782 514 814 πῶς
533 783 580 809 καὶ
593 783 674 815 αὐτὸς
689 784 817 820 εἰρηκὼς,
832 786 873 811 Οὐ
881 785 924 819 μὴ

131 823 269 858 ὀνομάσω
279 824 311 850 τὸ
321 825 413 859 ὄνομα
421 827 541 862 Kvplov,
549 828 662 865 ὕστερον
673 829 701 856 δὲ
714 830 842 865 φοϐηθεὶς
855 832 885 857 τὸ
895 832 924 858 ἐν

131 871 204 906 αὐτῷ
211 870 265 905 (68)
274 871 328 906 πῦρ
338 872 491 908 γενόμενον,
501 874 646 907 οὑκέτι,ὼς
652 875 754 911 εἴρηκε,
763 877 923 912 πεποίηκεν,
940 871 962 898 Β

130 916 190 942 οὐδὲ
201 916 239 948 ὡς
252 917 415 952 προληφϐεὶς
426 918 465 954 τῷ
476 919 550 954 ὅρκῳ
562 920 665 956 ὲκρύὸη
674 929 680 936 ·
695 921 762 948 ἀλλά
773 922 819 948 τὸν
832 923 922 957 ἐγχει-

131 963 243 997 ρίσαντα
263 962 470 998 εὐλαϐούμενος,
496 965 655 992 τετελείωκε
679 967 729 1002 τὴν
744 968 921 1003 προφητείαν.

131 1008 166 1034 Ἦ
179 1008 229 1035 οὐκ
241 1006 323 1040 οἶδας,
341 1009 478 1045 ἀγαπητὲ,
497 1011 538 1036 ὅτι
554 1011 602 1037 καὶ
620 1011 713 1044 Ἰωνᾶς
732 1013 841 1047 φεύγων
855 1013 921 1048 (69),

129 1054 224 1089 γέγονε
242 1055 300 1090 μὲν,
318 1055 356 1086 ὡς
369 1055 474 1090 γέγονε,
490 1057 558 1092 μετά
570 1057 596 1083 δὲ
608 1057 695 1084 ταῦτα
706 1059 786 1086 πάλιν
802 1061 923 1095 προεφή-

130 1109 224 1127 τευσεν
235 1109 249 1135 ς,

163 1218 191 1248 6.
213 1219 259 1255 Μὴ
271 1219 359 1246 τοίνυν
371 1219 438 1247 ἄλλα
449 1221 524 1256 παρὰ
535 1220 622 1247 ταῦτα
637 1221 834 1256 συμϐουλεύοι).
847 1223 922 1249 Μᾶλ-

129 1263 173 1291 λον
186 1264 240 1300 γὰρ
254 1265 332 1300 ἡμῶν
345 1263 415 1292 οἶδεν
428 1266 442 1292 ὁ
456 1266 557 1302 Κύριος
572 1267 605 1293 τὰ
619 1267 710 1302 ἡμῶν,
723 1268 770 1294 καὶ
787 1265 840 1294 οἶδε
852 1269 923 1295 τίσιν

129 1310 276 1346 ἐγχειρίζει
306 1310 355 1343 τὰς
390 1312 487 1338 ἑαυτοῦ
518 1313 691 1348 Ἐκκλησίας.
723 1313 781 1340 Κᾶν
803 1314 857 1350 γὰρ
885 1315 921 1350 μὴ

129 1356 202 1389 ἄξιός
221 1365 262 1388 τις
285 1357 415 1393 τυγχάνῃ,
439 1357 507 1384 ἀλλά
523 1357 559 1393 μὴ
571 1358 626 1393 (70)
643 1359 711 1392 πρὸς
724 1358 770 1385 τὸν
790 1360 922 1396 πρότερον

129 1401 187 1437 βίον
203 1403 389 1436 ἁποϐλεπέτω,
408 1404 475 1431 ἀλλὰ
489 1404 537 1438 τὴν
552 1404 688 1431 διακονίαν
700 1405 844 1432 ὲκτελεὶτω
857 1415 863 1421 ⁸
878 1406 922 1433 ἵνα

131 1449 168 1484 μὴ
180 1449 249 1485 πρὸς
269 1449 307 1485 τῷ
325 1450 374 1486 βίῳ
393 1451 440 1478 καὶ
460 1451 510 1487 τὴν
528 1452 561 1478 ὲκ
578 1453 628 1487 τῆς
650 1452 779 1487 ἀμελείας
799 1453 922 1489 κατάραν

129 1494 323 1530 ἀπενέγκηται.
340 1493 413 1532 Ἀρα
433 1495 498 1532 γὰρ,
514 1497 639 1533 ἀγαπητὲ
658 1498 816 1533 Δρακόντιε,
834 1499 922 1526 ταῦτα

128 1540 269 1574 γινώσκων
290 1541 336 1568 καὶ
355 1542 463 1574 συνετὸς
474 1543 627 1577 τυγχάνων,
650 1543 680 1569 οὐ
702 1543 858 1580 κατανύττῃ
870 1545 920 1579 τὴν
934 1555 955 1583 C

128 1587 233 1623 ψυχήν;
247 1588 284 1614 Οὐ
299 1588 452 1624 φροντίζεις
464 1587 501 1624 μὴ
516 1589 651 1624 ἀπόληται
671 1597 714 1621 τις
733 1590 788 1616 τῶν
801 1591 921 1627 ἐγχειρι-

129 1633 247 1661 σθέντων
260 1642 301 1661 σοι
314 1642 321 1667 ;
332 1634 369 1661 Οὐ
380 1634 468 1669 φλέγῃ
478 1634 516 1666 ὼς
525 1634 579 1660 ἀπὸ
590 1635 646 1670 (71)
663 1635 749 1671 πυρὸς
767 1635 813 1662 τοῦ
831 1645 921 1663 συνει-

128 1679 220 1712 δότοςς
243 1680 280 1706 Οὐ
300 1679 370 1715 φοϐῇ
382 1679 431 1714 τὴν
448 1680 554 1716 ἡμέραν
572 1680 622 1715 τῆς
640 1681 767 1716 κρίσεως,
789 1683 818 1708 ὲν
859 1683 920 1709 οὐδ-

129 1724 170 1756 εὶς
185 1724 240 1751 τῶν
263 1724 498 1760 συμϐουλευόντων
512 1724 560 1751 νῦν
579 1726 637 1752 ἐκεῖ
650 1727 794 1762 γενήσεται
806 1727 919 1762 βοηθός;

131 1770 266 1802 Ἕκαστος
282 1771 337 1806 γὰρ
361 1771 416 1798 τῶν
441 1771 663 1807 ὲγχειρισθέντων
687 1772 763 1807 αὐτῷ
779 1773 826 1800 καὶ
842 1773 921 1808 λόγον

129 1815 273 1843 ἀποδώσει.
294 1817 327 1843 Τί
346 1817 400 1852 γάρ
421 1817 510 1853 ὤνησε
529 1816 574 1843 τὸν
594 1817 736 1852 κρύψαντα
750 1817 781 1844 τὸ
795 1818 921 1854 δηνάριον

129 1863 146 1898 ὴ
171 1862 324 1898 πρόφασις
350 1863 384 1889 Ἦ
407 1863 432 1889 τί
449 1863 572 1897 ὠφέλησε
589 1862 635 1889 τὸν
665 1863 750 1898 Ἀδὰμ
773 1864 920 1900 εἰρηκότα,

135 1908 172 1935 Ἦ
189 1908 265 1942 γυνή
287 1917 325 1943 με
349 1908 522 1942 vincientur;
551 1908 688 1944 Ἄγαπητὲ
715 1909 870 1945 Δρακόντιε,
896 1911 920 1936 εί

129 1953 177 1980 καὶ
194 1953 301 1989 άληθῶς
317 1953 431 1988 ἀσθενὴς
447 1954 603 1989 τυγχάνεις,
620 1954 687 1980 ἀλλὰ
704 1955 848 1981 ἀναλαϐεῖν
865 1955 920 1991 (72)

130 2007 161 2026 σε
172 1999 220 2035 τὴν
236 2000 362 2036 φροντίδα
374 2000 485 2035 πρέπει,
498 2001 541 2027 ἵνα
555 2001 602 2036 μὴ,
614 2002 663 2036 τῆς
685 2001 847 2037 Ἐκκλησίας
859 2003 921 2038 ὲρή-

131 2053 181 2081 μου
197 2045 393 2081 τυγχανούσης,
405 2046 430 2072 οἱ
445 2046 536 2082 ἐχθροὶ
551 2047 653 2082 ταύτην
666 2046 797 2082 βλάψωσι,
814 2048 921 2082 πρόφα-

129 2099 172 2116 σιν
187 2090 311 2126 εὑρόντες
326 2090 373 2125 τὴν
389 2091 438 2126 σὴν
453 2093 551 2127 φυγήν.
562 2092 666 2128 Πρέπει
678 2100 706 2118 σε
718 2092 919 2125 ἀναζώσασοαι,

130 2134 175 2163 ἵνα
192 2135 228 2170 μὴ
249 2135 345 2170 μόνους
371 2136 444 2171 ἡμᾶς
459 2136 532 2172 ἀφῇς
549 2138 578 2163 ὲν
593 2137 631 2176 τῷ
654 2137 754 2172 ἀγῶνι·
772 2139 871 2174 πρέπει
889 2147 919 2165 σε

130 2183 279 2217 συγκαμεῖν
300 2181 367 2217 (75),
386 2181 430 2210 ἴνα
453 2182 524 2218 μετὰ
549 2184 658 2210 πάντων
682 2185 731 2211 καὶ
755 2184 800 2211 τὸν
824 2184 919 2220 μισθὸν

127 2227 278 2264 ἀπολάϐῃς.

163 2273 190 2300 7.
208 2273 309 2300 Σπεῦδε
329 2273 483 2310 τοιγαροῦν,
498 2275 632 2311 ἀγαπητὲ,
656 2276 754 2312 μηκέτι
767 2277 915 2312 βραδύνων,

129 2319 198 2355 μηδὲ
215 2320 309 2355 ἀνέχου
323 2320 376 2346 τῶν
394 2329 422 2346 σε
437 2320 605 2352 κωλυόντων,
627 2321 696 2349 ἀλλά
709 2322 756 2349 τοῦ
770 2322 917 2354 δεδωκότος

130 2365 278 2402 μνήσθητι·
294 2367 340 2393 καὶ
352 2365 430 2401 δεῦρο
446 2367 514 2402 πρὸς
527 2368 599 2402 ἡμᾶς
614 2368 676 2400 τοὺς
692 2369 857 2402 ἀγαπῶντάς
874 2377 915 2401 σε,

126 2412 192 2443 τοὺς
206 2411 438 2447 συμῦουλεύοντάς
461 2421 502 2439 σοι
524 2413 559 2439 τὰ
577 2413 632 2440 τῶν
653 2414 768 2448 Γραφῶν
785 2414 853 2450 (74),
874 2415 916 2441 ἵνα

127 2457 176 2485 καί
192 2459 256 2494 παρ’
272 2458 350 2494 ἡμῶν
367 2458 559 2495 προπεμφθῇς,
576 2460 623 2486 καὶ
637 2459 800 2496 λειτουργῶν
813 2461 842 2487 ὲν
856 2462 916 2493 ταῖς

164 2527 185 2542 ⁸¹
201 2525 286 2555 Exod.
305 2534 342 2561 tv,
361 2526 404 2554 10.
440 2527 465 2566 ξ’
480 2527 535 2555 Jer.
556 2536 603 2560 xx,
623 2528 651 2556 9.
688 2528 820 2557 "Cenes.
843 2537 884 2562 ιιι,
904 2510 948 2558 £2.

127 2584 278 2622 Fcit‘lgm.ﬁ
291 2585 436 2622 attonita;
451 2586 583 2622 Ἱερεμίᾳ.

165 2620 221 2655 (67)
239 2620 290 2690 ῗιο
305 2615 469 2656 Βεε.’Βιι’δί1.
490 2615 596 2658 'Ariglic.
608 2622 699 2651 Felck.
716 2623 733 2650 5
747 2631 829 2651 anon.
844 2623 916 2652 Editi

165 2664 204 2687 ro,
219 2664 237 2690 μ
259 2675 266 2682 .

127 2663 204 2687 νει-ο,
219 2663 266 2687 μη.

166 2664 326 2728 gemens.
345 2691 362 2718 3
376 2698 469 2728 auom,
487 2691 531 2718 τὸν
541 2693 570 2718 ὲν
582 2693 667 2728 αὐτῷ.

166 2712 220 2760 265$
233 2712 360 2760 Ᾰιῖᾇιῖέξ
367 2712 470 2760 ᾦύέἧὶἑξιῖ

165 2760 221 2795 (70)
231 2760 276 2787 Sic
287 2761 352 2788 edit.
366 2761 525 2795 Commelin.
543 2766 570 2789 et
583 2770 679 2791 omnes
694 2772 758 2792 mss.
769 2765 822 2792 Sed
839 2764 916 2792 Pari-

128 2793 231 2834 siensis
255 2796 335 2834 edit”
350 2793 434 2834 ὀὗτος
450 2797 499 2831 μή,
516 2798 652 2834 nescimus
671 2807 724 2834 qua
742 2800 912 2827 auctoritate.

130 2831 199 2872 ﬂos
215 2831 279 2865 Reg.
296 2830 377 2872 Basil‘.
388 2830 465 2872 Angi.
476 2830 502 2858 et
516 2831 606 2861 Felt'k.
618 2833 635 2860 5
651 2830 912 2872 Μιθρινὲκτελείτω.

128 2865 200 2894 Editi
235 2874 309 2899 vero,
334 2865 494 2900 ὲκλεγεέτω,
518 2874 670 2901 perperam.
704 2870 769 2898 Ibid.
798 2870 912 2900 Anuli-3..

979 244 1049 265 rent.
1079 239 1173 267 Restat
1201 244 1290 267 autem
1315 241 1374 268 illos
1394 242 1481 276 ipsum
1504 242 1666 270 Hieremiam
1689 252 1768 272 coar-

980 294 1073 320 guere,
1096 294 1278 321 magnumque
1294 287 1402 323 Moysen
1427 287 1600 323 insimulare,
1617 291 1686 324 quod
1704 299 1768 318 con-

978 331 1040 359 silio
1065 340 1112 360 suo
1139 340 1190 360 non
1208 334 1434 368 obtemperarint,
1451 335 1498 363 sed
1511 335 1593 363 Deum
1608 337 1696 371 veriti,
1715 339 1766 365 mi-

979 379 1125 406 nisterium
1146 387 1224 407 suum
1258 381 1442 414 impleverim,
1468 387 1548 418 atque
1576 385 1766 418 propltctnutes

978 424 1032 451 sint
1055 426 1246 453 consummati.
1273 426 1311 453 llli
1330 427 1463 462 siquidem
1490 429 1576 462 missi,
1602 436 1766 466 acceptaque

978 471 1127 504 prophelim
1145 472 1240 506 gratia.
1259 473 1421 500 recusabant
1437 475 1527 501 statim
1543 483 1550 502 :
1565 480 1591 502 at
1604 484 1657 510 prae
1670 477 1766 506 timore

978 521 1082 550 postea,
1106 517 1255 544 mittentem
1273 525 1302 544 se
1321 518 1496 552 vilipendere,
1515 520 1687 556 almuereque
1706 523 1765 550 ausi

979 570 1031 589 non
1048 566 1120 589 sunt.
1147 563 1210 590 Sive
1228 564 1307 598 igitur
1323 571 1352 592 es
1369 565 1462 600 gracili
1484 574 1558 598 voce,
1575 568 1632 596 sire
1648 569 1765 598 tardiore

977 608 1066 643 lingua
1079 608 1113 641 θ’,
1137 614 1164 636 ιιι
1187 610 1224 636 ιιιί
1246 611 1413 638 conditorem
1433 612 1515 639 Deum
1539 615 1650 642 mctuito
1665 624 1672 642 :
1690 615 1712 642 si
1739 621 1765 643 te

974 655 1110 689 juniorem
1127 657 1159 683 ad
1183 657 1382 692 przedicandum
1401 659 1493 693 dicas,
1512 664 1540 687 at
1556 661 1621 689 time
1641 670 1701 690 eum
1717 663 1763 698 qui

979 706 1004 729 te
1021 708 1134 730 noverat
1149 707 1293 738 antequam
1318 704 1467 733 formarere
1483 715 1490 733 :
1508 707 1529 734 si
1546 708 1655 735 verbum
1669 709 1764 737 adver—

976 755 1036 776 sum
1055 749 1217 783 protuleris,
1245 756 1340 785 estque
1364 753 1475 780 verbum
1500 754 1602 782 sanctis
1624 763 1672 790 pro
1686 755 1763 790 jura-

977 800 1089 827 mento;
1109 797 1168 832 lege
1179 797 1334 831 Jeremiam,
1354 799 1398 833 qui
1416 806 1476 826 cum
1491 800 1620 833 dixisset.
1641 800 1702 829 Non
1718 810 1764 830 no-

975 842 1081 869 minabo
1096 851 1188 870 nomen
1202 843 1308 871 Domini
1320 844 1354 878 ⁸¹,
1367 849 1395 871 at
1408 851 1500 880 postea
1513 854 1572 874 cum
1589 848 1657 874 intra
1672 856 1701 876 se
1717 856 1763 876 ac-

975 895 1086 915 censum
1110 889 1197 924 ignem
1213 889 1410 924 reformidaret,
1429 899 1597 928 nequaquam
1614 895 1693 922 dictis
1705 896 1762 924 suis

974 935 1102 962 standtnn
1131 937 1256 970 censuit,
1283 945 1333 965 nec
1359 939 1434 972 quasi
1459 938 1616 973 iuramento
1643 941 1762 977 illigatus

974 990 1035 1010 sese
1053 983 1171 1015 abdidit;
1192 984 1238 1011 sed
1258 992 1319 1012 eum
1337 985 1381 1019 qui
1406 985 1456 1012 sibi
1478 987 1656 1014 ministerium
1678 988 1762 1016 tradi-

973 1029 1051 1057 derat
1077 1030 1199 1063 vcritus,
1230 1031 1407 1066 propltetandi
1438 1040 1534 1060 munus
1561 1034 1688 1068 implevit.
1719 1035 1760 1064 An

973 1076 1093 1112 ignoras,
1111 1077 1219 1110 dilecte,
1246 1077 1357 1112 fugienti
1377 1078 1453 1106 Jonze
1472 1087 1503 1107 ea
1521 1088 1582 1115 quaa
1597 1086 1652 1109 tute
1677 1083 1761 1117 probe

974 1124 1044 1150 nosti
1065 1124 1209 1157 accidisse,
1232 1125 1279 1152 sed
1301 1132 1362 1152 eum
1379 1131 1472 1160 postea
1498 1127 1674 1157 nihilominus
1694 1137 1759 1165 pro-

973 1171 1096 1205 phetasse
1105 1169 1116 1197 Ξ

1008 1217 1033 1243 6.
1062 1216 1100 1243 Ne
1125 1216 1206 1251 igitur
1225 1217 1331 1245 diversa
1354 1217 1388 1244 ab
1411 1218 1469 1246 istis
1497 1220 1609 1248 consilia
1633 1228 1758 1256 sequare.

974 1261 1067 1290 Melius
1084 1263 1155 1290 enim
1171 1271 1251 1298 quam
1269 1265 1368 1300 nosipsi
1381 1273 1441 1299 qua:
1465 1273 1514 1293 nos
1533 1266 1668 1301 spectant,
1686 1269 1761 1297 novit
1794 1284 1803 1292 -

974 1309 1124 1337 Dominus:
1141 1317 1190 1337 nec
1215 1311 1321 1344 ignorat
1338 1312 1499 1345 quibusnam
1522 1321 1586 1340 suas
1608 1315 1761 1343 committat

973 1355 1121 1383 Ecclesias.
1140 1355 1207 1382 Nam
1225 1356 1309 1391 210
1327 1357 1348 1384 si
1368 1358 1430 1392 quis
1443 1358 1539 1394 dignus
1560 1367 1611 1386 non
1626 1359 1718 1393 fuerit.
1736 1360 1761 1390 il

972 1408 1006 1427 ne
1024 1402 1189 1435 prteteritam
1215 1407 1319 1436 spectet
1336 1401 1398 1429 vitas
1415 1403 1557 1436 rationem,
1573 1405 1620 1432 sed
1642 1405 1759 1434 oﬂicium

972 1447 1082 1481 impleat
1092 1454 1170 1474 suum
1201 1455 1236 1475 ne
1249 1447 1327 1480 juxta
1341 1449 1402 1476 vita:
1413 1457 1468 1478 suae
1485 1455 1567 1485 atque
1590 1451 1761 1486 negligentiae

977 1492 1194 1521 maledictiouem
1213 1493 1323 1522 referat.
1341 1494 1404 1522 Haec
1418 1503 1478 1522 cum
1497 1497 1579 1528 scias.
1598 1497 1760 1526 cltarissime

974 1540 1112 1573 Draconti,
1139 1540 1311 1576 prudensque
1335 1549 1395 1569 cum
1421 1543 1470 1576 sis,
1502 1550 1564 1570 num
1589 1544 1680 1572 animo
1705 1553 1759 1572 non

971 1586 1183 1621 compungeris?
1198 1586 1255 1614 Non
1279 1595 1360 1615 curas
1373 1595 1407 1616 ne
1430 1588 1492 1623 quis
1523 1596 1616 1616 eorum
1639 1589 1684 1624 qui
1711 1590 1759 1618 tibi

971 1633 1109 1660 commissi
1126 1637 1189 1660 sunt
1212 1633 1325 1668 pereat?
1348 1633 1406 1662 Non
1426 1635 1504 1662 ardes
1519 1635 1596 1670 quasi
1617 1635 1759 1663 conscien-
1803 1662 1809 1666 ,

973 1679 1017 1706 tite
1034 1679 1116 1713 igne?
1140 1680 1237 1706 Annon
1261 1679 1329 1707 diem
1346 1680 1440 1715 iudicii
1458 1680 1631 1714 reformidas,
1657 1681 1683 1708 in
1703 1689 1758 1716 qua

971 1724 1061 1752 nullus
1077 1725 1170 1752 horum
1185 1725 1403 1753 consiliariorum
1415 1726 1562 1760 opitulator
1575 1726 1685 1754 aderit?
1700 1726 1761 1755 Sin-

971 1769 1027 1804 guli
1046 1777 1162 1804 namque
1178 1770 1212 1798 de
1227 1771 1278 1798 sibi
1298 1771 1460 1799 concreditis
1475 1772 1607 1800 rationem
1628 1773 1759 1800 reddituri

972 1819 1044 1842 sunt.
1063 1815 1132 1848 Quid
1149 1815 1220 1842 enim
1233 1814 1332 1850 profuit
1345 1815 1370 1843 ei
1386 1816 1431 1850 qui
1448 1816 1590 1844 denarium
1605 1817 1760 1845 occultave-

971 1865 1014 1887 rat
1038 1868 1085 1887 sua
1113 1860 1271 1888 excusatio?
1304 1860 1359 1887 Aut
1381 1861 1446 1896 quid
1472 1861 1633 1896 profuerunt
1653 1862 1760 1891 Adanto

971 1905 1053 1932 verba
1076 1905 1139 1937 illa,
1168 1904 1266 1932 Mulier
1289 1912 1329 1931 me
1351 1905 1450 1940 decepit
1462 1906 1503 1933 ⁸³7
1522 1905 1640 1934 Tametsi
1663 1914 1760 1934 revera

973 1951 1097 1978 inﬁrmus
1111 1958 1151 1984 es,
1169 1952 1343 1980 dilectissime
1355 1952 1482 1980 Draconti
1496 1961 1503 1986 ;
1520 1952 1568 1980 sed
1584 1958 1610 1980 te
1625 1952 1696 1980 hanc
1710 1960 1759 1980 cu-

972 2004 1029 2023 ram
1043 1996 1183 2030 suscipere
1197 1997 1333 2031 convenit,
1351 2005 1384 2024 ne
1396 1997 1502 2025 deserta
1512 1997 1645 2032 Ecclesia,
1662 1998 1695 2025 ab
1707 1997 1762 2025 iui-

971 2043 1063 2076 micis,
1081 2043 1300 2079 occasionem!”
1316 2044 1377 2079 fuga
1392 2048 1438 2071 tua
1454 2044 1552 2076 nactis,
1569 2043 1690 2072 ltedatur.
1705 2044 1760 2072 Par

972 2094 1014 2118 est
1031 2094 1060 2117 ut
1075 2094 1100 2117 te
1113 2090 1240 2125 accingas
1251 2110 1259 2123 ,
1275 2098 1309 2118 ne
1323 2097 1373 2118 nos
1390 2090 1462 2118 solos
1476 2090 1505 2118 in
1521 2090 1670 2118 certamine
1680 2090 1760 2119 dese-

970 2143 1038 2164 ras:
1058 2136 1137 2164 decet
1158 2141 1184 2163 te
1197 2144 1249 2164 una
1266 2144 1327 2164 cum
1347 2136 1409 2164 aliis
1421 2136 1561 2170 laborare,
1583 2141 1613 2164 ut
1625 2144 1686 2165 cum
1699 2144 1758 2165 orn-

972 2182 1052 2210 nibus
1064 2182 1154 2210 debita
1167 2182 1291 2211 mercede
1303 2182 1423 2210 doneris.

1007 2272 1036 2300 7.
1052 2272 1158 2300 Matura
1186 2272 1277 2308 igitur,
1293 2272 1402 2305 dilecte,
1418 2280 1452 2300 ne
1464 2273 1533 2300 ultra
1549 2273 1674 2306 moreris,
1686 2280 1758 2301 neve

970 2327 1017 2348 eos
1038 2321 1082 2356 qui
1106 2320 1154 2348 tibi
1177 2320 1370 2356 impedimento
1391 2323 1472 2352 sunt,
1495 2319 1594 2347 toleres
1609 2330 1615 2347 :
1630 2319 1677 2347 sed
1699 2327 1758 2347 me-

973 2371 1064 2394 mento
1084 2367 1142 2402 ejus
1167 2367 1213 2402 qui
1237 2367 1289 2395 hoc
1314 2367 1360 2395 tibi
1380 2367 1559 2395 ministerium
1576 2365 1696 2394 tradidit.
1723 2365 1758 2392 Et

971 2414 1024 2441 huc
1035 2421 1149 2449 propera
1168 2414 1202 2441 ad
1217 2421 1267 2442 nos
1285 2415 1329 2449 qui
1347 2419 1373 2442 te
1389 2414 1526 2451 diligimus
1537 2434 1544 2447 ,
1565 2413 1610 2448 qui
1631 2413 1680 2441 tibi
1697 2419 1759 2447 quae

972 2459 1173 2495 Scripturarum
1190 2464 1254 2489 sunt
1274 2461 1437 2494 suademus;
1463 2465 1494 2488 ut
1509 2468 1525 2488 a
1540 2461 1617 2488 nobis
1633 2467 1693 2488 cum
1706 2459 1757 2487 ιω-

970 2588 1020 2624 τὴν
1035 2586 1223 2624 τῆςηοιιιίεεο
1249 2586 1291 2612 ὲκ.
1317 2585 1409 2614 Felrk.
1438 2585 1455 2612 5
1479 2591 1563 2612 anon.
1590 2583 1656 2611 ibid.
1674 2583 1758 2610 κατά-

972 2622 1047 2658 ρέιαν
1065 2622 1158 2650 habet.
1192 2657 1196 2658 γ
1296 2656 1300 2658 _
1341 2656 1346 2658 _
1384 2655 1411 2658 Α,
1474 2655 1480 2658 ,
1521 2655 1527 2658 _
1562 2655 1568 2658 _
1624 2628 1629 2635 ’

1018 2658 1062 2696 2!)
1074 2658 1143 2696 Ret.-
1159 2657 1243 2696 υοιιιεν
1259 2656 1308 2696 καὶ
1320 2656 1352 2696 οὲ
1363 2655 1451 2696 φλέγει
1465 2655 1504 2687 ὡς
1517 2655 1605 2696 Me...
1642 2695 1646 2696 ν

1017 2683 1062 2729 ᾖ)
1073 2683 1280 2728 εἰῖῐλεέξΔιίεΙ.
1293 2697 1319 2719 et
1329 2683 1536 2719 Feick.'3'anon.
1554 2691 1606 2718 Alii
1623 2695 1650 2718 et
1672 2688 1755 2722 editi,

969 2728 1072 2756 λαϐεῖν.

1005 2764 1063 2796 (75)
1078 2763 1193 2798 Anglic..
1210 2762 1387 2798 συγκάμνειν,
1406 2761 1466 2798 Mn}
1480 2761 1583 2798 idem,
1593 2759 1743 2798 ἀπολαύεις.

1004 2799 1060 2832 (74)
1075 2795 1165 2826 Felck.
1175 2798 1192 2825 5
1204 2795 1350 2830 θηοιιησοὶ
1360 2796 1410 2832 τὴν
1423 2796 1477 2823 τῶν
1488 2796 1604 2832 Γραφῶν
1610 2795 1754 2831 ὠφέλειαν·

969 2835 1011 2862 ἵνα
1027 2834 1082 2862 καί.
1103 2833 1158 2859 Mus
1175 2833 1289 2869 Anglic.,
1309 2832 1507 2870 προπεμφθείς.
