2018 3048
242 132 293 162 551

241 199 310 220 nore
323 189 467 222 deducare.
483 193 510 216 ct
523 189 585 216 dum
601 189 628 216 in
647 189 768 218 ecclesiis
783 197 861 217 sacra
879 189 962 216 facies
977 195 1025 215 no-

242 237 294 265 stri
311 236 469 264 memoriam
486 242 560 270 agas.
579 234 672 270 Neque
689 235 760 262 enim
782 240 809 262 tu
825 235 899 262 solus
914 242 947 261 ex
970 241 1030 261 mo-

242 283 338 310 nachis
352 290 382 310 es
395 282 536 309 ordinatus
552 289 559 307 :
583 288 670 315 neque
689 285 716 307 ιιι
737 286 841 308 tantum
865 279 1031 307 monasterio

241 328 386 364 praefuisti,
408 327 454 364 vel
478 329 552 354 solus
573 334 587 353 ι
611 327 752 354 monachis
776 327 889 354 dilectus
908 333 962 353 es:
984 327 1030 352 sed

242 363 315 401 nosti
333 363 511 407 Serapionem
535 372 696 399 monachum
722 379 792 402 esse,
809 377 836 398 et
859 375 914 398 tam
941 371 1031 398 multis

243 420 386 454 praefuisse
402 419 552 446 menachis.
567 418 621 445 Nec
638 423 664 445 te
679 419 798 451 prmterit
811 423 875 452 quot
887 417 1032 444 monacho—

244 472 303 492 rum
325 469 401 498 paler
427 463 508 491 fuerit
531 463 649 498 Apollos.
679 463 754 490 Nosti
777 463 956 498 Agathonem,
983 470 1031 489 nec

245 511 355 545 ignoras
372 510 537 540 Aristonem,
555 516 588 535 ac
605 509 749 535 tueminiin
763 508 895 535 Ammonii
908 515 969 534 cum
983 507 1032 534 Se-

246 555 360 590 rapione
376 562 488 589 peregre
500 554 626 588 protecti.
644 553 779 580 Fortassis
790 554 872 579 ctiam
888 553 921 579 ad
936 558 961 579 te
975 560 1033 587 per-

244 602 320 628 venit
340 601 409 627 fama
426 600 499 626 Muiti
517 600 543 626 in
558 599 688 634 superiori
705 599 841 626 Thebaide
860 605 1031 624 commoran-

247 647 292 678 tis,
312 652 395 681 atque
412 646 516 672 disi-ere
533 645 642 679 potuisti
657 645 720 679 quid
739 645 836 671 Paulus
846 644 890 678 qui
908 643 964 670 Lati
985 644 1032 670 de~

245 693 338 726 gebat.
352 693 438 726 egerit
455 701 462 718 :
479 699 510 718 ac
530 691 656 717 similiter
669 690 713 716 alii
731 689 913 724 compluritui,
930 689 975 723 qui
996 694 1033 715 la-

247 747 310 766 men
324 739 452 769 ordinati,
475 745 528 764 non
545 741 749 771 repugnarunt;
773 736 819 762 sed
835 735 922 762 Eliszei
940 742 1032 762 exem-

246 785 292 820 plo
305 785 389 818 ducti,
414 792 463 811 nec
477 784 632 817 ignorantes
649 783 712 818 quid
733 783 817 817 egerit
833 782 924 814 Elias,
955 781 1031 815 gnari

248 838 357 865 quoque
373 838 463 857 rerum
482 830 516 856 ab
533 829 661 863 apostolis
684 834 833 864 gustarunt,
852 829 922 855 hanc
940 835 1033 854 susce-

525 130 554 159 S.
574 129 761 160 A'l'llANASll
780 129 855 158 OPP.
873 127 963 156 PARS
982 127 1002 154 I.
1023 142 1057 148 —
1076 123 1262 154 HISTORICA
1283 122 1328 150 ET
1344 119 1554 155 DOGMATICA.

1817 114 1873 144 3.72

1087 185 1261 221 Ἐκκλησίαις
1282 182 1471 219 μνημονεύσῃς
1489 181 1544 216 (75)
1569 179 1615 207 καὶ
1636 178 1706 214 ὑπὲρ
1725 177 1812 213 ἡμῶν.
1831 177 1870 205 Οὐ

1080 232 1134 268 γὰρ
1149 233 1181 259 σὺ
1200 232 1280 267 μόνος
1295 231 1327 257 ὲκ
1341 229 1464 266 μοναχῶν
1479 227 1658 262 κατεστάθης,
1668 225 1727 252 οὐδὲ
1741 225 1772 251 σὺ
1791 223 1871 259 μόνος

1081 277 1215 313 προέστης
1229 275 1420 312 μοναστηρίου,
1436 273 1452 308 ἢ
1468 273 1547 308 μόνος
1561 272 1613 299 ὑπὸ
1627 271 1750 307 μοναχῶν
1761 270 1872 305 ἠγαπή-

1081 324 1131 360 θης
1140 332 1147 339 ·
1164 324 1221 351 ἀλλ’
1233 321 1317 355 οἶδας,
1336 323 1376 348 ὅτι
1391 321 1438 348 xui
1452 319 1591 357 Σεραπίων
1603 318 1659 354 (76)
1675 318 1788 354 μοναχός
1799 318 1870 349 ἐστι,

1081 372 1128 396 xui
1142 370 1228 396 τόσων
1255 367 1379 404 μοναχῶν
1399 367 1518 402 προέστη
1530 375 1536 381 ·
1552 366 1602 392 οὐκ
1619 364 1696 391 ἔλαθέ
1718 372 1758 396 σε,
1779 363 1870 389 πόσων

1083 416 1206 452 μοναχῶν
1229 415 1319 450 πατὴρ
1340 414 1451 448 γέγονεν
1479 411 1626 443 Ἀπολλώς.
1648 409 1726 442 Οἶδας
1751 409 1871 444 Ἀγάθω-

1082 471 1114 488 να
1138 461 1204 496 (77),
1233 461 1279 488 καὶ
1298 460 1348 486 οὐκ
1368 461 1473 494 ἀγνοεῖς
1506 459 1668 494 Ἀρίστωνα·
1692 456 1870 492 μνημονεύεις

1089 507 1254 542 Ἀμμωνίου,
1277 505 1322 532 τοῦ
1344 505 1412 540 μετὰ
1437 503 1611 539 Σαραπίωνος
1628 502 1851 538 ἀποδημήσαντος
1860 509 1868 516 ο

1083 553 1148 584 ἴσως
1171 552 1196 578 δὲ
1217 553 1335 587 ἧκουσας
1355 551 1401 578 xui
1421 551 1485 585 περ).
1505 549 1622 576 Μουῖτου
1637 549 1692 583 (78)
1716 549 1744 573 ὲν
1761 549 1793 582 τῇ
1815 547 1872 573 ἄνω

1082 597 1205 633 Θηϐαΐδι,
1229 597 1275 623 xui
1298 596 1409 622 δύνασαι
1433 594 1528 630 μαθεῖν
1551 594 1614 628 περ).
1641 592 1746 618 Παύλου
1773 591 1819 618 τοῦ
1842 593 1871 619 ὲν

1081 641 1120 677 τῷ
1138 641 1218 677 Λατῴ
1233 641 1300 676 (79),
1324 641 1370 666 καὶ
1394 640 1458 675 περ).
1477 639 1562 666 ἄλλων
1584 637 1699 664 πολλῶν.
1720 638 1774 664 Καὶ
1796 637 1871 672 ὅμως

1082 685 1164 719 οὗτοι,
1184 686 1408 717 κατασταθέντες,
1423 685 1472 711 οὐκ
1483 685 1684 720 ἀπειρήκασιν,
1698 682 1753 710 ἀλλ’
1765 682 1873 716 ἔχοντες

1082 734 1166 762 τύπον
1187 734 1232 760 τὸν
1257 733 1417 765 Ἐλισσαῖον,
1435 732 1482 758 καὶ
1497 731 1595 762 εἰδότες
1618 731 1650 756 τὰ
1670 730 1740 756 κατὰ
1767 729 1874 762 Ἠλίαν,

1085 780 1215 815 μαθόντες
1230 788 1258 806 τε
1273 780 1307 806 τὰ
1329 779 1399 806 κατὰ
1414 779 1476 811 τοὺς
1495 777 1618 814 μαθητὰς
1637 777 1684 803 xui
1696 775 1872 807 ἀποστόλους,

1082 826 1260 853 ἀντελάϐοντο
1272 826 1321 861 τῆς
1338 825 1485 860 φροντίδος,
1500 825 1546 850 καὶ
1559 823 1589 850 οὺ
1606 822 1811 858 κατεφρόνησαν
1823 823 1873 857 τῆς

247 883 312 910 pere
335 883 439 907 curam,
466 883 515 902 nec
542 875 720 902 ministerium
737 874 872 908 aspernati
895 879 973 905 sunt,
989 873 1030 899 vel

1086 872 1262 907 λειτουργίας,
1276 872 1322 898 καὶ
1332 871 1393 897 οὔτε
1403 870 1509 906 χείρους
1526 869 1627 896 ἑαυτῶν
1639 869 1792 903 γεγόνασιν,
1806 869 1874 895 ἀλλὰ

248 927 393 956 propterea
414 921 510 954 seipsis
525 920 674 946 deteriores
694 919 757 946 Facti
776 923 854 951 stitit;
878 919 924 945 sed
944 918 1033 953 potius

247 974 310 994 cum
337 966 437 993 laboris
459 966 612 993 mercedem
636 969 804 1000 exspectent,
821 964 872 999 ipsi
890 965 916 991 in
937 964 1034 991 melius

249 1012 406 1047 proﬁciunt,
433 1013 495 1039 dum
523 1012 591 1039 alios
617 1012 651 1038 ad
677 1011 826 1045 profectum
846 1011 1032 1038 cohortantur.

250 1058 320 1090 Quot
336 1059 371 1085 illi
388 1063 555 1093 quantosque
571 1058 605 1084 ab
620 1057 750 1084 idolorum
762 1057 835 1084 cultu
854 1056 1034 1084 revocarunt?

251 1104 322 1138 Quot
337 1112 350 1130 a
368 1104 533 1131 dccmoniaca
548 1104 743 1131 consuetudine
759 1103 866 1130 monitis
882 1103 937 1130 suis
954 1109 1032 1128 aver-

249 1145 363 1177 terunt?
383 1149 454 1183 Quot
467 1149 581 1177 Domino
596 1150 731 1176 adduxere
746 1156 850 1180 servos,
868 1148 936 1175 adeo
948 1148 1034 1182 utqui

247 1195 300 1223 ista
313 1196 390 1231 signa
407 1196 525 1226 videant,
540 1194 720 1222 admiratione
743 1194 813 1229 capti
841 1193 917 1221 sint?
938 1193 1032 1220 Annon

248 1241 346 1277 ingens
362 1241 479 1276 signum,
492 1240 610 1276 puellam
624 1241 656 1266 ad
673 1240 862 1274 virginitatem,
879 1239 1035 1267 adolescen-

250 1290 303 1313 tem
321 1286 355 1313 ad
371 1285 576 1317 continentiam,
594 1284 763 1312 idololatratu
778 1284 811 1312 ad
824 1284 924 1312 Christi
940 1285 1035 1320 cogni-

249 1331 349 1361 tionem
367 1331 500 1358 deducere
510 1331 522 1357 ἲ

285 1375 312 1403 8.
342 1375 382 1403 Nc
410 1377 457 1403 tibi
485 1377 566 1411 igitur
593 1376 716 1404 monachi
748 1376 940 1410 impedimento
967 1376 1034 1409 sint,

249 1422 326 1457 quasi
351 1429 415 1449 vero
442 1423 517 1449 solus
543 1429 576 1450 ex
603 1422 743 1450 monachis
764 1422 898 1450 ordineris
919 1433 926 1450 :
948 1430 1035 1457 neque

251 1468 309 1502 ipse
328 1469 527 1496 excusationem
554 1467 652 1496 aﬂ‘eras
664 1489 672 1501 ,
696 1469 767 1503 quod
783 1469 846 1496 hinc
861 1469 899 1496 sis
917 1469 1035 1495 deterior

250 1519 384 1543 evasurus
399 1523 406 1541 :
421 1519 497 1548 potes
510 1514 582 1541 enim
596 1515 678 1541 etiam
692 1514 788 1542 melior
802 1515 872 1548 ﬁeri,
887 1515 909 1542 si
922 1515 1033 1542 Paulum

1086 919 1132 944 xui.
1157 918 1256 953 μᾶλλον
1275 917 1320 945 τοῦ
1347 916 1470 952 καμάτου
1502 916 1546 942 τὸν
1573 915 1666 950 μισθὸν
1688 915 1877 950 προσδοκῶσι,-

1087 964 1286 1000 προκόπτοντες
1301 963 1348 990 xui
1371 962 1535 998 προκόπτειν
1556 961 1651 993 ἄλλους
1674 961 1873 992 νουθετοῦντες.

1086 1011 1187 1042 Πόσους
1208 1010 1262 1036 ἀπὺ
1282 1011 1335 1036 τῶν
1358 1009 1473 1036 εἰδώλων
1490 1008 1676 1043 ἐπέστρεψαν;
1697 1009 1799 1040 Πόσους
1819 1008 1879 1036 ἀπὸ

1085 1054 1136 1088 τῆς
1150 1053 1340 1089 δαιμονιὼδους
1364 1053 1505 1088 συνηθείας
1526 1053 1648 1079 ἔπαυσαν
1672 1053 1879 1086 νουθετοῦντεςλ

1087 1100 1189 1131 Πόσους
1213 1099 1389 1135 παρέστησαν
1409 1099 1448 1134 τῷ
1467 1099 1561 1135 Κυρίῳ
1583 1098 1708 1131 δούλους,
1732 1098 1802 1125 ὥστε
1828 1099 1876 1125 καὶ

1087 1147 1151 1177 τοὺς
1165 1145 1286 1182 ὁρῶντας
1301 1145 1334 1172 τὰ
1356 1147 1455 1180 σημεῖα
1473 1145 1558 1171 ταῦτα
1577 1144 1725 1179 βλέποντας
1737 1144 1792 1178 (80)
1811 1144 1875 1171 θαυ-

1088 1190 1200 1227 (adiuv;
1213 1192 1248 1218 Ἦ
1263 1192 1322 1226 οὐχὶ
1343 1191 1413 1226 μέγα
1427 1192 1538 1226 σημεῖον
1551 1191 1635 1226 κόρην
1647 1190 1758 1225 ποιῆσαι
1775 1190 1871 1226 παρθε-

1086 1237 1185 1269 νεύειν,
1194 1238 1241 1264 xui
1248 1237 1380 1272 νεώτερον
1390 1236 1615 1273 ὲγκρατεύεσθαι,
1623 1237 1670 1263 xui.
1680 1237 1882 1272 εἰδωλολάτρην

1086 1283 1233 1317 ἐπιγνῶναι
1247 1283 1292 1310 τὸν
1306 1283 1420 1318 Χριστόν
1432 1282 1486 1318 (Si)
1497 1292 1503 1317 ;

1121 1375 1148 1403 8.
1163 1377 1209 1412 Μὴ
1224 1375 1311 1402 τοίνυν
1329 1375 1507 1403 κωλυέτωσάν
1523 1384 1553 1402 σε
1567 1376 1687 1411 μοναχοὶ,
1702 1375 1741 1408 ὡς
1754 1375 1832 1411 μόνον
1844 1376 1882 1402 ὲκ.

1089 1422 1212 1457 μοναχῶν
1230 1422 1445 1454 κατασταθέντα,
1473 1422 1540 1458 μηδὲ
1565 1424 1596 1449 σὺ
1622 1422 1789 1458 προφασίζου
1807 1421 1875 1457 (82),

1086 1467 1124 1498 ὡς
1137 1467 1234 1503 χείρων
1251 1467 1365 1494 σεαυτοῦ
1386 1468 1529 1503 ἐσόμενος⁸
1549 1467 1659 1495 δύνασαι
1674 1468 1729 1503 γὰρ
1747 1467 1793 1494 καὶ
1815 1467 1877 1494 καλ-

1086 1513 1149 1539 λίων
1168 1513 1293 1547 γενέσθαι
1316 1514 1484 1549 μιμούμενος
1506 1514 1551 1540 τὸν
1575 1513 1691 1546 Παῦλον,
1715 1514 1803 1549 ζηλῶν
1819 1514 1875 1549 (85)

251 1558 377 1591 imiteris,
399 1564 426 1587 et
441 1559 601 1586 Sanctorum
617 1559 744 1586 aemulere
759 1564 845 1594 gesta.
865 1559 941 1588 Nosti
960 1562 1032 1588 extim

1086 1558 1136 1584 τῶν
1149 1559 1234 1593 ἁγίων
1255 1560 1303 1591 τὰς
1325 1560 1450 1596 πράξεις.
1471 1557 1551 1592 Οἶδας
1571 1560 1636 1596 γὰρ,
1654 1561 1694 1587 ὃτι
1707 1562 1731 1586 οἱ
1747 1560 1876 1591 τοιοῦτοι,

251 1602 334 1635 illos,
363 1603 409 1630 ubi
444 1603 645 1638 dispensatores
677 1605 867 1640 mysteriorum
899 1605 1036 1632 constituti

253 1649 339 1683 Tuere,
355 1649 470 1677 rectiore
488 1649 532 1676 via
551 1650 584 1676 ad
605 1657 730 1684 supernae.
750 1651 899 1678 vocationis
914 1651 1037 1678 bravium

252 1696 434 1727 contendisse.
459 1695 638 1730 Quandonam
656 1696 757 1724 Paulus
770 1697 928 1732 martyrium
945 1698 1035 1730 subiit,

251 1746 282 1770 et
295 1749 423 1770 coronam
441 1749 470 1771 se
494 1747 670 1777 accepturum
693 1744 881 1778 exspectavit,
904 1743 956 1770 ni~i
975 1751 1036 1771 cum

251 1787 349 1818 fuisset
369 1789 402 1815 ad
438 1789 585 1817 docendum
604 1790 721 1816 missus?
740 1789 914 1823 Quandonam
942 1788 1038 1817 Petrus

252 1833 393 1865 confessus
404 1840 462 1867 est,
474 1835 526 1862 nisi
540 1842 601 1862 cum
619 1835 791 1870 Evangelium
808 1835 964 1870 praedicaret
976 1855 985 1868 ,
1006 1842 1039 1862 ac

253 1880 297 1908 ubi
314 1880 432 1915 piscator
458 1881 595 1909 hominum
612 1881 699 1908 factus
711 1881 775 1908 esti-
792 1881 864 1908 Elius
874 1881 981 1916 quando
992 1888 1038 1909 as-

253 1930 375 1958 sumptus
382 1930 434 1958 est,
443 1926 492 1954 nisi
501 1934 561 1954 cum
570 1927 720 1954 universam
732 1927 898 1961 propltetiam
906 1935 982 1954 suam
991 1928 1039 1954 ad-

253 1969 413 2004 implesset?
424 1971 502 2006 211
513 1973 688 2006 Quandonam
697 1972 808 2000 Elisams
817 1972 843 1999 in
855 1973 950 2007 spiritu
960 1973 1038 2008 dupla

253 2014 381 2047 obtinuit,
406 2017 458 2044 nisi
485 2022 638 2052 postquam,
665 2018 791 2045 omnibus
816 2018 927 2050 relictis,
951 2017 1038 2045 Eliam

255 2066 364 2090 Secutus
377 2062 440 2088 est?
461 2063 516 2090 Cur
530 2063 675 2098 discipulos
694 2064 773 2099 elegit
786 2062 921 2097 Salvator,
938 2063 990 2091 nisi
1009 2067 1039 2090 ut

255 2105 316 2137 illos
330 2105 469 2138 mitteret?

289 2161 317 2190 9.
337 2163 516 2198 Quapropter,
530 2171 590 2191 cum
612 2165 678 2192 tales
699 2165 746 2192 tibi
763 2166 812 2193 viri
835 2167 862 2193 in
885 2165 1037 2200 exemplum

1087 1605 1224 1641 οἰκονόμοι
1251 1605 1306 1633 τῶν
1335 1607 1491 1642 μυστηρίων
1517 1607 1748 1639 κατασταθέντες,
1774 1607 1877 1642 μᾶλλον

1087 1652 1157 1679 κατὰ
1172 1652 1270 1679 σκοπὸν
1286 1652 1396 1680 ἐδίωκον
1414 1654 1454 1685 εἰς
1476 1653 1506 1680 τὺ
1523 1653 1648 1689 βραϐεῖον
1664 1655 1712 1690 τῆς
1735 1655 1790 1681 ἄνω
1812 1653 1877 1690 κλή-

1089 1706 1166 1729 σεως.
1184 1699 1252 1725 Πότε
1272 1697 1377 1731 Παῦλος
1401 1699 1586 1735 ἐμαρτύρησε,
1606 1700 1654 1726 xui
1674 1700 1719 1726 τὸν
1743 1700 1876 1734 στέφανον

1087 1743 1179 1770 λαϐεῖν
1193 1744 1247 1779 (84)
1273 1745 1480 1780 προσεδόκησεν,
1501 1747 1526 1772 εί
1548 1745 1585 1781 μὴ
1610 1746 1656 1772 ὅτε
1678 1746 1817 1780 ἀπεστάλη
1841 1746 1876 1772 δι-

1087 1789 1210 1822 δάσκειν;
1226 1789 1294 1816 Πότε
1306 1790 1406 1825 Πέτρος
1420 1789 1604 1826 ὡμολόγησεν,
1619 1791 1644 1817 ει
1661 1790 1698 1826 μὴ
1708 1790 1752 1817 ὅτε
1765 1790 1879 1826 εὐηγγε-

1087 1834 1185 1868 λίζετο,
1212 1836 1259 1862 xui.
1289 1835 1382 1867 ἁλιεὺς
1404 1835 1459 1871 (85)
1486 1835 1637 1872 ἀνθρώπων
1661 1836 1776 1870 γέγονε;
1807 1836 1875 1864 Πότε

1094 1880 1185 1912 Ἠλίας
1196 1880 1344 1916 ἀνελήφθη,
1364 1881 1388 1907 εί
1407 1880 1444 1916 μὴ
1465 1881 1509 1907 ὅτε
1529 1881 1618 1907 πᾶσαν
1641 1880 1690 1916 τὴν
1707 1881 1875 1916 προῳητείαν

1088 1926 1245 1962 ὲπλήρωσε;
1261 1926 1328 1953 Πότε
1349 1927 1498 1959 Ἐλισσαῖος
1511 1927 1540 1953 ὲν
1558 1926 1694 1962 πνεύματι
1706 1926 1770 1961 ἔσχε
1784 1926 1873 1959 διπλᾶ,

1088 1973 1113 1998 εί
1134 1972 1172 2007 μὴ
1192 1973 1236 1999 ὅτε
1256 1973 1346 1999 πάντα
1366 1972 1522 1999 καταλιπὼν
1535 1972 1700 2008 ἠκολούθησε
1720 1972 1760 2008 τῷ
1781 1972 1874 2007 Ἢλίᾳ;

1087 2017 1138 2043 Διὰ
1148 2017 1174 2043 τί
1185 2017 1213 2043 δὲ
1225 2018 1272 2044 xui.
1283 2016 1422 2050 ἐξελέξατο
1434 2017 1557 2053 μαθητὰς
1569 2019 1584 2044 ό
1599 2018 1705 2054 Σωτὴρ,
1727 2019 1751 2044 ει
1773 2017 1812 2053 μὴ
1833 2018 1879 2044 ἵνα.

1088 2062 1135 2093 καὶ
1148 2063 1310 2099 unos-estin;

1088 2165 1110 2188 π
1122 2166 1149 2193 9.
1166 2165 1255 2197 Ὅθεν,
1273 2165 1382 2197 τούτους
1399 2165 1467 2201 ἔχων
1483 2165 1567 2193 τύπον
1583 2165 1650 2201 (86),
1666 2157 1791 2200 ἀγαπητὲ
1803 2152 1875 2201 iam:

254 2208 309 2235 sint
321 2209 463 2243 propositi,
477 2209 573 2237 dilecte
589 2209 767 2244 Draconti,ne
777 2211 860 2243 dicas,
877 2217 928 2238 neu
943 2211 1034 2238 credas

1088 2212 1188 2244 κόντιε,
1205 2211 1242 2247 μὴ
1259 2211 1332 2245 λέγε,
1346 2211 1413 2247 μηδὲ
1426 2211 1520 2238 πείθου
1536 2213 1592 2243 τοῖς
1602 2211 1725 2246 λέγουσιν
1739 2211 1875 2248 ἁμαρτίας

255 2254 290 2282 iis
305 2254 351 2290 qui
369 2255 463 2282 dicunt
477 2257 659 2291 episcopatum
670 2264 731 2284 esse
747 2259 849 2292 peccati
863 2264 984 2290 causam,
998 2261 1035 2284 at-

253 2308 309 2337 que
330 2301 392 2329 hinc
422 2303 551 2336 peccandi
577 2303 732 2330 occasiones
759 2303 872 2331 oboriri.
899 2302 975 2330 Licet
990 2304 1037 2330 tibi

290 2415 346 2455 (25.5)
361 2415 478 2455 ᾼηεῐῑειι
489 2416 686 2455 ενημονςὺηςιη
698 2451 705 2455 .
717 2453 724 2455 ,
752 2415 754 2418 ’

276 2462 278 2464 ·
290 2450 347 2486 (76)
363 2450 651 2488 ΔηὲΙὶσξΣαραπίων.
668 2451 736 2481 Ibid.
745 2453 849 2488 Anglic.
862 2457 890 2480 et
901 2451 993 2481 Felck.
1021 2453 1038 2480 5

254 2494 349 2518 auom,
363 2486 411 2512 xui
425 2487 528 2514 πόσων.

291 2521 638 2558 (777)7Αηᾳ1ῇο.,“Αγάθωνα.
654 2521 764 2558 Rectius
778 2531 857 2558 quam
868 2523 911 2550 alii
928 2523 973 2557 qui
987 2523 1037 2549 has

253 2557 319 2592 bent
330 2555 459 2592 :Ayueov.
475 2555 642 2592 Agathonem
659 2557 771 2592 legimus
788 2555 816 2585 iu
832 2555 1036 2592 subscriptioni-

255 2591 305 2619 bus
318 2590 512 2626 Egyptiorunf
521 2590 720 2626 episcoporum.
737 2601 798 2620 cum
814 2590 1032 2626 Sardiceusibus,

255 2632 312 2688 tua:
321 2626 504 2661 Tyriensibus.
518 2627 600 2655 Paulo
615 2634 674 2662 post
698 2628 788 2656 Felck.
813 2629 829 2656 5
840 2636 932 2661 anon.,
950 2629 1034 2664 Σερα-

255 2669 277 2688 π
311 2669 366 2688 voc.

255 2669 366 2693 πιωνος.

292 2697 348 2734 (78)
361 2695 452 2724 Felck.
468 2697 669 2734 zanon.solus,
684 2698 752 2734 περὶ
769 2698 861 2726 Κουεί.
880 2699 910 2725 Et
924 2698 960 2724 ita
975 2698 1039 2732 legit

255 2729 377 2770 Nannitts
391 2735 436 2766 qui
453 2733 543 2770 habet,
555 2735 588 2770 de
600 2729 667 2770 C‘ue.‘
683 2729 814 2770 Proclivis
824 2739 864 2761 est
877 2729 1039 2770 transtulim-

256 2766 294 2793 tio
304 2766 357 2804 fret")
373 2769 434 2804 prin
446 2776 472 2800 κ,
492 2767 517 2794 in
530 2768 678 2796 codicibus.
700 2769 786 2801 Μουῒς
810 2769 907 2804 legitur
931 2769 956 2795 in
975 2770 1039 2795 sub-

255 2802 458 2834 seriptiouibus.

291 2836 347 2870 (79)
363 2837 494 2871 ltcg..w3
507 2839 535 2864 ὲν
544 2837 590 2865 τῶ.
608 2838 634 2865 In
647 2839 736 2871 cditis,
751 2839 795 2865 τοῦ
808 2839 881 2866 deest
905 2838 971 2865 Ibid.
982 2838 1036 2865 An-

1089 2255 1159 2283 εῐναι
1178 2256 1314 2292 πρόφασιν
1334 2256 1383 2292 τὴν
1399 2257 1560 2293 ἐπισκοπὴν,
1583 2257 1649 2292 μηδὲ
1665 2257 1706 2284 ὅτι
1722 2258 1755 2283 ὲκ
1774 2257 1875 2291 ταύτης

1089 2302 1200 2339 ἀφορμὴ
1211 2302 1258 2329 τοῦ
1271 2303 1438 2338 ἁμαρτάνειν
1457 2303 1538 2330 ἐστιν.
1559 2303 1666 2336 Ἔξεστι
1686 2303 1740 2339 γὰρ
1754 2304 1801 2330 καὶ
1817 2303 1875 2330 ἐ,πὶ-

1091 2417 1165 2453 glic.,
1173 2416 1276 2444 Λατῶν.

1127 2453 1182 2488 (80)
1196 2453 1241 2480 Sic
1259 2453 1326 2488 Heg.
1353 2456 1382 2488 et
1406 2451 1485 2478 Basil.
1501 2451 1570 2488 Editi
1585 2459 1649 2479 vero
1670 2451 1749 2488 male.
1763 2451 1873 2487 βλέπον-

1089 2496 1146 2519 τες.
1164 2487 1225 2515 Hac
1239 2495 1290 2514 vox
1304 2487 1474 2515 desideratur
1492 2487 1518 2513 in
1534 2487 1680 2521 Anglicano
1697 2487 1801 2514 codice.

1126 2523 1182 2558 (81)
1196 2523 1368 2557 Αηςιίοητδν
1378 2521 1490 2558 Κύριον.
1505 2527 1531 2548 et
1548 2521 1835 2558 italcgerat'Nannius.

1137 2557 1180 2592 82)
1190 2558 1308 2593 Anglia,
1326 2557 1395 2593 μηδὲ
1407 2557 1643 2593 συμπροφασίζου.

1134 2566 1531 2633 ἕὲἰὲἓὲιὶῗὲὲῗῗὲἥιῗ⁰ξιῖἱὲῗέῗ

1123 2629 1179 2661 (84)
1197 2628 1296 2655 Λαὸεῖν
1308 2629 1382 2655 deest
1396 2627 1422 2655 in
1438 2627 1518 2655 Basii.
1648 2648 1650 2650 τ

1123 2663 1239 2699 (55)_Sic
1252 2665 1318 2699 edit.
1340 2662 1499 2699 Commeliu.
1516 2669 1544 2691 et
1566 2669 1661 2690 omnes
1684 2669 1748 2690 mss.
1768 2662 1796 2690 In
1811 2662 1872 2690 edi-

1087 2697 1159 2726 tione
1177 2697 1276 2730 Paris,
1290 2698 1380 2729 ἁλεύς.

1123 2733 1180 2768 (86)
1195 2733 1239 2760 Sic
1253 2734 1319 2761 edit.
1337 2733 1466 2760 Commcl.
1494 2737 1520 2759 et
1536 2740 1629 2760 omnes
1651 2741 1716 2760 mss.
1745 2732 1872 2760 Editores

1085 2776 1150 2795 vero
1160 2768 1324 2795 Parisienses
1337 2775 1475 2803 perperam
1493 2776 1604 2803 posuere
1617 2769 1728 2801 τύπους.
1741 2769 1800 2796 Mox
1815 2769 1872 2795 An-

1085 2804 1158 2840 glic.,
1173 2803 1239 2839 μηδὲ
1251 2803 1323 2837 λέγε.
