2018 3048
135 132 181 167 53:5

689 136 857 164 ΕΡΙΞΤΟΙΑ
878 138 923 164 AD
939 137 1177 170 οιιιςοΝΤιυΜ,

1686 140 1739 170 ΕΜ

133 197 224 215 σκοπον
241 188 304 216 δντα
318 198 346 216 σε
361 192 465 227 πεινᾷν,
486 193 532 219 καὶ
548 194 638 229 διψῇν,
654 195 691 226 ὡς
703 197 717 222 ὁ
730 196 849 227 Παῦλος
866 196 911 222 δύ-

966 198 1042 223 etiam
1056 198 1081 223 in
1093 198 1249 231 episcopatu
1266 196 1370 224 esurire
1382 201 1408 224 et
1419 197 1504 231 sitire,
1516 197 1739 232 quemadmodum

131 242 202 261 νασαι
220 234 258 270 μὴ
273 237 344 262 πιεῖν
358 234 442 269 οἶνον,
458 238 495 269 ὡς
511 239 525 264 ὁ
539 239 668 274 Τιμόθεος
679 248 685 254 ·
705 241 751 267 καὶ
767 240 907 275 νηστεύειν

132 279 172 306 καὶ
185 280 265 312 αὐτὸς
289 282 408 317 συνεχῶς
430 283 495 319 (87),
522 284 559 316 ὡς
579 286 592 311 ὁ
607 285 712 318 Παῦλος
736 287 839 313 ἐποίει·
865 287 908 314 ἵνα

132 325 184 352 κατ’
199 326 301 352 ἐκεῖνον
324 326 409 359 οὕτως
435 329 582 364 νηστεύων,
608 329 742 367 χορτάζῃς
764 331 858 362 anno;
880 333 908 358 ὲν

131 372 179 403 τοῖς
195 371 293 405 λόγοις,
312 373 359 399 καὶ
374 373 457 407 διψῶν
470 375 498 401 ἐν
518 374 556 409 τῷ
571 375 608 410 μὴ
626 378 697 402 πιεῖν
707 396 713 407 ,
736 377 848 412 ποτίζῃς
862 377 908 403 ἀλ-

131 417 186 449 λους
212 418 354 445 διδάσκων.
381 419 427 455 Μὴ
451 418 497 446 οὖν
525 421 610 447 ταῦτα
634 422 858 457 προϐαλλέτωσαν
884 424 908 449 οἱ

132 463 351 498 συμϐουλεύοντες
378 474 428 492 σοι.
456 466 572 502 Οἴδαμεν
598 467 652 503 γὰρ
679 469 724 495 καὶ
747 469 910 500 ἐπισκόπους

131 509 319 544 νηστεύοντας,
337 512 384 537 καὶ
402 512 534 547 μοναχοὺς
550 513 698 545 ἐσθίοντας.
723 514 839 549 Οἴδαμεν
854 513 909 549 (88)

130 555 172 582 καὶ
188 556 353 588 ἐπισκόπους
369 557 405 592 μὴ
428 558 554 589 πίνοντας
568 557 653 591 οἶνον,
673 560 806 594 μοναχοὺς
820 560 847 585 δὲ
867 559 912 585 πί-

131 610 235 633 νοντας·
260 601 368 637 οἴδαμεν
385 603 431 629 καὶ
449 605 548 639 σημεῖα
570 604 713 636 ποιοῦντας
735 605 909 638 ἐπισκόπους,

132 647 259 681 μοναχοὺς
270 646 298 672 δὲ
312 648 348 682 μὴ
361 647 514 679 ποιοῦντας.
529 649 625 675 Πολλοὶ
637 649 665 675 δὲ
688 649 741 675 τῶν
755 649 911 676 ἐπισκόπων

130 689 186 716 οὐδὲ
202 692 392 726 γεγαμήκασι,
411 693 521 727 μοναχοὶ
533 693 562 719 δὲ
581 693 698 728 πατέρες
716 693 818 721 τέκνων
835 694 913 728 γεγό-

131 743 215 762 νασινδ
238 735 332 771 ὥσπερ
353 737 400 762 καὶ
417 737 582 770 ἐπισκόπους
600 739 721 773 πατέρας
740 739 852 771 τέκνων,
867 738 913 765 καὶ

133 781 259 815 μοναχοὺς
272 780 301 813 ἐξ
310 782 456 818 ὁλοκλήρου
467 784 560 817 γένους
568 784 757 818 τυγχάνοντας.
768 785 822 811 Καὶ
834 784 913 811 πάλιν

131 825 235 861 οἴδαμεν
251 826 304 861 (89)
322 827 467 863 κληρικοὺς
488 829 647 862 πεινῶντας,
672 831 803 865 μοναχοὺς
822 830 849 857 δὲ
868 837 915 866 νη-

958 242 1013 277 egit
1027 242 1135 269 Paulus.
1145 242 1224 269 Potes
1238 242 1329 269 vinum
1346 249 1398 269 non
1410 242 1512 275 bibere,
1522 248 1550 269 ut
1564 242 1718 270 Timotheus
1730 252 1739 270 :

958 288 1188 324 frequentisssime
1196 287 1331 322 jejunare,
1342 288 1379 315 uti
1397 287 1502 320 solebat,
1512 287 1610 316 Paulus
1621 294 1665 315 :ut
1678 290 1741 316 dum

957 337 1016 369 ejus
1029 334 1152 369 exemplo
1165 334 1281 370 jejunae,
1294 334 1361 362 alios
1380 334 1502 362 doctrina
1517 339 1560 361 tua
1578 335 1678 361 satiare
1697 342 1743 361 va-

959 382 1014 408 leas
1030 389 1037 408 :
1053 386 1080 408 et
1102 382 1164 408 dum
1185 380 1344 408 abstinendo
1359 387 1373 407 ι
1391 385 1454 415 potu
1469 381 1540 407 sitiat
1557 380 1668 412 toleras,
1684 380 1743 407 aliis

959 426 1079 454 docendo
1098 432 1188 460 potum
1212 425 1342 460 praebeas.
1357 425 1394 453 Ne
1415 426 1461 453 tibi
1490 426 1570 460 igitur
1595 426 1655 452 talia
1673 425 1744 460 obji-

959 473 1032 500 ciant
1043 472 1188 499 consiliarii
1207 472 1254 498 tui.
1270 471 1398 501 Novimus
1414 472 1485 501 enim
1500 477 1528 498 et
1544 463 1685 505 episcopos
1698 471 1744 504 qui

957 517 1089 553 jejunent,
1105 522 1132 544 et
1147 518 1292 545 monachos
1305 518 1349 552 qui
1366 518 1518 545 comedant.
1539 517 1669 544 Novimus
1689 517 1746 551 epi-

960 571 1056 597 scopos
1072 563 1117 597 qui
1133 563 1195 589 vino
1207 563 1371 596 abStineant,
1390 567 1418 589 ut
1435 567 1461 589 et
1479 562 1627 589 monachos
1638 562 1684 596 qui
1701 561 1745 588 bi-

961 609 1040 641 bant;
1056 609 1198 643 episcopos
1217 609 1298 636 etiam
1315 609 1437 636 novimus
1452 609 1496 642 qui
1514 609 1589 643 signa
1611 609 1701 640 edant,
1718 612 1746 634 et

961 654 1107 681 monachos
1121 653 1167 688 qui
1185 654 1211 681 id
1225 654 1335 681 minime
1351 658 1488 688 praestent.
1510 653 1578 680 Sunt
1591 661 1699 688 quoque
1711 660 1745 680 ex

960 699 1095 734 episcopis
1113 699 1188 726 multi
1218 700 1264 734 qui
1287 707 1422 734 nunquam
1444 700 1594 734 nupserint,
1622 699 1746 726 monachi

962 749 1052 772 autem
1069 745 1238 780 reperiuntur
1249 745 1293 780 qui
1308 744 1377 772 ﬁlios
1391 752 1543 780 suscepere,
1574 745 1749 779 quemadmo-

963 790 1026 817 dum
1037 790 1153 817 vicissim
1170 790 1308 824 episcopos
1323 789 1438 817 Iiliorum
1451 795 1587 824 parentes,
1600 789 1748 817 monachos

963 842 1028 862 vero
1041 835 1141 862 nullam
1165 835 1349 869 posteritatem
1371 835 1497 862 habuisse
1515 836 1660 862 cer-nimus.
1674 835 1748 862 Vidi-

132 872 280 904 στεύοντας.
300 873 407 906 Ἔξεστι
431 875 485 910 γὰρ
501 875 547 901 καὶ
564 875 666 908 οὕτως,
684 877 731 902 καὶ
754 876 864 906 ἐκείνως
884 877 913 903 οὐ

966 888 1026 908 mus
1042 888 1150 908 rursum
1166 881 1279 908 clericos
1297 881 1343 915 qui
1360 879 1457 908 famem
1475 880 1632 913 tolerarent,
1646 885 1672 907 et
1689 887 1749 907 mo-

132 917 278 945 κεκώλυται
300 918 366 953 (90).
398 920 477 947 Ἀλλὰ
498 922 634 956 πανταχοῦ
663 931 704 954 τις
723 923 912 957 ἀγωνιζέσθω·

131 963 174 990 καὶ
191 963 244 998 γὰρ
256 965 270 990 ὁ
288 965 417 999 στέφανος
432 965 462 992 οὐ
483 966 554 993 κατά
570 966 650 997 τόπον
661 987 668 999 ,
689 967 757 994 ἀλλά
779 968 848 994 κατὰ
866 968 914 1004 τὴν

132 1008 227 1045 πρᾶξιν
241 1010 406 1038 ἀποδίδοται.

165 1100 206 1127 10.
215 1101 318 1132 Οὐκοῦν
328 1102 364 1138 μὴ
373 1102 470 1137 ἀνέχου
478 1104 530 1130 τῶν
540 1104 621 1138 ἕτερα
630 1105 704 1143 παρὰ
710 1105 795 1133 ταῦτα
804 1105 918 1141 συμϐου-

132 1145 269 1180 λευόντων,
285 1147 352 1173 ἀλλὰ
369 1148 468 1183 μᾶλλον
487 1149 607 1183 ἐπείγου,
628 1151 674 1178 καὶ
692 1150 728 1186 μὴ
750 1151 844 1186 μέλλει
865 1152 916 1186 μά-

132 1193 206 1220 λιστα
222 1194 262 1220 ὅτι
274 1194 320 1220 καὶ
336 1195 352 1229 ἡ
367 1194 432 1228 ἁγία
445 1196 524 1230 ἑορτὴ
538 1195 652 1230 ἐγγίζει,
668 1197 710 1222 ἴνα
724 1197 761 1232 μὴ
773 1197 855 1232 χωρὶς
869 1197 916 1223 σοῦ

132 1240 155 1265 oi
171 1237 230 1265 λαοὶ
244 1239 292 1275 τὴν
299 1240 400 1275 ’ἑορτὴν
412 1241 554 1276 ποιήσωσι,
569 1242 614 1268 καὶ
628 1241 714 1277 μέγαν
725 1242 844 1269 κίνδυνον
859 1243 918 1268 ἑπι-

135 1284 224 1320 σπάσῃ
246 1285 316 1312 κατὰ
332 1285 441 1312 σαυτοῦ.
465 1286 511 1317 Τίς
530 1287 583 1322 γὰρ
606 1287 696 1318 αὐτοῖς
713 1287 917 1321 εὑαγγελίσεται

134 1329 187 1365 (91)
203 1329 235 1355 τὸ
249 1330 343 1365 Πάσχα
367 1330 404 1366 μὴ
430 1332 563 1366 παρόντος
591 1340 653 1364 σου;
680 1332 727 1364 Τίς
753 1332 845 1364 αὐτοῖς
868 1332 917 1368 τὴν

133 1376 238 1412 ἡμέραν
265 1376 410 1410 ἀναγγελεῖ
438 1377 486 1412 τῆς
510 1377 701 1410 ἀναστάσεως,
732 1379 918 1415 κρυπτομένου

134 1429 196 1453 σου;
227 1421 274 1452 Τίς
297 1422 390 1453 αὐτοῖς
413 1421 607 1456 συμϐουλεύσει
630 1422 742 1454 δεόντως
769 1423 917 1458 ἑορτάζειν,

133 1466 278 1502 φεύγοντάς
291 1475 352 1499 σου;
370 1467 402 1493 ’Ὠ
415 1466 492 1493 πόσοι
506 1467 554 1503 μὲν
567 1467 786 1503 ὠφεληθήσονται
799 1469 853 1503 (92)
868 1478 920 1497 πα.

134 1513 314 1548 ραγενομένου
335 1522 398 1546 σου,
425 1514 503 1540 πόσοι
525 1513 552 1540 δὲ
572 1514 750 1550 βλαϐήσονται
775 1515 919 1549 φεύγοντάς

135 1560 198 1594 quo!
215 1559 270 1585 Καὶ
284 1559 325 1591 τίς
339 1559 385 1585 ἐπὶ
404 1560 508 1591 τούτοις
523 1560 680 1592 ἀποδέξεται
697 1569 741 1594 σε;
765 1561 819 1587 Καὶ
836 1561 880 1587 διὰ
893 1562 919 1587 τι

133 1606 348 1642 συμόουλεύουσί
364 1614 404 1632 σοι
422 1605 458 1640 μὴ
478 1605 724 1641 ἀντιλαμϐάνεσθαι
743 1615 772 1632 σε
790 1607 838 1642 τῆς
859 1607 919 1633 ἐπι-

133 1651 240 1686 σκοπῆς
250 1672 257 1683 ,
272 1651 349 1677 αὐτοὶ
364 1650 484 1682 θέλοντες
498 1650 568 1685 ἔχειν
585 1651 803 1687 πρεσϐυτέρους;
819 1652 850 1678 EE
866 1653 921 1688 γὰρ

133 1695 234 1729 φαῦλος
248 1696 407 1730 τυγχάνεις,
427 1694 464 1730 μὴ
478 1695 650 1722 συνέστωσαν
664 1704 704 1722 σοι
717 1705 724 1711 ·
743 1697 767 1722 εἰ
784 1696 812 1722 δὲ
826 1697 921 1731 ἐπιτή-

132 1742 203 1768 δειον
219 1739 289 1767 εἶναι
310 1750 339 1767 σε
361 1741 586 1776 ὲπιγινώσκουσι,
604 1742 641 1777 μὴ
666 1742 846 1777 φθονείτωσαν
866 1744 921 1775 τοῖς

132 1787 224 1826 ἄλλοις
234 1795 240 1801 ·
261 1788 285 1813 el
300 1787 354 1822 γὰρ
369 1787 399 1813 τὸ
418 1787 552 1813 διδάσκειν
566 1788 612 1813 καὶ
625 1788 803 1823 προΐστασθαι
815 1788 920 1824 πρόφα-

134 1834 177 1864 σίς
192 1833 264 1860 ἐστιν
281 1833 417 1868 ἁμαρτίας
434 1833 494 1858 κατ’
510 1832 639 1864 ἐκείνους,
656 1833 692 1867 μὴ
706 1832 921 1860 διδασκέσθωσαν

133 1879 222 1911 αὐτοὶ,
242 1879 309 1914 μηδὲ
326 1879 527 1915 πρεσϐυτέρους
541 1879 689 1914 ἐχέτωσαν,
706 1879 749 1905 ἵνα
766 1879 802 1914 μὴ
814 1879 921 1916 χείρους

134 1925 239 1952 ἑαυτῶν
257 1925 388 1959 γένωνται
401 1925 476 1951 αὐτοί
489 1933 518 1951 τε
532 1925 579 1951 καὶ
593 1925 618 1951 οῖ
633 1925 802 1956 διδάσκοντες
812 1917 920 1964 αὐτούς.

141 1971 222 1998 Ἀλλὰ
238 1971 274 2007 μὴ
290 1972 406 2007 πρόσεχε
424 1971 528 2003 τούτοις
542 1973 597 2003 τοῖς
611 1970 789 2007 ἀνθρωπίνοις
808 1971 921 2006 ῥήμασι,

137 2017 206 2053 μηδὲ
219 2018 315 2053 ἀνέχου
328 2017 381 2043 τῶν
397 2017 483 2044 ταῦτα
498 2017 734 2053 συμϐουλευόντων
743 2037 750 2049 ,
771 2016 843 2043 καθὰ
857 2016 921 2043 πολ-

133 2063 216 2095 λάκις
241 2065 387 2099 προεῖπον·
414 2063 512 2089 σπεῦδε
535 2063 563 2090 δὲ
584 2063 683 2098 μᾶλλον
707 2063 753 2089 καὶ
776 2062 922 2099 ἐπίστρεφε

136 2110 207 2146 πρὸς
228 2109 272 2136 τὸν
294 2110 349 2145 (95)
377 2109 489 2145 Κύριον,
515 2109 573 2141 ἵνα,
597 2109 652 2135 τῶν
674 2108 818 2144 προϐάτων
840 2109 922 2135 αὑτοῦ

136 2155 299 2191 φροντίζων,
318 2155 507 2190 μνημονεύσῃς
521 2155 567 2181 καὶ
581 2154 668 2190 ἡμῶν.
684 2154 783 2181 Τούτου
799 2154 827 2180 δὲ
843 2155 923 2189 χάριν

965 927 1067 954 nachos
1084 926 1129 961 qui
1141 926 1306 961 jejuuarent.
1325 925 1380 953 Hoc
1394 926 1466 953 enim
1486 925 1565 953 modo
1580 926 1642 953 licet
1657 933 1748 960 agere,

965 977 992 999 et
1011 972 1063 999 alio
1087 972 1151 998 nihil
1169 977 1252 998 vetat.
1278 971 1330 998 Sed
1348 978 1441 999 omnes
1462 971 1562 1006 ubique
1583 972 1721 998 decertent
1740 980 1754 998 :~

965 1026 1065 1046 corona
1085 1018 1183 1052 quippe
1198 1025 1251 1044 non
1277 1025 1326 1052 pro
1351 1017 1402 1044 loci
1427 1017 1473 1045 sed
1490 1024 1538 1052 pro
1556 1016 1690 1044 factorum
1707 1024 1751 1044 ra-

967 1063 1040 1090 tione
1055 1063 1192 1090 tribuitur.

1003 1108 1046 1136 10.
1063 1108 1102 1136 Ne
1115 1109 1210 1136 audias
1228 1108 1320 1143 itaque
1330 1115 1377 1135 eos
1388 1108 1432 1142 qui
1443 1108 1487 1135 his
1497 1107 1610 1135 adversa
1626 1107 1672 1134 tibi
1687 1106 1754 1133 dant.

966 1154 1091 1186 consilia,
1104 1153 1158 1181 imo
1182 1153 1271 1187 potius
1297 1157 1413 1185 matura,
1428 1160 1496 1180 neve
1518 1152 1751 1187 comperendines.

965 1207 1028 1227 cum
1043 1199 1211 1234 potissimum
1238 1199 1320 1226 instet
1336 1206 1413 1226 sacra
1432 1198 1599 1230 solemnital,
1619 1205 1653 1224 ne
1671 1197 1697 1224 in
1713 1196 1753 1223 tui

967 1245 1087 1273 absentia
1107 1245 1177 1272 hunc
1198 1243 1294 1271 festum
1314 1244 1384 1270 diem
1406 1243 1494 1278 populi
1514 1242 1752 1274 concelebreul,tn

968 1291 1114 1318 maximum
1131 1297 1196 1317 sane
1213 1290 1250 1317 tui
1273 1289 1370 1324 capitis
1386 1289 1547 1323 periculum.
1565 1288 1630 1322 Quis
1642 1288 1712 1314 enim
1727 1291 1754 1314 te

968 1337 1080 1364 absente
1093 1335 1235 1363 Paschalis
1250 1335 1345 1362 fesmm
1362 1335 1520 1369 prmdicabit
1534 1335 1545 1360 7
1560 1334 1625 1368 Quis
1646 1333 1697 1360 illis
1711 1340 1754 1359 re-

968 1382 1144 1410 surrectionis
1153 1381 1222 1408 diem
1239 1385 1265 1408 te
1282 1381 1381 1408 latente
1390 1380 1599 1407 annuntiaturus
1607 1379 1672 1406 est?
1689 1378 1755 1410 Quis

969 1432 996 1454 te
1022 1427 1141 1461 fugiente
1169 1426 1324 1453 hortaturus
1346 1430 1374 1452 ut
1395 1433 1513 1460 congrua
1535 1425 1634 1459 pietate
1657 1425 1754 1451 festum

970 1477 1050 1507 agant
1062 1472 1074 1498 ’ἰ
1085 1471 1107 1499 Ο
1126 1479 1206 1506 quam
1227 1471 1319 1498 multis
1331 1470 1405 1497 utilis
1421 1471 1551 1498 adventus
1566 1475 1627 1498 tuus
1649 1470 1656 1498 ι
1674 1476 1754 1504 quam

933 1536 954 1565 α
972 1517 1064 1545 multis
1087 1518 1167 1544 noxia
1195 1516 1257 1551 fuga
1279 1521 1324 1543 tua
1347 1516 1437 1543 futura
1459 1522 1501 1543 est
1515 1517 1521 1542 ι
1536 1516 1634 1549 Ecquis
1655 1520 1680 1542 te
1699 1515 1756 1542 haec

970 1567 1093 1599 agentem
1107 1562 1286 1597 approbarit?
1305 1561 1361 1589 Cur
1380 1562 1427 1589 tibi
1450 1565 1573 1588 auctores
1591 1565 1664 1593 sunt,
1680 1565 1708 1587 ut
1722 1567 1756 1587 ne

970 1610 1153 1645 episcopatum
1182 1613 1318 1643 acceptas,
1333 1615 1393 1634 cum
1414 1612 1556 1642 peroptent
1575 1607 1624 1641 ipsi
1645 1606 1756 1640 presby-

970 1658 1042 1681 teros
1062 1653 1161 1680 habere
1175 1653 1187 1680 ?
1202 1653 1231 1679 Si
1242 1652 1312 1680 enim
1329 1651 1414 1678 malus
1433 1659 1472 1684 es,
1489 1659 1523 1678 ne
1543 1656 1628 1677 tecum
1645 1657 1757 1676 versa—

971 1705 1033 1733 tur;
1050 1699 1091 1726 sin
1111 1703 1136 1725 te
1155 1699 1281 1726 idoneum
1306 1703 1465 1732 agnoscunt,
1479 1705 1511 1724 ne
1528 1696 1589 1725 aliis
1609 1695 1756 1722 invideant.

971 1746 1038 1773 Nam
1053 1745 1075 1772 si
1088 1752 1120 1771 ex
1136 1745 1241 1771 illorum
1262 1743 1396 1771 sententia
1420 1743 1518 1770 docere
1535 1750 1566 1769 ac
1580 1748 1694 1776 praeesse
1709 1748 1757 1768 oc-

971 1792 1045 1818 casio
1071 1790 1200 1826 peccandi
1226 1789 1332 1822 l‘uerit;
1358 1796 1391 1815 ne
1416 1788 1564 1815 doceantur
1585 1787 1646 1822 ipsi,
1671 1794 1758 1821 neque

971 1837 1143 1873 presbyteros
1161 1835 1293 1868 habeant;
1311 1841 1344 1861 ne
1367 1841 1427 1861 cum
1445 1833 1494 1868 ipsi
1519 1837 1574 1861 tum
1600 1840 1692 1860 eorum
1710 1832 1759 1859 do-

972 1887 1061 1909 ctores
1086 1881 1235 1908 deteriores
1252 1880 1377 1908 evadant.
1399 1879 1498 1906 Verum
1517 1883 1544 1905 tu
1570 1886 1604 1906 ne
1631 1877 1759 1905 humanis

971 1927 1124 1962 hujusmodi
1144 1927 1235 1954 verbis
1256 1926 1374 1952 animum
1402 1924 1550 1957 adhibeas,
1572 1930 1659 1958 neque
1679 1922 1759 1956 hujus

971 1973 1076 2001 consilii
1094 1972 1250 1999 auctoribus
1262 1978 1354 1998 aurem
1368 1971 1498 2005 praebeas,
1513 1970 1550 1996 uti
1565 1969 1662 2003 sapius
1677 1968 1729 1996 dixi
1749 1976 1756 1994 :

972 2019 1019 2046 sed
1045 2018 1134 2054 potius
1163 2018 1271 2049 festina,
1291 2016 1324 2044 ad
1347 2015 1542 2050 Dominumque
1555 2020 1706 2047 revertere,
1719 2019 1758 2046 ut,

973 2066 1036 2092 dum
1050 2065 1139 2092 ovium
1152 2063 1210 2098 ejus
1227 2071 1319 2090 curam
1335 2069 1422 2098 geres,
1439 2063 1523 2089 nostri
1537 2069 1643 2096 quoque
1658 2069 1760 2088 menno-

973 2111 1040 2137 riam
1065 2110 1156 2137 facias.
1174 2109 1230 2136 Hac
1253 2109 1286 2136 de
1307 2116 1390 2136 causa
1409 2109 1521 2136 dilectos
1537 2112 1644 2135 nostros
1665 2106 1760 2133 Hiera-

973 2163 1030 2184 cetn
1049 2156 1246 2191 presbyterum,
1265 2159 1292 2181 et
1308 2154 1453 2181 Maximum
1474 2153 1600 2180 lectorem
1614 2151 1716 2183 monui,
1730 2154 1760 2177 ut

137 2201 350 2237 προετρεψάμην
366 2201 451 2227 ἐλθεῖν
465 2202 528 2232 τοὺς
546 2201 703 2236 ἀγαπητοὺς
719 2200 797 2236 ἡμῶν
817 2201 917 2236 ’ἱέρακα

978 2207 1003 2229 te
1019 2202 1127 2234 adeant,
1142 2201 1186 2236 qui
1207 2205 1233 2228 te
1255 2199 1345 2227 verbis
1358 2199 1440 2227 etiam
1457 2199 1643 2230 cohortentur,
1659 2200 1688 2223 ut
1702 2196 1760 2223 edi-

135 2248 185 2274 τὺν
200 2247 393 2283 πρεσϐύτερον,
414 2247 460 2273 καὶ
476 2247 600 2282 Μάξιμον
614 2247 659 2272 τὸν
674 2245 849 2281 ἀναγνώστην
860 2255 867 2261 ·
882 2246 917 2272 ῖνο

978 2255 1054 2275 scere
1073 2247 1164 2274 valeas
1189 2254 1243 2281 quo
1267 2247 1325 2273 haec
1340 2245 1494 2280 scripserim
1511 2243 1608 2271 aﬂ'ectu
1622 2251 1628 2269 :
1645 2246 1672 2270 et
1688 2243 1758 2276 quod

134 2294 185 2321 xui.
205 2294 249 2320 διὰ
268 2293 356 2327 λόγων
378 2301 407 2319 σε
425 2293 644 2328 προτρέψωνται,
661 2292 708 2318 καὶ
730 2291 824 2327 μαθεῖν
844 2292 917 2327 δυνη-

978 2292 1012 2319 sit
1035 2293 1099 2320 illud
1116 2292 1263 2328 periculum
1293 2290 1482 2319 ecclesiasticae
1500 2289 1632 2317 obsistere
1651 2287 1764 2315 ordina‘

136 2340 189 2375 Οῇς
211 2340 243 2365 ἐκ
271 2339 366 2364 τούτου
393 2339 443 2373 τήν
463 2347 494 2364 τε
516 2338 634 2364 διάθεσιν
660 2339 694 2373 ἦν
718 2337 785 2372 ἔχων
809 2337 925 2372 ἔγραψα,
978 2339 1055 2366 ιὶοιιί.

136 2385 188 2412 καὶ
199 2385 245 2411 τὸν
258 2385 290 2411 ὲκ
302 2383 349 2410 τοῦ
367 2384 516 2418 ἀντιλέγειν
532 2385 566 2419 τῇ
583 2384 794 2419 ὲκκλησιαστικῇ
808 2382 926 2414 διατάξει

136 2430 273 2458 κίνδυνον.

177 2530 235 2565 (87)
250 2531 353 2564 Anglic.
359 2551 366 2563 ,
380 2531 493 2566 συχνῶς.

179 2567 234 2601 (88)
243 2566 312 2592 Edit.
320 2566 417 2598 Paris,
427 2566 545 2601 εἴδαμεν.
552 2565 721 2599 Commelin.,
729 2565 843 2601 εἴδομεν.
853 2565 930 2600 Reg.,

141 2602 247 2636 ἴδομεν.
262 2600 351 2628 Felck.
365 2601 381 2628 5
392 2600 492 2633 anon;
503 2601 623 2636 οἴδαμεν.
639 2600 929 2636 ΜοιιγεύὶιζῦοιιιιιιθΙ,

141 2610 247 2636 ιρομεν.
262 2610 351 2628 ΓΕΙΕΚ.
365 2610 381 2628 0
392 2610 486 2633 auom,
503 2610 561 2627 οιοα
586 2610 623 2628 εν.
639 2610 697 2628 mox
716 2610 782 2628 eult.
797 2610 929 2628 uommel.

139 2643 183 2698 θὶιδ
197 2634 293 2669 Paris.,
323 2635 438 2671 εἴδομεν.
465 2636 545 2671 Reg.,
562 2610 662 2671 ἔδομεν.
689 2635 780 2664 Felck.
802 2636 819 2663 5
834 2644 932 2672 anon.,

139 2681 155 2698 ο
185 2680 262 2698 αιιεν.

137 2680 330 2740 οιῆῗςὲδῗνίὶεκ..
346 2705 446 2748 ἴδομεν.
456 2705 542 2748 'Edri‘t._
558 2705 686 2748 QOIutrtel.
706 2705 927 2748 θιῃΙξιιι-ἰξηεῖδα-

140 2749 207 2778 μεν,
229 2749 288 2776 qua:
302 2748 354 2768 vox
366 2742 441 2768 deest
455 2741 482 2767 in
497 2741 587 2768 Felck.
601 2741 624 2782 ’5
636 2748 716 2768 anon.
732 2741 797 2781 Ibid.
808 2741 926 2775 Anglic.,

137 2777 256 2812 οἴδαμεν
280 2776 327 2812 καὶ
353 2776 484 2812 μοναχους
511 2784 709 2812 νηστευοντας.Δ
722 2775 790 2812 Ibid.
809 2776 929 2812 Nannius

140 2810 258 2851 μεθίετο-ιι
273 2810 571 2851 κληρικοὺςπιξνοντας,
586 2811 633 2851 qu_i_
644 2810 743 2851 vertit,_
756 2811 863 2851 clericos
887 2811 927 2836 bi-

142 2846 291 2880 bamMox
304 2845 357 2882 γὰρ
370 2847 480 2874 deestin
496 2847 599 2881 Anglic.
615 2845 682 2874 Ibid.
698 2845 789 2874 Felck.
805 2847 822 2875 5
832 2853 927 2879 ιιιιοιι.ι

979 2527 1056 2562 οὗτος
1070 2531 1117 2558 καὶ
1127 2531 1238 2562 ἐκεῖνος.

1016 2559 1072 2602 (9b)
1098 2566 1143 2593 Sic
1161 2559 1228 2601 Reg:
1250 2564 1320 2592 Editi
1338 2570 1402 2592 vero
1428 2561 1566 2594 mendose,
1592 2559 1643 2587 οὐκ
1663 2560 1766 2587 ἐκώλυ-

979 2610 1071 2673 Ϊαξέιι)
1087 2636 1172 2673 Regi
1182 2634 1406 2673 εὐαγγελίσηται...
1422 2632 1540 2673 Anglic:
1551 2630 1767 2673 ευαγγελιςεται,

979 2666 1069 2713 Paulo
1079 2666 1141 2713 nos;
1155 2666 1222 2706 Reg.
1233 2666 1314 2697 Basil.
1329 2666 1447 2704 Anglia,
1459 2666 1664 2703 συμϐουλεύσει.
1681 2666 1764 2697 Editi,

981 2715 1012 2734 συ
1038 2706 1170 2733 ὕουλεύει.

1015 2715 1071 2777 (δὴ
1088 2739 1390 2775 ΔιιεΙὶεηῶφβήσονται,
1401 2737 1481 2766 male.
1493 2737 1561 2764 Hinc
1575 2735 1695 2764 Nannius
1705 2742 1770 2763 ver-

982 2777 1016 2804 tit.
1028 2777 1202 2811 apparebunt.

1021 2807 1077 2847 (95)
1088 2810 1116 2839 lu
1131 2810 1198 2846 Reg.
1213 2814 1240 2838 et
1255 2809 1345 2838 Eelck.
1359 2809 1377 2836 3
1387 2817 1466 2837 anon.
1483 2808 1528 2834 τόν
1541 2807 1626 2836 deest.
