2018 3048
263 139 316 168 ως
527 140 555 167 S.
576 140 762 169 ATIIANASII
781 141 857 169 OPP.
877 141 968 169 PARS
986 142 1006 168 Ι.
1027 157 1061 162 -
1081 141 1267 169 HISTORICA
1284 141 1329 169 Ετ
1348 140 1560 170 DOGMATICA.
1827 138 1882 166 536

459 297 808 346 ADMONITlO
837 299 899 344 IN
928 298 1268 345 EPISTOLAM
1304 299 1679 355 ENCYCLICAM

929 405 987 426 SBU
1009 405 1210 427 CIRCULAREK

525 475 580 506 AD
603 476 814 508 EPISCOPOS
834 477 991 508 IEGYPTI
1015 476 1222 507 ET.LIBY1E
1244 476 1405 507 CONTRA
1427 475 1616 506 ARIANOS.

293 633 375 668 212
390 633 408 660 I.
431 633 496 661 Ilwe
512 635 620 668 epistola
637 636 664 661 in
681 636 778 670 aliquo:
799 635 897 663 Gra’cis
918 638 1103 671 manuscriptis
1121 637 1271 669 codicibus,
1287 642 1316 664 ut
1338 638 1366 664 in
1386 637 1462 664 editis
1484 636 1598 667 Latinis,
1613 635 1766 662 inscribitur
1783 635 1878 663 Oratio

256 683 342 717 prima
360 687 452 710 contra
468 683 586 710 Arianos
601 692 608 710 :
624 685 668 710 sed
681 692 825 718 perperam,
840 685 931 718 utjam
949 686 1032 712 doctis
1047 686 1166 713 omnibus
1181 691 1218 712 est
1231 693 1396 719 persuasum.
1413 684 1478 712 Ha'c
1495 685 1563 712 enim
1581 685 1706 711 distincta
1722 684 1823 718 penitus
1838 689 1876 709 est

256 741 272 758 ι
290 736 403 767 quatuor
425 731 596 759 Orationibus
619 737 711 759 contra
739 732 870 764 Arianos,
888 733 1003 768 nihilque
1013 742 1069 760 eam
1090 735 1156 760 inter
1170 738 1194 760 et
1210 733 1270 760 illas
1287 738 1323 760 est
1343 733 1508 760 connexionis
1519 741 1528 765 ;
1539 733 1584 759 sed
1605 738 1629 759 et
1641 733 1695 760 htec
1707 732 1816 766 epistola
1830 739 1878 764 per

255 785 283 805 ee
297 784 333 805 est
354 779 458 805 omnino
474 779 604 810 absoluta,
619 783 641 805 et
658 784 770 814 quatuor
785 779 838 806 illa,
851 779 992 807 Orationes
1009 781 1046 806 ita
1061 780 1110 807 sibi
1124 780 1263 811 cohaerent,
1281 784 1308 806 ut
1325 787 1369 806 nec
1385 780 1469 813 prima
1489 780 1567 806 aliam
1583 779 1680 805 indicet
1696 777 1877 813 prwpositant,

255 825 300 852 sed
319 825 376 851 novi
392 827 424 851 sit
451 825 537 859 operis
560 825 676 857 initium.
693 830 717 852 et
732 831 826 860 quarto
838 826 966 852 duntaxat
983 826 1060 852 trium
1072 826 1185 852 aliarum
1198 826 1231 852 sit
1252 825 1314 860 linis
1326 834 1357 852 ac
1373 825 1516 853 conclusio.
1532 825 1628 852 Verum
1646 825 1730 860 fusius
1742 826 1790 851 hac
1803 824 1833 851 de
1849 833 1877 851 re

255 871 397 898 disseretur
409 872 435 897 in
450 871 642 898 Admonitioue
656 871 682 897 in
703 871 807 898 easdem
823 877 937 905 quatuor
954 869 1107 898 Orationes.

291 916 322 943 ll.
340 916 379 943 De
397 921 509 950 tempore
529 925 580 949 quo
600 918 656 943 Ittec
682 917 779 950 scripta
797 921 834 943 est
850 917 971 951 epistola,
990 916 1077 943 nullus
1102 915 1179 950 plane
1193 920 1231 943 est
1249 916 1397 951 ambigendi
1415 916 1498 944 locus.
1519 916 1590 943 Nam
1608 921 1707 943 certum
1728 921 1765 943 est
1781 924 1813 942 ea:
1825 925 1875 943 nu-

254 972 324 991 mero
340 964 356 990 7
373 965 480 991 missam
496 964 587 998 fuisse,
604 972 661 990 cum
675 963 790 998 jamjam
812 965 839 991 in
859 964 945 990 sedem
971 963 1180 990 Alexandrinam
1207 963 1380 990 intrudendus
1399 969 1463 990 esset
1487 962 1612 998 Georgius
1635 963 1788 998 Cappadox,
1807 962 1876 997 quod

254 1010 361 1044 contigit
386 1019 455 1037 anno
475 1010 538 1043 356,
563 1016 676 1045 tempore
703 1009 928 1045 Quadragesimat,
942 1018 973 1036 ac
989 1009 1098 1044 proinde
1112 1015 1172 1036 ante
1183 1010 1251 1036 diem
1263 1009 1278 1035 7
1296 1010 1404 1043 Aprilis,
1417 1010 1444 1036 in
1460 1017 1534 1044 quem
1556 1011 1624 1036 diem
1636 1017 1666 1036 eo
1687 1017 1755 1036 anno
1771 1009 1876 1035 Pascha

253 1059 394 1086 incidebat.
409 1058 517 1085 Constat
533 1059 594 1085 item
615 1059 789 1092 conscriptam
810 1058 891 1091 fuisse
910 1062 966 1091 post
984 1058 1052 1084 diem
1069 1057 1086 1084 9
1101 1058 1195 1084 mensis
1213 1056 1367 1088 Februarii,
1388 1062 1525 1092 postquam
1549 1065 1637 1091 nempe
1652 1055 1681 1083 S.
1701 1050 1889 1086 Athanasium.

253 1105 369 1140 Syriano
389 1106 415 1132 in
438 1105 574 1132 ecclesiam
599 1105 630 1133 S,
648 1105 762 1133 Theonce
783 1105 913 1132 hostiliter
930 1105 1056 1136 irruente,
1077 1105 1237 1131 Arianorum
1257 1113 1350 1132 manus
1371 1109 1449 1139 atque
1473 1105 1585 1131 insidias
1607 1104 1733 1130 diuinitus
1748 1103 1874 1138 e/I'ugerat

252 1157 442 1186 secesseratque
465 1152 644 1184 Alexandria,
665 1160 696 1178 ac
726 1159 784 1178 cum
806 1151 866 1186 jam
893 1151 920 1178 in
959 1150 1054 1178 alienis
1088 1151 1298 1186 peregrinaretur
1327 1151 1490 1186 regionibus,
1520 1156 1547 1177 ut
1575 1151 1629 1184 ipse
1651 1150 1740 1178 scribit
1767 1157 1839 1176 num.
1858 1150 1875 1176 5

251 1202 277 1225 et
300 1198 346 1225 ‘20.

287 1244 330 1272 III.
354 1244 408 1272 Nec
422 1253 481 1272 vero
505 1246 658 1280 ignoramus
673 1245 817 1272 Baronium
833 1245 868 1271 ad
884 1252 982 1271 annum
1000 1243 1098 1275 Christi
1108 1244 1172 1275 306,
1183 1252 1255 1271 num.
1269 1244 1306 1271 44
1317 1252 1350 1271 ea:
1362 1243 1411 1270 hac
1429 1243 1539 1278 epistola
1564 1243 1679 1270 schisma
1704 1242 1875 1270 Meletianum

250 1292 285 1318 ad
299 1300 398 1318 annum
410 1291 462 1318 306
478 1281 606 1324 retiocarre,
617 1292 752 1326 ipsamque
767 1300 836 1318 anno
848 1291 896 1318 56l
911 1291 1034 1325 scriptam
1050 1299 1105 1318 esse
1118 1291 1272 1318 concludere
1293 1298 1325 1318 ea:
1337 1291 1377 1317 his
1391 1289 1420 1317 S.
1439 1290 1579 1317 Athanasii
1598 1289 1679 1316 verbis
1693 1288 1807 1316 nam?!
1822 1297 1828 1314 :
1842 1288 1875 1315 Οἱ

251 1337 300 1372 μὲν
312 1337 489 1372 (Μελετιανοὶ)
510 1337 563 1373 πρὸ
581 1338 748 1372 πεντήκοντα
759 1337 807 1364 καὶ
828 1337 908 1364 πέντε
935 1336 1003 1363 ὲτῶν
1032 1337 1204 1372 σχισματικηὶ
1220 1337 1363 1371 γεγόνασιν
1378 1345 1385 1352 ·
1397 1337 1421 1363 οἱ
1440 1336 1468 1363 δὲ
1481 1336 1639 1372 (Ἀρειανοὶ)
1657 1334 1710 1371 πρὸ
1730 1335 1875 1370 τριάκοντα

250 1382 296 1408 καὶ
308 1382 337 1415 ἒξ
354 1382 422 1408 ἑτῶν
439 1382 637 1418 ἀπεδείχθησαν
653 1382 796 1417 αἱρετικοὶ,
810 1382 857 1408 καὶ
871 1382 919 1418 τῆς
937 1382 1099 1417 Ἐκκλησιας
1112 1382 1305 1417 ἅπεῦλήθησαν
1321 1383 1353 1409 ὲκ
1377 1381 1494 1418 κρίσεως
1513 1381 1604 1418 πάσης
1619 1381 1669 1416 τῆς
1684 1379 1876 1415 οἰκουμενικῆς

250 1428 371 1456 συνόδου.
387 1428 420 1456 Id
432 1433 488 1457 est:
509 1420 643 1457 Melet'iani
664 1420 726 1457 ante
745 1430 865 1464 quinque
878 1434 906 1456 et
923 1429 1116 1465 quinquaginta
1130 1437 1217 1457 annos
1232 1429 1296 1457 iacti
1315 1433 1377 1457 sunt
1390 1429 1555 1457 scltismatici
1572 1437 1579 1455 :
1595 1433 1622 1456 et
1640 1428 1732 1455 Ariani
1751 1432 1813 1454 ante
1827 1435 1876 1454 sex

248 1475 276 1500 et
291 1474 399 1509 triginta
418 1482 505 1503 annos
525 1475 644 1503 haeretici
668 1479 731 1503 sunt
757 1475 906 1508 declarati,
921 1475 1057 1509 iidemque
1078 1475 1112 1502 ab
1131 1474 1250 1502 Ecclesia
1273 1475 1354 1502 totius
1375 1474 1509 1510 generalis
1530 1474 1625 1510 synodi
1647 1473 1760 1508 judicio,
1780 1472 1873 1507 rejecli

248 1526 321 1550 sunt.
337 1522 370 1549 At
381 1530 440 1549 cum
455 1522 510 1557 ipse
527 1522 658 1550 Baronius
674 1530 706 1549 ex
715 1521 917 1550 Testilicatione
931 1522 1020 1557 populi
1032 1522 1217 1554 Alexandrini,
1228 1531 1286 1557 qua:
1299 1523 1383 1557 pridie
1395 1522 1461 1550 Idus
1476 1522 1572 1549 mensis
1585 1521 1726 1549 Februarii
1740 1525 1798 1554 post
1811 1529 1876 1548 con-

248 1570 363 1597 sulatum
387 1569 563 1596 Arbwthionis
587 1573 611 1596 et
634 1568 759 1602 Lolliani,
781 1568 829 1596 hoc
844 1573 881 1596 est
900 1572 959 1604 post
981 1576 1078 1595 annum
1106 1568 1169 1597 555.
1187 1569 1258 1594 edita
1273 1572 1327 1600 est,
1347 1573 1415 1595 recte
1432 1568 1539 1603 colligat
1557 1567 1697 1602 Georgium
1730 1575 1800 1594 anno
1821 1567 1875 1595 356

248 1616 378 1642 intrusum
391 1615 472 1650 fuisse
483 1623 492 1642 :
503 1623 612 1649 cumque
622 1623 654 1642 ea:
671 1622 779 1642 numero
793 1615 820 1647 7,
832 1619 860 1641 ut
868 1614 926 1649 jam
943 1613 1071 1646 diximus,
1085 1613 1322 1648 exploratissimum
1333 1613 1368 1640 sit
1383 1615 1506 1648 scriptam
1523 1614 1604 1648 fuisse
1617 1614 1711 1640 hancce
1726 1612 1875 1647 epistolamv

248 1671 307 1689 cum
324 1662 439 1688 nondum
457 1662 542 1689 sedem
556 1661 722 1688 Alexandria!
737 1661 863 1696 Georgius
881 1665 1029 1695 occuparet,
1043 1660 1088 1688 sed
1104 1668 1164 1688 eum
1183 1661 1253 1688 breui
1270 1661 1297 1688 in
1311 1669 1369 1689 eam
1384 1666 1449 1688 esset
1465 1660 1614 1694 invasurus,
1631 1661 1765 1695 latendum
1785 1668 1876 1687 neces-

248 1710 320 1737 serio
335 1715 372 1737 est
389 1710 462 1736 illam
478 1709 526 1736 hoc
539 1710 594 1744 ipso
605 1717 674 1736 anno
687 1708 740 1736 556
751 1717 806 1736 esse
818 1709 996 1743 compositam.

283 1755 328 1783 IV.
351 1755 412 1783 Non
433 1756 542 1783 dubium
555 1762 641 1783 autem
659 1748 853 1791 quin'errandi
875 1764 956 1782 causa
976 1754 1092 1782 Baronio
1111 1755 1191 1790 fuerit
1208 1755 1263 1783 hac
1287 1754 1389 1782 Nannii
1407 1755 1490 1782 versio
1506 1763 1516 1782 :
1537 1755 1578 1783 Illi
1599 1754 1760 1791 (Meletiani)
1777 1754 1876 1782 abhinc

249 1809 312 1831 ante
325 1804 579 1839 quinquagesimum
595 1804 719 1839 quintum
737 1811 836 1830 annum
857 1803 1024 1831 schismatici
1047 1803 1109 1831 lacti
1127 1808 1206 1831 sunt:
1223 1803 1267 1831 isti
1286 1803 1401 1839 (Ariani)
1419 1810 1484 1831 vero
1503 1808 1566 1833 ante
1586 1803 1754 1838 trigesimum
1768 1807 1873 1830 sextum

249 1857 347 1877 annum
363 1849 482 1877 haeretici
498 1849 637 1883 declarati,
653 1854 679 1877 et
693 1850 727 1876 ab
744 1849 862 1876 Ecclesia
877 1849 1003 1882 submoti,
1022 1849 1101 1884 idque
1121 1850 1222 1884 judicio
1241 1849 1337 1885 synodi
1355 1850 1525 1877 universalis.
1542 1847 1584 1876 Ea:
1598 1851 1639 1876 Itis
1660 1850 1728 1876 enim
1744 1849 1874 1877 concludit

248 1895 379 1923 Beronius
394 1895 502 1930 triginta
518 1903 565 1922 sea;
576 1895 659 1930 fuisse
676 1903 759 1922 annos
772 1903 789 1921 ιι
804 1895 916 1922 concilio
937 1893 1060 1927 Nicteno,
1074 1903 1133 1921 cunt
1153 1896 1204 1922 ista
1219 1896 1342 1922 scriberet
1360 1895 1520 1922 Athanasius
1531 1914 1538 1928 ,
1553 1903 1584 1922 ac
1600 1895 1711 1929 proinde
1734 1896 1801 1921 hanc
1820 1895 1874 1929 epi-

248 1944 342 1971 stolam
357 1952 412 1971 esse
428 1944 491 1970 anni
515 1943 578 1971 561.
600 1943 696 1970 Verum
715 1944 782 1970 hunc
800 1943 886 1970 locum
906 1951 955 1978 par
967 1948 1004 1970 est
1018 1944 1056 1970 ita
1072 1943 1241 1978 distinguere,
1255 1948 1283 1970 ut
1304 1943 1419 1975 verbum,
1437 1943 1646 1978 ἀπεδείχθησαν,
1660 1948 1723 1970 sunt
1735 1942 1873 1975 declarati,

248 1991 282 2017 ad
297 1990 476 2017 Alexandrum
496 1990 702 2017 Alexandrinum
725 1990 868 2024 referatur,
898 1991 944 2025 qui
969 1991 1094 2017 nimirum
1117 1991 1143 2017 in
1166 1990 1266 2026 synodo
1283 1991 1464 2018 Alexandrina
1485 1991 1578 2017 Arium
1604 1990 1755 2018 litereticum
1773 1991 1873 2025 primus

248 2036 515 2069 decleravit;ceetera
539 2041 624 2063 autem
639 2043 696 2071 qua:
716 2040 860 2070 sequuntur
880 2036 1000 2063 Nicwna:
1018 2036 1200 2063 attribuantur
1222 2036 1332 2072 synodo.
1352 2035 1397 2064 Sic
1417 2045 1507 2072 nempe
1526 2045 1598 2063 num.
1623 2036 1657 2063 12
1673 2042 1697 2063 et
1730 2036 1764 2064 15
1793 2035 1873 2062 Arius

248 2083 422 2116 blasphemiae
436 2083 570 2118 proferens
591 2084 687 2110 dicitur
709 2083 849 2110 htereticus
867 2083 1017 2111 declaratus
1033 2091 1045 2111 e

1076 2092 1089 2111 e
1104 2084 1136 2110 ab
1154 2084 1321 2117 Alexandro,
1336 2085 1473 2120 αἱρετικδς
1492 2084 1650 2120 ἀπεδείχθη.
1666 2084 1793 2112 Oratione
1813 2085 1872 2111 item

247 2129 333 2163 prima
359 2134 449 2156 contra
474 2129 587 2156 Arianos
610 2137 683 2156 num.
701 2129 838 2156 5sanctus
850 2130 948 2164 praesul
972 2135 1093 2163 testatur,
1109 2136 1246 2166 postquam
1269 2131 1301 2158 ab
1321 2130 1474 2158 Alexandro
1497 2131 1638 2158 damnatus
1661 2130 1740 2158 Arius
1756 2136 1805 2164 est,
1816 2131 1873 2165 ejus

247 2174 362 2202 esseclas
377 2183 430 2202 non
442 2176 555 2210 amplius
569 2174 732 2202 Christianos
750 2175 832 2209 fuisse
849 2175 1008 2210 appellatos,
1023 2176 1068 2213 sed
1083 2177 1208 2204 Arianos.

284 2221 317 2249 V.
338 2221 424 2248 Porro
436 2222 484 2248 hoc
499 2226 537 2248 est
548 2222 664 2256 epistola:
684 2229 877 2256 argumentum.
891 2221 921 2250 S.
937 2224 1100 2250 Athanasius
1112 2225 1246 2258 episcopos
1260 2223 1371 2260 Egypti
1381 2229 1406 2251 et
1424 2224 1510 2260 Libym
1524 2226 1685 2252 vehementer
1703 2224 1830 2257 obsecrat,
1844 2228 1873 2250 ut

247 2267 408 2294 Arianorum
425 2267 561 2293 conatibus
573 2270 598 2293 et
612 2266 753 2301 fraudibus
772 2267 934 2294 ualidissime
949 2269 1114 2303 animoseque
1128 2269 1269 2302 obsistunt,
1288 2270 1433 2303 prmertim
1450 2279 1510 2298 cum
1531 2272 1644 2298 audierit
1665 2270 1767 2305 aliquos
1776 2278 1809 2297 ea:
1820 2270 1873 2297 illis

247 2312 326 2340 simul
338 2313 497 2345 convenisse,
515 2318 542 2339 ut
558 2313 590 2339 de
603 2313 654 2347 [ide
670 2313 821 2346 scriberent,
835 2321 865 2340 eo
881 2314 969 2341 animo
986 2319 1013 2341 ut
1026 2314 1060 2341 ad
1080 2314 1150 2350 ipsos
1172 2315 1302 2342 mitterent
1318 2315 1432 2348 litteras,
1444 2316 1538 2351 quibus
1552 2317 1575 2343 si
1597 2316 1688 2343 vellent
1699 2316 1870 2347 subscribere,

246 2358 330 2384 securi
344 2358 486 2400 degerent;
505 2358 547 2398 sin
565 2358 691 2385 auderent
714 2359 909 2391 contradicere,
923 2359 1090 2388 mitterentur
1110 2361 1137 2388 in
1156 2361 1288 2388 exsilium.
1306 2362 1466 2389 Arianorum
1491 2363 1551 2389 item
1570 2361 1634 2389 mire
1650 2362 1766 2396 exagitat
1782 2361 1873 2388 incon.

245 2404 380 2436 stantiam,
396 2405 441 2439 qui
459 2405 557 2431 scilicet
581 2404 691 2439 singulis
711 2405 787 2432 annis
812 2406 999 2434 conveniebant
1014 2412 1042 2434 ut
1060 2408 1092 2435 de
1115 2408 1168 2442 [ide
1188 2409 1374 2442 decernerent,
1388 2410 1487 2445 ipsique
1506 2409 1677 2437 nihilominus
1689 2417 1720 2436 ea
1740 2409 1873 2436 rescinde-

247 2451 309 2476 bent
323 2457 383 2484 quia
396 2455 473 2476 antea
489 2449 655 2484 deﬁnierunt.
678 2449 767 2477 Variis
781 2459 884 2486 quoque
905 2453 1067 2486 argumentis
1082 2454 1242 2488 impietatem
1262 2456 1412 2482 eorumdem
1427 2463 1527 2482 necnon
1545 2455 1757 2486 Meletianorum,
1768 2455 1873 2482 dolum-

245 2503 295 2530 que
308 2503 340 2522 ac
355 2495 406 2522 vim
423 2496 514 2529 retegit
528 2503 559 2522 ac
572 2496 684 2530 repellit.
702 2495 792 2524 Mouet
809 2497 916 2532 insuper
929 2499 1072 2525 cavendum
1089 2500 1205 2526 maxime
1218 2507 1275 2526 esse
1294 2500 1327 2527 ab
1341 2500 1447 2528 illorum
1466 2501 1582 2535 scriptis,
1595 2509 1653 2536 qua
1674 2501 1773 2528 idcirco
1788 2501 1871 2528 verbis

247 2541 394 2575 Scripturte
403 2540 521 2568 solebant
541 2549 680 2576 exornare,
696 2550 746 2577 quo
767 2542 874 2578 [acilius
889 2543 1013 2571 incautos
1026 2543 1186 2579 deciperent.
1208 2545 1296 2574 Paulo
1313 2552 1373 2574 ante
1388 2547 1478 2582 ﬁnem,
1490 2552 1599 2574 mortem
1621 2547 1678 2574 Arii
1693 2552 1821 2575 enarrat:
1840 2555 1872 2574 ac

247 2593 378 2621 postremo
395 2590 490 2616 ardore
503 2597 560 2617 uere
573 2589 717 2624 apostolico
733 2589 794 2617 illos
805 2591 938 2624 episcopos
957 2592 992 2618 ad
1004 2592 1128 2619 invictam
1143 2593 1226 2620 animi
1235 2593 1417 2628 fortitudinem
1437 2595 1568 2629 hortatur,
1579 2600 1603 2623 et
1615 2596 1651 2623 ad
1666 2595 1769 2631 quiduis
1784 2597 1873 2631 potius

249 2639 400 2663 constanter
421 2636 599 2671 tolerandum,
612 2645 691 2673 quam
708 2642 737 2664 ut
753 2645 769 2665 a
787 2635 899 2665 Nicama
915 2638 968 2672 [ide
983 2644 1008 2666 et
1022 2639 1129 2667 veritate
1144 2642 1332 2676 propugnanda
1346 2642 1483 2670 desistant.
