2018 3048
148 163 199 190 διε

547 158 714 188 EPISTOLA
734 159 780 186 AD
797 159 984 188 EPISCOPOS
1003 159 1142 188 EGYPTI
1160 159 1203 187 ET
1222 157 1348 186 LIBYIE.

1712 159 1764 187 5ίῦ

147 221 267 255 γέγονεν,
291 217 328 248 οὗ
354 219 607 254 προεπηγγείλατο
625 219 674 245 διὰ
695 218 755 245 τῶν
773 218 932 253 προφητῶν

987 218 1144 246 admittere?
1171 218 1302 245 Nimirum
1327 216 1427 243 Paulus
1450 215 1538 243 lactus
1560 219 1603 244 est
1626 217 1764 249 apostolus

146 266 239 293 αὐτοῦ
254 266 288 292 ἐν
302 265 434 300 Γραφαῖς
444 266 549 300 ἁγίαις.
572 265 601 291 '0
619 265 648 291 δὲ
663 264 763 300 Κύριος
779 265 859 296 αὐτὸς
873 264 930 290 ἔλε-

147 319 210 345 γεν·
228 309 380 344 Ὲρευνὰτε
397 309 450 342 τὰς
468 309 591 344 Γραφὰς
608 309 673 345 (52),
689 309 734 335 ὅτι
754 309 842 336 αὐταί
853 310 932 336 εἰσιν

147 354 389 389 αἱμαρτῳοῦσαι
401 353 467 388 περὶ
487 353 569 388 ἐμοῦ.
588 354 650 386 Πῶς
669 351 716 380 οὖν
736 354 932 390 ὁμολογήσουσι

147 401 193 427 τδν
207 399 318 436 Κύριον,
347 400 385 436 μὴ
405 398 622 436 προερευνῶντες
637 400 693 435 (55)
709 399 759 432 τὰς
772 401 836 436 περὶ
848 400 932 427 αὑτοῦ

149 445 277 481 Γραφάς;
297 445 345 471 Ὃν
359 444 413 480 γὰρ
425 444 527 480 ἔγραψε
548 445 668 480 Μωῡσῆς
682 445 729 471 καὶ
741 445 766 472 oi
782 445 931 480 προφῆται,

148 491 242 518 τοῦτον
263 491 408 526 εὑρηκέναι
434 490 557 525 λέγουσιν
582 491 606 517 οι
633 490 762 526 μαθηταί.
782 491 814 517 Τί
837 491 865 517 δὲ
886 491 933 517 καὶ

149 535 338 566 Σαδδουκαίοις
351 535 366 561 6
380 534 460 570 νόμος
475 534 512 570 μὴ
523 535 678 570 δεχομένοις
695 536 758 567 τοὺς
773 536 932 571 προφήταςς

155 581 184 608 '0
200 581 254 617 γὰρ
270 581 316 608 τὸν
338 581 419 616 νόμον
434 580 557 613 δεδωκὼς
572 580 648 613 Θεὸς,
670 581 751 612 αὐτὸς
771 582 888 618 ἐγείρειν
904 583 934 609 ἑν

149 627 188 663 τῷ
201 627 275 662 νόμῳ
286 626 333 653 καὶ
348 627 488 662 προφήτας
503 627 695 662 ἐπηγγείλατο,
709 626 780 654 ὥστε
792 627 838 654 τὸν
852 628 933 655 αὐτὸν

151 670 219 699 εἶναι
233 672 335 708 Κύριον
356 672 403 699 τοῦ
426 681 457 699 τε
478 672 560 708 νόμου
576 673 624 699 καὶ
637 672 691 699 τῶν
706 673 862 708 προφητῶν,
887 674 934 700 κα)⁵

150 717 196 743 τὸν
209 718 375 753 ἀρνούμενον
386 717 498 753 Θάτερον
513 718 601 745 αὐτῶν
611 718 748 754 ἀρνεῖσθαι
767 719 874 751 πάντως
887 719 934 745 καὶ

150 763 181 789 τὸ
199 763 301 798 ἕτερον.
313 763 345 789 Τί
359 763 387 790 δὲ
408 765 454 790 καὶ
474 764 608 796 Ἰουδαίοις
623 764 716 791 λοιπὸν
729 765 746 800 ἡ
761 764 877 797 Παλαιὰ,
896 764 934 800 μὴ

151 809 319 844 ἐπεγνωκόσι
343 810 389 836 τὸν
414 810 443 843 ἐξ
465 811 550 846 αὐτῆς
570 811 793 846 προσδοκώμενον
814 810 933 847 Κύριον;

151 856 182 882 El
198 856 252 892 γὰρ
273 856 414 883 ἐπίστευον
429 858 486 889 τοῖς
509 857 647 889 Μωῡσέως
674 857 845 893 γράμμασιν,
872 856 934 883 ἐπί-

983 265 1121 299 Evangelii
1147 264 1204 296 Dei,
1219 264 1288 299 quod
1304 268 1366 290 ante
1386 263 1543 297 promiserat
1564 270 1610 296 per
1623 263 1765 298 prophetat

982 316 1043 338 suo:
1064 312 1092 338 in
1109 310 1254 346 Scripturis
1271 310 1370 337 sanctis
1388 309 1409 336 ¹.
1431 309 1490 344 Ipse
1505 315 1614 344 quoque
1635 308 1766 336 Dominus

983 357 1052 385 dixit
1069 365 1078 384 :
1097 357 1259 384 Scrutamini
1275 355 1443 390 Scriptura,
1459 355 1522 389 quia
1541 355 1606 390 ipsa:
1629 359 1689 381 sunt
1706 363 1766 389 qua:

983 403 1162 430 testimonium
1177 403 1311 437 per/libent
1329 401 1363 428 de
1379 409 1420 428 me
1431 402 1452 428 ι.
1467 401 1607 434 Quomodo
1620 400 1700 435 igitur
1712 401 1765 428 Do-

984 450 1086 477 minum
1111 452 1238 483 poterunt
1262 447 1397 480 conﬁteri,
1417 447 1440 474 si
1462 453 1522 481 quat
1546 446 1580 473 de
1596 446 1642 473 illo
1665 446 1765 480 scripta

984 499 1047 523 sunt
1061 502 1115 522 non
1132 495 1208 530 prius
1219 494 1394 522 scrutentur?
1407 493 1476 521 Nam
1498 493 1532 520 de
1545 499 1599 526 quo
1619 491 1724 526 Moyses
1738 496 1767 518 et

984 541 1122 577 prophetae
1143 541 1328 575 scripserunt,
1349 547 1411 567 eum
1431 546 1461 567 se
1482 539 1616 566 invenisse
1634 537 1768 563 alllrrnant

984 586 1109 622 discipuli
1121 586 1142 613 ³.
1156 586 1224 620 Quid
1241 586 1322 614 etiam
1338 585 1423 620 legem
1436 583 1767 617 Sadducatiretinent,qtu

985 631 1035 666 ipsi
1052 631 1196 667 prophetas
1210 631 1371 666 repudiarit?
1385 631 1454 658 Deus
1469 630 1541 658 enim
1556 630 1602 665 qui
1619 629 1705 664 legem
1720 628 1769 655 dc-

986 678 1035 710 dit,
1052 678 1109 712 ipse
1124 684 1153 704 se
1170 678 1196 704 in
1212 677 1270 712 lege
1283 678 1429 712 prophetas
1439 677 1620 704 excitaturum
1632 679 1674 702 est
1688 674 1768 709 polli-

985 723 1065 756 citus,
1084 723 1120 751 ita
1134 728 1163 750 ut
1179 723 1235 758 ipse
1248 728 1275 750 et
1290 723 1357 759 legis
1376 727 1405 750 et
1417 722 1608 758 prophetarum
1627 721 1663 748 sit
1678 719 1769 748 Domi-

986 777 1047 801 nus,
1062 774 1142 804 atque
1156 769 1224 796 adeo
1237 769 1283 804 qui
1297 770 1393 797 borum
1405 776 1489 795 unum
1504 767 1639 805 reiecerit.
1653 767 1768 793 alterunt

985 821 1094 848 quoque
1113 813 1228 849 rejicere
1239 820 1352 841 necesse
1365 813 1411 841 sit.
1424 813 1493 846 Quid
1509 813 1572 840 item
1584 812 1684 840 ludatis
1695 817 1770 838 cmo-

986 859 1098 888 lumenti
1118 860 1205 894 possit
1220 867 1281 887 esse
1293 859 1375 887 Vetus
1388 859 1601 891 Testamentum,
1617 858 1664 893 qui
1678 857 1770 885 Domi-

153 910 267 929 στευσαν
281 902 314 929 ἂν
327 903 384 934 τοῖς
399 902 447 929 τοῦ
457 902 559 938 Κυρίου
576 903 689 939 ῥήμασι.
706 903 775 936 Περὶ
788 903 842 937 γὰρ
852 901 935 936 ἐμοῦ,

988 913 1064 937 num,
1077 905 1154 940 cujus
1167 907 1299 933 adventus
1316 905 1342 932 in
1355 912 1389 932 eo
1402 905 1568 940 praedicitur,
1582 911 1634 931 non
1652 910 1770 938 agnove-

151 947 244 983 φησὶν,
263 947 377 981 ἐκεῖνος
391 948 513 984 ἔγραψε.
529 949 561 975 Τί
575 949 603 975 δὲ
617 949 663 975 καὶ
676 949 715 983 τῷ
728 949 880 984 Σαμοσατεί
901 948 936 974 τὰ

151 993 205 1020 τῶν
216 993 342 1029 Γραφῶν,
357 994 515 1030 ἀρνουμένῳ
526 995 570 1022 τὸν
581 993 628 1021 τοῦ
643 993 709 1020 Θεοῦ
723 994 819 1028 Λόγον,
831 994 878 1020 καὶ
887 993 936 1029 τὴν

152 1038 182 1070 ἐξ
201 1039 364 1076 ἀμφοτέρων
379 1040 429 1076 τῆς
454 1049 484 1067 τε
507 1040 627 1072 Παλαιᾶς
639 1040 686 1066 καὶ
710 1039 814 1074 Καινῆς
837 1039 935 1074 Διαθή-

152 1093 203 1120 κης
226 1085 282 1120 (54)
312 1086 513 1122 σημαινομένην
532 1086 579 1112 καὶ
602 1084 779 1121 δεικνυμένην
804 1084 936 1120 ένσαρκον

151 1130 198 1157 τοῦ
215 1131 301 1166 Λόγου
316 1131 487 1168 παρουσίαν;
504 1131 537 1158 Τί
555 1131 583 1158 δὲ
599 1131 646 1158 καὶ
666 1133 722 1163 τοῖς
745 1132 894 1167 ’Δρειανοίς
907 1132 936 1157 αἱ

152 1177 269 1215 Γραφαὶ,
284 1179 332 1206 καὶ
341 1178 368 1206 τί
382 1179 483 1211 ταύτας
496 1175 568 1206 οὗτοι
589 1178 780 1215 προφέρουσιν,
799 1177 936 1213 ἄνθρωποι

151 1224 254 1260 κτίσμα
268 1225 391 1260 λέγοντες
407 1223 475 1252 εἶναι
490 1225 535 1252 τὸν
545 1224 613 1252 Θεοῦ
624 1225 719 1259 Λόγον,
731 1224 778 1251 καὶ
788 1224 826 1255 ὡς
835 1223 867 1250 ἂν
880 1223 935 1258 (55)

154 1270 292 1305 Ἕλληνες,
315 1270 490 1306 λατρεύοντες
505 1272 539 1306 τῇ
558 1271 646 1297 κτίσει
663 1270 737 1306 παρὰ
751 1269 797 1296 τὸν
807 1269 936 1296 κτίσαντα

151 1315 235 1349 Θεόν;
254 1316 324 1352 Πρὸς
338 1316 387 1351 μὲν
404 1316 457 1352 γάρ
469 1316 518 1351 τὴν
533 1316 601 1343 [δίαν
618 1316 666 1351 τῆς
679 1315 799 1346 ἐπινοίας
810 1314 937 1341 ἀσέϐειαν

152 1361 255 1397 ἑκάστη
267 1361 370 1389 τούτων
383 1362 438 1388 τῶν
453 1362 585 1398 αἱρέσεων
601 1361 678 1388 οὐδὲν
698 1361 786 1388 κοινὸν
799 1361 856 1396 ἔχει
870 1360 937 1397 πρὸς

151 1407 201 1439 τὰς
217 1407 326 1443 Γραφάς
337 1417 344 1423 ·
362 1407 497 1435 καὶτοῦτο
510 1408 584 1435 ῐσασι
600 1408 648 1435 καὶ
662 1408 686 1435 οἱ
703 1408 738 1435 τὰ
758 1408 860 1435 τούτων
874 1416 938 1444 πρε-

152 1451 345 1485 σϐεύοντες,ὄτι
352 1454 429 1484 πολὺ.
435 1454 534 1490 μᾶλλον
540 1455 568 1481 δὲ
577 1454 606 1481 τὺ
614 1454 670 1490 (56)
676 1454 735 1481 ὅλον
742 1455 810 1481 είσὶν
818 1454 937 1482 ἐναντίαι

151 1500 220 1534 πρὸς
233 1498 264 1525 τὺ
280 1500 396 1536 ἑκάστης
408 1500 519 1527 ἐκείνων
537 1501 663 1537 φρόνημα
673 1510 680 1516 ·
695 1501 803 1537 ἀπάτης
816 1501 844 1527 δὲ
857 1501 937 1536 χάριν

151 1543 205 1570 τῶν
220 1544 420 1581 ἁπλουστέρων,
444 1543 494 1572 οἶοί
517 1547 570 1573 εἰσι
589 1547 652 1582 περὶ
669 1544 706 1574 ὧν
721 1548 751 1574 ἐν
773 1547 936 1583 Παροιμίαις

151 1589 321 1625 γέγραπται·
345 1591 475 1624 Ἀκακος
493 1592 628 1618 πιστεύει
650 1592 740 1618 παντὶ
757 1593 852 1627 λόγον
869 1600 935 1627 σχη-

136 1645 137 1649 η
153 1635 311 1670 ματίςονται
329 1635 443 1671 μελετᾷν
464 1636 511 1662 καὶ
530 1636 619 1670 λέγειν
633 1636 682 1668 τὰς
696 1637 793 1670 λέξεις,
810 1637 872 1670 ὡςδ
883 1647 937 1665 πα-

151 1679 204 1715 τὴρ
216 1680 305 1706 αὐτῶν
319 1680 441 1712 διάϐολος
463 1681 530 1715 (57),
548 1681 590 1708 ἵνα
604 1683 636 1708 ὲκ
649 1681 703 1708 τῶν
717 1682 815 1715 λέξεων
827 1683 938 1715 δόξωσιν

151 1725 231 1761 ὀρθὸν
243 1725 314 1760 ἔχειν
325 1726 372 1752 καὶ
380 1726 410 1752 τὸ
420 1726 557 1762 φρόνημα.
571 1727 618 1761 καὶ
630 1727 723 1754 λοιπὸν
738 1728 852 1755 πείσωσι
862 1729 937 1765 παρὰ

152 1770 201 1802 τὰς
208 1770 318 1806 Γραφάς
324 1773 430 1806 φρονεῖν
438 1772 500 1803 τοὺς
508 1772 696 1808 ταλαιπώρους
703 1773 751 1800 ἀνθ
756 1773 861 1808 ρώπους
869 1774 936 1810 (58).

159 1815 266 1850 Ἀμέλει
283 1817 312 1842 έν
333 1816 512 1857 ἑκάστῃδτῶν
526 1818 658 1853 αἱρέσεων
678 1818 748 1845 οὕτω
769 1819 938 1854 σχηματισά-

154 1868 233 1895 μενος
247 1861 389 1893 όδιάϐολος
398 1862 464 1897 (59),
479 1863 564 1895 λέξεις
577 1864 695 1891 ὑπέϐαλε
709 1867 809 1900 μεστὰς
824 1865 940 1901 δολιότη-

153 1915 213 1938 τος·
226 1907 307 1942 [περὶ
333 1907 388 1944 γὰρ
413 1908 516 1935 τούτων
535 1910 550 1935 6
573 1909 675 1946 Κύριος
688 1910 798 1946 εἴρηκεν
816 1911 882 1946 (40),
897 1912 938 1938 ᾶτι

160 1952 388 1987 Ἑγπερθήσονται
412 1955 626 1990 ψευδόχριστοι
654 1956 703 1983 καὶ
727 1957 939 1992 ψευδοπροφῆ-

153 2007 211 2031 ται,
228 1999 305 2027 ὥστε
321 2001 477 2035 πλανῆσαι
491 2003 642 2036 πολλούς’
658 2003 802 2039 τοιγαροῦν
817 2004 832 2030 6
846 2003 937 2030 διάϐο-

154 2045 199 2077 λος
215 2043 289 2081 ἦλθε,
307 2047 393 2080 λέγων
409 2047 442 2074 δι’
459 2048 593 2083 ἑκάστηςε
619 2048 689 2083 Ἐγώ
703 2051 760 2085 είμι
775 2050 789 2076 6
802 2050 937 2085 Χριστὸς,

155 2092 201 2118 καὶ
214 2093 278 2128 παρ’
293 2093 353 2128 ἐμοὶ
369 2093 400 2120 τὸ
422 2093 521 2128 ἀληθές
542 2095 618 2120 ἐστι·
635 2095 683 2122 καὶ
703 2095 792 2127 πάσας
816 2095 869 2130 ἰδίᾳ
891 2095 938 2122 καὶ

155 2140 230 2175 κοινῇ
243 2139 376 2175 πεποίηκε
389 2140 444 2175 (41)
456 2140 601 2175 ψεύδεσθαι
615 2141 629 2167 6
641 2142 820 2177 συκοφάντης.
840 2142 895 2168 Καὶ
908 2141 939 2168 τό

987 956 1050 978 runt
1060 951 1072 978 ἳ
1086 950 1152 978 Nam
1165 951 1188 978 si
1201 951 1303 986 Moysis
1314 951 1424 986 scriptis
1436 951 1592 982 crederent.
1605 949 1695 977 verbis
1706 956 1771 984 quo-

985 1004 1039 1032 que
1057 996 1162 1024 Domini
1183 997 1372 1024 credidissent.
1395 996 1434 1023 De
1452 1005 1494 1023 me
1507 996 1587 1026 enim.
1603 995 1708 1029 inquit,
1725 994 1771 1022 ille

985 1042 1089 1076 scripsit
1101 1041 1123 1069 ⁸.
1139 1041 1207 1074 Quid
1222 1041 1348 1069 similiter
1366 1041 1491 1069 utilitatis
1504 1048 1520 1068 e
1538 1040 1688 1075 Scripturis
1708 1047 1771 1074 per-

986 1088 1070 1122 cipiat
1084 1086 1300 1118 Saniosatensis,
1315 1086 1360 1121 qui
1376 1086 1424 1114 Dei
1439 1087 1556 1114 Verbum
1567 1106 1575 1118 ,
1595 1093 1771 1122 corporeum-

987 1140 1040 1167 que
1059 1132 1119 1166 ejus
1132 1133 1275 1160 adventum
1298 1137 1413 1167 utroque
1429 1132 1512 1168 313
1523 1131 1622 1160 Vetere
1644 1138 1673 1160 et
1695 1131 1771 1159 Novo

988 1178 1163 1206 Testamento
1181 1179 1364 1214 signiﬁcatum
1381 1186 1413 1206 ac
1435 1179 1582 1206 indicatum
1599 1185 1698 1213 negare
1715 1186 1770 1206 non

986 1224 1115 1252 veretur?
1131 1224 1200 1257 Quid
1218 1224 1332 1258 denique
1356 1224 1472 1252 Arianos
1488 1225 1584 1260 juvant
1603 1224 1772 1260 Scriptum?

986 1269 1051 1304 quid
1073 1269 1126 1305 ipsi
1150 1269 1210 1296 illas
1229 1275 1399 1304 proponunt;
1423 1269 1485 1305 ipsi,
1509 1269 1629 1305 inquam,
1649 1270 1694 1304 qui
1722 1270 1771 1297 Dei

988 1316 1085 1344 Filium
1101 1323 1157 1343 rem
1174 1319 1295 1343 creatam
1309 1322 1371 1343 esse
1386 1315 1562 1348 contendunt,
1576 1320 1605 1343 et
1625 1323 1679 1343 non
1692 1322 1771 1344 secus

987 1369 1021 1390 ac
1038 1361 1170 1397 gentiles,
1187 1361 1225 1389 rei
1242 1366 1341 1389 creata:
1363 1361 1452 1396 potius
1474 1369 1555 1396 quam
1576 1362 1693 1389 creatori
1716 1362 1772 1390 Deo

987 1409 1110 1437 serviunt
1123 1407 1265 1444 ‘?Nempe
1284 1408 1336 1436 illa:
1349 1408 1466 1436 haereses
1483 1409 1510 1436 in
1524 1415 1574 1436 sua
1587 1416 1702 1444 quaeque
1721 1410 1772 1436 im-

989 1455 1091 1490 pietate
1121 1454 1188 1482 nihil
1214 1461 1358 1482 commune
1385 1461 1448 1481 cum
1476 1453 1623 1489 Scripturis
1650 1455 1770 1488 habent;

987 1502 1060 1537 quod
1073 1509 1140 1529 sane
1155 1509 1209 1528 tton
1223 1501 1346 1535 ignorant
1363 1499 1468 1527 illarum
1482 1500 1601 1534 patroni,
1615 1499 1772 1535 Scriptura:

988 1548 1092 1575 scilicet
1106 1547 1259 1582 plurimum.
1271 1547 1324 1573 imo
1336 1553 1401 1573 vero
1414 1545 1520 1580 penitus
1531 1546 1668 1573 adversari
1681 1546 1772 1581 cujus—

989 1600 1042 1627 que
1056 1592 1162 1619 illarum
1178 1591 1309 1618 haeresum
1325 1590 1466 1618 doctrinas.
1482 1589 1535 1624 lpsi
1550 1589 1726 1618 nihilominus
1741 1595 1773 1617 ut

989 1637 1016 1665 in
1031 1637 1152 1664 fraudem
1167 1636 1307 1670 impellant
1326 1635 1507 1670 simpliciores
1517 1654 1525 1667 ,
1548 1635 1642 1669 quales
1654 1635 1693 1662 illi
1708 1639 1773 1662 sunt

991 1684 1025 1711 de
1039 1683 1138 1718 quibus
1149 1682 1176 1709 in
1188 1681 1343 1708 Proverbiis
1357 1681 1488 1716 scripturn
1502 1685 1554 1713 est,
1569 1680 1698 1708 [innocens
1713 1688 1773 1707 ere-

989 1727 1028 1755 dit
1043 1729 1116 1755 omni
1130 1727 1206 1754 verba
1218 1727 1244 1760 ';
1261 1726 1410 1761 Scriptura:
1426 1733 1504 1754 voces
1517 1725 1641 1754 meditari
1653 1730 1681 1754 et
1694 1733 1774 1754 usur-

991 1781 1055 1808 pare
1067 1773 1210 1804 simulant,
1228 1780 1281 1800 non
1295 1771 1375 1798 aliter
1395 1779 1476 1806 quam
1490 1772 1607 1806 ipsarum
1620 1776 1697 1806 pater
1715 1772 1773 1798 dia-

989 1819 1084 1852 bolus,
1104 1823 1134 1846 ut
1152 1818 1256 1846 scilicet
1280 1825 1312 1845 ex
1327 1818 1472 1844 verborum
1492 1824 1559 1844 sono
1578 1822 1652 1844 recte
1671 1817 1773 1845 sentire

967 1874 970 1877 ·
989 1865 1141 1897 videantur,
1163 1863 1312 1898 deindequc
1328 1863 1440 1890 miseros
1456 1859 1578 1890 homines
1594 1863 1724 1890 inducant
1744 1868 1774 1890 ut

989 1911 1136 1939 sententias
1151 1917 1166 1936 a
1181 1908 1331 1944 Scripturis
1353 1907 1456 1935 alienas
1468 1906 1677 1941 amplectantur.
1690 1907 1773 1935 Certo

990 1955 1031 1982 sic
1049 1961 1079 1982 se
1093 1953 1215 1982 diabolus
1236 1953 1263 1980 in
1282 1952 1394 1988 singulis
1414 1951 1563 1979 bseresibus
1576 1951 1703 1979 simulate
1725 1959 1772 1987 ge-

991 2007 1065 2032 rens,
1078 2006 1157 2026 voces
1169 1998 1229 2026 dolo
1239 1997 1333 2032 plenas
1343 1997 1400 2031 ipse
1410 1995 1646 2028 subministravit,
1657 1996 1773 2031 ltiuoqm

992 2045 1030 2073 ait
1042 2045 1171 2072 Dominus
1186 2053 1193 2071 :
1207 2043 1354 2078 Exsurge»!
1365 2041 1555 2077 pseudochristi
1571 2046 1596 2068 et
1610 2041 1772 2076 pseudopro-

991 2091 1089 2126 phctaz,
1100 2091 1137 2116 ita
1157 2094 1185 2116 ut
1209 2088 1285 2116 multi
1299 2089 1327 2115 in
1345 2095 1457 2115 errarem
1473 2087 1633 2114 inducantur
1643 2087 1664 2114 '.
1679 2087 1774 2122 Itaque

992 2137 1066 2164 venit
1085 2135 1218 2169 diabolus,
1232 2141 1259 2162 et
1273 2142 1322 2170 per
1336 2134 1456 2169 singulas
1476 2134 1591 2161 haereses
1605 2134 1672 2161 dixit
1690 2142 1699 2161 :
1717 2133 1774 2169 Ego

191 2216 199 2232 ¹
216 2216 292 2252 Rom.
315 2225 334 2250 ι,
350 2217 378 2244 2.
415 2219 426 2234 ¹
439 2217 516 2246 Joan.
531 2226 558 2252 v,
575 2219 620 2246 59.
657 2218 668 2234 ⁸
679 2217 756 2245 Joan.
771 2225 791 2250 I,
805 2218 850 2245 ιδ.
887 2217 898 2233 ⁸
914 2217 944 2245 J0

987 2236 994 2244 .
1010 2222 1038 2248 ν,
1054 2215 1088 2243 l6
1125 2215 1136 2230 '
1152 2214 1230 2242 Rom.
1252 2221 1272 2246 ι,
1284 2214 1331 2242 25.
1369 2213 1380 2230 ⁶
1403 2213 1482 2241 Prov.
1498 2219 1555 2245 xtv,
1570 2212 1615 2240 15.
1651 2212 1662 2228 ⁷
1677 2211 1772 2240 Matth-

156 2258 230 2283 niv,
241 2251 287 2278 24.

191 2322 304 2358 (52)51(;
315 2321 555 2358 Segtter.Colbc_rE
569 2325 596 2348 et
604 2319 812 2358 'l‘tutrinsAtkalii
825 2324 853 2347 et
861 2320 936 2358 editi,
952 2321 977 2352 Ι)
989 2319 1041 2358 ﬁlii
1054 2324 1169 2358 _vero__et
1190 2320 1254 2347 editi
1270 2319 1301 2346 τό
1319 2319 1456 2347 omittunt.
1474 2317 1511 2344 T6
1523 2324 1638 2352 sequens
1653 2317 1730 2344 abest
1758 2324 1773 2343 ιι

155 2355 297 2393 Ἐρευῗνᾶτε
309 2355 437 2393 τὰςπερὶ
447 2355 657 2393 αὺτοῦ-Γραφᾴς.
669 2355 734 2383 Ibid.
750 2355 937 2393 segu‘erLTau.

158 2389 208 2420 τὶιὶ.
225 2392 320 2420 Jesuit.
332 2389 441 2419 Gobler.
451 2397 477 2418 et
490 2389 631 2418 Felcka
653 2398 734 2418 anon.
750 2389 840 2424 αὐταί.
857 2390 938 2424 Editi,

156 2426 245 2455 αὗται.
271 2427 331 2454 Mox
355 2425 473 2454 Felckm.
498 2426 515 2453 5
529 2433 610 2454 anon.
630 2433 680 2461 pro
701 2425 763 2457 Πῶς
786 2423 844 2458 οὖν,
858 2423 940 2453 habet

158 2463 251 2489 Ὅπως
265 2460 321 2489 οὖν.

192 2471 251 2533 Eg)
260 2471 487 2533 ἲέξυὶιηϐοιῄειζι.
509 2500 537 2523 et
555 2494 937 2533 Τευτίη..ἐρευνῶν-τες.-1111ι1ἔ

157 2529 269 2567 Seguer.
285 2532 396 2567 Taurin.
417 2531 534 2567 (iolbert.
551 2529 775 2567 JesttitLGObler.
792 2529 909 2567 Feb-km.
922 2530 935 2556 1

155 2565 236 2596 anon.
258 2573 287 2594 et
309 2566 352 2593 Fr.
370 2567 395 2598 Ι,
410 2565 459 2596 τὰς
476 2566 540 2600 περὶ
553 2565 635 2601 αὑτοῦ
649 2565 769 2601 Γραφόκ.
785 2565 836 2592 Alii
848 2571 937 2592 autem

156 2609 183 2629 ιιι
197 2603 262 2629 editi
278 2602 406 2628 omittunt
425 2601 488 2629 περὶ
498 2600 591 2628 αὐτοῦ.

193 2637 250 2673 (54)
264 2636 372 2673 Gob_ler.
387 2640 414 2663 et
423 2634 541 2673 Eelrkm.
556 2637 571 2673 l_
585 2643 672 2673 anon;
680 2635 825 2673 Διαρήκης.
841 2634 937 2673 (laetari

155 2678 183 2700 et
198 2669 289 2699 editio
313 2671 535 2700 Contltteliniana.
561 2670 635 2702 θείας
652 2669 773 2706 Γραφῆς.
789 2669 850 2698 Mox
873 2669 936 2704 Seg.

155 2706 203 2734 τοῦ
222 2706 289 2733 Θεοῦ
303 2706 389 2740 Λόγου
400 2706 572 2742 παρουσίαν.

193 2742 249 2778 ('55)
263 2739 376 2778 Seguer.
385 2740 423 2778 tv
435 2739 544 2778 omittit.
559 2740 630 2778 idem
643 2745 670 2768 et
678 2740 788 2778 Gobler.
806 2744 838 2778 et
845 2739 936 2778 Eelclt.

158 2778 169 2802 1
188 2775 270 2805 anon.
295 2775 463 2811 λατρεύουσι.
479 2776 538 2802 Mox
561 2776 640 2802 iidem
667 2775 802 2811 etrlesuit.
818 2775 937 2811 Culbert.

157 2813 270 2839 Taurin.
294 2809 352 2847 τῆς
362 2811 489 2843 ἀσεϐείας
511 2811 642 2838 ἐπίνοιαν.
663 2810 715 2837 Alii
738 2815 765 2838 et
791 2809 867 2842 editi,
887 2810 938 2845 τῆς

156 2847 277 2879 ἐπινοίας
289 2847 425 2873 ἀσέϐειαν.

192 2883 248 2918 (50)
263 2883 308 2910 Sic
324 2883 434 2915 Seguer.
445 2880 564 2908 Colbert.
574 2880 685 2908 Taurin.
702 2880 796 2909 Jesuit.
812 2885 838 2908 et
852 2880 897 2908 Fr.
910 2881 936 2908 1.

315 2929 451 2959 Ρλτιιοι..
476 2928 535 2958 Gn.
560 2929 660 2959 XXV.

989 2353 1107 2381 Felckm.
1126 2355 1142 2382 5
1155 2362 1235 2381 anon.

1025 2389 1082 2424 (57)
1101 2389 1146 2416 Sic
1159 2389 1270 2424 Seguer.
1285 2388 1364 2416 Gobl.
1379 2393 1407 2416 et
1418 2387 1536 2415 Felckm.
1557 2387 1570 2413 1
1587 2393 1668 2414 anon.
1680 2386 1716 2413 At
1729 2386 1774 2413 alii

989 2429 1017 2451 et.
1025 2424 1100 2455 editi,
1116 2424 1130 2450 6
1142 2423 1275 2455 διάϐολος.

1026 2458 1081 2493 (58)
1098 2458 1193 2486 Jesuit.
1209 2460 1286 2486 Culb.
1313 2457 1426 2486 Taurin.
1442 2463 1469 2485 et
1484 2457 1529 2484 Fr.
1546 2457 1558 2483 1
1576 2456 1705 2483 omittunt
1726 2455 1776 2482 ἀν-

990 2492 1126 2520 θοώπουε.

1049 2502 1126 2525 mue.

1009 2501 1139 2563 ρὲξῖυὲίο
1150 2528 1212 2563 Seg.
1225 2527 1300 2554 Collt.
1315 2528 1425 2554 Taurin.
1441 2526 1536 2563 Jesttit.
1547 2525 1636 2563 διε-ι’.
1652 2525 1676 2558 Ι,
1692 2524 1736 2559 qui
1750 2531 1778 2552 et

991 2561 1052 2590 mox
1065 2564 1164 2590 habent
1175 2561 1276 2598 μεστὰς
1283 2563 1444 2598 δολιὰτητος.
1453 2562 1505 2589 Alii
1517 2561 1626 2592 etediti,
1643 2568 1778 2596 σχηματι-

991 2597 1118 2634 ζόμενος,
1130 2603 1169 2630 et,
1177 2597 1251 2634 μετὰ
1265 2597 1425 2634 δολιὸτητος.

1026 2629 1084 2676 (‘0).
1098 2629 1263 2676 ιίεεεὲετυθε
1278 2629 1399 2676 Eiet?“
1413 2636 1478 2676 οἱα-ν
1489 2630 1656 2676 itas???“
1664 2629 1777 2676 ἓῗεέῗξτο

991 2664 1087 2703 desunt
1115 2668 1142 2695 in
1163 2667 1274 2703 Seguer.
1296 2664 1414 2694 Felcknt.
1435 2668 1459 2703 l_
1475 2666 1532 2703 et?
1557 2673 1639 2693 anon.
1664 2664 1775 2703 Taurin.

990 2701 1138 2765 fllJestuit.
1160 2700 1212 2737 qui
1235 2708 1324 2730 tamen
1354 2705 1407 2730 duo
1434 2701 1523 2729 ultitni
1548 2708 1640 2728 vocent
1667 2700 1778 2735 εἴρηκεν

1001 2745 1025 2764 ia
1037 2745 1078 2764 ten
1093 2757 1100 2764 .

1001 2742 1100 2764 tabent.

1027 2772 1084 2807 (41)
1099 2772 1210 2806 Seguer.
1222 2771 1330 2799 Gobler.
1355 2777 1383 2799 et
1400 2771 1519 2807 Felcktrr.
1541 2771 1553 2798 Ι
1572 2777 1655 2807 anon.
1674 2768 1776 2807 ψεύσα-

993 2804 1055 2834 σθαι
1075 2804 1222 2841 πεποίηκε.
1239 2807 1296 2833 Mox
1319 2807 1397 2834 iidem
1414 2813 1475 2834 cum
1497 2805 1618 2841 Taurin.
1635 2809 1662 2831 et
1678 2804 1773 2831 Jesuit.

992 2844 1090 2870 habent
1107 2844 1134 2869 oti
1150 2840 1279 2878 αἱρέσεις.
1295 2842 1347 2869 Sed
1359 2842 1402 2869 alii
1413 2846 1440 2870 ct
1449 2841 1513 2869 editi
1528 2841 1556 2867 αἱ
1567 2840 1694 2868 omittunt

1578 2921 1615 2951 18
