2018 3048
236 140 287 167 547

520 139 549 168 S.
569 141 757 170 ATHANASII
775 142 851 170 OPP.
872 143 964 171 PARS
982 143 1004 171 1.
1025 159 1058 165 --
1078 142 1263 171 IIISTORICA
1281 142 1326 170 ET
1346 142 1558 172 DOGMATICA.

1806 145 1860 173 548

235 207 295 227 sum
315 199 450 233 Christus,
465 206 493 228 et
510 202 580 236 apud
602 210 647 230 me
666 208 706 231 est
722 205 838 238 veritas;
854 210 1021 240 cunctasque

1075 214 1105 240 γε
1120 205 1281 241 παράδοξον,
1296 205 1382 232 πᾶσαι
1397 205 1464 240 πρὸς
1478 203 1578 236 ἑαυτὰς
1594 204 1622 232 al
1640 204 1759 240 αἱρέσεις
1777 205 1862 240 μαχό-

235 253 347 280 prorsus
367 253 427 273 cum
452 249 598 282 separatim
621 254 678 276 tum
707 251 888 278 cormnuniter
910 251 1019 279 mentiri

235 293 323 327 coegit
338 297 491 320 veterator:
513 299 539 321 et
553 295 624 329 quod
644 295 767 330 profecto
780 296 877 324 mirum
893 301 944 330 est,
956 304 1019 324 cum

234 345 329 365 omnes
345 338 463 366 haereses
477 339 607 367 adversus
625 342 730 375 seipsas
751 341 892 374 dimicent,
909 347 938 369 ut
953 350 1020 369 una-

234 392 348 420 quaeque
371 392 402 411 ea
430 392 488 420 quae
511 391 662 414 commenta
689 392 730 414 est
749 391 867 419 tueatur.
887 387 974 415 solum
992 387 1020 414 in

236 425 392 458 mentiendo
411 430 482 458 inter
507 439 537 459 se
562 433 737 460 consentiunt
758 442 765 460 :
784 434 912 460 nimirum
937 441 1021 461 unum

235 483 329 504 omnes
342 482 445 512 patrem
460 477 570 511 habent,
590 479 636 513 qui
655 479 826 506 mendacium
843 479 908 514 ipsis
924 486 1021 514 super-

235 524 376 550 seminavit
389 525 410 550 ⁸.
436 523 519 560 Igitur
533 525 656 559 quisquis
673 525 759 553 ﬁdelis
776 531 818 553 est
833 531 861 554 et
881 525 1021 560 Evangelii

235 569 394 604 discipulus,
405 577 437 597 ac
448 570 519 598 dono
531 571 681 606 spiritualia
693 572 865 600 discernendi
881 572 1020 607 praeditus,

234 615 334 651 quique
351 624 428 643 suam
444 616 505 644 ﬁdei
519 617 628 644 domum
646 618 671 644 in
687 623 763 652 petra
777 618 953 651 aediﬁcavit',
968 622 1023 645 stat

235 661 340 695 ﬁrmus,
362 667 390 690 et
407 666 479 690 tutus
501 663 535 690 ab
556 663 663 690 illorum
682 663 774 691 fraude
798 668 899 691 manet.
917 664 952 690 At
976 663 1021 698 qui

235 708 349 743 simplex
371 713 429 740 est,
445 713 473 735 ut
491 709 561 740 dixi,
578 716 628 736 nec
651 709 730 736 valde
755 710 921 743 instructus;
940 710 962 737 is
987 709 1022 737 ad

235 756 318 782 verba
332 755 464 782 duntaxat
477 755 637 787 attendens,
653 763 704 783 nec
718 762 829 783 sensum
844 755 1021 791 perspiciens,

235 800 378 828 confestim
397 800 585 828 hareticorum
613 801 737 829 artiﬁciis
763 801 920 829 attrahitur.
942 800 1023 834 Quo—

236 846 308 874 circa
325 853 405 873 orare
420 851 448 874 et
461 847 588 874 convenit
607 851 635 875 et
655 855 768 875 necesse
788 852 840 880 est,
856 851 887 874 ut
905 847 1021 883 gratiam

1072 260 1152 287 μεναι
1163 252 1228 288 περὶ
1242 249 1280 279 ὧν
1295 251 1411 278 ἔπλασεν
1425 251 1482 287 (42)
1496 252 1598 287 ἑκάστη
1622 252 1724 283 κακῶν,
1743 252 1771 278 ὲν
1788 252 1862 288 μόνῳ

1069 297 1109 332 τῷ
1124 296 1270 332 ψεύδεσθαι
1287 297 1465 332 συνεδέθησαν
1476 296 1620 332 ἀλλήλαις·
1638 296 1686 322 ἕνα
1703 296 1757 332 γὰρ
1769 296 1861 332 ἔχουσι

1070 343 1177 378 πατέρα
1193 343 1239 370 τδν
1261 343 1363 374 πάσαις
1380 343 1578 379 ἐπισπείραντα
1598 342 1629 368 τὸ
1642 342 1750 377 ψεῦδος.
1768 343 1798 369 '0
1812 343 1861 378 μὲν

1070 387 1117 416 οὖν
1134 389 1230 421 πιστὸς
1245 389 1292 416 καὶ
1308 388 1354 416 τοῦ
1367 388 1535 423 Εὑαγγελίου
1548 388 1682 424 μαθητὴς,
1700 387 1769 423 ἔχων
1782 388 1861 424 χάριν

1070 433 1117 460 τοῦ
1133 434 1188 469 (45)
1204 433 1352 470 διακρίνειν
1370 434 1405 461 τὰ
1420 433 1603 469 πνευματικὰ,
1622 434 1668 460 καὶ
1687 433 1734 460 ἐπὶ
1747 433 1796 469 τὴν
1811 433 1860 459 πέ-

1070 488 1139 515 τραν
1160 481 1340 516 οἰκοδομήσας
1361 481 1458 507 ἑαυτοῦ
1477 481 1526 516 τὴν
1543 481 1592 516 τῆς
1616 481 1733 513 πίστεως
1761 480 1860 511 οὶκίαν,

1070 526 1185 561 ἔστηκεν
1198 526 1303 562 ἑδραῖος
1315 527 1361 553 καὶ
1373 527 1496 563 ἀσφαλὴς
1510 527 1563 554 ἀπὸ
1578 528 1627 563 τῆς
1639 527 1741 554 τούτων
1754 527 1861 562 ἀπάτης

1070 571 1223 607 διαμένων·
1241 573 1256 599 ὁ
1272 572 1301 598 δὲ
1322 572 1435 604 ἁπλοῦς,
1460 573 1498 605 ὡς
1515 574 1644 608 προεῖπον
1660 573 1726 609 (4.1),
1754 574 1802 600 καὶ
1825 573 1862 609 μὴ

1070 617 1236 653 κατηχηοεὶς
1258 618 1386 654 ἰσχυρῶς,
1406 619 1420 645 ὁ
1439 619 1559 651 τοιοῦτος
1574 620 1608 645 τὰ
1625 618 1757 654 λεγόμενα
1783 619 1862 654 μόνον

1073 662 1192 694 σκοπῶν,
1208 663 1255 689 καὶ
1274 662 1310 698 μὴ
1328 662 1378 698 τὴν
1390 663 1508 690 διάνοιαν
1524 662 1643 699 θεωρῶν,
1669 663 1750 694 εὐθὺς
1765 663 1863 689 ὑποσὺ-

1074 716 1149 743 ρεται
1164 710 1224 740 ταῖς
1236 709 1347 735 ἐκείνων
1362 709 1522 744 μεθοδειαις.
1536 709 1586 736 Διὰ
1606 709 1686 736 τοῦτο
1707 708 1788 735 καλόν
1804 710 1863 735 ἐστι

1071 754 1119 780 καὶ
1133 754 1280 788 ἀναγκαῖον
1304 754 1431 790 εῡχεσθαι
1453 755 1601 790 λαμϐάνειν
1615 754 1737 790 χάρισμα
1753 754 1862 790 διακρί-

1073 809 1142 832 σεως
1164 801 1338 836 πνευμάτων,
1366 801 1409 828 ἵνα
1435 801 1550 833 ἕκαστος
1573 800 1696 837 γινώσκῃ
1722 799 1792 827 κατὰ
1815 800 1863 827 τοῦ

1079 847 1202 874 Ἰωάννου
1220 847 1420 882 παραγγελίαν,
1435 847 1512 878 τίνας
1535 847 1584 882 μὲν
1599 845 1762 873 ἀποϐάλλειν
1787 847 1862 881 ὀφεί-

237 892 407 920 tliscernendi
425 893 535 928 spiritus
549 900 759 928 consequamur,
780 898 810 920 ut
824 894 1021 928 unusquisque,

1075 893 1114 920 λει
1128 893 1196 929 (45),
1213 880 1290 925 τίνας
1356 880 1622 929 προσλαμϐάνεσθαι,
1649 893 1687 924 ὡς
1704 893 1797 927 φίλους
1810 880 1864 918 (καὶ

236 939 463 973 quemadmodum
481 944 572 967 monet
586 939 716 973 Joannes,
735 943 893 974 cognoscat,
911 939 1021 974 quinam

237 984 345 1019 quidem
362 983 518 1018 rejiciendi,
536 985 646 1019 quinam
663 992 728 1012 vero
745 989 874 1019 tanquam
896 984 976 1011 amici
995 987 1023 1011 et

236 1029 356 1063 ejusdem
370 1029 433 1057 ﬁdei
444 1034 594 1062 consortes,
607 1029 661 1056 sint
673 1029 845 1057 admittendi.
858 1028 940 1055 Multa
957 1035 1023 1055 sane

236 1075 264 1103 in
286 1077 355 1102 hanc
371 1083 427 1103 rem
450 1075 544 1103 liceret
560 1076 688 1109 scribere,
713 1076 735 1103 si
759 1076 803 1103 cui
827 1075 878 1103 ista
895 1078 1023 1102 accurate

237 1127 357 1149 tractare
370 1127 442 1150 esset
455 1121 570 1149 animus.
588 1121 655 1149 Nam
675 1121 756 1149 facile
771 1120 927 1155 apparebit,
939 1127 1020 1153 quam

236 1167 321 1194 multa
334 1167 462 1202 variaque
474 1167 509 1195 sit
521 1168 652 1195 hmresum
666 1168 790 1202 impietas
803 1175 834 1194 ac
847 1166 1022 1202 perversitas,

237 1220 373 1248 quantque
387 1214 528 1241 metuenda
547 1214 696 1240 fallentium
714 1213 825 1240 astutia.
843 1212 943 1240 Verum
960 1212 1022 1245 quia

237 1260 327 1287 divina
357 1259 495 1295 Scriptura
524 1260 603 1294 longe
630 1259 735 1287 caeteris
750 1260 874 1287 omnibus
901 1262 1022 1294 pmstat,

237 1305 340 1334 ideirco
361 1306 403 1334 his
424 1307 470 1341 qui
490 1306 566 1341 plura
588 1307 639 1334 hac
662 1307 694 1334 de
712 1314 740 1334 re
756 1306 856 1334 habere
876 1304 1022 1336 voluerint,

237 1358 334 1380 auctor
349 1352 406 1387 ipse
425 1360 484 1380 sum
513 1358 542 1379 ut
562 1353 666 1380 divinos
688 1352 773 1380 libros
794 1352 888 1379 sedulo
910 1351 1020 1386 legant:

1062 940 1123 975 ,τῆς
1143 940 1228 975 αὐτῆς
1251 939 1331 971 ϐντας
1354 939 1481 970 πίστεως.
1510 938 1599 966 Πολλὰ
1626 939 1675 974 μὲν
1700 936 1747 965 οὖν
1769 937 1802 965 ἄν
1821 946 1863 968 τις

1050 1013 1065 1020 ,ς
1073 986 1215 1022 γράψειεν,
1233 987 1256 1012 si
1273 985 1394 1021 βούλοιτο
1411 986 1475 1022 περὶ
1490 984 1592 1012 τούτων
1606 984 1842 1021 ὲπεξεργάσασθαι
1855 993 1861 998 ·

1075 1031 1160 1067 πολλὴ
1174 1031 1227 1066 γάρ
1238 1031 1285 1058 καὶ
1302 1031 1410 1066 ποικίλη
1429 1031 1482 1057 τῶν
1503 1031 1634 1066 αἱρέσεων
1649 1032 1665 1067 ὴ
1681 1030 1737 1067 (46)
1754 1030 1865 1057 ἀσέϐεια

1074 1075 1122 1101 καὶ
1137 1075 1154 1110 ή
1166 1075 1356 1110 κακοφροσύνη
1371 1076 1532 1112 φανήσεται,
1549 1076 1596 1103 καὶ
1609 1075 1682 1111 δεινὴ
1706 1075 1765 1102 λίαν
1780 1076 1797 1110 ἡ
1810 1075 1866 1102 τῶν

1075 1120 1243 1149 ἀπατώντων
1263 1121 1426 1156 πανουργία.
1451 1122 1560 1157 Ἐπειδὴ
1588 1122 1618 1148 δὲ
1642 1123 1658 1157 ἡ
1686 1121 1746 1148 θεία
1769 1121 1865 1157 Γραφὴ

1077 1166 1187 1194 πάντων
1202 1167 1276 1194 ἐστὶν
1288 1168 1451 1203 ἱκανωτέρα,
1466 1168 1561 1194 τούτου
1577 1167 1658 1204 χάριν
1672 1170 1729 1200 τοῖς
1744 1168 1866 1204 βουλομέ-

1076 1221 1132 1245 νοις
1147 1212 1180 1239 τὰ
1199 1212 1285 1239 πολλὰ
1301 1213 1365 1249 περὶ
1387 1213 1489 1240 τούτων
1504 1213 1648 1247 γινώσκειν
1662 1213 1867 1248 συμϐουλεύσας

1076 1258 1251 1293 ἐντυγχάνειν
1275 1260 1331 1290 τοῖς
1359 1259 1441 1290 θείοις
1467 1259 1556 1293 λόγοις
1581 1258 1648 1294 (47),
1673 1259 1754 1291 αὐτὸς
1773 1258 1820 1286 νῦν
1836 1259 1868 1285 τὸ

1076 1305 1238 1338 κατεπεῖγον
1255 1304 1408 1331 ἐσπούδασα
1423 1304 1551 1340 δηλῶσαι,
1567 1304 1607 1331 διὸ
1625 1304 1742 1340 μάλιστα
1756 1304 1802 1331 καὶ
1821 1303 1867 1330 οὓ-

1074 1358 1128 1380 τως
1139 1348 1257 1384 ἔγραψα.

237 1407 288 1435 ego
314 1407 378 1428 vero
404 1408 492 1434 nunc,
509 1401 581 1436 quod
605 1401 688 1428 instat
715 1401 855 1436 properavi
880 1400 1017 1432 indicare,
1038 1398 1119 1433 idque
1142 1397 1313 1432 potissimum
1348 1403 1391 1424 me
1423 1396 1529 1431 impulit
1561 1400 1591 1424 ut
1621 1396 1679 1423 haec
1705 1395 1742 1423 ita
1765 1395 1869 1422 scribe-

239 1456 306 1475 rem.

273 1496 300 1522 5.
321 1494 351 1522 In
373 1494 448 1522 hisce
476 1494 632 1529 regionibus
657 1501 831 1522 commorans
846 1493 958 1526 .audivi,
985 1493 1025 1521 uti

1112 1492 1140 1520 5.
1159 1492 1283 1519 Ἤκουσα
1312 1492 1342 1519 ὲν
1369 1492 1425 1523 τοῖς
1454 1491 1549 1528 μέρεσι
1579 1491 1685 1523 τούτοις
1711 1490 1868 1526 διατρίϐων,

238 1541 360 1576 germani
372 1546 398 1568 et
409 1540 552 1568 orthodoxi
567 1540 666 1568 fratres
681 1540 851 1574 nuntiarunt,
870 1540 974 1575 aliquos
992 1547 1027 1568 ex

238 1587 294 1614 Arii
313 1586 490 1614 sectatoribus
511 1585 590 1613 simul
606 1585 775 1616 convenisse,
787 1593 818 1612 ac
830 1585 863 1613 de
875 1586 936 1618 ﬁde,
949 1590 1027 1621 prout

238 1634 393 1665 voluerunt,
407 1632 559 1667 scripsisse,
575 1632 699 1667 vellequc
712 1633 792 1668 217
810 1633 843 1660 ad
857 1641 903 1660 vos
921 1633 1026 1661 litteras

239 1680 359 1711 mittere,
387 1684 417 1705 ut
444 1678 496 1711 vel,
523 1679 750 1713 quemadmodunt
769 1679 835 1714 ipsis
860 1679 956 1713 placet,
977 1685 1025 1706 seu

240 1725 328 1759 potius
350 1729 380 1752 ιιι
394 1724 447 1752 illis
463 1724 596 1760 suggessit
614 1724 748 1756 diabolus,
770 1724 967 1756 subscribatis;
984 1724 1026 1751 vel

240 1770 286 1804 qui
311 1770 515 1803 contradixerit,
540 1769 566 1796 in
596 1770 720 1797 exsiliunt
743 1769 876 1804 ejiciatur.
905 1769 1027 1805 Namque

241 1816 308 1851 ipsis
334 1815 417 1843 etiam
440 1816 575 1851 episcopis
602 1816 732 1843 harumce
755 1817 894 1851 regionum
922 1816 1027 1844 molesti

239 1862 295 1896 jam
310 1869 371 1889 esse
382 1861 514 1896 incipiunt
533 1870 540 1888 :
557 1861 628 1895 quod
644 1862 736 1897 utique
751 1869 840 1889 mores
853 1861 1027 1889 scribentium

243 1907 386 1935 manifeste
417 1907 516 1942 prodit.
534 1907 585 1941 Qui
605 1907 677 1934 enim
702 1908 740 1934 ita
764 1907 895 1941 scribunt,
919 1911 949 1934 ut
967 1915 1028 1935 sua-

278 1990 289 2004 ⁸
304 1988 399 2015 Matth.
416 1995 477 2020 xm,
487 1987 534 2015 25.
573 1987 584 2004 ⁹
598 1987 692 2016 Matth.
708 1996 756 2021 vu,
768 1988 814 2015 ει.

279 2093 336 2129 (12)
346 2093 392 2121 Sic
404 2093 561 2129 Seguer.At
572 2091 683 2120 Taurin.
696 2092 840 2119 ἔπλασσεν.
849 2091 900 2118 Alii
915 2095 942 2118 et
954 2090 1030 2123 editi,

243 2129 464 2201 gxzf5ageguer.
478 2163 601 2201 χάρισμα
615 2163 654 2190 τό.
671 2162 769 2201 Jes_uit_.
783 2161 902 2201 Cglbert.
918 2161 1030 2201 Tam-in.

244 2196 402 2236 χαρίσματοῖ
414 2196 551 2225 τοῦζΜοι
564 2196 690 2233 ’δθςιιεικ
708 2197 785 2225 Coll).
807 2197 917 2224 Tauriu.
933 2196 1028 2237 desuit.

245 2241 271 2262 ct
287 2235 331 2262 Fr.
350 2235 377 2264 1.
391 2235 438 2261 καὶ
451 2235 498 2260 ἐπὶ
512 2233 613 2264 πέτραν
626 2233 818 2264 οἰκοδομήσας,
834 2237 886 2259 etc.
902 2231 954 2258 Alli
967 2238 1030 2258 vero

245 2241 271 2262 et
287 2241 331 2262 I"t‘.
350 2241 377 2266 1,
391 2241 438 2261 καὶ
451 2241 498 2260 επι
512 2241 613 2269 πετραν
626 2241 714 2260 οικοοο
737 2241 818 2268 ησας,
834 2241 886 2259 etc.
902 2241 954 2258 Atti
967 2241 1030 2258 vero

245 2276 272 2296 ut
289 2270 364 2301 editi,
380 2270 427 2296 καί
442 2270 553 2300 omisso,
571 2269 671 2296 habent
683 2242 844 2303 ἐπεί-πέτραν
858 2266 1032 2302 ᾠκοδόμησεν

244 2305 326 2333 αὐτοῦ
343 2305 391 2341 τὴν
405 2306 453 2340 τῆς
469 2304 586 2341 πίστεως
599 2304 696 2341 οξκίαν,
712 2303 760 2341 και
772 2303 898 2341 ἕστηκεν-Ξ

280 2341 336 2376 (44)
353 2337 465 2376 S'eguér.
481 2339 575 2376 ὥσπερ
597 2337 688 2376 εἷπον.
711 2337 819 2376 Gobler.
832 2337 860 2365 et
881 2337 1000 2376 [δε-[σιμῇ.
1016 2337 1029 2364 1

245 2371 332 2404 anon:
353 2371 490 2407 ὡξεῐπον.
517 2371 576 2401 Mo'x
595 2374 707 2409 Seguer.
733 2373 842 2400 Gobler.
863 2371 1031 2409 et_lj‘_elckm.

247 2412 259 2439 1
273 2410 496 2447 attentio-10965.
512 2410 563 2447 Alii
580 2407 669 2447 autem
688 2414 714 2436 et
728 2409 803 2447 editi,
817 2407 960 2447 άσφαλῶς.

279 2446 336 2482 (45)
350 2441 448 2482 Jesiiit'.
460 2441 572 2472 Taurin.
588 2444 705 2482 tiolbert.
716 2443 800 2482 et
814 2443 839 2476 1,
850 2441 950 2482 omisso
958 2441 1032 2477 ὀφεί-

246 2478 297 2513 λεί,
315 2478 417 2509 addunt
439 2481 479 2507 δεῖ
493 2485 553 2514 post
566 2480 694 2511 πίστεως,
714 2485 742 2506 ιιι
756 2480 837 2514 iidem
856 2478 955 2514 habent
970 2485 1031 2505 cum

247 2518 360 2551 Seguer.
373 2516 454 2543 Basil.
474 2513 704 2551 AnglicsGobler.
721 2513 840 2551 Felcltm.
857 2514 870 2540 1
885 2517 911 2540 et
923 2513 939 2539 5
950 2520 1032 2551 anon:

247 2547 302 2586 quo
313 2552 394 2588 etiam
409 2551 487 2588 modo
496 2547 563 2588 ile—git
578 2550 757 2588 0_mnibott_l_ts.
775 2549 827 2588 Alii
843 2555 908 2576 vero
922 2553 950 2588 et
965 2547 1032 2588 editi

248 2582 296 2622 pro
321 2586 439 2619 πίστεως
459 2582 557 2612 habent
574 2585 689 2620 φύσεως.
706 2584 767 2612 Mox
793 2584 905 2618 Seguer.
935 2582 1032 2610 Jesuit.

248 2627 274 2650 et
299 2622 389 2654 Fr..l,
416 2623 440 2648 ει
471 2620 601 2656 βούλοιτο.
636 2620 691 2656 Alﬁ
708 2625 733 2646 et
748 2619 828 2656 editi,
845 2619 878 2656 ᾂν
903 2617 1031 2656 βούλοιτο.

246 2627 274 2650 et
299 2622 389 2654 Fr..l,
416 2623 440 2648 ει
471 2622 601 2656 βούλοιτο.
636 2622 688 2647 Alii
708 2625 733 2646 et
752 2622 828 2653 editi,
845 2622 878 2645 ἂν
903 2622 1031 2653 βούλοιτο.

265 2657 340 2695 ’,(46)
353 2657 398 2684 Sic
412 2657 524 2695 Segue‘r.
535 2656 653 2695 Colbert.
670 2654 784 2695 Taurini.
803 2659 830 2681 et
845 2653 988 2695 Jesuit.'At
1005 2653 1032 2680 in

248 2689 308 2720 aliis
332 2689 363 2720 et
386 2689 467 2720 editis
493 2692 510 2727 ἡ
537 2692 682 2727 omittitur.
700 2689 782 2727 >lbid.
807 2696 857 2727 pro
885 2689 1033 2724 φανήσεται

250 2727 295 2754 ιπτ.
315 2729 340 2753 ί.
362 2727 473 2754 Tauriu.
490 2725 517 2754 et
531 2726 649 2753 Colbert.
665 2725 765 2752 habent
786 2725 920 2759 φαίνεται,
943 2728 970 2759 et
985 2731 1034 2759 pro

249 2761 415 2789 ἁπατώντων
423 2762 532 2797 Anglic.
547 2762 626 2789 habet
640 2757 832 2792 άπαντώντῶν,
847 2764 875 2786 et
886 2757 1004 2797 Felcltui.
1017 2757 1034 2785 5

251 2805 331 2824 anon.
350 2794 488 2824 ἁπάντων.
518 2796 599 2824 Basil.
621 2796 686 2823 item
711 2803 759 2830 pro
783 2794 935 2830 πανουργία
955 2794 1034 2821 habet

252 2840 336 2857 κακου
341 2833 413 2866 ργία.

288 2847 428 2900 (Hirri
449 2871 474 2894 et
490 2866 601 2894 Taurin.
628 2865 736 2899 λογίοις.
756 2847 822 2894 Ibid.
847 2865 958 2900 Seguer.
978 2865 1033 2893 Go-

1081 1537 1190 1572 ἀδελφοὶ
1203 1537 1258 1573 γὰρ
1275 1536 1331 1573 (48)
1353 1539 1460 1572 γνήσιοι
1478 1537 1524 1563 καὶ
1539 1536 1589 1571 τῆς
1604 1535 1688 1571 ὀρθῆς
1701 1535 1780 1569 δόξης
1793 1534 1871 1565 ὅντες

1079 1583 1260 1619 ἀπήγγειλαν,
1270 1583 1307 1615 ὡς
1318 1584 1371 1620 ἄρα
1383 1583 1454 1614 τινὲς
1463 1582 1635 1614 συνελθόντες
1647 1581 1702 1608 τῶν
1709 1580 1743 1608 τὰ
1763 1580 1870 1616 Ἆρείου

1080 1630 1251 1666 φρονούντων
1265 1630 1387 1665 ἔγραψαν
1401 1628 1480 1664 δῆθεν
1497 1629 1562 1665 περὶ
1574 1628 1702 1659 πίστεως,
1717 1627 1756 1658 ὡς
1771 1626 1872 1662 ἠθέλη-

1080 1684 1128 1702 σαν
1150 1675 1215 1712 (49),
1237 1676 1283 1702 καὶ
1299 1675 1420 1702 θέλουσιν
1435 1675 1592 1702 ἀποστεῖλαι
1605 1674 1672 1710 πρὸς
1688 1673 1770 1708 ὑμᾶς,
1787 1673 1831 1699 ἵνα
1852 1673 1870 1707 ἦ

1079 1723 1256 1758 ὑπογράψητε
1269 1722 1341 1749 κατὰ
1355 1722 1386 1749 τὸ
1400 1722 1495 1749 δοκοῦν
1516 1722 1621 1753 αὐτοῖς,
1647 1721 1746 1757 μᾶλλον
1759 1720 1787 1746 δὲ
1801 1719 1872 1746 καθὸ

1079 1769 1240 1796 ἐνέπνευσεν
1253 1771 1344 1802 αὐτοῖς
1356 1771 1370 1796 ὁ
1384 1769 1504 1801 διάϐολος
1517 1769 1583 1804 (50)·
1601 1768 1618 1803 ἣ
1632 1769 1646 1794 ὁ
1657 1767 1803 1801 ἀντιλέγων
1813 1766 1872 1802 (51)

1080 1816 1224 1852 ὑπερόριος
1233 1817 1356 1852 γένηται.
1370 1816 1424 1842 Καὶ
1434 1816 1488 1851 γὰρ
1500 1815 1548 1841 καὶ
1563 1815 1626 1846 τοὺς
1638 1814 1803 1844 ἐπισκόπους
1816 1811 1872 1837 τῶν

1083 1862 1173 1898 μερῶν
1188 1863 1291 1890 τούτων
1309 1862 1360 1898 ἤδη
1371 1862 1486 1897 διοχλεῖν
1498 1861 1553 1897 (52)
1570 1861 1708 1897 ἄρχονται.
1730 1858 1871 1886 Ἐντεῦθεν

1081 1907 1128 1936 οὖν
1145 1910 1160 1936 ὁ
1178 1909 1278 1945 τρόπος
1296 1909 1350 1937 τῶν
1366 1909 1526 1946 γραφόντων
1542 1907 1620 1944 δῆλος
1640 1907 1754 1942 γίνεται.
1770 1907 1802 1932 Ol
1816 1905 1871 1941 γὰρ

1086 2089 1152 2117 bler.
1164 2093 1191 2116 et
1212 2088 1332 2116 Felt-km.
1349 2089 1361 2116 1
1381 2095 1462 2116 anon.
1482 2087 1562 2118 αὐτὸς
1578 2085 1625 2112 νῦν
1641 2085 1681 2112 τό.
1697 2084 1794 2112 Jesuit.
1809 2083 1870 2111 Col-

1085 2125 1153 2168 hert.
1169 2125 1280 2168 Taurin.
1307 2129 1333 2152 et
1349 2123 1395 2151 Fr.
1413 2124 1438 2154 l,
1463 2122 1544 2154 αὐτὸς
1558 2122 1657 2148 τοίνυν.
1677 2121 1747 2148 Editi
1767 2125 1795 2148 et
1812 2121 1868 2153 alii,

1082 2159 1248 2231 T251331?
1265 2195 1356 2231 abest_
1364 2201 1380 2231 ιι
1391 2193 1487 2231 ξειιιιῐιἰ
1501 2193 1627 2231 Colhert_..
1636 2196 1662 2219 et
1676 2190 1868 2231 Taurin._lhid.

1045 2227 1068 2255 D
1083 2225 1195 2265 Se‘gue’r.
1209 2225 1317 2259 Gobler.
1335 2229 1454 2256 Felckm.
1475 2227 1489 2254 1
1507 2236 1589 2256 anon.
1607 2227 1683 2258 ὄντες
1692 2226 1771 2262 δόξης
1785 2225 1869 2261 ὲγνὼ-

1084 2274 1177 2336 ξω(ἲῶ
1191 2300 1238 2328 Sic
1249 2300 1362 2334 Segner.
1375 2299 1473 2336 Jesuit.
1480 2298 1557 2326 Colb.
1569 2297 1679 2336 Tant-in.
1689 2296 1776 2336 Fr._l.
1791 2295 1868 2336 Gohl.

1083 2331 1204 2363 Felckin.
1223 2337 1235 2363 1
1249 2341 1277 2364 et
1287 2331 1310 2364 ’5
1327 2343 1410 2363 anon.
1423 2335 1476 2362 Alii
1489 2341 1554 2361 vero
1567 2339 1596 2360 et
1607 2333 1673 2360 editi
1689 2333 1818 2360 omittunt
1833 2331 1870 2362 ὡς

1082 2371 1227 2406 ἠθέλησαν.
1434 2404 1448 2406 ξ
1469 2404 1483 2406 __
1517 2403 1540 2406 _
1619 2402 1635 2406 _
1658 2402 1683 2406 __
1713 2402 1733 2406 __
1752 2401 1759 2406 _
1805 2402 1812 2406 _

1095 2401 1100 2406 ’
1119 2401 1176 2441 (50')
1187 2406 1231 2434 Sic
1240 2406 1303 2442 Seg.
1312 2404 1505 2447 .Jesuit._Colb_.
1517 2403 1602 2430 Taur.
1615 2402 1694 2443 σθω.
1713 2401 1789 2429 Felc.
1801 2402 1813 2428 1
1825 2409 1870 2428 an.

1083 2445 1111 2468 et
1127 2441 1172 2468 Fr.
1186 2442 1211 2468 1.
1221 2440 1317 2469 Creten
1331 2441 1431 2468 etedtu
1444 2443 1571 2474 omittunt
1586 2438 1695 2474 ﬁrlbtd.
1709 2438 1767 2464 haec
1778 2439 1870 2474 verba.

1082 2477 1153 2504 κατὰ
1163 2476 1194 2503 τὸ
1203 2476 1298 2503 δοκοῦν
1312 2477 1413 2508 αὐτοῖς,
1429 2474 1528 2511 μᾶλλον
1539 2473 1570 2511 δε
1577 2472 1644 2511 καθὸ
1653 2472 1814 2511 ἐνέπνευσεν
1825 2472 1873 2511 αὺτ

1083 2513 1139 2544 τοῖς
1153 2512 1308 2545 ὁδιάϐολος,
1320 2513 1418 2539 desunt
1429 2507 1458 2538 in
1479 2510 1541 2543 Seg.
1558 2507 1654 2537 Jesuit.
1669 2508 1749 2535 Gobi.
1767 2507 1840 2535 Felc.
1856 2509 1869 2534 1

1083 2554 1164 2574 anon.
1179 2547 1297 2574 Culbert.
1313 2551 1341 2574 et
1358 2546 1469 2573 Taurin.

1120 2581 1177 2618 (51)
1194 2582 1305 2617 Seguer.
1319 2582 1430 2610 Gobler.
1453 2585 1481 2608 et
1493 2578 1613 2608 Felcltm.
1630 2578 1644 2605 1
1660 2585 1742 2605 anon.
1759 2577 1776 2612 ἢ
1797 2577 1872 2603 ἀντι-

1083 2617 1172 2652 λέγων
1182 2626 1234 2649 τις.

1120 2653 1177 2689 (5‘2)
1193 2653 1239 2680 Sic
1255 2652 1320 2688 Seg.
1337 2651 1416 2689 Qobl.
1433 2649 1544 2689 et_Felc.
1592 2655 1638 2676 an.
1651 2647 1735 2689 _l-3hditi'3
1749 2646 1874 2689 Kat‘yép

1083 2682 1140 2720 rei;
1154 2682 1314 2719 ἐπισκόποις
1327 2687 1383 2714 τῶν
1409 2686 1500 2722 μερῶν
1525 2684 1627 2722 τούτων
1649 2683 1699 2722 ἢδη
1716 2682 1872 2722 διεωχλεῖν.

1084 2718 1180 2765 δεδῐιίι-
1205 2724 1281 2764 ροιυ-
1297 2718 1324 2765 ἐι
1338 2718 1423 2765 Tal-:1
1435 2718 1489 2765 κει
1503 2721 1558 2765 ee
1568 2763 1570 2765 .
1581 2718 1875 2765 διεξιοῖεὲξξῖξάξιξς

1084 2753 1878 2829 esse:suamtetigi-st':;;.?%§;:rs..‘::

1085 2830 1130 2873 Fr.
1158 2831 1169 2856 1
1187 2823 1285 2857 Iiahent
1309 2828 1478 2864 γραφόντων.
1501 2826 1551 2853 Alii
1579 2832 1645 2852 vero
1666 2828 1694 2851 et
1707 2823 1788 2854 editi,
1808 2831 1880 2858 γρα-

1086 2873 1199 2900 φεντων.
