2018 3048
154 130 206 159 ιιι»

558 130 725 158 EPISTULA
745 131 791 158 AD
811 131 1003 162 EPISCOPOS
1022 135 1161 164 AEGYPTI
1181 136 1225 164 ET
1245 131 1374 165 unum:

1725 135 1779 171 550

153 188 220 214 οὕτω
232 187 393 224 γράφοντες,
409 188 478 215 ὥστε
492 188 522 215 τὺ
536 189 611 221 τέλος
627 189 681 215 τῶν
694 190 868 225 γραμμάτων
882 190 937 226 (55)

990 201 1048 220 rum
1064 194 1213 221 litterarum
1228 195 1289 222 linis
1301 196 1336 223 sit
1349 195 1472 223 exsilium
1490 196 1582 224 aliave
1599 203 1687 232 pcenat
1699 207 1706 225 :
1719 201 1779 234 qui-

152 235 238 261 αὺτῶν
258 235 401 271 ἐξορισμὸν
418 237 464 262 καὶ
487 235 570 268 ἄλλοις
592 236 728 271 τιμωρίας
744 236 828 272 ἔχειν,
852 237 878 263 τί
905 237 939 263 ἂν

151 278 202 307 εἷεν
219 281 245 307 οἱ
267 281 383 308 τοιοῦτοι
405 281 422 316 ἢ
440 282 612 316 Χριστιανῶν
627 282 676 317 μὲν
689 281 834 318 ἀλλότριοι,
851 282 940 309 διαϐό-

151 327 192 353 λου
207 327 236 353 δέ
248 327 294 353 καὶ
308 327 361 353 τῶν
375 328 479 354 ἐκείνου
496 327 630 362 δαιμόνων
647 327 733 362 φίλοι;
761 328 877 364 μάλιστα
889 329 940 361 ὅτι,

153 374 199 400 τοῦ
216 373 424 401 θεοσεὸεστάτου
439 374 494 410 (54)
517 374 648 409 βασιλέως
669 375 858 411 Κωνσταντίρυ
884 375 942 409 φιλ-

152 419 293 455 ανθρώπου
316 420 402 452 οντος,
418 420 493 456 παρά
508 419 620 455 γνώμην
637 420 719 447 αὑτοῦ
745 420 903 456 θρυλλοῦσιν
923 419 942 447 ἃ

151 465 271 492 θέλουσιν
300 466 393 492 αὐτοί·
411 467 459 493 καὶ
479 467 535 501 γὰρ
557 467 604 493 καὶ
626 466 706 493 τοῦτο
733 466 841 493 ποιοῦσι
871 466 940 502 μετά

151 512 248 546 πολλῆς
264 511 315 547 μὲν
328 512 507 547 πανουργίας,
532 512 579 538 δύο
595 512 624 538 δὲ
641 512 742 539 τούτων
762 512 879 548 μάλιστα
895 514 942 549 χά-

152 566 201 592 ριν,
217 557 254 589 ὥς
277 557 309 591 γέ
335 566 379 592 μοι
397 558 540 592 φαίνεται·
559 556 619 590 ἐνὸς
645 558 705 594 μὲν,
731 558 774 585 ἵνα
789 559 846 592 καὶ,
864 560 940 596 ὑμῶν

150 603 373 639 ὑπογραψάντων,
399 603 494 636 δόξωσι
519 604 617 631 παύειν
639 602 689 640 μὲν
703 605 753 641 τὴν
770 605 874 640 Ἀρείου
891 616 941 634 κα-

150 649 297 685 κωνυμίαν,
310 649 450 677 λανθάνειν
467 650 495 676 δὲ
507 650 585 677 αὐτοὶ
598 650 636 682 ὡς
653 650 690 686 μὴ
705 651 739 677 τὰ
756 651 860 687 Ἀρείου
874 661 940 688 φρο-

149 695 255 728 νοῦντες
264 703 270 710 ·
287 696 380 732 ἐτέρου
391 695 419 721 δὲ
431 696 497 731 (55),
516 696 559 722 ἵνα
569 695 656 722 ταῦτα
666 696 829 732 γράφοντες,
843 697 939 731 δόξωσι

150 742 229 768 πάλιν
240 742 422 777 ἐπικρύπτειν
434 743 484 777 τὴν
496 743 525 769 ἐν
540 743 643 778 Νικαίᾳ
655 744 804 779 γενομένην
820 743 939 776 σύνοδον,

149 788 195 815 καὶ
207 788 255 823 τὴν
268 787 424 814 ἐκτεθεῖσαν
439 789 468 815 ἐν
487 789 556 824 αὐτῇ
575 789 646 815 κατὰ
659 789 708 824 τῆς
730 789 873 825 Ἀρειανῆς
885 789 938 826 (56)

149 834 279 870 αἱρέσεως
289 834 389 861 πίστιν.
409 834 489 861 Ἀλλά
503 834 639 861 καὶτοῦτο
655 834 755 870 μᾶλλον
767 835 872 870 ἐλέγχει
887 837 937 862 αὐ-

149 879 200 906 τῶν
216 880 265 916 τὴν
280 879 444 915 κακοήθειαν
460 880 507 906 καὶ
523 880 571 916 τὴν
583 880 760 916 ἑτεροδοξίαν·
774 882 798 907 εί
810 881 864 917 γὰρ
877 881 938 908 ἐπί-
955 875 976 903 Β

150 934 242 952 στευον
269 926 372 962 ὀρθῶς,
397 927 531 963 ἠρκοῦντο
552 928 585 962 τῇ
613 927 642 953 ὲν
667 927 771 963 Νικαίᾳ.
794 928 937 964 ἐκτεθείσῃ

149 971 236 998 πίστει
258 971 333 1007 παρά
348 971 439 1008 πάσης
459 973 508 1008 τῆς
531 973 723 1008 οίκουμενικῆς
741 973 851 1000 συνόδου
864 983 870 989 ·
891 975 938 1001 καὶ

149 1018 172 1043 εί
189 1017 313 1052 ἐνόμιζον
328 1018 442 1049 ἑαυτοὺς
458 1019 685 1052 συκοφαντεῖσθαι
697 1016 744 1045 καὶ¹
761 1019 851 1054 μάτην
864 1019 938 1054 λεγο-

149 1063 244 1098 μένους
261 1063 427 1099 ’Λρειανοὺς,
440 1064 522 1100 ἐχρῆν
536 1064 635 1095 αὐτοὺς
651 1063 706 1099 (57)
725 1063 762 1100 μὴ
778 1064 938 1097 σπουδάζειν

148 1107 320 1135 ἐναλλάττειν
337 1108 370 1134 τὰ
392 1110 462 1136 κατὰ
484 1109 588 1144 Ἀρείου
610 1109 767 1144 γραφέντα,
790 1110 833 1136 ἴνα
849 1109 886 1145 μὴ
900 1108 938 1142 ὡς

149 1155 208 1180 κατ’
224 1154 313 1180 αὐτῶν
375 1154 431 1190 (58)
454 1155 598 1190 ὁρισθέντα
614 1155 648 1181 τὰ
669 1155 729 1182 κατ’
747 1154 851 1182 ἐκείνου
870 1164 939 1191 γρα-

148 1199 241 1233 φέντα.
265 1198 321 1226 Νῦν
337 1199 365 1226 δὲ
382 1199 461 1226 τοῦτο
483 1199 532 1235 μὲν
553 1198 584 1226 οὺ
600 1199 732 1233 ποιοῦσιν,
758 1200 795 1232 ὡς
813 1200 841 1226 δὲ
862 1201 939 1228 αὐτοὶ

147 1244 222 1277 ὄντες
229 1245 336 1281 Ἀρειος
349 1246 419 1281 ὑπὲρ
432 1245 536 1272 ἑαυτῶν
545 1245 734 1281 ἀγωνίζονται.
742 1246 874 1273 Σκοπεῖτε
882 1247 937 1283 (59)

148 1290 201 1326 γὰρ
215 1290 253 1322 ὡς
261 1291 314 1318 οὐκ
329 1291 458 1326 ἀληθείας
473 1291 549 1327 μέλει
565 1291 680 1324 τούτοις,
698 1291 766 1318 ἀλλά
786 1293 875 1319 πάντα
894 1292 938 1319 διά

147 1336 196 1372 τὴν
218 1337 359 1373 Ἀρειανὴν
374 1338 478 1373 αἵρεσιν
500 1338 546 1364 καὶ
562 1338 671 1372 λέγουσι
697 1338 744 1364 καὶ
761 1339 936 1373 πράττουσιν.

148 1383 177 1408 Ol
194 1382 248 1418 γάρ
269 1383 423 1418 τολμῶντες
447 1383 598 1410 διαῦάλλειν
615 1383 650 1410 τὰ
664 1383 754 1415 καλῶς
783 1384 936 1419 ὁρισθέντα,

147 1428 194 1454 καὶ
210 1428 325 1464 γράφειν
339 1429 542 1465 ἐπιχειροῦντες
558 1429 625 1456 ἄλλα
647 1430 711 1465 παρ’
726 1429 829 1462 ἐκεῖνα,
841 1429 867 1456 τί
880 1430 938 1456 ἓτε-

147 1482 193 1510 ρον
208 1474 339 1506 ποιοῦσιν,
356 1475 372 1510 ἢ
390 1475 572 1512 κατηγοροῦσι
588 1476 636 1511 μὲν
651 1475 707 1511 (60)
724 1475 777 1501 τῶν
789 1475 918 1511 Πατέρων
928 1496 936 1508 ,

147 1519 324 1555 προΐστανται
345 1519 372 1546 δὲ
389 1520 437 1556 τῆς
460 1512 604 1557 αἱρέσεως,
622 1520 683 1547 καθ’
698 1518 732 1557 ἦς
746 1521 845 1547 ἐκεῖνοι
862 1521 938 1556 γεγό-

147 1553 208 1593 νασί
223 1575 252 1593 τε
264 1567 311 1593 καὶ
323 1553 498 1602 ἀπεφήναντο
509 1576 515 1599 ;
528 1567 582 1593 Καὶ
597 1567 651 1602 γὰρ
664 1553 715 1593 καὶ.
728 1566 775 1594 νῦν
788 1567 806 1594 ἃ
820 1553 937 1602 γράφου·
948 1553 972 1583 C

146 1620 189 1638 σιν
206 1612 272 1647 (61),
291 1612 341 1638 οὐκ
355 1611 483 1647 ἀληθείας
498 1611 686 1648 φροντίζοντες
702 1613 849 1648 γράφουσι,
864 1612 935 1639 καθά

146 1658 287 1692 προεῖπον,
311 1657 379 1684 ἀλλὰ
403 1657 503 1692 μᾶλλον
522 1657 666 1689 παίζοντες
691 1659 738 1684 καὶ
757 1658 840 1693 τέχνῃ
856 1658 936 1684 τοῦτο

146 1702 298 1735 ποιοῦντες,
325 1703 392 1738 πρὸς
415 1703 522 1739 ἀπάτην
545 1702 600 1729 τῶν
621 1702 784 1738 ἀνθρώπων,
800 1703 834 1729 ἵν’
851 1704 880 1729 ἐν
895 1703 934 1738 τῷ

144 1748 346 1783 διαπέμπεσθαι
357 1748 405 1779 τὰς
415 1748 569 1780 ἐπιστολὰς,
583 1748 631 1780 τὰς
646 1748 695 1784 μὲν
705 1748 760 1774 τῶν
768 1748 839 1775 λαῶν
852 1748 937 1780 ἀκοὰς

144 1793 360 1829 ἀπασχολεῖσοαι
375 1793 429 1829 (62)
444 1794 508 1829 περ).
523 1794 610 1821 ταῦτα
627 1794 772 1829 ποιήσωσι,
784 1793 935 1829 κερδάνωσι

143 1840 173 1867 δὲ
187 1841 233 1867 τὸν
246 1840 340 1876 χρόνον
351 1839 397 1866 τοῦ
417 1840 630 1876 κατηγορεῖσθαι
642 1839 730 1871 αὐτοὶ,
747 1840 794 1866 καὶ
807 1839 936 1871 λαθόντες

144 1886 182 1918 ὡς
193 1886 364 1918 ἀσεϐοῦντες,
379 1885 462 1921 ἐχωσι
479 1886 570 1922 χώραν
583 1887 738 1912 ἐπεκτεῖναι
754 1886 809 1921 (65)
825 1885 874 1921 τὴν
894 1885 936 1912 αἴ-

146 1941 232 1968 ρεσιν,
247 1932 284 1964 ὡς
301 1931 482 1967 γάγγραιναν,
501 1931 615 1966 ἔχουσαν
629 1931 715 1967 νομὴν
729 1931 878 1966 πανταχοῦ.

139 1987 141 1989 ί
181 1976 207 2004 6.
228 1977 320 2003 Πάντα
338 1976 402 2011 γοῦν
418 1976 523 2003 κινοῦσι
540 1976 587 2002 καὶ
604 1976 784 2012 ταράττουσι,
806 1977 853 2002 καὶ
873 1976 935 2002 οὐδὲ

143 2023 216 2050 οὓτω
239 2024 295 2055 τοῖς
321 2023 424 2049 ἑαυτῶν
449 2022 614 2059 ἀρκοῦνται·
640 2022 701 2049 κατ’
726 2022 847 2049 ἐνιαυτὸν
869 2022 934 2057 γὰρ,

143 2070 183 2102 ὡς
206 2070 261 2105 (64)
280 2070 305 2096 οἱ
327 2069 377 2101 τὰς
399 2069 531 2105 διαθήκας
554 2069 720 2105 γράφοντες,
744 2068 935 2105 συνερχόμενοι

144 2116 193 2142 καὶ
206 2116 291 2147 αὐτοὶ,
310 2115 520 2151 προσποιοῦνται
538 2115 602 2150 περὶ
615 2115 733 2146 πίστεως
747 2115 874 2150 γράφειν,
892 2114 935 2141 ἴνα

144 2162 193 2188 καὶ
207 2162 236 2188 ἐν
249 2161 336 2197 τούτῳ
352 2161 456 2196 γέλωτα
474 2161 575 2197 μᾶλλον
595 2160 642 2188 κα)⁸
656 2160 788 2196 αἰσχύνην
806 2161 932 2196 ὀφλήσω-

991 247 1052 266 nam
1071 239 1222 273 hujusmodi
1239 241 1361 268 homines
1375 241 1501 268 censendi
1517 246 1581 268 sunt
1601 250 1682 277 quam
1698 243 1778 271 Chri-

991 285 1138 313 stianorum
1150 286 1262 319 inimici,
1273 286 1351 314 amici
1363 295 1427 315 vero
1439 287 1547 321 diaboli,
1558 287 1669 323 ejusque
1680 289 1780 317 da-mo—
1799 312 1802 315 .

991 339 1064 365 num,
1079 333 1228 367 praesertim
1245 340 1306 359 cum
1317 337 1411 360 contra
1425 338 1540 361 mentem
1550 333 1698 361 Constantii
1714 336 1780 370 piis-

991 378 1050 405 simi
1060 378 1314 412 clernentissimique
1326 379 1508 413 imperatoris,
1522 387 1582 414 qua
1596 379 1661 413 ipsis
1674 380 1780 414 placent

992 424 1108 450 audeant
1129 423 1324 459 promulgare?
1342 425 1418 457 Quod
1440 429 1467 452 et
1489 425 1576 460 ipsum
1593 432 1699 452 summa
1716 433 1778 452 cum

991 470 1135 497 calliditate
1158 470 1272 503 faciunt,
1296 471 1464 505 duabusque,
1485 475 1514 497 ut
1537 471 1601 498 mihi
1618 471 1726 506 quidem
1740 472 1779 498 vi-

991 516 1080 548 detur,
1105 515 1276 550 potissimum
1301 516 1334 543 de
1355 517 1456 544 causis.
1483 515 1575 543 Prima
1591 522 1643 550 est,
1659 523 1689 544 ut
1702 517 1779 545 vobis

991 562 1225 590 subscribentihus
1239 584 1246 595 ,
1263 562 1313 597 ipsi
1331 562 1422 589 infami
1434 563 1490 590 Arii
1509 563 1616 590 nomine
1628 564 1716 591 notari
1732 565 1779 590 de-

991 608 1097 641 sinant,
1123 616 1172 636 nec
1191 616 1253 636 cum
1269 609 1334 636 Ario
1351 609 1453 636 sentire
1468 610 1669 637 existimentur.
1687 610 1778 637 Altera

990 660 1046 687 est,
1063 660 1092 682 ut
1105 656 1142 682 ita
1157 656 1311 688 scribendo,
1334 655 1468 682 Nicaenam
1493 656 1623 690 synodum
1648 660 1674 683 et
1698 656 1777 683 tidem

990 709 1050 736 quae
1063 702 1088 728 in
1104 709 1135 728 ea
1155 701 1285 728 adversus
1300 701 1428 728 Arianam
1449 701 1572 728 haeresim
1587 707 1628 728 est
1643 703 1776 736 exposita,

991 746 1132 773 videantur
1150 746 1309 773 obscurare.
1336 746 1434 773 Verum
1461 746 1487 773 id
1520 747 1602 773 etiam
1628 747 1778 774 evidentius

989 792 1193 826 perversitatem
1223 791 1328 818 illorum
1356 798 1520 826 pravamque
1554 791 1704 818 doctrinam
1733 799 1778 817 ar-

990 839 1046 873 guit
1061 847 1068 865 :
1088 838 1110 865 si
1126 838 1199 865 enim
1225 838 1466 878 recte.credercnt,
1486 837 1547 869 ﬁde,
1562 844 1622 872 qua:
1635 837 1730 864 Nicaea:
1742 838 1777 864 ab

990 884 1114 910 universa
1128 882 1257 918 generali.
1266 882 1370 918 synodo
1391 882 1513 917 exposita
1533 887 1585 914 est,
1604 887 1694 910 essent
1712 890 1778 909 con-

990 930 1066 957 tenti.
1081 929 1212 956 Similiter
1229 929 1250 956 si
1265 936 1315 963 per
1329 928 1492 955 calumniam
1508 932 1535 955 ct
1552 928 1686 955 immerito
1698 929 1777 955 Aria-

989 982 1040 1002 nos
1063 981 1092 1001 se
1107 974 1201 1001 vocari
1223 974 1432 1006 arbitrarentur,
1453 981 1506 1000 non
1531 973 1613 1001 tantis
1634 974 1778 1001 conatibus

989 1019 1184 1048 contenderent
1204 1027 1235 1046 ea
1258 1020 1403 1046 immutare
1418 1027 1478 1054 quae
1495 1025 1589 1046 contra
1603 1019 1698 1046 Arium
1714 1024 1778 1046 sunt

990 1066 1108 1098 decreta,
1125 1073 1158 1092 ne
1174 1065 1300 1091 videlicet
1317 1072 1377 1099 qua:
1394 1064 1420 1091 in
1439 1064 1513 1091 illum
1529 1068 1592 1092 sunt
1609 1064 1729 1097 deﬁnita,
1744 1072 1777 1091 ea

991 1116 1118 1146 tauquam
1134 1112 1264 1139 adversus
1284 1118 1314 1138 se
1337 1111 1441 1138 sancita
1460 1110 1571 1138 iuerint.
1593 1110 1669 1138 Nunc
1685 1115 1777 1138 autem

989 1157 1015 1185 id
1030 1158 1136 1192 quidem
1152 1165 1205 1184 non
1225 1161 1317 1193 agunt,
1343 1157 1390 1184 sed
1412 1157 1490 1192 quasi
1512 1156 1563 1191 ipsi
1577 1157 1658 1184 Arius
1674 1163 1775 1188 essent.

990 1211 1038 1237 pro
1059 1203 1156 1238 seipsis
1175 1208 1306 1238 pugnant.
1332 1202 1401 1229 Nam
1415 1222 1422 1235 ,
1438 1210 1548 1238 quaeso,
1565 1203 1696 1231 attendite
1710 1203 1777 1230 nihil

989 1247 1049 1275 illos
1065 1250 1098 1275 de
1111 1248 1226 1275 veritate
1237 1255 1333 1274 curare
1344 1268 1352 1281 ,
1366 1247 1412 1275 sed
1427 1247 1518 1274 omnia
1532 1247 1640 1274 Arianae
1664 1247 1777 1274 hmresis

989 1292 1190 1326 propugnandaa
1203 1299 1284 1318 causa
1298 1296 1326 1318 et
1338 1291 1430 1318 dicere
1442 1290 1582 1319 etfacere.
1599 1291 1648 1324 Qui
1660 1291 1731 1318 enim
1744 1299 1776 1318 ea

988 1345 1049 1372 quae
1064 1343 1137 1364 recte
1152 1337 1263 1364 deﬁnita
1281 1343 1354 1370 sunt,
1370 1338 1472 1365 audent
1487 1338 1694 1372 reprehendere,
1708 1338 1777 1365 alia-

988 1390 1041 1417 que
1056 1387 1153 1417 praeter
1168 1382 1211 1409 illa
1225 1388 1347 1410 statuere
1367 1387 1513 1415 conantur,
1527 1384 1592 1417 quid
1608 1384 1680 1411 aliud
1692 1389 1777 1419 agunt

988 1436 1069 1463 quam
1087 1428 1158 1463 quod
1174 1427 1268 1455 Patres
1288 1428 1362 1463 ipsos
1379 1434 1519 1462 accusant,
1538 1432 1565 1455 et
1585 1428 1644 1463 ejus
1665 1429 1778 1457 haeresis

988 1474 1167 1509 patrocinium
1183 1474 1344 1509 suscipiunt,
1370 1474 1500 1501 adversus
1522 1481 1602 1509 quam
1629 1474 1666 1501 illi
1691 1479 1776 1501 stetu-

990 1525 1051 1546 ruut
1081 1524 1108 1547 et
1135 1527 1238 1554 alquam
1264 1521 1475 1555 pronuntiarunt
1502 1521 1681 1548 sententiam?
1708 1520 1776 1547 Nam

989 1572 1049 1600 quas
1066 1565 1146 1592 modo
1161 1565 1292 1598 scribunt,
1319 1573 1371 1592 non
1392 1565 1517 1592 veritatis
1534 1565 1640 1597 studio.
1664 1565 1703 1592 uti
1718 1566 1776 1601 jam

989 1610 1057 1643 dixi,
1074 1611 1120 1638 sed
1139 1611 1229 1645 potius
1245 1616 1303 1637 astu
1325 1615 1352 1636 et
1375 1610 1436 1638 dolo
1458 1611 1592 1642 scribunt,
1608 1616 1638 1637 ut
1653 1611 1776 1638 homines

990 1657 1015 1683 in
1038 1664 1158 1683 errarent
1173 1657 1277 1691 possint
1294 1657 1440 1689 inducere,
1457 1660 1488 1683 ut
1503 1657 1610 1683 scilicet
1625 1656 1651 1683 in
1666 1657 1777 1684 mitten-

989 1702 1030 1729 dis
1044 1701 1175 1736 epistolis,
1195 1701 1268 1736 vulgi
1286 1709 1367 1728 aures
1387 1701 1463 1728 hisce
1477 1702 1557 1730 rebus
1571 1707 1714 1737 occupent,
1731 1703 1775 1729 in-

987 1747 1121 1780 terimque
1145 1748 1275 1781 temporis
1296 1747 1488 1781 prorogatione
1503 1748 1704 1775 accusationem
1721 1749 1774 1783 ipsi

987 1793 1098 1824 evitent,
1120 1800 1223 1827 suaque
1239 1793 1291 1820 hoc
1306 1797 1385 1827 pacto
1399 1793 1534 1820 occultata
1554 1794 1702 1828 impietate,
1718 1795 1775 1822 iue-

988 1839 1067 1870 resis,
1078 1847 1137 1872 qua:
1152 1838 1239 1865 instar
1252 1846 1402 1874 gangraena:
1414 1839 1504 1866 omnia
1516 1840 1660 1872 consumit,
1671 1847 1773 1875 propa-

986 1883 1080 1917 gandae
1095 1883 1180 1910 locum
1198 1881 1324 1909 habeant.

1022 1975 1048 2003 6.
1064 1975 1158 2011 Itaque
1169 1977 1258 2004 omnia
1271 1981 1380 2004 movent
1392 1981 1419 2004 et
1431 1977 1605 2010 conturbant,
1621 1984 1670 2004 nec
1683 1981 1774 2004 tamen

986 2023 1042 2050 suis
1056 2023 1173 2050 decretis
1196 2023 1247 2058 ipsi
1270 2028 1334 2050 sunt
1355 2024 1474 2051 contenti
1493 2032 1499 2050 :
1518 2031 1579 2050 nam
1596 2023 1708 2059 singulis
1722 2031 1774 2050 an-

986 2068 1038 2100 nis,
1061 2068 1134 2095 velut
1152 2069 1197 2102 qui
1221 2073 1299 2103 pacta
1314 2069 1446 2099 scribunt,
1471 2069 1522 2102 ipsi
1542 2076 1650 2103 quoque
1672 2077 1773 2096 conve-

988 2115 1076 2146 niunt,
1096 2119 1124 2142 et
1148 2114 1182 2141 de
1212 2114 1265 2141 ﬁde
1284 2119 1403 2142 statuere
1417 2115 1557 2147 simulant,
1575 2115 1695 2142 utetiam
1710 2115 1773 2142 inde

986 2159 1054 2187 nihil
1069 2159 1120 2187 nisi
1138 2159 1221 2186 risum
1245 2164 1272 2186 et
1297 2160 1414 2186 dedecus
1436 2159 1567 2192 referant,
1586 2160 1684 2194 quippe
1703 2167 1772 2193 quo-

181 2263 238 2300 (55)
254 2264 315 2300 ξεί,
331 2263 526 2300 Γραφῶν.Μοπ
542 2265 612 2292 idem
627 2271 688 2291 cum
703 2262 759 2290 Col.
772 2262 931 2300 Ἠοῖ-(ιρι),
948 2265 970 2292 D
986 2298 1009 2300 __
1021 2263 1081 2300 (59)
1098 2263 1143 2300 Sic
1170 2262 1283 2300 seguer.
1309 2261 1437 2300 Collifrt._
1454 2261 1565 2300 Taurin.
1593 2261 1689 2300 Jesnit.
1704 2262 1772 2300 _Go-

142 2297 240 2327 Jesuit.
259 2297 454 2327 Felc.1auou.
474 2304 501 2326 et
516 2299 563 2327 Fr.
581 2299 608 2332 1,
630 2300 646 2335 ἢ
666 2297 848 2335 Χριστιανῶν,
878 2298 931 2325 Alii

142 2340 173 2362 et
184 2335 259 2365 editi.
271 2334 296 2361 οἱ
311 2335 491 2369 Χριστιανῶν.

182 2370 238 2404 (54)
248 2370 310 2403 Seg.
321 2367 538 2404 θεοφιλεστάτου.
546 2368 614 2396 ibid.
621 2368 727 2401 Anglic.
736 2367 929 2396 Colb.Taurin.

142 2403 263 2432 Felckin.
277 2405 295 2431 2
306 2410 334 2431 et
351 2404 368 2431 5
382 2412 463 2432 anon.
481 2412 541 2431 cum
551 2404 670 2431 editione
679 2404 840 2430 C0mmelin.
852 2403 931 2429 Κων-

143 2439 295 2471 σταντινου,
310 2444 377 2466 utet
393 2439 474 2466 habet
489 2439 664 2467 Omnibonus.
682 2439 717 2465 At
728 2438 772 2464 alii
784 2439 929 2464 Κωνσταν-

140 2475 213 2536 ἶίου,
228 2479 294 2502 utet
303 2474 368 2509 legit
383 2473 505 2502 Nannius
518 2483 525 2501 :
536 2481 623 2509 eaque
634 2481 697 2501 veni
712 2479 739 2500 et
752 2481 880 2507 germana
888 2479 930 2500 est

152 2515 234 2536 echo.

152 2515 234 2536 echo.

180 2544 236 2580 (55)
252 2543 330 2580 Gobl.
342 2548 369 2571 et
381 2543 456 2571 Felc.
469 2544 482 2571 1
505 2551 551 2580 an.
561 2543 671 2580 ἕτερον.
681 2543 748 2580 Mox
762 2543 819 2580 haec
835 2543 928 2580 uerba,

139 2578 353 2615 τὴῂένῌικαίςι,
367 2586 434 2615 etc,
447 2580 479 2606 ad
496 2578 669 2607 ἐναλλάττειν
680 2579 822 2611 inclusive,
832 2578 930 2606 desunt

140 2588 194 2615 την
204 2588 233 2606 εν
243 2588 325 2606 ι’(ικαι
346 2599 353 2611 ,
367 2588 434 2613 εαξη
447 2588 479 2606 au
496 2588 576 2606 εναΛΑ

140 2616 171 2642 in
189 2614 268 2642 Gobl.
288 2618 316 2641 et
326 2588 446 2643 gelckm.
468 2615 480 2641 1
496 2622 577 2641 anon.

140 2685 151 2712 '
180 2648 345 2686 (56)Jesuit.
366 2649 485 2677 Colbert.
501 2649 615 2677 Taurin.
639 2649 821 2685 ’Δρειανικῆς,
845 2654 872 2676 et
887 2649 929 2676 in-

155 2692 196 2712 ra.

155 2692 196 2712 ra.

181 2719 238 2755 (57)
255 2718 302 2746 Sic
315 2718 378 2753 Seg.
391 2718 488 2747 Jesuit.
514 2718 591 2747 Colb.
609 2724 636 2755 et
650 2718 763 2747 Taurin.
780 2718 850 2746 Editi
866 2725 932 2746 vero

138 2759 172 2783 et
186 2755 241 2784 alii.
257 2755 341 2789 ἐχρῆν
355 2754 392 2789 μὴ
406 2754 530 2781 σπεύδειν
539 2754 648 2786 αὐτούς.

181 2789 238 2825 (58)
266 2788 524 2825 Seguer.’(_20|liert.
551 2789 663 2816 Taurin.
689 2789 800 2825 Jestlita
819 2788 928 2816 Gobler.

139 2822 264 2886 gentm.
276 2825 288 2851 1
305 2822 392 2853 ianon.
404 2822 448 2860 ἧν.
460 2825 526 2852 Ibid.
540 2833 589 2860 pro
603 2825 720 2858 ἐκείνου,
735 2824 839 2860 Anglic.
849 2825 932 2852 habet

174 2868 206 2886 οε
219 2869 260 2886 ου.

139 2861 260 2896 Ἀρείου.

984 2296 1180 2325 blenl’elcknn.
1196 2296 1307 2325 1'anon.
1322 2303 1348 2324 et
1365 2296 1410 2323 Fr.
1428 2296 1558 2324 1.Cceteri
1575 2303 1602 2324 et
1614 2298 1690 2330 editi,
1704 2297 1772 2323 Σκό-

984 2341 1040 2360 πει.

1019 2368 1076 2403 (60)
1093 2368 1160 2396 Gol).
1183 2371 1210 2395 et
1226 2366 1373 2394 Felckm.1
1400 2373 1482 2393 anon.
1510 2367 1638 2394 omittunt
1660 2367 1677 2402 ἢ
1701 2376 1770 2394 κατ-

983 2403 1188 2446 neniam;

1019 2435 1076 2473 (61)
1104 2435 1150 2466 Fr.
1182 2438 1194 2463 1
1218 2436 1337 2465 Colbert.
1366 2435 1478 2464 Taurin.
1504 2437 1552 2463 καὶ
1578 2436 1596 2463 ἃ
1626 2437 1674 2464 νῦν
1699 2438 1769 2473 γρά-

1002 2482 1072 2500 ουσι.

982 2482 1075 2543 (Feige)
1087 2507 1133 2534 Sic
1146 2507 1258 2541 Svguer.
1277 2506 1510 2543 Taurin.}esuit.
1526 2505 1595 2543 (ἓσῆ.
1617 2505 1675 2543 Εθῐ.
1691 2508 1768 2543 1³η.

982 2549 1011 2571 et
1021 2540 1071 2571 Fr.
1081 2544 1106 2570 1.
1122 2542 1173 2569 Alii
1185 2540 1254 2569 ivero
1269 2547 1296 2568 et
1311 2540 1612 2576 εαίιὶ,ἀποσχολεῖσθαι.
1626 2542 1691 2568 Ibid.
1705 2542 1767 2575 Seg.

983 2579 1058 2606 Colb.
1073 2578 1184 2605 Taurin.
1202 2576 1331 2604 etlesuit.
1344 2576 1578 2612 ποιήσωσι..ΕιΙίιί,
1595 2577 1701 2604 ποιῶσι.
1715 2577 1770 2605 Gu-

983 2613 1050 2640 bler.
1069 2619 1096 2640 et
1110 2612 1227 2648 Feb-kin.
1240 2612 1253 2638 1
1269 2619 1348 2639 anon.
1367 2612 1536 2648 κερδάνουσι.
1551 2611 1688 2647 [idemque
1705 2621 1769 2639 mox

983 2655 1011 2676 et
1022 2648 1134 2682 Seguer.
1144 2647 1329 2679 λανθάνοντες.

1018 2681 1074 2717 (65)
1094 2682 1211 2710 Ρειιτιςιη.
1231 2682 1248 2708 5
1269 2689 1351 2709 anon.
1379 2681 1556 2708 ἐπεκτείνειν.
1574 2681 1634 2709 Mox
1654 2682 1767 2715 Segner.

981 2718 1078 2746 Jesuit.
1095 2718 1198 2751 Anglic.
1215 2722 1243 2744 et.
1267 2716 1312 2744 Fr.
1339 2718 1365 2749 1,
1383 2717 1504 2744 Colbert.
1524 2718 1636 2744 Taurin.
1652 2717 1768 2752 ἔχουσαν

981 2754 1066 2789 νομὴν
1082 2752 1229 2788 πανταχοῦ.
1242 2751 1293 2779 Alii
1311 2757 1337 2780 et
1353 2753 1429 2784 editi,
1446 2752 1558 2787 ἔχουσαν
1574 2751 1709 2787 πανταχοῦ
1723 2754 1769 2788 ὁρ-

1023 2798 1046 2815 ν.

982 2797 1074 2858 μηᾶξιέ)
1090 2823 1135 2851 Sic
1156 2823 1269 2857 Seguer.
1292 2822 1412 2850 Colbert.
1427 2822 1540 2850 Taurin.
1562 2823 1606 2850 Fr.
1627 2823 1654 2853 1,
1670 2823 1766 2850 Jesuit.

981 2859 1099 2886 Felckm.
1116 2859 1132 2886 5
1149 2867 1229 2887 anon.
1248 2859 1282 2886 At
1300 2860 1326 2886 in
1340 2858 1400 2886 aliis
1411 2864 1439 2886 et
1450 2859 1529 2887 editis
1546 2860 1622 2886 deest
1633 2859 1697 2894 γάρ.
