2018 3048
147 170 201 202 5Ξῖ

555 156 725 205 EPISTOLA
746 178 792 205 AD
813 177 1003 206 EPISCOPOS
1023 178 1161 207 .‘EGYI’TI
1181 178 1224 206 ET
1244 177 1364 206 LIBYAE.

1717 175 1771 210 εει·

147 240 195 266 νην
211 230 304 258 ἄδολον
320 231 366 258 καὶ
386 232 509 269 καθαρὰν
525 233 648 261 σύνοδον·
663 234 710 261 καὶ
726 233 874 270 ἄνθρωποι,
892 235 935 262 διὰ

987 234 1034 269 qui
1061 235 1133 270 quod
1161 235 1272 262 haeresis
1287 234 1395 262 Christo
1410 234 1570 263 adversariae
1590 237 1769 270 patrocinium

145 277 176 303 τὸ
197 278 355 313 συνηγορεῖν
376 279 409 313 τῇ
431 278 606 315 χριστομάχῳ
629 279 733 315 αἱρέσει
753 279 935 315 προαχθέντες

146 323 223 360 παρὰ
247 324 302 350 τῶν
327 316 391 360 περὶ
416 325 556 357 Εὐσέϐιον,
586 325 721 361 τολμῶσιν
744 325 845 362 ὁρίζειν
871 327 935 362 περ).

146 370 275 402 πίστεως,
290 369 336 397 καὶ
347 370 500 404 ὀφείλοντες
508 370 546 402 ὼς
557 370 700 397 ὑπεύθυνοι
712 370 862 406 κρίνεσθαι,
876 370 935 405 κρί-

145 423 211 446 νειν,
223 414 261 446 ὡς
276 416 300 441 οἱ
316 415 379 451 περὶ
392 415 530 450 Καϊάφαν,
541 415 710 451 ἐπιχειροῦσι
721 416 768 442 καὶ
779 415 855 442 αὐτοί
867 415 934 450 (78)·

145 460 193 486 καὶ
215 459 329 486 Θαλίαν
349 460 454 487 ποιοῦσι
472 460 648 487 πιστεύεσθαι
670 460 802 492 θέλοντες,
820 461 845 487 ol.
869 460 935 496 μηδὲ

145 507 204 538 πῶς
217 506 374 534 πιστεύουσι
388 507 568 542 γινώσκοντες
579 508 646 542 (79).
663 508 711 540 Τίς
723 507 780 543 γὰρ.
790 508 840 534 οὺκ
854 505 933 540 οἶδεν,

145 553 186 579 ὅτι
202 553 246 580 διὰ
271 553 321 589 τὴν
347 553 395 580 τοῦ
424 554 529 590 Ἀρείου
557 554 655 590 μανίαν
678 554 823 586 Σεκοῦνδος
848 554 898 589 μὲν
921 555 936 581 ό

146 598 357 634 Πενταπολιτης,
373 599 388 625 ὁ
405 599 489 626 πάλαι
501 599 630 632 πολλάκις
643 599 826 635 καθαιρεθεὶς,
840 598 935 634 ἐδέχθη

146 644 211 678 παρ’
228 643 327 676 αὐτῶν,
346 644 554 680 προεϐλήθησαν
575 644 630 680 (80)
649 645 678 671 δὲ
693 644 837 680 Γεώργιος,
854 644 868 670 ὁ
888 643 936 671 νῦν

145 689 175 716 ὲν
192 689 345 725 Λαοδικείᾳ,
362 690 410 716 καὶ
424 690 549 722 Λεόντιος
560 691 575 717 ὁ
591 690 741 722 ἀπόκοπος,
758 690 806 716 καὶ
822 689 874 726 πρὸ
887 690 936 716 αὑ-

145 735 192 762 τοῦ
210 735 360 770 Στέφανος,
385 736 432 763 καὶ¹
453 736 592 772 Θεόδωρος
613 737 628 763 ό
645 736 700 772 (81)
724 737 754 763 ὲν
770 737 934 772 ’11ρακλείᾳ;

146 781 201 808 Καὶ
218 781 272 817 γὰρ
292 781 339 808 καὶ
359 781 490 818 πρότερον
506 782 560 808 ἀπὸ
581 782 627 809 τοῦ
649 782 845 818 πρεσϐυτερίου
867 782 935 809 καθ-

146 827 314 864 αιρεθέντες,
339 828 451 864 ὕστερον
481 828 526 856 διὰ
548 829 599 864 τὴν
625 829 753 856 ἀσέϐειαν
781 828 936 864 ἐκλήθησαν

985 281 1165 316 susceperint,
1182 281 1216 308 ab
1233 280 1391 308 Eusebianis
1407 280 1514 307 fuerunt
1526 282 1650 315 promoti,
1663 282 1697 309 de
1718 283 1770 310 ﬁde

985 327 1087 354 audent
1101 327 1266 358 decernere;
1287 330 1314 353 et
1328 325 1373 360 qui
1391 329 1516 360 tanquam
1531 326 1569 352 rei
1585 325 1699 359 iudicari
1719 327 1768 354 de-

985 372 1090 403 berent,
1106 371 1145 403 hi,
1161 375 1189 398 ut
1207 371 1270 398 olim
1285 371 1411 405 Caiphas,
1429 371 1462 398 ad
1480 371 1655 406 iudicandum
1672 379 1769 406 aggre-

986 419 1106 450 diuntur,
1129 417 1235 452 sibique
1255 417 1375 444 Thaliam
1394 417 1618 452 componentibus
1633 419 1705 445 credi
1721 426 1769 446 vo-

984 462 1054 494 lunt,
1068 462 1113 498 qui
1136 469 1185 490 nec
1206 462 1256 496 ipsi
1272 462 1379 497 quidem
1396 462 1484 489 sciunt
1499 464 1632 496 quomodo
1648 463 1767 490 credant.

986 511 1051 545 Quis
1065 512 1137 539 enim
1159 511 1268 547 ignorat
1285 511 1439 539 Secundum
1461 510 1691 546 Pentapolitanum
1702 531 1709 545 ,
1724 512 1769 546 qui

985 558 1048 585 olim
1064 558 1097 584 ob
1116 557 1239 587 insanam
1253 556 1311 584 Arii
1337 556 1461 584 haaresim
1485 557 1581 591 sar-pius
1597 556 1646 583 fuit
1663 557 1770 591 deposi-

986 607 1038 635 tus,
1054 603 1087 629 ab
1104 603 1168 637 ipsis
1181 606 1336 636 susceptum
1350 608 1410 628 esse
1427 611 1434 628 ;
1458 606 1595 636 promotos
1610 601 1672 628 item
1684 600 1769 628 Geor-

985 648 1071 683 gium,
1090 648 1135 683 qui
1157 655 1229 675 nunc
1247 647 1387 674 Laodicea:
1409 651 1451 674 est
1477 647 1631 682 episcopus,
1648 651 1675 674 et
1685 645 1771 674 Leon-

985 696 1051 722 tium
1067 699 1227 724 castratum,
1244 697 1271 720 et
1287 699 1350 720 ante
1365 699 1437 725 eum,
1455 691 1631 727 Stephanum,
1647 696 1676 719 et
1687 691 1770 720 Theo-

986 741 1083 768 dorum
1097 739 1297 767 lleracliensem
1310 739 1465 773 episcopum
1479 738 1491 765 ?
1507 738 1658 772 Quinetiam
1688 737 1770 765 Ursa-

986 787 1044 814 cius
1057 789 1085 813 et
1098 785 1212 817 Valens,
1232 793 1300 819 quos
1318 784 1352 811 ab
1373 784 1432 818 ipso
1454 784 1535 811 etiam
1559 784 1653 816 initio,
1679 789 1770 817 utpote

983 831 1124 866 iuniores,
1142 830 1281 866 religionis
1305 830 1466 857 rudimentis
1490 829 1587 857 imbuit
1605 829 1661 865 ipse
1677 830 1770 862 Arius,

146 875 291 901 ἐπίσκοποι
308 875 460 911 Οὐρσάκιός
476 884 504 902 τε
521 875 568 902 καὶ
581 875 697 912 Οὐάλης,
711 875 807 906 οἵτινες
823 876 870 901 καὶ
886 875 936 911 τὴν

987 885 1047 905 cum
1073 878 1107 904 de
1131 877 1214 911 gradu
1240 876 1402 912 presbyterii
1428 876 1541 904 fuissent
1568 880 1646 904 antea
1662 876 1770 911 dejecti,

146 919 233 955 ἀρχὴν
248 920 314 955 (82),
338 920 376 951 ὡς
397 920 535 955 νεώτεροι,
561 922 627 956 παρ’
650 920 755 956 Ἀρείου
777 919 933 955 κατηχήθη-

987 922 1155 958 postmodum
1169 923 1203 950 ob
1220 911 1382 957 impietatem
1397 922 1516 957 episcopi
1538 926 1602 950 sunt
1627 922 1769 958 designati.

146 973 197 992 σαν
207 974 213 980 ·
241 966 366 998 Ἀκάκιός
384 965 440 1002 (85)
456 974 486 992 τε
503 966 551 992 καὶ
567 965 736 1002 Πατρόφιλος
752 966 799 992 καὶ
814 966 935 1001 Νάρκισ-

147 1019 203 1043 σος,
227 1011 252 1038 oi
279 1011 347 1047 πρὸς
375 1012 466 1038 πᾶσαν
491 1011 618 1038 ἀσέϐειαν
641 1011 838 1048 τολμηρότατοι
861 1012 932 1048 (81)-

145 1053 218 1084 οὗτοι
235 1057 285 1093 μὲν
301 1055 347 1084 οὖν
361 1057 408 1084 καὶ
421 1058 450 1084 ὲν
462 1058 494 1093 τῇ
512 1057 582 1085 κατὰ
596 1057 729 1093 Σαρδικὴν
742 1058 875 1094 γενομένῃ
889 1067 936 1094 με-

146 1103 217 1140 γάλῃ
241 1103 342 1139 συνόδῳ
364 1103 572 1140 καθῃρέθησαν
590 1103 738 1136 Εὑστάθιός
760 1112 791 1130 τε
809 1105 824 1131 ό
839 1104 887 1131 νῦν
907 1105 936 1131 ὲν

146 1149 304 1185 Σεϐαστείᾳ,
332 1149 487 1184 Δημόφιλός
511 1158 540 1176 τε
565 1150 613 1176 καὶ¹
636 1149 862 1186 Γερμίνιος(85),
889 1150 936 1176 καὶ

147 1195 281 1228 Εὐδόξιος,
297 1195 344 1222 καὶ
359 1195 509 1228 Βασίλειος,
526 1197 670 1232 συνήγοροι
684 1196 735 1231 τῆς
752 1196 878 1236 ἀσεϐείας
894 1195 936 1222 ὁν-

146 1249 202 1272 τες,
218 1242 258 1272 εἰς
277 1241 356 1268 τοῦτο
377 1242 562 1283 προήχθησαν.
579 1242 647 1278 Περὶ
668 1242 722 1278 γὰρ
744 1241 797 1269 τῶν
819 1242 866 1268 νῦν
887 1242 937 1268 Κε-

147 1286 260 1322 κροπίου
285 1285 352 1322 (86),
379 1288 427 1314 καὶ
452 1286 500 1313 τοῦ
530 1287 675 1322 λεγομένου
706 1286 862 1319 Αὑξεντὶου,
890 1285 937 1312 καὶ

153 1333 315 1368 Ἐπικτήτου
331 1332 378 1359 τοῦ
390 1333 548 1369 ὑποκριτοῦ,
562 1333 688 1369 περιττόν
701 1334 759 1359 ἐστι
772 1333 818 1359 καὶ
835 1332 935 1367 λέγειν.

147 1379 264 1414 φανεροῦ
285 1380 368 1406 πᾶσιν
393 1379 478 1411 δντος,
504 1379 563 1411 πῶς
581 1379 628 1406 καὶ
652 1379 695 1406 διὰ
724 1379 803 1411 ποίας
829 1379 936 1415 προφά-

147 1434 204 1456 σεις
221 1425 275 1461 (87)
291 1426 337 1452 καὶ
352 1425 428 1461 παρὰ
442 1425 522 1452 τίνων
535 1425 641 1461 ἐχθρῶν
655 1426 701 1452 κα)¹
714 1422 786 1452 οὗτοι
800 1425 936 1461 προεϐλή-

147 1471 232 1506 θησαν
254 1471 454 1507 ὑποκρίνασθαι
469 1471 518 1503 τὰς
533 1471 604 1498 κατὰ
618 1470 673 1498 τῶν
688 1471 937 1498 ἐπιϐουλευθέντων

147 1517 305 1544 ἐπισκόπων
329 1517 476 1554 όρθοδόξων
501 1518 699 1552 συκοφαντίας·
717 1517 759 1544 ὅτι
782 1517 829 1544 καὶ
852 1514 935 1548 οὗτοι,

147 1562 235 1589 καίτοι
251 1563 305 1590 ἀπὸ
320 1563 486 1598 ὀγδοήκοντα
503 1562 590 1598 μονῶν
606 1562 660 1597 (88)
677 1562 856 1598 τυγχάνοντες
866 1583 872 1594 ,
890 1564 937 1590 καὶ

149 1608 185 1643 μὴ
198 1608 395 1643 γινωσκόμενοι
408 1607 483 1644 παρὰ
496 1608 551 1635 τῶν
564 1608 647 1638 λαῶν,
661 1608 735 1644 ὅμως
750 1608 794 1643 διὰ
808 1609 858 1645 τὴν
870 1609 935 1637 ἀσέ-

147 1654 223 1680 ϐειαν
234 1653 496 1689 ἐπραγματεύσαντο
508 1654 614 1686 ἑαυτοῖς
626 1654 656 1680 τὸ
669 1654 753 1690 ὄνομα
764 1654 811 1681 τοῦ
825 1656 936 1682 ἐπισκό-

147 1707 210 1726 που.
234 1700 284 1726 Διὰ
301 1698 381 1726 τοῦτο
397 1700 463 1734 γοῦν
488 1699 542 1735 (89)
572 1700 619 1726 καὶ
644 1700 780 1736 Γεώργιον
808 1701 863 1727 ἀπὸ
887 1701 937 1735 τῆς

148 1744 346 1776 Καππαδοκίας
368 1743 430 1771 τινὰ
453 1743 666 1780 μισθωσάμενοι,
684 1744 790 1771 θέλουσι
810 1745 857 1771 νῦν
880 1745 935 1780 (90)

148 1789 305 1816 ἀποστεῖλαι
325 1789 393 1825 πρὸς
407 1790 489 1824 ὑμᾶς.
512 1790 582 1816 Ἀλλ’
596 1790 657 1817 οὐδὲ
671 1791 736 1826 περὶ
749 1790 845 1817 τούτου
858 1790 935 1824 λόγος

148 1834 245 1866 οὐδείς.
265 1835 344 1870 Φήμη
360 1834 416 1870 (91)
432 1834 486 1870 γὰρ
502 1834 531 1860 ἐν
545 1835 601 1866 τοῖς
621 1834 732 1870 μέρεσίν
746 1835 803 1861 ἐστι
819 1835 934 1868 τούτοις,

186 1914 243 1951 (78)
258 1914 371 1951 seguer.
386 1914 495 1951 Goliler.
507 1913 635 1951 _Felckm.
650 1915 662 1951 1
677 1923 758 1942 annn.
768 1916 937 1951 ἐπιχειροῦσι

149 1951 197 1977 καὶ
216 1949 306 1977 αὑτοίί
320 1950 368 1977 καὶ
380 1950 489 1985 Θαλίαν.
504 1949 616 1985 Seguer.
646 1949 833 1983 8a).etav,etc.
850 1949 895 1979 Fr.
910 1952 936 1978 1.

151 1985 262 2013 Taurin.
271 1985 390 2012 Colhert.
400 1991 428 2013 et
441 1984 537 2021 Jesuit.
547 1984 716 2021 ἐπιχειροῦσι
727 1987 774 2012 καὶ
789 1987 875 2014 αὐτοί·
891 1987 938 2013 καὶ

151 2021 215 2057 βίαν
231 2019 788 2057 ποιοῦσιλίανπιστεύεσθαιζνᾼγῇιςΙὶειιιιιιε,
805 2023 852 2048 καὶ
871 2022 936 2049 ἀπι-

151 2055 270 2094 mam
281 2056 388 2094 ποιοῦσι
401 2055 587 2094 πιστεύεσθαι.
599 2056 652 2083 Alii
663 2055 692 2083 et
700 2057 775 2089 editi,
786 2057 938 2094 ἐπιχειροῦ-

150 2100 187 2118 σι.
201 2092 255 2118 Καὶ
271 2091 347 2118 αὐτοὶ
364 2091 474 2123 Θαλίαν,
486 2095 538 2118 etc.

185 2127 368 2164 (Ἰωβρειηιιξἶ
382 2126 501 2164 Colhert.
519 2125 631 2153 Taurin.
647 2130 673 2154 et
684 2125 779 2164 Jesuit.
791 2127 938 2162 γινώσκον-

149 2170 205 2193 τες.
220 2161 272 2188 Alii
289 2167 316 2189 et
328 2162 404 2194 editi,
419 2162 529 2192 εἰδότες.

315 2197 428 2232 Seguer.
446 2196 545 2224 Jesuit.
559 2195 640 2223 etFr.
652 2197 680 2225 1.
697 2196 755 2225 Alii-
763 2203 828 2225 vero
838 2202 866 2225 et
874 2198 938 2225 editi

151 2240 314 2268 προεοΛηοη.

187 2255 409 2303 (έῐῖέιέιρευιι.
433 2266 545 2303 Seguer.
569 2272 596 2294 et
612 2266 804 2303 Fr.rl.Atralii
830 2272 858 2295 et
873 2268 936 2295 editi
951 2255 977 2284 Ι)

150 2303 165 2329 ό
179 2301 443 2338 oun‘ttunt._chuer.
457 2302 567 2338 ihylein,
576 2303 631 2329 Καὶ
643 2302 698 2337 γὰρ
708 2302 849 2338 πρότερον.
865 2303 935 2330 Idem

152 2338 223 2373 item
234 2344 293 2373 ctua
313 2335 427 2373 Gohler.
440 2341 467 2364 et
482 2336 574 2373 F_‘elclt.
587 2338 605 2373 1
617 2335 698 2364 animi.
711 2335 935 2373 π’ρεσόυτερείου.

150 2371 467 2409 Jesnit._B.isil._Anglic.
481 2371 531 2409 Fr.
546 2373 558 2399 1
586 2372 707 2409 Felrkm.
732 2371 749 2399 5
772 2371 858 2400 anon.
869 2382 935 2409 πρε-

153 2406 303 2442 σὸυτερίου.
320 2406 441 2443 Aliicum
454 2407 544 2443 editis,
561 2407 759 2443 πρεσϐυτέρου.

189 2441 411 2478 (δὴδὶςιιοευὶι.
424 2441 508 2478 Basil.
524 2441 628 2478 Anglic.
646 2441 755 2470 Gohler.
773 2442 891 2470 Felckm.
921 2443 934 2470 1

153 2485 234 2513 anon.
249 2483 274 2503 ‹·ι
291 2476 336 2513 Fr.
355 2477 379 2505 I.
396 2477 430 2504 At
444 2477 489 2504 alii
500 2476 666 2513 gum‘editis,
687 2478 722 2505 οἵ.
744 2478 803 2513 Mox
826 2479 936 2513 Seguer.

152 2511 248 2540 Jesuit.
267 2512 348 2539 Basil.
365 2512 469 2546 Anglic.
494 2511 604 2540 Gobler.
630 2518 658 2539 et
679 2512 799 2540 Felckm.
823 2514 836 2540 1
854 2511 935 2542 anon.

153 2553 180 2574 rt
193 2547 282 2584 Fr._l.
295 2548 360 2584 παρ’
378 2547 484 2584 Ἀρείου
498 2548 702 2584 κατηχήθησαν.
724 2548 833 2584 Goblcr.
845 2553 936 2584 tamen

153 2589 217 2619 cum
239 2582 439 2619 ξιιμ-κυκλεῖ
460 2583 478 2609 2
508 2582 814 2619 ιιιιοιιῖκαταχήθησαν.
841 2582 936 2612 Jesuit.

154 2617 343 2654 xaeﬁxeqaav.
357 2617 412 2654 Alii
434 2625 507 2654 cumi
524 2619 613 2654 editis,
644 2617 721 2654 παρέ
741 2617 837 2654 ξλρείῳ
872 2627 938 2645 κατα

153 2640 412 2714 ἧῖέηίῆἑτᾶξιῗῖυἶιῖῗ
424 2640 849 2688 ρῖῖῖᾑαῖῥίᾡῖλοέζἷεῑείἶῆξ’Ξ
866 2640 938 2688 ιῖἕά-

153 2696 172 2714 (ἑ
201 2696 239 2714 0:.

189 2696 247 2755 ίὲἕ)
264 2721 330 2749 Vide
350 2729 431 2757 supra
451 2730 514 2758 pag.
529 2724 590 2755 I27,
605 2729 660 2751 not.

190 2758 247 2792 (84)
260 2758 306 2784 Sic
321 2757 433 2792 Seguer.
446 2757 541 2786 Jesiiit.
556 2764 583 2786 et
596 2759 641 2786 Fr.
654 2759 679 2786 1.
698 2758 795 2786 Caeteri
810 2762 938 2785 autemet

154 2793 230 2831 editi,
246 2793 386 2828 τολμηροί.
400 2792 458 2831 Mox
477 2793 594 2822 Fclckin.
610 2794 627 2821 5
642 2802 723 2822 anon.
735 2793 804 2820 κατὰ
821 2794 939 2830 Σαρόικῇ

154 2828 303 2864 γενόμενοι.
402 2828 406 2831 ’
861 2828 867 2830 ⁷
924 2828 927 2829 ⁷

185 2862 490 2900 ’(8ξίμεοιιίιηοο1ὺοι-ι.
508 2863 614 2900 l‘anljn.
630 2869 657 2891 et
667 2865 711 2892 Fr.
738 2865 748 2891 1
768 2865 869 2900 addunt
886 2866 937 2900 Δη-

158 2898 269 2932 μόφιλός
284 2907 313 2925 τε
327 2899 374 2925 καὶ
399 2898 549 2935 Γερμίνιος.
568 2899 612 2926 Fr.
639 2899 664 2932 1,
690 2899 844 2935 Γαρμίνιος.
858 2901 891 2927 At
906 2898 936 2926 ca

987 969 1034 996 His
1059 968 1127 995 adde
1141 968 1269 996 Acacium
1293 967 1535 1003 Palrophilumque
1554 972 1581 995 et
1603 967 1770 1001 Narcissum,

987 1015 1059 1041 viros
1072 1015 1104 1041 ad
1118 1021 1226 1041 omnem
1242 1013 1406 1048 impietatem
1423 1013 1617 1041 audacissimos
1629 1021 1636 1046 ;
1654 1013 1699 1048 qui
1712 1014 1772 1048 qni-

987 1059 1047 1086 dem
1070 1066 1163 1086 omnes
1185 1059 1212 1085 in
1235 1065 1332 1092 magna
1359 1057 1514 1085 Sardicensi
1539 1059 1642 1094 synodo
1664 1059 1774 1086 fuerunt

988 1104 1110 1138 depositi.
1128 1104 1283 1131 Eustathius
1304 1110 1423 1138 quoque,
1439 1103 1484 1138 qui
1498 1104 1576 1130 modo
1592 1103 1719 1131 Schastes
1731 1109 1773 1131 est

988 1149 1071 1184 219
1095 1149 1255 1183 episcopus,
1278 1148 1416 1177 Eudoxius
1440 1153 1468 1176 et
1492 1148 1605 1176 Basilius
1628 1149 1772 1183 impietatis

988 1195 1092 1229 patroni
1108 1195 1140 1222 ad
1164 1195 1234 1222 idem
1247 1202 1344 1222 munus
1360 1199 1421 1222 sunt
1438 1195 1535 1222 evecti.
1551 1194 1617 1222 Nam
1631 1195 1667 1222 do
1675 1195 1773 1222 Cecro-

989 1241 1043 1276 pio,
1068 1245 1096 1267 et
1119 1247 1152 1268 eo
1172 1247 1252 1274 quem
1276 1245 1375 1268 vocant
1398 1241 1582 1273 Auxentium,
1606 1246 1633 1267 et
1651 1241 1773 1276 Epicteto

989 1287 1118 1314 histrione
1135 1286 1224 1314 dicere
1238 1293 1468 1321 supervacaneum
1486 1287 1584 1319 fuerit,
1601 1294 1662 1314 cum
1685 1287 1773 1315 omni-

988 1332 1037 1359 bus
1051 1336 1142 1359 notum
1169 1332 1215 1364 sit,
1238 1332 1385 1370 quomodo,
1411 1340 1546 1367 quamque
1561 1333 1596 1360 ob
1611 1340 1721 1360 causam
1746 1340 1773 1360 et

989 1386 1003 1405 a
1018 1379 1115 1413 quibus
1135 1378 1258 1406 hostibus
1276 1383 1303 1406 et
1321 1378 1364 1405 isti
1379 1378 1481 1406 fuerint
1494 1379 1608 1413 promoti
1621 1399 1629 1411 ,
1645 1383 1675 1406 ut
1692 1379 1772 1406 nimi—

989 1431 1048 1450 rum
1065 1424 1214 1451 calumnias
1226 1424 1356 1452 adversus
1372 1423 1537 1452 orthodoxos
1550 1424 1702 1458 episcopos,
1717 1425 1774 1458 qui-

989 1470 1039 1496 bus
1055 1470 1166 1496 tendnnt
1182 1469 1309 1502 insidias,
1330 1469 1474 1504 ﬁngerent.
1493 1468 1525 1496 lli
1546 1469 1617 1496 enim
1637 1469 1773 1504 octoginta

988 1516 1052 1543 licet
1067 1516 1253 1543 mansionibus
1266 1517 1397 1544 distantes
1407 1537 1415 1549 ,
1427 1523 1478 1543 nec
1491 1515 1589 1550 popqu
1603 1515 1668 1548 noti,
1685 1520 1772 1542 tamen

990 1570 1067 1590 suam
1086 1567 1196 1597 propter
1214 1561 1379 1596 impietatem
1393 1561 1513 1596 episcopi
1531 1567 1627 1588 nomen
1645 1561 1696 1588 sibi
1712 1564 1775 1588 sunt

987 1609 1096 1637 lucrati.
1124 1608 1194 1635 Hinc
1211 1615 1277 1643 ergo
1301 1608 1382 1634 etiam
1406 1608 1550 1641 quemdam
1570 1606 1714 1642 Georgium
1738 1614 1772 1634 cu

988 1654 1154 1690 Cappadocia
1180 1653 1306 1681 mercede
1327 1653 1488 1680 conductum
1511 1653 1544 1680 ad
1565 1660 1614 1680 vos
1635 1660 1706 1679 nunc
1725 1659 1775 1683 vo—

988 1702 1045 1728 lunt
1061 1701 1179 1728 mittere.
1203 1699 1255 1727 Sed
1277 1699 1351 1726 nulla
1375 1698 1454 1733 hujus
1475 1699 1544 1726 ratio
1563 1699 1655 1726 haberi
1675 1699 1772 1726 debet:

989 1746 1121 1781 siquidem
1146 1745 1217 1773 fama
1236 1750 1278 1773 est
1302 1746 1329 1772 in
1349 1745 1423 1773 hisce
1446 1745 1609 1780 regionibus,
1638 1745 1713 1772 illum
1741 1754 1774 1773 ne

988 1791 1172 1819 Christianum
1201 1791 1308 1826 quidem
1337 1799 1408 1825 esse,
1432 1792 1479 1819 sed
1505 1793 1595 1825 potius
1614 1791 1774 1818 idololatria

989 1838 1124 1865 addictum
1151 1837 1332 1872 barbarisque
1358 1846 1420 1866 esse
1445 1838 1564 1866 moribus
1588 1842 1616 1865 et
1641 1838 1775 1865 carniﬁcis

986 1917 1081 1944 desunt
1104 1917 1131 1944 in
1153 1917 1213 1946 aliis
1236 1923 1263 1946 et
1278 1918 1344 1946 edit.
1359 1917 1521 1946 Commelin.
1536 1925 1585 1946 nec
1608 1917 1671 1953 legit
1693 1918 1772 1944 ctiam

986 1953 1163 1980 Omnibonus.

1017 1986 1079 2022 (86)
1094 1987 1139 2014 Sic
1157 1987 1271 2022 Seguer.
1288 1987 1533 2016 Colhert.Taurin.
1552 1987 1648 2015 Jesuit.
1667 1987 1771 2022 Anglic.

987 2021 1095 2050 Gobler.
1112 2021 1208 2049 Felck:
1222 2024 1234 2050 1
1248 2023 1302 2051 e15
1315 2031 1397 2050 anon.
1413 2029 1440 2050 et
1456 2023 1503 2049 Fr.
1520 2023 1545 2049 1.
1566 2023 1619 2049 Alii
1636 2021 1726 2048 autem
1745 2028 1773 2049 et

986 2057 1218 2093 ςῃιίιιῨΚεκρόπου.
1234 2057 1295 2085 Mox
1315 2058 1363 2085 καί
1383 2064 1446 2085 ante
1470 2057 1632 2093 Ἐπικτήτου
1655 2058 1730 2084 deest
1746 2058 1772 2084 in

989 2091 1080 2129 Eelck.
1100 2091 1225 2129 5'_auon,
1241 2093 1358 2129 Ibidem,
1383 2092 1430 2120 τοῦ
1453 2091 1599 2129 ὐποκριτοῦ
1613 2093 1723 2129 rlegilur
1745 2093 1772 2129 in

989 2127 1102 2162 Seguer.
1119 2127 1202 2155 Taur.
1219 2128 1246 2155 in
1267 2127 1323 2156 Jes.
1342 2128 1452 2156 Gobler.
1472 2127 1590 2156 Felckm.
1610 2128 1620 2154 1
1639 2136 1723 2154 anon.
1740 2127 1774 2154 At

990 2162 1016 2189 in
1033 2163 1151 2190 editione
1167 2163 1328 2191 Commelin.
1354 2168 1406 2191 art.
1431 2163 1477 2190 τοῦ
1505 2165 1588 2191 deest.
1615 2163 1680 2189 Item
1706 2162 1772 2189 ibid.

990 2197 1103 2232 Seguer.
1128 2198 1236 2226 Gobler.
1257 2199 1377 2226 Felckm.
1402 2199 1413 2226 1
1433 2207 1513 2226 anon.
1539 2197 1597 2224 ἐστὶ
1611 2198 1658 2224 καὶ
1673 2197 1772 2230 λέγειν.

989 2231 1085 2268 Jesuit.
1104 2233 1223 2260 Colbert.
1243 2239 1270 2261 et
1293 2233 1405 2262 Taurin.
1425 2233 1459 2261 ἂν
1476 2235 1518 2268 εἴη
1538 2233 1636 2267 λέγειν.
1662 2232 1731 2259 Editi
1748 2237 1775 2258 et

988 2266 1045 2298 alii,
1061 2269 1118 2295 ἐστὶ
1131 2268 1230 2302 λέγειν.

1024 2302 1080 2338 (87)
1097 2301 1248 2339 Ουιιιὲιξθι
1257 2303 1353 2339 Felck.
1372 2304 1385 2331 1
1408 2312 1488 2331 anon.
1517 2301 1775 2339 πῳφᾲσεωςημοι

987 2337 1082 2365 Jesuil.
1101 2339 1177 2366 Colb.
1194 2338 1276 2374 Taur.
1297 2344 1324 2366 et
1336 2338 1381 2366 Fr.
1397 2339 1422 2372 1,
1445 2337 1650 2374 ὑποκρίνεσθαι.
1675 2337 1728 2364 Alii
1748 2341 1776 2364 et

987 2374 1063 2409 editi,
1080 2373 1287 2409 ὑποκρίνασθαι.

1026 2407 1165 2444 (815)883'.
1188 2409 1354 2444 ὀγδοήκοντα
1383 2409 1481 2444 μόνων.
1507 2408 1585 2436 Coll).
1611 2407 1775 2444 όγοοήκοντα

989 2447 1105 2470 tantum.
1126 2443 1236 2471 Gobler.
1261 2443 1288 2471 et
1323 2443 1443 2470 Felckm.
1468 2445 1480 2471 1
1508 2451 1588 2470 anon.
1612 2443 1775 2478 ὀγδοήκοντα

989 2478 1079 2514 μόνον,
1104 2478 1156 2514 Sed
1180 2478 1322 2514 legendum
1338 2479 1505 2514 ὀγδοήκοντα
1520 2478 1624 2514 μονῶν,
1642 2485 1670 2514 ut
1686 2478 1775 2514 aliiret

988 2513 1052 2548 editi
1070 2513 1179 2540 habent.
1189 2512 1290 2548 Nempe
1305 2512 1482 2548 conqueritur
1495 2512 1526 2541 εξ
1537 2513 1702 2540 Athanasius
1715 2513 1775 2539 illos

987 2547 1169 2575 Ecclesiaruin
1182 2569 1189 2580 ,
1208 2550 1280 2575 unde
1300 2553 1339 2575 tot
1367 2547 1555 2576 mansionibus
1579 2548 1729 2581 distabant,
1748 2554 1775 2575 et

988 2583 1088 2617 quibus
1107 2590 1157 2610 nec
1170 2583 1226 2610 noti
1244 2589 1332 2615 erant,
1350 2583 1435 2611 factos
1453 2584 1536 2611 luisse
1549 2584 1702 2618 episcopos.

1023 2618 1077 2653 (89)
1089 2617 1155 2644 Γοῦν
1166 2620 1242 2645 abest
1260 2627 1274 2645 ιι
1291 2618 1400 2646 Gohler.
1418 2624 1446 2646 et
1459 2617 1600 2646 FelckinJ
1622 2626 1700 2644 anon.

1024 2654 1082 2687 (90)
1098 2653 1194 2680 Jesuit.
1219 2654 1336 2681 Colhert.
1358 2653 1470 2681 Taurin.
1499 2659 1526 2681 et
1548 2653 1594 2680 Fr.
1619 2654 1645 2684 1,
1668 2652 1774 2679 θέλουσι

988 2688 1132 2723 νῦνηιςύἱῐί
1151 2694 1176 2715 et
1194 2689 1238 2715 alii
1251 2688 1298 2715 νῦν
1308 2689 1445 2716 omittunt.
1459 2688 1518 2716 Mox
1535 2689 1598 2723 Seg.
1619 2687 1674 2714 Jes.
1693 2688 1772 2715 ϐιιιιι.

988 2722 1080 2750 Felck.
1094 2724 1105 2750 1
1123 2731 1202 2751 anon.
1217 2723 1335 2751 Colhurl.
1347 2723 1458 2751 Taurin.
1469 2731 1494 2751 et
1503 2723 1548 2751 Fr.
1569 2722 1600 2757 1,
1616 2722 1685 2749 Ἀλλ’
1702 2723 1772 2750 οὐδέ.

989 2758 1059 2786 Editi
1073 2765 1098 2785 el
1113 2759 1171 2789 alii,
1187 2758 1257 2785 Ἀλλ’
1274 2758 1314 2785 οὗ.

1026 2793 1081 2827 (91)
1100 2794 1145 2821 Sic
1158 2793 1255 2821 Jesuit.
1273 2795 1390 2821 (lolbert.
1416 2793 1530 2821 Taurini.
1550 2793 1656 2828 Anglic.
1678 2798 1705 2820 cl
1725 2793 1771 2820 Fr.

991 2828 1016 2866 ί.
1035 2829 1086 2866 Alii
1106 2837 1169 2866 vero
1193 2833 1219 2856 et
1245 2830 1321 2866 editi,
1347 2830 1420 2866 Φημὶ
1436 2830 1511 2866 γάρ.
1534 2828 1630 2866 Jersuit.
1653 2828 1771 2866 Cullicrt.

990 2863 1101 2891 Taurin.
1117 2865 1181 2893 ibid.
1198 2863 1494 2900 pustpépeotv'addunt
1510 2865 1578 2898 ἐστί,
1596 2865 1684 2891 cwteri
1697 2865 1774 2891 omit-

990 2902 1058 2926 tnnt.
