2018 3048
172 158 225 198 εῧδ

583 169 756 198 EPISTULA
775 170 822 199 AD
841 170 1031 200 EPISOOPOS
1049 169 1189 202 ΕΟΥΡΤΙ
1210 170 1256 199 ΕΤ
1276 170 1402 199 ΙιίΒῖιΕ.

1750 172 1802 201 568

172 231 259 267 Πατρὶ
276 231 341 264 ῐδιος
361 228 442 259 αὑτοῦ
462 230 540 264 λόγος
551 251 558 262 ,
577 231 624 257 καὶ
640 230 708 266 αλλη
726 231 744 265 ἢ
766 231 796 257 ὲν
820 230 860 266 τῷ
876 231 964 264 Πατρὶ

1015 230 1120 262 effecit,
1148 230 1196 258 sed
1225 230 1298 257 aliud
1322 237 1382 257 esse
1416 229 1443 256 in
1465 229 1547 257 Patre
1575 229 1714 264 proprium
1743 229 1802 262 ejus

171 277 223 304 ἰδία
234 277 317 304 αὑτοῦ
331 277 412 312 σοφία
422 276 489 311 (46),
501 277 530 303 ἐν
576 276 655 312 σοφίᾳ
675 277 723 303 καὶ
732 275 826 303 τοῦτον
848 276 895 303 τὸν
912 277 963 303 Λό-

169 332 217 357 γον
234 323 399 360 πεποίηκεν·
418 323 499 354 αὐτὸς
519 323 547 349 δὲ
567 318 645 353 οὗτος
663 323 678 349 6
705 322 808 358 Κύριος
825 323 886 349 κατ’
902 322 962 348 ὲπί-

169 377 244 395 νοιαν
257 369 364 403 λέγεται
376 369 463 403 Λόγος
475 368 519 396 διὰ
532 369 567 396 τὰ
581 367 690 402 λογικὰ,
706 369 753 395 καὶ
762 368 823 395 κατ’
839 368 962 395 ἐπίνοιαν

168 414 276 449 λέγεται
293 415 378 449 Σοφία
399 415 442 442 διὰ
459 414 494 442 τὰ
515 414 688 450 σοφιζόμενα.
705 424 715 440 ι
736 414 844 449 Ἀμέλει
867 414 960 448 φασὶν,

169 461 211 487 ὅτι
225 470 234 487 ι
251 460 340 488 Ξένων
351 461 460 487 πάντων
481 460 536 496 (47)
552 461 600 487 κα)⁸
622 460 770 496 ἀλλοτρίων
791 460 876 487 όντων
890 461 960 487 κατὰ

168 505 218 540 τὴν
231 505 325 532 οὐσίαν
339 505 386 532 τοῦ
400 505 519 542 Πατρδς,
543 505 615 532 οὕτω
636 507 683 533 καὶ
708 505 791 537 αὐτὸς
813 505 887 538 ξένος
910 506 960 541 μὲν

169 552 216 580 καὶ
232 551 370 588 ἀλλότριος
387 552 458 579 κατὰ
483 552 573 580 πάντα
601 552 651 588 τῆς
671 552 718 579 τοῦ
741 552 848 588 Πατρδς
867 552 961 584 οὐσίας

169 598 238 631 ἐστὶ,
249 598 304 626 τῶν
319 598 479 635 δὲγενητῶν
499 599 556 634 (48)
578 599 625 626 καὶ
648 598 807 634 κτισμθάτων
832 598 897 630 ἴδιος
913 599 961 625 καὶ

169 641 209 676 εἷς
217 645 345 680 τυγχάνει
354 654 361 661 '
371 646 475 681 κτίσμα
484 645 539 682 γάρ
549 646 607 672 ἐστι
617 646 664 672 καὶ
674 645 780 681 ποίημα
788 645 835 672 καί
844 645 933 680 ἔργον.
947 655 956 671 ι

168 690 253 720 Πάλιν
260 692 290 718 τέ
301 701 382 727 φασιν
396 692 463 728 (49),
474 693 515 719 ὃτι
525 702 534 718 ι
548 692 604 727 Οὐχ
617 692 634 727 ὴ
639 693 692 727 μᾶς
703 691 794 718 ἔκτισε
803 691 836 718 δι’
844 691 957 724 ἐκεῖνον,

168 736 226 763 ἀλλ’
241 738 344 765 ἐκεῖνον
356 738 388 765 δι’
400 739 484 773 ἡμᾶς.
497 735 553 765 Ἧν
571 737 626 774 γὰρ
635 758 642 771 ,
656 738 723 772 φασὶ
733 757 740 769 .
760 737 839 773 μόνος
851 738 866 763 6
882 737 958 771 Θεὸς,

169 783 216 810 καὶ
230 783 280 810 οὒκ
292 780 327 819 ἦν
346 785 360 810 6
376 784 462 818 Λόγος
484 784 532 810 σὺν
552 783 646 823 αὐτῷ’
670 781 730 810 εἶτα
749 783 866 818 θελήσας
885 783 960 818 ἡμᾶς

167 829 378 865 δημιουργῆσαι,
393 829 454 856 τότε
468 830 602 865 πεποίηκε
615 829 726 861 τοῦτον,
741 829 789 856 καὶ
801 829 848 864 ἀφ’
865 826 896 856 οὖ
913 828 959 863 γέ-

167 883 255 909 γονεν,
270 875 410 911 ὠνόμασεν
427 876 508 903 αὐτὸν
523 877 621 910 Λόγον,
634 875 680 902 καὶ
698 875 771 907 Υἱδν,
785 875 833 902 καὶ
846 875 956 909 Σοφίαν,

169 921 214 948 ῐνα
225 922 299 956 ἡμᾶς
311 921 345 948 δι’
359 921 442 948 αὐτοῦ
454 921 485 957 δη
491 921 646 958 μιουργήσῃ
654 929 661 936 ·
678 921 726 948 καὶ
740 920 835 956 ὥσπερ
844 920 880 947 τὰ
891 921 959 948 πάν-

167 975 202 994 τα
217 966 273 1001 (50)
287 966 434 1002 βουλήματι
446 967 493 994 τοῦ
501 967 569 994 Θεοῦ
580 967 631 994 οὐκ
650 966 715 994 ὄντα
733 967 876 1002 πρότερον,
894 966 960 994 ὑπέ-

169 1021 219 1048 στη
231 1021 238 1028 ·
253 1012 324 1039 οὕτω
343 1014 391 1039 κα)⁵
409 1013 491 1045 αὐτὸς
512 1012 553 1048 τῷ
573 1012 724 1048 βουλήματι
745 1012 792 1038 τοῦ
807 1011 892 1045 Θεοῦ,
909 1013 960 1039 οὐκ

167 1057 205 1085 ὣν
218 1058 360 1094 πρότερον,
379 1059 491 1094 γέγονεν
508 1058 574 1094 (51).
592 1059 629 1085 Οὐ
650 1059 705 1094 γάρ
720 1059 779 1085 ἐστι
791 1058 837 1085 τοῦ
854 1057 960 1094 Πατρός

169 1098 235 1130 [διον
246 1105 293 1131 καὶ
312 1104 394 1139 φύσει
420 1104 544 1140 γέννημα
562 1105 577 1130 6
593 1104 696 1139 Λόγος,
721 1103 791 1131 ἀλλὰ
810 1104 858 1131 καὶ
879 1104 960 1136 αὐτὸς

167 1148 260 1183 χάριτι
271 1149 393 1184 γέγονεν.
411 1150 440 1176 '0
453 1149 508 1185 γὰρ
516 1148 553 1176 ὣν
565 1149 631 1182 Θεὸς
648 1149 694 1176 τὸν
707 1149 744 1184 μὴ
756 1149 821 1176 ὄντα
835 1148 900 1175 Υἰὺν
915 1157 961 1175 πε-

168 1195 267 1230 ποίηκε
282 1197 315 1231 τῇ
337 1195 430 1230 βουλῇ,
455 1196 484 1222 ὲν
502 1191 519 1232 ᾗ
536 1195 583 1223 καὶ
599 1195 635 1222 τὰ
645 1195 735 1222 πάντα
748 1195 881 1231 πεποίηκε
891 1216 898 1229 ,
913 1195 960 1222 καὶ

167 1239 376 1276 ἐδημιούργησε,
384 1242 432 1268 καὶ
442 1241 542 1274 ἔκτισε,
552 1241 600 1268 καὶ
611 1241 871 1277 γενέσθαιὴθέλησε.
884 1251 894 1268 ι
905 1241 960 1268 Καὶ

168 1284 222 1320 γὰρ
235 1285 370 1312 καὶτοῦτο
383 1286 517 1320 λέγουσιν,
531 1287 572 1313 δτι
581 1287 653 1313 (οὒκ
662 1286 735 1313 ἔστιν
747 1288 761 1313 ὁ
774 1287 892 1322 Χριστὸς
903 1287 959 1323 (52)

167 1330 183 1365 ἡ
200 1330 300 1366 φυσικὴ
318 1331 365 1358 καὶ
380 1331 494 1368 ἀληθινὴ
507 1331 622 1368 δύναμις
636 1331 682 1359 τοῦ
695 1332 763 1359 Θεοῦ
774 1341 781 1348 ·
794 1332 852 1360 ἀλλ’
864 1333 959 1369 ὥσπερ

169 1375 291 1411 ὴκάμπη
311 1376 358 1403 καὶ
374 1377 388 1402 6
401 1376 515 1412 βροῦχος
534 1377 658 1412 λέγονται
676 1377 807 1413 δύναμις,
823 1378 893 1405 οὕτω
913 1379 959 1406 καὶ

167 1421 249 1453 αὐτὸς
259 1422 366 1457 λέγεται
379 1423 492 1458 δύναμις
500 1423 546 1450 τοῦ
558 1423 676 1460 Πατρός,
688 1434 697 1450 ι
708 1424 780 1459 Πρὸς
790 1424 894 1457 τούτοις
904 1425 960 1452 ἔλε-

167 1475 225 1501 γεν,
235 1468 276 1494 ὅτι
288 1468 344 1504 (55)
359 1478 368 1494 ι
381 1468 425 1504 Τῷ
433 1469 490 1505 Υἱῷ
505 1470 519 1496 ὁ
530 1469 624 1506 Πατὴρ
636 1469 757 1506 ᾶρρητος
768 1471 896 1507 ὑπάρχει·
913 1472 960 1498 καί

167 1513 228 1540 οὔτε
253 1515 330 1549 ὁρᾷν,
346 1513 408 1541 οὔτε
422 1514 569 1549 γινώσκειν
584 1515 695 1547 τελείως
709 1515 757 1543 καὶ
771 1516 893 1552 ἀκριϐῶς
912 1516 958 1543 δύ-

1012 275 1134 308 verbum,
1154 280 1183 303 et
1208 275 1288 302 aliam
1308 275 1334 302 in
1351 275 1431 302 Patre
1447 282 1507 302 esse
1527 275 1665 309 propriam
1686 275 1744 307 ejus
1758 282 1802 302 sa-

1011 322 1153 357 pientiam,
1178 322 1206 349 in
1229 329 1282 356 qua
1309 322 1442 357 sapientia
1469 321 1522 348 hoc
1547 328 1655 356 quoque
1683 320 1800 348 Verbum

1011 368 1149 402 ell'ecerit,
1167 368 1256 403 ipsum
1273 372 1364 395 autem
1384 368 1464 395 istum
1477 367 1621 394 Dominum
1638 367 1802 401 cogitatione

1011 414 1129 442 Verbum
1148 414 1206 442 sive
1229 413 1373 441 Rationem
1401 413 1465 445 dici,
1492 417 1603 447 propter
1627 420 1670 440 res
1697 412 1802 440 ratione

1011 461 1157 496 praeditas;
1173 459 1340 495 Sapientiam
1358 462 1421 488 item
1444 461 1609 494 cogitatione
1626 460 1678 488 dici
1691 464 1802 495 propter

1012 514 1055 534 res
1067 507 1200 541 sapientia
1211 511 1331 534 ornatas.
1351 517 1361 533 ι
1371 505 1452 534 Certe
1466 506 1546 534 iidem
1561 506 1695 540 inquiunt,
1707 515 1717 532 ι
1733 505 1800 532 Cum

1010 559 1054 580 res
1062 561 1157 580 omnes
1164 553 1312 580 secundum
1322 558 1445 579 naturam
1454 552 1535 587 223
1543 551 1638 579 aliena:
1650 555 1677 579 et
1687 551 1801 578 diversa:

1010 599 1066 626 sint
1086 606 1101 626 a
1119 599 1216 634 Patre,
1243 599 1280 626 ita
1303 598 1377 625 illum
1400 606 1461 625 esse
1476 605 1584 633 quoque
1605 598 1717 625 omnino
1732 596 1800 623 alie-

1009 653 1074 673 lum
1094 650 1123 673 et
1136 646 1275 674 diversum
1290 653 1304 671 a
1327 644 1416 672 Patris
1431 650 1543 678 natura,
1561 649 1588 672 et
1604 644 1637 671 ad
1655 651 1698 672 res
1714 643 1801 671 laetas

1009 700 1042 720 ac
1056 697 1163 719 creatas
1173 692 1321 727 pertinere,
1337 698 1473 726 unamque
1487 691 1594 718 illarum
1612 697 1684 723 esse,
1700 689 1800 725 quippe

1009 745 1070 765 cum
1087 738 1145 773 ipse
1160 745 1203 765 res
1214 742 1303 765 creata
1319 742 1346 765 et
1360 737 1443 769 facta,
1459 742 1540 772 atque
1555 743 1624 771 opus
1639 736 1686 763 sit.
1703 745 1713 762 ι
1727 736 1799 762 ltur-

1009 791 1056 811 sus
1075 784 1242 811 contendunt
1260 793 1269 810 ι
1288 783 1370 811 Deum
1388 791 1441 810 non
1454 790 1503 810 nos
1519 787 1631 818 propter
1642 782 1734 814 illum,
1749 780 1799 809 sed

1009 829 1083 856 illum
1109 834 1217 864 propter
1242 837 1291 857 nos
1316 837 1436 857 creasse.
1464 829 1536 856 Deus
1554 828 1639 861 enim,
1655 828 1731 855 aiunt
1748 827 1798 860 illi,

1009 876 1082 903 solus
1101 881 1170 909 erat,
1194 884 1245 903 nec
1264 875 1384 903 Verbum
1407 883 1468 903 cum
1492 875 1537 902 illo
1562 879 1644 902 erat:
1665 875 1712 901 sed
1736 883 1798 902 cum

1011 929 1059 948 nos
1073 921 1157 948 voluit
1179 922 1327 956 producere
1343 926 1406 948 tunc
1423 920 1488 948 illud
1506 920 1580 953 fecit,
1595 920 1665 954 quod
1678 920 1798 954 quidem,

1009 975 1024 994 a
1038 975 1091 1002 quo
1105 966 1204 994 factum
1221 973 1273 1001 est,
1292 967 1410 994 Verbum
1426 971 1453 994 et
1466 966 1562 993 Filium
1583 973 1616 993 ac
1631 966 1798 1000 Sapientiam

1010 1011 1169 1045 nominavit,
1196 1015 1225 1038 ut
1249 1019 1297 1038 nos
1319 1018 1367 1046 per
1383 1011 1469 1045 ipsum
1485 1011 1654 1044 produceret.
1674 1010 1797 1045 Insuper,

1009 1057 1237 1092 quemadmodum
1250 1057 1340 1084 omnia
1354 1058 1399 1084 Dei
1411 1057 1551 1084 voluntate
1561 1057 1707 1083 constituta
1722 1060 1796 1088 sunt,

1009 1111 1072 1132 cum
1093 1109 1171 1131 antea
1191 1111 1243 1130 non
1265 1108 1356 1130 essent
1373 1123 1380 1135 ,
1402 1102 1442 1130 sic
1467 1101 1538 1129 idem
1558 1110 1619 1129 cum
1641 1106 1721 1129 antea
1744 1109 1798 1129 non

1009 1155 1092 1183 esset,
1118 1150 1208 1178 Patris
1232 1149 1372 1178 voluntate
1387 1148 1486 1177 factum
1501 1153 1552 1176 est.
1569 1148 1626 1176 han
1643 1149 1715 1176 enim
1730 1148 1798 1176 Ver-

1009 1196 1073 1223 bum
1098 1197 1223 1231 proprius
1251 1201 1280 1223 et
1307 1195 1439 1222 naturalis
1464 1199 1506 1222 est
1528 1195 1616 1222 Patris
1644 1194 1725 1226 fetus,
1751 1195 1799 1221 sed

1009 1242 1096 1277 gratia
1120 1242 1146 1269 id
1163 1242 1200 1269 illi
1225 1249 1332 1277 quoque
1352 1247 1393 1269 est
1409 1241 1548 1268 tributum.
1571 1240 1642 1268 Deus
1663 1241 1734 1268 enim
1752 1240 1799 1274 qui

1009 1295 1116 1322 semper
1132 1293 1184 1320 est,
1204 1288 1312 1321 Filium,
1329 1288 1374 1322 qui
1395 1295 1449 1315 non
1465 1292 1534 1319 erat,
1549 1287 1643 1314 eadem
1659 1285 1800 1314 voluntate

1009 1334 1084 1366 fecit,
1107 1341 1159 1368 qua
1183 1339 1281 1361 caetera
1311 1334 1401 1360 omnia
1427 1333 1502 1365 fecit,
1531 1332 1670 1367 produxit,
1697 1331 1801 1358 creavit

1009 1379 1176 1407 etexsistere
1185 1379 1279 1407 voluit.
1297 1388 1306 1405 ›
1316 1378 1382 1405 Nam
1398 1384 1425 1406 et
1435 1379 1504 1406 istud
1514 1378 1645 1410 addunt,t
1660 1376 1799 1404 Christum

1010 1433 1062 1453 non
1088 1433 1149 1452 esse
1171 1425 1322 1452 naturalem
1343 1428 1371 1452 et
1385 1432 1478 1452 veram
1495 1423 1540 1451 Dei
1555 1423 1704 1458 potentiam
1717 1442 1724 1454 ,
1739 1421 1798 1451 sed.

1010 1475 1038 1498 ut
1062 1478 1144 1498 eruca
1169 1475 1197 1498 et
1222 1469 1343 1497 bruchus
1370 1469 1489 1504 potentia
1509 1469 1637 1495 dicuntur
1654 1467 1686 1500 ιε,
1710 1467 1751 1494 sic
1773 1469 1800 1493 et

1010 1515 1098 1551 ipsum
1113 1514 1203 1542 Patris
1215 1514 1363 1549 potentiam
1378 1512 1519 1548 appellari.
1534 1522 1544 1538 ι
1558 1512 1691 1539 Praeterea
1708 1510 1799 1537 aiebat

168 1569 245 1603 ναται
256 1561 270 1586 6
284 1561 347 1592 Υἱὸς
357 1561 403 1588 τὸν
414 1562 537 1598 Πατέρα.
563 1562 662 1598 Ἀρχὴν
674 1562 728 1598 γὰρ
739 1562 808 1598 ἔχων
821 1563 866 1590 τοῦ
878 1561 957 1596 εἶναι,

1013 1569 1023 1586 ι
1039 1559 1146 1588 Patrem
1159 1559 1229 1587 Filio
1241 1567 1304 1588 esse
1323 1559 1496 1590 inell‘abilem,
1512 1566 1561 1585 nec
1584 1558 1618 1584 ab
1632 1564 1666 1584 co
1681 1556 1800 1591 perfecte

167 1596 198 1632 ob
213 1605 324 1632 δύναται
340 1606 386 1633 τὸν
400 1596 519 1642 ἄναρχον
532 1596 678 1642 γινώσκειν
687 1616 694 1622 ·
795 1609 842 1635 καὶ
853 1609 867 1636 ὃ
884 1609 963 1644 γινώ-

169 1659 230 1677 σκει
249 1651 296 1678 καὶ
315 1651 420 1686 βλέπει,
442 1652 583 1686 ἀναλόγως
602 1651 656 1679 οἶδε
672 1655 729 1685 τοῖς
749 1653 823 1685 ἰδίοις
840 1654 959 1691 μέτροις,

168 1698 217 1724 καὶ
236 1697 329 1732 βλέπει
339 1719 346 1730 ,
368 1698 463 1734 ὥσπερ
477 1699 523 1724 καὶ
536 1699 617 1734 ἡμεῖς
632 1698 700 1734 (53‘)
713 1698 885 1735 γινώσκομεν
912 1701 961 1727 καὶ

169 1743 303 1778 βλέπομεν
316 1744 388 1771 κατὰ
395 1744 444 1779 τὴν
457 1744 525 1770 ἰδίαν
538 1743 662 1780 δύναμιν.
676 1754 685 1769 ι
695 1745 853 1780 Προσετίθει
867 1746 896 1773 δὲ
912 1747 960 1774 καὶ

169 1788 259 1822 τοῦτο,
274 1789 315 1816 ὅτι
326 1799 336 1815 ‹
347 1790 376 1816 '0
385 1790 448 1821 Υἱὸς
456 1790 486 1816 οὐ
500 1790 580 1824 μόνον
594 1790 639 1816 τὸν
647 1789 757 1825 Πατέρα
769 1790 815 1816 τὸν
829 1790 894 1818 ῐδιον
907 1792 958 1819 οὐκ

169 1832 239 1862 οἶδεν
254 1835 385 1871 ἀκριϐῶς,
401 1835 458 1862 ἀλλ’
470 1835 530 1862 οὐδὲ
537 1835 587 1871 τὴν
601 1835 670 1862 ίδίαν
685 1835 783 1862 ἑαυτοῦ
796 1835 851 1872 (54)
863 1836 958 1866 οὐσίαν

169 1878 249 1909 οἶδεν.
266 1891 276 1908 ι

207 1969 250 2000 l3.
270 1970 363 1997 Ταῦτα
378 1970 426 1997 καὶ
442 1970 476 1997 τὰ
492 1970 606 1998 τοιαῦτα
628 1970 715 2005 λέγων
737 1971 786 2006 μὲν
802 1972 816 1998 6
833 1971 956 2007 Ἀρειος,

170 2016 309 2052 αἰρετικὸς
332 2016 489 2052 ἀπεδείχθη.
522 2016 593 2051 Ἐγὼ
609 2016 638 2043 δὲ
659 2016 706 2043 καὶ
731 2017 810 2052 μόνον
832 2018 956 2052 γράφων,

170 2061 316 2096 ἐκάθαιρον
333 2061 388 2098 (55)
403 2062 522 2098 ἐμαυτὸν
539 2062 739 2098 ἐνθυμούμενος
753 2063 788 2091 τὰ
810 2061 879 2090 κατὰ
893 2062 957 2089 τού-

209 2129 231 2145 ¹⁸
240 2129 297 2158 Joel
315 2138 344 2163 ιι,
360 2130 406 2158 25.

208 2192 264 2229 (46)
278 2192 323 2220 Sic
339 2193 450 2229 Segner.
467 2192 546 2229 (Colb.
560 2192 674 2229 Taurin.
694 2192 752 2221 Jes.
764 2192 923 2229 etili'elcktn.
934 2192 958 2219 l.

171 2230 205 2255 At
217 2229 243 2254 in
254 2227 335 2255 editis
348 2228 444 2269 legitur
456 2228 535 2259 ἄλλος
553 2228 602 2262 μὲν
617 2227 694 2262 λόγος
707 2229 721 2254 6
737 2229 765 2254 ἐν
787 2227 958 2263 Πατρνῐδιος,
976 2250 998 2278 D

172 2263 216 2278 ..-1
233 2263 297 2278 ΙἸῚ..
311 2264 339 2278 ι...
352 2271 391 2278 ’.Α
407 2263 492 2278 n---\
508 2263 590 2278 nam-
605 2263 678 2278 ...Ε-ιῖ-
693 2263 771 2278 κληί-

172 2263 219 2290 καὶ
232 2263 298 2298 ἄλλη
310 2264 339 2290 ὲν
348 2262 391 2298 τῷ
407 2263 494 2298 Πατρὶ
507 2263 590 2294 ἀΐδιος
604 2263 678 2297 αὐτῷ
692 2263 783 2298 σοφία.

208 2298 263 2333 (47)
278 2297 322 2325 Sic
343 2297 455 2332 Seguer.
468 2297 583 2326 "l'aurin.
605 2298 681 2326 Colb.
696 2297 751 2325 Jes.
769 2298 848 2325 Gobl.
869 2297 957 2326 Felck.

173 2333 186 2360 1
206 2339 232 2359 et
244 2333 272 2363 5.
288 2339 316 2359 et
332 2333 377 2360 Fr.
393 2333 418 2360 1.
435 2333 469 2360 At
477 2333 541 2360 editi
551 2333 659 2360 πάντων
671 2333 772 2360 habent
787 2338 847 2368 post
863 2334 957 2360 όντων.

209 2368 265 2404 (48)
278 2368 390 2404 ξεειιθιι.
405 2373 433 2395 et
449 2368 526 2404 Golb.
550 2367 697 2404 γεννητῶν.
712 2368 780 2396 ibid.
798 2369 879 2396 iidem
889 2368 959 2396 Tan-

174 2402 226 2430 rin.
239 2402 266 2430 et
278 2402 374 2430 Jesuit.
387 2403 514 2430 κτιστῶν.

209 2439 264 2474 (49)
279 2437 392 2472 Seguer.
417 2438 545 2474 nihvﬁé
560 2447 636 2474 φησι.
649 2438 734 2467 Paulo
748 2442 809 2474 post
825 2438 894 2466 idem
911 2446 959 2473 pro

173 2473 249 2508 φασί,
267 2474 349 2500 habet
362 2473 427 2501 item
441 2473 518 2508 φησί.

201 2509 265 2553 ’(50)
282 2508 395 2544 εεςυετ.
421 2509 533 2536 Taurin.
553 2508 672 2537 Colbert.
693 2513 720 2537 et
740 2508 838 2537 Jesuit.
865 2508 959 2545 ὥσπερ

173 2553 272 2571 παντα.

210 2579 267 2615 (51)
282 2579 328 2615 Sic
344 2578 407 2613 Seg.
427 2578 541 2606 Taurin.
558 2579 636 2615 Colb.
659 2578 715 2607 .les.
727 2578 808 2615 (Gobl.
822 2583 857 2615 et
868 2577 958 2606 Felclt.

173 2617 200 2642 1.
214 2612 325 2642 ἰηὀἰίίε
335 2612 399 2641 vero
415 2618 446 2649 et
455 2614 547 2649 editis:
558 2614 656 2649 legitur
685 2614 803 2648 ἐγένετο.
822 2612 887 2649 Ibid.
906 2618 960 2641 sta-

175 2652 220 2677 tim
237 2655 297 2684 post
311 2649 416 2684 γέγονε,
431 2648 508 2676 Colb.
527 2648 638 2676 Taurin.
656 2654 685 2676 et
699 2649 816 2676 Feb-km.
830 2648 856 2681 Ι,
874 2649 958 2675 inter-

175 2685 270 2713 mediis
293 2685 412 2720 omissis.
432 2684 550 2720 subdunt
574 2685 606 2711 ’0
624 2684 678 2720 γὰρ
696 2684 733 2712 ὢν
753 2684 838 2720 Θεόςζ
851 2689 916 2720 etc.,
931 2684 957 2720 in

174 2721 252 2748 Gobl.
263 2720 325 2748 item
337 2724 364 2756 et
372 2718 491 2747 Felckm.
508 2719 534 2752 1.
557 2717 746 2748 (ἰεευιιι’11›ἰι1.
769 2719 799 2746 ἐν
858 2719 904 2746 καὶ
924 2718 958 2746 τὰ

174 2756 263 2782 πάντα
279 2755 420 2790 ζιεποίηκε.

210 2791 267 2827 (52)
278 2788 390 2827 .l‘esnitl~
389 2790 403 2816 6
414 2789 489 2827 Θεός.

211 2824 266 2861 (55)
281 2824 355 2852 Colb.
369 2824 586 2861 TaurinLFrJ,
598 2825 692 2861 ἔλεγεν
710 2825 890 2861 'Apetog,61t,
901 2829 955 2861 etc,

178 2859 236 2888 Mox
255 2859 367 2894 Segner.
379 2859 454 2888 Colb.
473 2859 585 2886 Taurin.
601 2859 697 2888 .Iesuit.
713 2859 791 2888 Gubl.
807 2859 924 2887 Felckm.
942 2859 952 2885 Ι

176 2904 203 2928 et
222 2896 268 2930 i-‘r.
290 2895 301 2924 l
329 2895 427 2924 habent
453 2895 592 2930 ᾰρῥητοςι
616 2895 661 2924 alii
694 2903 756 2924 vero
785 2903 846 2924 Clllll
866 2895 955 2928 editis,

1011 1608 1039 1633 et
1067 1610 1195 1633 accurate
1215 1605 1302 1633 videri
1317 1609 1365 1632 aut
1383 1604 1511 1640 cognosci
1533 1611 1612 1638 posse
1628 1612 1635 1630 :
1658 1610 1720 1629 nam
1734 1609 1797 1629 cum

1011 1652 1157 1679 exsistendi
1175 1651 1280 1678 initium
1300 1651 1414 1683 habeat,
1431 1658 1492 1677 eum
1510 1651 1555 1684 qui
1577 1651 1637 1676 sine
1665 1648 1743 1675 initio
1757 1651 1799 1674 est

1011 1697 1103 1724 videre
1126 1704 1178 1724 non
1193 1704 1292 1731 posse;
1317 1696 1387 1731 quod
1408 1699 1497 1723 autem
1516 1694 1657 1730 cognoscit
1675 1698 1704 1721 et
1715 1693 1798 1724 videt,

1011 1743 1090 1771 modo
1110 1743 1163 1770 sibi
1178 1742 1349 1770 convenienti
1365 1749 1528 1777 cognoscere
1540 1745 1569 1768 et
1588 1740 1689 1772 videre,
1704 1746 1798 1774 quem-

1011 1789 1155 1816 admodum
1176 1795 1225 1816 nos
1248 1795 1297 1824 pro
1317 1788 1420 1816 nostris
1444 1787 1547 1815 viribus
1568 1786 1758 1821 cognoscimus
1772 1789 1800 1812 et

1010 1834 1142 1862 videmus.
1155 1844 1166 1862 ι
1180 1835 1304 1862 Hocitem
1313 1834 1501 1870 subjungebat,
1514 1843 1523 1860 ι
1536 1833 1632 1860 Filium
1643 1839 1697 1859 non
1711 1832 1798 1859 solum

1010 1880 1148 1916 proprimn
1162 1881 1270 1909 Patrem
1287 1885 1418 1908 accurate
1440 1887 1492 1907 non
1511 1885 1686 1915 cognoscere,
1702 1879 1749 1906 sed
1765 1886 1799 1905 ne

1011 1926 1146 1961 propriam
1160 1927 1268 1962 quidem
1282 1927 1323 1955 sui
1339 1931 1474 1954 naturam.
1489 1936 1499 1952 ι

1046 1972 1090 2000 13.
1112 1972 1174 2000 Haec
1188 1977 1215 2001 et
1236 1973 1334 2000 similia
1349 1980 1409 2000 cum
1432 1972 1512 1999 Arius
1531 1972 1642 2003 diceret,
1656 1969 1799 1998 haereticus

1011 2022 1053 2045 est
1069 2017 1230 2045 declaratus.
1246 2018 1301 2053 Ego
1320 2022 1394 2046 certe
1410 2018 1452 2046 vel
1476 2017 1562 2045 solum
1581 2017 1643 2044 dum
1664 2016 1720 2044 haec
1733 2015 1799 2043 scri-

1010 2063 1114 2097 berem,
1140 2064 1331 2100 tnemetipsum
1358 2064 1555 2099 expurgabam,
1580 2067 1636 2091 tum
1662 2061 1798 2090 contraria

1010 2190 1134 2227 669110;.
1145 2190 1221 2227 _lbid.
1243 2190 1363 2218 Felckm.
1381 2191 1413 2223 5,
1428 2190 1557 2227 οὕτενόρᾷ
1574 2189 1643 2227 οἰξτε-
1659 2188 1797 2227 γινώσκει,

1011 2224 1112 2253 omisso
1121 2225 1243 2257 δύναται.
1258 2227 1330 2261 quod
1346 2233 1408 2253 mox
1421 2224 1558 2260 sequitur,
1572 2224 1644 2260 quod
1659 2225 1739 2251 etiam
1751 2225 1799 2251 ab-

1012 2266 1053 2288 est
1065 2260 1100 2287 ab
1113 2261 1268 2295 Anglicano.

1050 2296 1118 2331 (ὅδ’)
1132 2293 1178 2323 Sic
1191 2295 1287 2324 Jesuit.
1300 2296 1377 2324 Colb.
1395 2294 1633 2331 Taurin.§egucr.
1649 2293 1755 2331 Anglic.
1772 2298 1799 2320 et

1013 2329 1154 2358 liaSiliJIn
1173 2331 1233 2358 aliis
1258 2337 1348 2358 autem
1378 2335 1406 2358 et
1421 2331 1486 2358 edit.
1510 2329 1640 2357 Commel.
1671 2329 1800 2356 mendose

1013 2366 1113 2400 legitur
1137 2366 1226 2401 ὑμεῖς.
1254 2366 1314 2393 Mox
1342 2366 1455 2401 Seguer.
1474 2363 1798 2401 Jes._Tanrin._(_iobler.

1013 2375 1113 2400 legllul'
1137 2375 1152 2391 υ
1177 2375 1226 2398 εις.
1254 2375 1314 2393 ΜΟΚ
1343 2375 1455 2401 aeguer.
1474 2375 1529 2392 κε.
1554 2375 1661 2391 aaurm.
1689 2375 1798 2391 numer.

1013 2401 1133 2429 Felckm.
1153 2375 1176 2428 i‘
1187 2406 1215 2428 et
1239 2401 1266 2433 5,
1284 2405 1311 2427 et.
1325 2400 1371 2428 Fr.
1389 2401 1415 2432 l,
1431 2400 1501 2427 κατὰ
1517 2399 1567 2435 τὴν
1591 2398 1798 2435 ἰδίανγδὺναμιν.

1012 2435 1105 2463 Basili.
1126 2435 1197 2462 κατὰ
1219 2436 1269 2471 τὴν
1285 2436 1351 2462 ἰδίαν
1361 2435 1408 2462 τοῦ
1422 2435 1489 2462 Θεοῦ
1504 2434 1627 2471 δύναμιν.
1644 2434 1728 2466 Edili,
1748 2442 1798 2460 κα-

1012 2471 1046 2498 τὰ
1069 2471 1120 2506 τὴν
1143 2471 1210 2498 ἰδίαν
1231 2470 1299 2497 Θεοῦ
1322 2470 1447 2506 δύναμιν.
1469 2471 1535 2506 Qua;
1556 2470 1634 2506 ibid._
1649 2473 1800 2506 sequuntur

1013 2503 1217 2534 eiriendavirnus
1238 2514 1270 2533 ex
1292 2513 1356 2533 mss.
1382 2503 1493 2541 Seguer'.
1516 2504 1592 2541 qub.
1613 2503 1725 2541 Taurin.
1746 2503 1799 2541 Go-

1012 2542 1083 2569 bler.
1108 2541 1263 2569 Felckman.
1289 2545 1317 2568 et
1331 2541 1376 2568 Fr.
1395 2538 1432 2573 l:
1446 2540 1494 2567 sed
1517 2539 1592 2567 solus
1610 2538 1724 2573 Seguer.
1753 2538 1798 2564 τὸν

1014 2576 1079 2603 ἴδιον
1096 2577 1184 2604 habet.
1203 2577 1274 2604 Editi
1287 2584 1348 2603 cum
1363 2576 1424 2603 aliis
1436 2576 1476 2602 sic
1493 2575 1602 2605 habent,
1615 2573 1757 2609 προστιθεῑ
1770 2573 1800 2600 δὲ

1013 2613 1059 2638 καὶ
1069 2611 1158 2643 τοῦτο,
1169 2612 1210 2639 ὅτι
1224 2611 1262 2647 οὑέ
1271 2611 1350 2647 μόνον
1359 2611 1405 2638 τὸν
1416 2610 1526 2647 Πατέρα
1535 2609 1590 2647 -οὑκ
1597 2607 1680 2647 οἰδὲν,
1691 2614 1744 2647 etc.

1044 2647 1106 2687 (54)
1177 2643 1303 2687 Seg._.lés.
1314 2643 1579 2687 Gob_._etFel.'l,Er.
1593 2645 1618 2687 ll.
1628 2644 1662 2670 At
1670 2643 1800 2687 editihat‘r-

1011 2677 1069 2709 τοῦ.
1088 2677 1164 2710 Colb.
1189 2677 1228 2709 etv
1237 2681 1350 2709 Taurin.
1371 2680 1495 2714 ἐξουσίαν
1515 2677 1585 2706 οἶδεν
1606 2678 1714 2705 ἑαυτοῦ.
1738 2678 1799 2714 {lux

1011 2723 1064 2779 ait.
1077 2719 1092 2744 6
1107 2722 1171 2779 aut:
1187 2717 1295 2752 ’Δρειος
1309 2716 1386 2744 abest
1394 2713 1412 2743 7a
1427 2717 1540 2750 Seguer.
1559 2714 1669 2742 Gobler.
1694 2719 1722 2741 et
1738 2713 1795 2740 Fel-

1011 2761 1026 2779 ε
1047 2761 1137 2779 manili
1168 2771 1176 2778 θ

1011 2761 1137 2780 οκιυιιηιιι
1150 2761 1176 2779 ι.

1047 2788 1102 2822 (55)
1123 2787 1169 2815 Sic
1183 2787 1246 2822 δρα.
1263 2786 1341 2814 Gobl.
1354 2791 1381 2814 et
1394 2785 1512 2822 Felckm.
1530 2782 1796 2822 l.ﬂln_.lesuit.__(_1olb.

1011 2818 1125 2850 Taurin.
1139 2827 1166 2849 et
1179 2818 1263 2853 [τι-Π,
1278 2822 1375 2857 legitur
1392 2821 1536 2856 ἑκάθαρον.
1554 2820 1625 2857 Ediii
1640 2823 1672 2857 et
1687 2818 1731 2857 al_i_i
1753 2818 1798 2857 11ης

1010 2858 1226 2920 lien;éep_1'}vouv.
1249 2852 1315 2885 Mei
1324 2857 1404 2885 Basil.
1427 2852 1531 2891 Anglic.
1552 2861 1578 2884 et
1601 2853 1693 2883 Felclt.
1711 2853 1744 2887 5,
1762 2852 1798 2881 τὰ

1010 2902 1060 2920 κατ
1095 2901 1199 2920 τουτον.

1010 2901 1079 2921 κατα
1095 2901 1199 2920 τουτον.
