2018 3048
152 138 206 166 591

668 139 842 168 APOLOGlA
860 140 906 167 AD
924 140 1172 169 CONSTANTIUM
1192 141 1261 169 IMP.

1722 144 1771 172 59!

148 196 331 231 ἀπεφήναντο.
364 197 429 224 Ἀπὸ
457 197 505 233 μὲν
532 192 579 224 οὖν
603 198 705 225 τούτων
730 197 812 233 οἶδας,
831 201 872 227 ὃτι
895 201 937 228 καὶ

994 202 1074 234 vinis,
1093 202 1190 230 deinde
1203 201 1304 228 nostris
1324 200 1429 236 legibus
1448 201 1612 229 decernitur.
1631 201 1698 230 Hinc
1709 210 1769 230 sam

149 243 165 276 ἡ
189 241 222 277 σὴ
246 241 371 269 εὐλάϐεια
397 242 443 277 (9),
474 242 623 278 φιλαλήθης
653 243 720 272 οὖσα
740 245 786 272 καὶ
805 246 937 281 φιλόθεος,

149 289 224 323 ἡμᾶς
248 288 296 323 μὲν
325 288 483 324 ἐλευθέρους
506 289 560 316 ἀπὸ
577 289 668 326 πάσης
689 291 806 326 ὑποψίας
829 293 937 327 συνορᾷ,

150 334 212 365 τοὺς
242 333 270 360 δὲ
295 334 355 360 καθ’
377 334 455 370 ἡμῶν
485 335 645 370 γενομένους
673 337 842 372 συκοφάντας
866 338 937 364 ἀπο-

151 379 251 414 φαίνει.

185 426 212 453 2.
229 427 296 462 Περὶ
310 426 338 453 δὲ
354 427 403 461 τῆς
417 426 542 462 διαϐολῆς
557 427 607 462 τῆς
625 428 684 454 κατ’
702 427 769 463 ἐμοῦ
790 427 940 463 γενομένης

150 472 226 508 παρὰ
243 473 276 508 τῇ
294 474 327 508 σῇ
353 472 539 508 φιλανθρωπίᾳ
564 472 606 499 διὰ
619 473 665 499 τὸν
683 473 875 500 εὐσεϐέστατον
887 472 940 499 Αὖ-

150 526 262 552 γουστον
274 518 320 544 καὶ
335 518 472 553 μακαρίας
486 519 594 554 μνήμης
602 519 649 545 καὶ
658 518 763 545 αἰωνίου
775 519 940 546 Κώνσταντα

149 562 195 589 τὸν
209 562 322 596 ἀδελφόν
342 570 389 588 σου
410 562 501 597 (τοῦτο
514 562 569 597 γὰρ
584 563 608 588 oi
629 563 720 598 ἐχθροὶ
738 562 874 598 θρυλοῦσι,
894 564 940 590 καὶ

151 609 256 644 γράψαι
277 607 498 644 τετολμήκασιν),
525 608 606 635 ἱκανὰ
619 609 652 635 τὰ
673 609 770 644 πρῶτα
788 609 872 641 δεῖξαι
892 609 940 636 καὶ

149 655 235 682 ταῦτα
252 655 288 690 μὴ
306 654 403 690 ἀληθῆ.
419 655 449 680 Εἰ
468 654 516 688 μὲν
529 654 582 690 γὰρ
591 654 664 681 ἄλλοι
680 652 830 690 τινὲςῆσαν
844 655 869 681 οι
879 654 939 681 τοῦ-

149 709 180 728 το
194 701 327 734 λέγοντες,
350 700 493 735 δικάσιμον
508 698 541 735 ἦν
554 700 585 726 τὸ
600 701 723 736 πρᾶγμα,
741 700 820 736 χρεία
838 709 868 726 τε
884 700 939 735 (10)

150 744 250 778 mna;
261 744 432 776 ἀποδείξεως,
449 744 495 771 καὶ
511 744 565 771 τῶν
585 745 625 776 είς
641 745 786 780 πρόσωπον
803 744 936 779 ὲλέγχωνο

150 792 174 817 εί
186 791 213 817 δὲ
228 792 253 817 οἰ
267 790 302 817 τὰ
318 790 415 826 πρῶτα
432 791 582 822 πλάσαντες
601 791 678 818 αὐτοὶ
700 791 747 817 καὶ
765 790 853 817 ταῦτα
865 795 940 818 ’συν-

150 836 266 871 έϐηχαν,
285 836 343 867 πῶς
357 837 407 862 οὐκ
422 835 450 869 ἐξ
468 837 579 864 ἐκείνων
599 837 710 867 εἰκότως
730 838 777 863 καὶ
790 837 875 864 ταῦτα
890 845 940 863 πε-

991 247 1110 274 futurum
1133 251 1185 280 est,
1203 251 1233 274 ut
1254 247 1340 281 pietas
1365 252 1421 279 tua,
1446 246 1492 274 Dei
1511 247 1589 280 juxta
1605 255 1637 274 ac
1653 247 1769 275 veritati:

991 293 1188 324 amantissima,
1200 299 1248 319 nos
1259 292 1332 319 omni
1344 291 1497 326 suspicione
1512 291 1610 318 liberos
1626 292 1769 326 deprehen.

990 338 1035 365 dat
1052 347 1058 364 :
1077 337 1247 364 adversarios
1267 341 1375 364 nostros
1389 336 1569 371 sycophantas
1583 343 1644 363 esse
1658 343 1762 371 pronun

991 383 1048 410 tiet.

1026 427 1052 453 2.
1066 427 1206 454 Calttmnia
1222 431 1310 454 autem
1323 427 1356 454 ab
1370 427 1486 454 inimicis
1498 427 1566 454 meis
1583 427 1616 454 ad
1632 430 1703 454 tuam
1718 427 1769 461 pie-

992 477 1075 500 tatem
1095 473 1197 506 delata,
1209 473 1326 507 ’propter
1341 473 1490 506 piissimum
1504 473 1652 507 Augustum
1669 479 1701 498 ac
1714 472 1770 498 bea-

992 523 1025 546 tae
1045 523 1205 552 merumque
1223 518 1359 545 memorize
1370 519 1456 545 virum
1472 517 1646 544 Constantem
1663 516 1770 544 fratretr

991 569 1076 595 tuum.
1101 563 1164 591 licet
1190 564 1224 591 ab
1244 563 1296 590 illis
1315 563 1415 597 ubique
1440 562 1594 598 pervulgata
1620 569 1652 589 ac
1675 562 1770 596 scriptc

992 610 1089 636 tradita
1106 610 1151 641 sitl
1168 617 1238 636 vana
1255 613 1344 635 tamen
1368 607 1517 642 futilisque,
1533 608 1575 634 vel
1586 608 1705 642 priorum
1721 607 1771 634 cri.

992 655 1170 682 minationum
1193 653 1310 681 falsitate
1333 654 1543 681 demonstratur.
1564 652 1693 687 Equidem
1708 652 1730 679 si
1742 653 1776 679 ab

993 701 1053 728 aliis
1066 701 1197 733 deferrer,
1228 708 1271 728 res
1292 701 1320 727 in
1342 700 1387 734 jus
1409 699 1499 727 vocari
1513 704 1613 734 posset,
1638 699 1775 732 multaque

989 747 1149 781 probatione
1163 754 1229 781 opus
1245 750 1330 778 esset,
1361 750 1441 780 atque
1463 752 1555 773 coram
1575 744 1775 772 convincendns

990 799 1094 825 essent;
1110 793 1151 820 sin
1171 800 1186 819 a
1202 792 1321 826 priorum
1340 791 1535 819 calumniarum
1548 791 1702 818 auctoribus
1718 791 1775 818 inec

991 845 1098 873 quoque
1122 838 1231 872 prodiit,
1259 838 1315 872 qui.
1332 845 1434 872 quaeso,
1450 837 1513 864 hinc
1533 836 1620 871 palam
1643 844 1695 863 non
1711 836 1774 869 erit,
1794 836 1806 845 ‘

149 883 292 918 πλασμένα
305 884 456 917 δείκνυται;
470 884 520 910 Διὰ
537 883 615 910 τοῦτο
631 883 685 920 γὰρ
706 883 787 910 πάλιν
805 882 875 909 κατὰ
889 882 937 917 μό-

991 884 1040 911 hoc
1063 891 1165 910 merum
1187 891 1281 910 eorum
1302 891 1364 910 esse
1385 881 1584 910 commentum?
1607 882 1775 916 Quapropter

149 938 197 960 νας
208 929 327 962 λαλοῦσι,
339 929 493 965 νομίζοντες
505 930 676 966 ὑφαρπάζειν
688 930 816 956 δύνασθαι
827 929 876 965 τὴν
889 929 937 964 σὴν

149 975 314 1002 θεοσέϐειαν.
337 975 407 1002 Ἀλλ’
429 976 600 1011 ἐσφάλησαν·
619 977 648 1002 οὐ
664 975 718 1011 γὰρ
739 975 777 1007 ὡς
803 975 937 1010 ἠθέλησαν

148 1021 277 1055 ἤκουσας,
293 1020 361 1047 ἀλλὰ
374 1023 406 1056 τῇ
425 1021 601 1057 μακροθυμίᾳ
612 1021 730 1052 δέδωκας
741 1021 788 1047 καὶ
801 1022 867 1056 ἡμῖν
882 1019 936 1055 (ll)

149 1064 241 1100 χώραν
257 1065 458 1100 ἀπολογεῖσθαι.
474 1066 510 1092 Τὸ
526 1066 580 1101 γὰρ
598 1066 635 1101 μὴ
651 1066 806 1101 παραυτίκα
825 1065 937 1100 κινηθῆ-

148 1119 203 1140 ναι,
220 1111 266 1137 καὶ
280 1111 414 1147 τιμωρίαν
427 1112 589 1146 ἀπαιτῆσαι,
607 1111 682 1138 οὐδὲν
696 1110 729 1146 ἦν
745 1112 847 1145 ἕτερον,
858 1111 887 1147 ἣ,
899 1111 937 1143 ὡς

148 1156 251 1183 δίκαιον
266 1156 387 1191 βασιλέα,
411 1158 567 1192 περιμεῖναι
586 1157 632 1184 καὶ
649 1157 697 1192 τὴν
713 1157 760 1184 τοῦ
783 1156 940 1192 διαϐληθέν-

148 1210 193 1234 eo;
205 1202 350 1236 ἀπολογίαν
360 1211 366 1218 ~
379 1200 413 1238 ἦς
425 1203 472 1229 ἐὰν
489 1202 658 1238 καταξιώσῃς
669 1203 792 1235 ἀκοῦσαι,
806 1202 939 1239 τεθαρση-

149 1256 195 1279 κα,
210 1247 248 1279 ὡς
260 1248 307 1273 καὶ
318 1248 346 1274 ὲν
358 1248 462 1279 τούτοις
476 1247 640 1284 καταγνώσῃ
652 1247 705 1274 τῶν
716 1249 939 1284 προπετευσαμέ-

149 1302 202 1319 νων
233 1293 297 1328 (12),
321 1294 368 1320 καὶ
399 1294 435 1329 μὴ
469 1294 640 1328 φοϐηθέντων
671 1294 717 1320 τὸν
746 1294 822 1326 Θεὸν,
853 1295 938 1321 ἐντει-

149 1339 264 1374 λάμενον
295 1339 378 1374 μηδὲν
401 1339 498 1374 ψεῦδος
524 1340 578 1366 ἀπὸ
605 1340 738 1375 στόματος
769 1340 873 1375 βασιλεῖ
896 1340 939 1366 λέ-

149 1385 255 1419 γεσθαι.

183 1431 209 1457 5.
228 1429 394 1465 Αἰσχύνομαι
413 1431 462 1466 μὲν
475 1428 522 1457 οὖν
537 1430 644 1465 ἀληθῶς
659 1431 705 1457 καὶ
721 1431 939 1467 ἀπολογούμενος

150 1476 214 1511 περὶ
235 1476 372 1508 τοιούτων,
399 1476 464 1511 περὶ
487 1472 524 1502 ὧν
539 1477 599 1502 οὐδὲ
616 1476 698 1503 αὐτὸν
719 1475 795 1511 οἶμαι
810 1477 856 1503 τὸν
874 1485 940 1503 κατ-

149 1521 248 1556 ήγορον
270 1521 310 1547 έτι
331 1521 471 1556 παρόντων
490 1521 567 1555 ἡμῶν
588 1521 793 1556 μνημονεύσειν.
808 1521 868 1548 Οἶδε
884 1521 938 1557 γὰρ

148 1566 280 1602 ἀκριϐῶς,
305 1567 345 1593 ὅτι
370 1575 398 1592 τε
421 1567 500 1597 αὐτὸς
519 1566 655 1601 ψεύδεται,
676 1568 722 1592 καὶ
749 1566 811 1593 οὔτε
833 1567 938 1602 ἐμάνην

149 1611 215 1645 ἐγὼ,
229 1611 290 1638 οὔτε
304 1611 358 1637 τῶν
375 1611 479 1647 φρενῶν
494 1611 636 1646 ἐξέστηκα,
651 1612 692 1638 ἵνα
704 1612 754 1638 κᾶν
767 1612 805 1643 ὼς
821 1612 882 1639 ἐνθυ
887 1621 939 1648 μη-

149 1657 205 1689 θείς
225 1666 251 1683 τι
272 1656 391 1683 τοιοῦτον
414 1657 564 1691 ὑπονοηθῶ.
589 1657 635 1683 Διὸ
649 1658 703 1684 οὐδ’
719 1657 751 1684 ἂν
768 1658 856 1690 ἄλλοις
871 1659 939 1695 ὲρω-

148 1703 230 1729 τῶσιν
246 1703 447 1737 ἀπεκρινάμην,
463 1702 508 1728 ἵνα
528 1702 595 1738 μηδὲ
615 1703 643 1728 ἐν
660 1702 698 1738 τῷ
709 1703 797 1738 χρόνῳ
810 1704 858 1739 τῆς
872 1705 937 1730 ἀπο.

149 1749 241 1783 λογίας
258 1750 281 1775 οἱ
298 1748 441 1779 ἀκούοντες
454 1749 637 1783 κρεμωμένην
654 1749 709 1784 (15)
727 1749 808 1784 ἔχωσι
821 1750 870 1784 τὴν
886 1750 939 1777 διά-

148 1803 238 1822 νοιανο
255 1796 288 1830 τῇ
312 1795 340 1821 δὲ
362 1796 394 1829 σῇ
420 1794 548 1829 εὐλαϐείᾳ
571 1794 676 1830 μεγάλῃ
703 1795 750 1821 καὶ
768 1795 882 1830 λαμπρᾷ
903 1797 936 1831 τῇ

149 1842 224 1876 φωνῇ
243 1841 440 1875 ἀπολογοῦμαι,
457 1841 504 1868 καὶ
517 1841 567 1875 τὴν
585 1842 664 1876 χεῖρα
675 1840 807 1873 ἐκτείνας,
821 1841 835 1867 ὃ
852 1841 939 1876 μεμά-

149 1889 220 1923 θηκα
249 1888 323 1920 παρὰ
348 1887 394 1913 τοῦ
426 1887 604 1918 Ἀποστόλου,
630 1887 764 1925 μάρτιιρα
791 1887 844 1914 τὸν·
864 1889 938 1915 Θεὸν

148 1935 345 1969 ἐπικαλοῦμαι
361 1934 409 1961 ἐπὶ
423 1934 481 1968 τὴν
492 1934 622 1968 ἐμαυτοῦ
634 1934 753 1968 ψυχήνι
770 1935 826 1966 καὶ,
840 1934 878 1966 ὡς
891 1935 938 1969 γέ-

148 1989 269 2016 γραπται
284 1981 312 2006 ὲν
328 1982 388 2012 ταῖς
409 1980 565 2012 Βασιλικαῖς
588 1980 733 2015 ἱστορίαις·
748 1979 864 2015 μάρτυς
884 1982 938 2008 Κύ-

148 2036 221 2061 ριος,
247 2027 294 2054 καὶ
314 2027 430 2061 μάρτυς
453 2029 470 2053 ό
491 2026 617 2060 Χριστὸς
636 2026 730 2053 αὑτοῦ
753 2026 846 2062 (κάμοὶ
871 2035 938 2061 συγο-

149 2073 273 2109 χώρησον
284 2074 391 2107 εἰπεῖν),
403 2073 462 2100 οὐδὲ
474 2072 582 2099 πώποτε
595 2073 659 2109 περὶ
672 2073 721 2108 τῆς
735 2073 786 2107 σῆς
797 2073 937 2106 εὐσεϐείας

149 2120 242 2151 κακῶς
265 2119 454 2155 ἐμνημόνευσα
477 2118 552 2155 παρὰ
575 2118 614 2154 τῷ
637 2119 745 2154 ἀδελφῷ
763 2128 808 2145 σου
832 2119 871 2155 τῷ
886 2119 937 2154 τῆς

151 2166 290 2201 μακαρίας
306 2166 414 2200 μνήμης
430 2164 599 2195 Κώνσταντι,
619 2165 658 2200 τῷ
679 2165 734 2199 (id)
751 2165 937 2201 εὐσεϐεστάτῳ

989 929 1059 956 clam
1080 936 1123 955 me
1141 928 1197 955 haec
1218 928 1412 963 obloquuntur.
1428 928 1479 955 rati
1495 935 1524 955 se
1542 932 1613 954 tuatn
1630 934 1709 962 posse
1728 927 1775 954 de-

989 975 1080 1009 cipere
1095 974 1233 1008 pietatem.
1261 975 1293 1000 At
1312 981 1355 1002 res
1376 982 1455 1002 secus
1475 974 1528 1001 illis
1546 974 1629 1002 cessit
1647 982 1654 1000 :
1674 980 1775 1006 nequa-

988 1029 1068 1055 quam
1083 1022 1155 1049 enim
1166 1029 1215 1056 pro
1229 1028 1321 1049 eorum
1335 1021 1443 1049 libidine
1456 1028 1549 1048 aurem
1563 1020 1711 1055 praebuisti,
1727 1019 1774 1046 sed

987 1075 1037 1102 pro
1055 1074 1098 1095 tua
1117 1069 1200 1096 animi
1223 1067 1368 1094 tolerantia
1394 1066 1557 1102 depellenda;
1576 1066 1775 1094 criminationis

988 1115 1092 1149 copiam
1107 1114 1204 1142 fecisti.
1220 1114 1296 1148 Quod
1309 1113 1380 1141 enim
1397 1121 1449 1140 non
1463 1112 1555 1140 statim
1571 1116 1720 1140 commotus
1732 1118 1774 1142 es.

988 1167 1038 1186 nec
1051 1167 1144 1194 pmnas
1157 1160 1304 1193 expetiisti,
1321 1159 1388 1186 nihil
1397 1159 1468 1186 aliud
1483 1158 1548 1185 illud
1557 1163 1692 1192 estquam
1704 1159 1774 1192 quod

988 1210 1017 1232 ut
1032 1214 1137 1241 aequum
1153 1207 1228 1234 decet
1244 1207 1446 1241 imperatorem,
1458 1205 1508 1232 viri
1521 1205 1619 1240 injuste
1632 1203 1712 1232 delati
1727 1203 1774 1231 de-

988 1251 1137 1279 fensionem
1150 1252 1314 1287 exspectasti
1328 1260 1335 1278 :
1347 1259 1426 1285 quam
1440 1251 1462 1278 si
1474 1251 1566 1277 audire
1579 1250 1704 1283 dignatus
1718 1248 1775 1276 fue-

989 1298 1036 1331 ris,
1050 1297 1156 1326 confido
1171 1297 1227 1325 fore
1250 1302 1279 1325 ut
1300 1304 1394 1325 eorum
1411 1297 1588 1324 temeritatem
1605 1295 1684 1330 235
1696 1295 1774 1322 dam-

989 1350 1048 1375 nes,
1065 1343 1110 1377 qui
1126 1343 1209 1370 Deum
1226 1351 1278 1369 non
1304 1348 1438 1375 metuunt,
1467 1342 1663 1377 prohibentem,
1683 1344 1714 1368 ut
1741 1347 1776 1367 ne

989 1389 1158 1416 mendacium
1173 1389 1242 1424 apud
1260 1396 1348 1424 regem
1359 1396 1407 1416 ore
1421 1388 1566 1422 proferant.

1023 1435 1049 1462 5.
1066 1435 1141 1461 llaud
1162 1436 1220 1462 sine
1236 1436 1337 1470 pudore
1351 1441 1397 1462 eas
1412 1434 1545 1468 depellere
1559 1432 1709 1461 calumnias
1723 1439 1773 1467 ag-

988 1481 1105 1516 gredior,
1119 1489 1186 1516 quas
1210 1489 1242 1508 ne
1261 1481 1347 1516 ipsum
1373 1481 1491 1508 arbitror
1512 1483 1697 1507 accusatorem
1727 1486 1761 1505 co

989 1534 1047 1553 ram
1064 1526 1141 1554 nobis
1156 1525 1278 1561 proferre
1303 1526 1372 1553 ultra
1388 1533 1527 1553 ausurum.
1543 1524 1590 1551 Nae
1619 1525 1664 1552 ille
1689 1524 1775 1558 probe

990 1571 1063 1598 novit
1079 1576 1106 1598 et
1131 1579 1160 1599 se
1179 1571 1297 1603 mentiri,
1323 1575 1351 1598 et
1376 1578 1418 1598 me
1442 1578 1494 1598 non
1523 1577 1608 1604 usque
1632 1569 1699 1596 adeo
1730 1569 1773 1595 in-

989 1624 1085 1644 sanum
1117 1624 1148 1644 ac
1179 1621 1269 1644 mente
1295 1621 1402 1651 captum
1427 1615 1521 1647 fuisse,
1534 1619 1564 1643 ut
1591 1614 1654 1642 talia
1668 1614 1710 1642 vel
1725 1622 1773 1642 co-

989 1663 1089 1698 gitasse
1106 1663 1132 1689 in
1151 1662 1332 1697 suspicionem
1348 1661 1440 1689 venire
1454 1662 1568 1696 possim.
1592 1660 1773 1694 Quamobrem

988 1709 1048 1736 aliis
1076 1709 1282 1736 sciscitantibus
1309 1715 1478 1742 nequaquam
1510 1707 1719 1741 respondissem,
1744 1710 1775 1732 ut

988 1762 1023 1782 ne
1049 1755 1091 1782 vel
1122 1756 1181 1790 ipso
1206 1754 1372 1782 defensionis
1398 1762 1465 1781 mete
1493 1758 1615 1788 tempore
1635 1753 1772 1780 auditores

987 1801 1069 1828 animi
1083 1802 1239 1836 penderent.
1256 1801 1353 1829 Verum
1366 1800 1434 1833 apud
1457 1805 1528 1826 tuam
1553 1800 1679 1834 pietatem
1698 1799 1771 1826 clara

988 1850 1015 1873 et
1031 1853 1126 1881 magna
1145 1852 1211 1873 νορθ
1228 1853 1315 1872 meam
1331 1852 1470 1880 propugno
1489 1851 1598 1871 causam
1617 1852 1624 1870 ἶ
1647 1847 1773 1870 extensa-

988 1899 1040 1924 que
1049 1899 1139 1924 manu,
1153 1895 1181 1917 ut
1192 1891 1225 1918 ab
1240 1890 1367 1926 Apeslolo
1379 1889 1472 1923 didici,
1484 1889 1567 1916 Deum
1580 1889 1772 1916 testemadvoca

988 1937 1016 1964 in
1047 1937 1162 1963 animant
1189 1937 1330 1963 meum“:
1357 1941 1394 1968 et,
1413 1940 1443 1962 ut
1472 1936 1497 1961 in
1522 1935 1641 1962 historiis
1669 1934 1771 1969 Regum

986 1981 1118 2016 scriptum
1132 1981 1250 2009 habetur
1261 1982 1284 1997 "
1300 1989 1307 2007 :
1323 1982 1395 2008 testis
1410 1985 1446 2008 est
1462 1980 1600 2009 Dominus,
1613 1980 1686 2006 testis
1701 1984 1738 2005 est
1749 1983 1774 2006 et

987 2029 1106 2056 Christus
1121 2028 1177 2063 ejus
1200 2027 1289 2063 (quod
1308 2032 1336 2054 et
1363 2026 1439 2059 mihi,
1452 2034 1553 2062 quaeso,
1569 2026 1659 2053 dicere
1675 2033 1773 2053 conce-

987 2074 1102 2110 das)rme
1118 2081 1254 2108 nunquam
1279 2074 1311 2101 de
1329 2079 1372 2100 tua
1390 2073 1492 2108 pietate
1505 2073 1531 2100 iu
1547 2072 1646 2099 malam
1669 2077 1772 2106 partem

985 2120 1066 2147 verba
1080 2118 1177 2146 fecisse
1193 2119 1264 2152 apud
1280 2118 1390 2145 fratrem
1409 2122 1492 2152 _tuum
1519 2117 1606 2144 beatae
1637 2116 1774 2143 memoriae

986 2164 1172 2196 Constantem,
1188 2164 1337 2199 piissimum
1355 2164 1503 2199 Augustum
1523 2172 1530 2190 :
1547 2169 1633 2197 neque
1648 2162 1732 2193 illum,
1744 2165 1774 2188 ut

147 2210 309 2245 Αὐγούστῳ·
326 2211 356 2238 οὐ
371 2210 518 2246 παρώξυνα
532 2211 636 2243 τοῦτον,
655 2211 694 2242 ὡς
707 2207 779 2238 οὗτοι
795 2211 936 2247 διασεϐλή-

988 2210 1186 2238 calumniantur
1203 2210 1258 2242 isti,
1272 2210 1297 2237 in
1327 2214 1353 2237 te
1366 2210 1526 2237 cancitasse.
1545 2209 1613 2240 lmo,
1630 2209 1652 2235 si
1665 2208 1773 2242 quando

147 2265 244 2283 κασιν·
262 2257 318 2284 ἀλλ’
336 2257 440 2284 εἴποτε
457 2257 504 2284 καί)¹
524 2257 697 2283 εἰσελθόντων
713 2257 790 2292 ἡμῶν
806 2256 873 2292 πρὸς
887 2257 936 2283 αὐ-

147 2302 193 2328 τὸν
204 2302 405 2338 ἐμνημόνευσεν
417 2302 496 2334 αὐτὸς
507 2303 556 2338 τῆς
568 2302 616 2338 σῆς
628 2301 840 2336 φιλανθρωπίας,
854 2303 936 2337 ὲμνη-

150 2348 262 2381 μόνευσε
283 2348 310 2374 δὲ
329 2348 375 2374 καὶ
394 2349 438 2374 ὅτε
455 2348 480 2374 οἰ
495 2349 560 2384 περὶ
576 2348 713 2375 Θάλασσον
730 2347 785 2381 (1⁸5)
800 2345 881 2383 ἦλθον
896 2349 936 2379 είς

147 2393 196 2429 τὴν
213 2394 375 2425 Πιτυϐίωνα,
393 2395 439 2421 καὶ
457 2395 537 2430 ἡμεῖς
559 2395 587 2420 ἐν
601 2396 633 2429 τῇ
656 2393 785 2428 Ἀκυληϊῖ.
806 2393 936 2429 διετρίϐο-

150 2448 213 2474 μεν”
234 2440 337 2475 μάρτυς
354 2441 367 2466 ὁ
393 2440 504 2476 Κύριος,
520 2440 593 2471 ὅπως
610 2439 792 2474 ἐμνημόνευον
812 2438 866 2473 ἐγὼ
888 2430 938 2473 τῆς

148 2485 200 2520 σῆς
215 2485 379 2518 θεοσεϐείας,
398 2486 444 2513 καὶ
463 2485 548 2512 ταῦτα
568 2485 671 2519 ἔλεγον,
688 2485 760 2520 ἆπερ
775 2484 830 2520 (Ιῦ)
844 2485 858 2511 ὁ
872 2483 938 2516 Θεὸς

183 2544 204 2559 ⁸¹
222 2542 243 2570 ll
255 2543 318 2571 Cor.
334 2551 353 2577 l,
365 2544 410 2570 ‘23.
465 2542 509 2569 “l
524 2543 587 2578 Reg.
602 2550 650 2574 xu,
666 2542 694 2570 5.

186 2589 224 2623 (9)
237 2590 318 2622 Reg.,
336 2589 472 2616 εὐσέϐεια.

185 2625 239 2660 (10)
269 2625 313 2652 Sic
331 2625 396 2659 Reg.
429 2625 508 2651 Busil.
523 2629 550 2660 et
569 2623 637 2660 edit,
658 2623 762 2652 Comm.
781 2623 850 2650 Edit.
867 2630 931 2650 vero

148 2660 232 2688 Paris.
246 2665 272 2695 ct
289 2659 394 2692 Colum,
409 2660 488 2695 χρεία
499 2659 538 2692 τό,
561 2659 698 2695 mendose.

184 2695 241 2730 (11)
256 2694 303 2730 Sic
318 2695 384 2729 Reg.
402 2693 525 2721 ei'Basil.
553 2694 621 2721 Editi
638 2693 825 2729 autem,6p.iv,
853 2700 931 2721 men-

149 2731 225 2758 dose.
240 2729 298 2756 Mox
312 2730 390 2763 lteg.,
405 2730 542 2765 παραυτά.

185 2765 240 2801 (12)
268 2763 577 2801 Εύὶιί,περευσαμένων.
604 2764 684 2801 Basil.
712 2763 929 2801 πετευσαμένων.

150 2798 696 2836 καις,προπετενυσαμένωνπρτιο.Μωι,
720 2799 774 2836 ἀπὸ
799 2799 932 2836 στόματος

151 2833 590 2898 ᾒαᾶιλεῖλέγεσθαιᾙΡιεοιιιιειιιί
615 2833 746 2866 ejusmodi
778 2834 930 2868 exemplum

170 2872 234 2898 abes
250 2871 318 2898 annd
342 2871 546 2898 Xenonhoutem
562 2869 580 2897 1.
598 2869 628 2896 lll
648 2868 930 2898 ‘Azourmwrevmb

170 2872 234 2900 abes
250 2868 318 2907 apud
342 2871 546 2907 Xenophontem
562 2869 580 2897 1.
598 2869 628 2896 lll
648 2868 930 2903 Ἀπομνημονευμὼ

989 2256 1065 2283 nobis
1081 2256 1168 2291 ipsum
1186 2256 1356 2287 adeuntibus,
1370 2256 1402 2283 de
1415 2259 1458 2282 tua
1475 2255 1642 2282 humanitate
1659 2255 1771 2282 mentio-

989 2310 1049 2329 nem
1066 2302 1123 2336 ipse
1136 2301 1255 2333 faceret;
1275 2306 1338 2328 tunc
1352 2305 1441 2328 autem
1469 2301 1533 2328 fecit
1547 2308 1607 2327 cum
1626 2299 1773 2327 Thalassus

989 2346 1158 2382 Pitybionem
1175 2353 1205 2373 se
1224 2346 1360 2374 contulit:
1383 2354 1437 2381 quo
1469 2350 1589 2380 tempore
1616 2352 1665 2372 nos
1688 2345 1773 2380 Aqui-

989 2392 1047 2419 leia:
1064 2392 1249 2419 versahamur.
1270 2392 1359 2419 Testis
1377 2397 1418 2418 est
1433 2392 1497 2419 mihi
1526 2391 1664 2422 Dominus,
1680 2398 1771 2418 eorum

988 2445 1048 2472 qua:
1064 2442 1126 2465 tunc
1140 2439 1172 2464 de
1185 2442 1227 2464 tua
1246 2437 1415 2464 humanitate
1430 2437 1526 2471 protuli
1544 2446 1550 2464 :
1567 2444 1599 2464 ac
1622 2436 1723 2463 utinam
1741 2443 1772 2463 ea

989 2485 1060 2512 Deus
1085 2484 1181 2511 attinnc
1211 2489 1263 2511 tua:
1290 2483 1411 2511 revelare
1423 2483 1498 2517 velit,
1522 2489 1551 2510 ut
1563 2482 1772 2517 hincexplorata

983 2595 1041 2614 των
1060 2593 1085 2629 p.
1102 2585 1172 2628 Z73:
1190 2585 1247 2612 Οὐκ
1264 2585 1296 2612 ἂν
1305 2583 1393 2620 ἔχοιμί
1412 2593 1452 2611 σοι
1465 2583 1547 2616 ὅντως
1563 2592 1594 2618 γε
1606 2584 1659 2610 ἀπὸ
1672 2583 1772 2620 στόμα‹

1159 2656 1225 2692 Reg.
1246 2659 1272 2692 et
1296 2655 1377 2682 Basil.
1399 2654 1470 2682 Editi
1494 2662 1570 2686 vero,
1581 2653 1769 2690 κρεμαμένην,

985 2691 1043 2719 Mox
1056 2691 1132 2722 Rem
1150 2691 1286 2726 νιύσεοείᾳ.

1003 2726 1078 2769 ..(14)
1095 2725 1139 2752 TC:
1159 2727 1235 2753 deest.
1251 2723 1276 2752 in
1293 2725 1383 2760 editis,
1403 2726 1449 2753 sed
1466 2727 1491 2752 in
1507 2725 1573 2760 Reg.
1590 2729 1617 2752 et
1638 2723 1719 2751 Basil.
1736 2724 1770 2752 le-

985 2767 1077 2832 Βηίῗέ)
1103 2796 1172 2832 Edit.
1190 2795 1333 2823 Commel..
1352 2795 1498 2826 θάλασσαν.
1527 2794 1663 2822 mendose.
1695 2793 1768 2822 Idem

986 2840 1060 2860 mox.
1080 2831 1251 2866 Πιτυϐίιομα.

1022 2867 1077 2904 (16)
1102 2867 1148 2895 Sic
1165 2864 1230 2901 Reg.
1254 2873 1281 2894 et
1304 2866 1384 2895 Basil.
1406 2866 1560 2896 Editivero.
1578 2864 1672 2901 εὖπερ,
1691 2871 1769 2892 men-
