2018 3048
149 157 199 185 εει

669 157 834 186 APOLOGIA
852 159 900 186 AD
921 158 1167 187 CONSTANTIUM
1187 159 1255 186 l.\lP.

1720 164 1774 192 σεε

147 217 247 248 οὸντες,
265 216 384 252 ἠξίωσαν
398 216 480 244 αὐτὸν
493 216 597 253 γράψαι
614 218 646 252 τῇ
663 219 695 252 σῇ
714 217 847 254 εὐσεϐείᾳ,
865 218 932 245 ὥστε

988 218 1051 253 quid
1068 226 1157 247 causa;
1171 224 1242 247 esset
1254 220 1324 254 quod
1341 227 1506 253 accerserer,
1519 228 1570 247 nou
1580 228 1672 249 noram
1687 229 1772 254 enim,

147 262 255 289 σύνοδον
276 262 411 296 γενέσθαι.
435 263 566 295 Πίστευε,
594 262 715 298 βασιλεῦ,
739 262 810 289 οὕτω
830 264 936 297 γέγονε,

146 310 194 336 καὶ
207 309 237 335 οὺ
251 308 395 344 ψεύδομαι.
420 308 564 335 nemo»
581 308 670 335 τοίνυν
686 309 725 340 είς
742 309 791 344 τὴν
806 309 938 336 Μεδιόλα-

145 363 204 387 νον,
232 352 301 381 εἵδον
332 355 431 390 πολλὴν
453 354 676 390 φιλανθρωπίαν
701 354 851 389 χατηξίωσε
883 355 938 391 γὰρ

146 401 210 427 ίδετν
229 409 273 436 με,
290 401 336 427 καὶ
353 402 450 434 εἰπεῖν,
467 402 507 427 ὅτι
527 400 629 436 ἔγραψε
647 401 693 427 καὶ
707 401 850 427 ἀπέστειλε
868 401 937 436 πρὸς

145 446 186 478 σὲ,
206 446 289 478 ἀξιῶν
312 446 418 473 σύνοδον
438 446 574 481 γενέσθαι.
593 447 725 480 Διάγοντα
746 446 774 473 δέ
797 456 830 481 με
849 447 879 472 ὲν
900 448 933 482 τῇ

145 493 330 528 προειρημένῃ
343 493 399 528 (25)
416 493 502 523 πόλει,
522 493 714 528 μετεπέμψατο
730 493 810 520 πάλιν
822 487 866 524 ἐίς
885 493 934 524 τὰς

146 538 276 570 Γαλλίας,
293 539 350 565 ἐκεῖ
365 538 420 574 γὰρ
437 539 483 565 καὶ
498 540 512 565 ό
528 539 624 574 Πατὴρ
640 539 732 570 "Octo;
758 540 867 574 ἤρχετο,
891 539 935 565 ἵνα

146 583 249 610 ἐκεῖθεν
274 585 314 615 εἰς
336 584 384 620 τὴν
408 584 541 620 Σαρδικὴν
560 583 725 619 ὁδεύσωμεν.
747 585 823 611 Μετὰ
842 584 870 610 δὲ
885 584 934 620 τὴν

147 631 266 664 σύνοδον,
279 632 307 658 ἐν
316 633 348 667 τῇ
360 631 471 666 Ναῖσσῷ
483 641 526 667 μοι
539 632 659 665 διάγοντι
672 631 771 666 γράψει
781 639 787 646 °
798 631 845 657 καὶ
856 630 934 657 ἀνελ-

146 676 200 703 (ἒὼν
214 679 243 703 ὲν
262 677 392 713 Ἀκυληῖᾳ
406 678 496 704 λοιπον
509 677 651 712 διέτριϐον,
672 677 735 703 ἔνθα
751 685 784 712 με
797 677 831 703 τὰ
844 677 932 712 γράμ-

148 731 219 759 ματα
233 724 282 758 τῆς
301 724 350 759 σῆς
367 723 421 758 (24)
441 723 595 754 θεοσεϐείας
616 723 774 749 κατέλαϐεν.
799 722 935 748 Κάκεῖθεν

146 768 255 803 κληθεὶς
271 769 350 796 πάλιν
368 768 442 805 παρὰ
457 768 503 795 τοῦ
522 769 683 805 μακαρίτου,
700 769 746 796 καὶ
762 768 879 795 ἀνελθὼν
897 769 936 800 είς

145 814 194 846 τὰς
210 814 333 846 Γαλλίας,
350 814 434 846 οὕτως
449 812 530 850 ἦλθον
549 816 624 851 παρὰ
647 814 696 850 τὴν
717 815 767 850 σὴν
784 815 935 841 εὐσέϐειαν.

991 265 1069 291 testis
1092 265 1156 292 mihi
1182 265 1311 292 Dominus
1333 271 1396 292 est:
1414 266 1550 301 didicique
1572 269 1702 301 quosdam
1715 268 1775 302 epi-

988 315 1095 343 scopos,
1108 309 1153 343 qui
1167 317 1200 337 eo
1214 314 1418 342 concesserant,
1433 317 1542 344 rogasse
1566 311 1651 343 illum,
1665 316 1695 338 ut
1723 316 1776 340 llltB

988 354 1083 388 pietati
1102 361 1150 388 pro
1164 355 1267 390 synodo
1280 357 1399 390 cogenda
1416 356 1561 383 scriberet.
1593 357 1680 384 Crede
1695 358 1774 391 mihi,

988 399 1148 434 imperator,
1165 401 1204 428 sic
1214 406 1288 435 gesta
1299 408 1343 428 res
1358 406 1411 434 est,
1428 409 1514 436 neque
1528 402 1655 429 mentior.
1672 402 1774 430 Medio~

988 445 1080 472 ianum
1098 447 1180 482 igitur
1191 455 1251 473 cum
1263 447 1451 478 accessissem,
1470 456 1595 481 magnam
1610 449 1668 482 ejus
1680 456 1776 482 exper-

988 496 1032 518 tus
1046 500 1106 518 sum
1119 493 1314 519 immanitatem
1333 502 1340 520 :
1358 501 1399 520 me
1412 493 1511 528 quippe
1527 493 1654 528 dignatus
1679 499 1719 520 cst
1742 494 1775 520 ad

988 544 1162 572 conspectum
1180 539 1325 566 admittere
1336 547 1413 566 suum
1433 548 1440 566 :
1465 540 1646 574 indicavitque
1666 541 1731 566 mihi
1746 547 1776 567 se

988 585 1140 619 scripsiSse,
1155 590 1182 612 et
1201 586 1234 612 ad
1255 590 1281 612 te
1293 586 1400 614 misisse
1412 607 1419 618 ,
1437 593 1598 621 γοειεςεᾳυκ
1613 591 1643 612 ut
1657 586 1775 621 synodus

988 635 1195 658 convocaretur.
1211 631 1252 658 Me
1269 637 1358 658 autem
1381 637 1474 667 postea
1501 632 1526 658 in
1551 632 1676 666 pra‘dicta
1708 633 1775 659 urbe

986 676 1128 710 degentem
1150 676 1248 703 iterum
1276 677 1349 703 misit
1377 677 1403 703 in
1430 677 1543 708 Gallias,
1555 684 1588 703 eo
1604 676 1675 703 enim
1697 682 1775 711 pater

988 728 1096 755 quoque
1119 720 1217 748 Hosius
1232 726 1414 754 concesserat,
1431 728 1460 748 ut
1475 730 1527 748 una
1545 722 1608 748 indu
1632 722 1773 748 Sardicam

988 771 1151 802 peteremus.
1173 768 1237 795 Post
1260 773 1397 802 peractam
1426 775 1490 796 vero
1519 768 1650 804 synodum
1671 767 1774 795 litteras

991 813 1055 840 mihi
1069 818 1124 840 tum
1139 813 1234 841 Naisso
1255 814 1360 848 degenti
1372 814 1444 841 misit
1463 821 1470 839 :
1487 819 1567 848 atque
1590 814 1654 840 hinc
1681 811 1775 847 profe-

150 866 220 894 ctus,
237 861 367 894 Aquileiae
398 866 491 894 postea
513 867 697 888 commoratus
730 868 800 892 sum,
825 860 869 887 ubi
903 859 1013 888 reddita:
1041 860 1106 886 mihi
1138 865 1201 887 sunt
1230 864 1283 886 tute
1310 860 1419 894 pietatis
1452 860 1558 886 litterae.
1579 859 1690 886 Accitus
1713 859 1774 886 inde

147 914 253 934 rursum
278 914 292 933 a
324 906 408 934 beata:
435 907 571 933 memorize
610 907 678 937 viro,
703 907 730 933 in
758 905 862 933 Gallias
879 906 930 933 iter
950 905 1074 933 institui:
1091 906 1209 940 hincque
1223 906 1332 932 demutn
1345 910 1417 933 tuam
1438 905 1492 932 adii
1510 906 1649 940 pietatem.

182 951 208 978 5.
227 951 305 977 Ποῖον
320 949 408 976 τοίνυν
428 950 521 983 τόπον,
544 950 560 985 ἢ
575 949 636 976 τίνα
653 950 748 985 χρόνον
762 950 844 985 φησὶν
858 951 872 976 ὁ
888 958 932 976 και

1024 950 1051 979 5.
1068 949 1127 984 Quo
1144 951 1224 985 igitur
1235 950 1305 983 loco,
1320 955 1429 984 autquo
1442 954 1572 983 tempore,
1583 958 1625 976 me
1633 955 1774 978 accusator

145 997 271 1032 τήγορος,
294 997 322 1022 ὲν
343 992 365 1029 ᾧ
390 995 502 1022 τοιαῦτά
522 1004 554 1031 με
575 995 714 1031 εἰρηκέναι
736 995 889 1027 διέϐαλλεν;
919 995 935 1030 ἦ

145 1042 216 1074 τίνος
233 1041 365 1077 παρόντος
386 1041 489 1076 ἐμάν-ην
506 1041 672 1075 φθέγξασθαι
693 1041 815 1072 τοιαῦτα,
837 1039 881 1067 οἶα
899 1041 938 1072 ὼς

146 1088 269 1120 εἰπόντος
289 1096 339 1122 μου
355 1087 554 1119 κατιῴεύσατο;
571 1087 637 1122 ἣτίς
651 1088 725 1114 ὲστιν
741 1088 755 1114 ό
770 1087 857 1122 τούτῳ
875 1095 937 1114 συν-

145 1132 254 1169 ηγορῶν
290 1133 338 1159 καὶ
366 1131 529 1168 μαρτυρῶν;
551 1132 569 1159 ὃ.
589 1133 644 1168 γὰρ
667 1131 737 1160 εἶδον
757 1133 782 1159 oi
801 1132 937 1168 ὀφθαλμοὶ

146 1179 241 1211 αὑτοῦ,
255 1179 341 1206 ταῦτα
356 1179 403 1206 καὶ
421 1179 510 1214 λέγειν
521 1179 633 1213 ὀφείλει,
656 1179 694 1211 ὡς
716 1181 732 1214 ἡ
759 1179 819 1206 θεία
841 1179 861 1205 Γ
864 1179 936 1214 ραφὴ

146 1224 339 1260 παρήγγειλεν.
356 1225 459 1252 Οὐδένα
476 1225 524 1260 μὲν
538 1223 584 1252 οὖν
598 1221 675 1256 οὗτος
686 1225 796 1261 εὑρήσει
810 1225 937 1261 μάρτυρα

146 1271 200 1297 τῶν
217 1270 254 1306 μὴ
270 1270 437 1305 γενομένων·
461 1270 516 1305 ἐγὼ
535 1271 574 1301 δὲ,
596 1271 636 1297 ὅτι
655 1271 685 1297 οὺ
707 1270 850 1306 ψεύδομαι,
868 1270 937 1306 μάρ-

145 1324 216 1351 τυρα
230 1316 298 1351 μετὰ
314 1316 363 1351 τῆς
375 1315 503 1352 ἀληθείας
515 1317 562 1343 καὶ
586 1316 634 1351 τὴν
653 1316 701 1351 σὴν
718 1316 857 1343 εὐσέϐειαν
870 1315 935 1351 ἔχω.

152 1360 231 1393 ’Δξιῶ
251 1361 323 1398 γὰρ,
360 1361 502 1396 γινώσκων
535 1370 565 1388 σε
590 1361 847 1397 μνημονικώτατον,
871 1362 937 1388 ἀνα-

147 1407 299 1444 μνησθῆναι
312 1407 366 1433 τῶν
386 1407 482 1442 λόγων,
506 1405 544 1434 ὧν
563 1409 693 1444 ἀνέφερον
713 1408 789 1439 τότε,
808 1408 853 1434 ὅτε
872 1415 938 1434 κατ-

144 1454 263 1489 ηξίωσας
281 1454 343 1480 ἰδεῖν
360 1462 407 1489 με’
425 1454 532 1489 πρῶτον
545 1454 592 1489 μὲν
605 1455 634 1480 ὲν
643 1453 936 1489 Βιμινακίῳ,δεύτερον

144 1501 172 1527 δὲ
198 1501 227 1527 ὲν
250 1501 402 1537 Καισαρείᾳ
422 1501 473 1536 τῆς
495 1500 704 1532 Καππαδοκίας,
727 1501 773 1527 καὶ
795 1500 886 1536 τρίτον
907 1501 936 1527 ὲν

151 1547 383 1582 Ἀντιοχείᾳ(25)·
400 1547 424 1573 εί
440 1546 492 1573 κᾶν
506 1546 560 1573 τῶν
582 1547 646 1582 περὶ
669 1546 797 1572 Εὐσέϐιον
822 1546 876 1572 τῶν
902 1555 935 1581 με

144 1592 322 1628 λυησὰντων
345 1592 438 1624 κακῶς
458 1592 648 1627 ἐμνημόνευσα
667 1592 743 1628 παρὰ
767 1593 818 1624 σοὶ,
851 1593 875 1618 εἰ
894 1592 934 1619 δι-

989 996 1120 1030 ejusmodi
1134 995 1278 1031 protulisse
1295 996 1376 1023 verba
1389 995 1568 1023 criminatur?
1579 1000 1625 1022 aut
1639 1002 1692 1030 quo
1705 1003 1774 1030 pra—.-

990 1046 1068 1069 sente
1088 1048 1121 1068 eo
1147 1041 1261 1068 insanire
1286 1048 1445 1075 progressus
1472 1048 1542 1071 sum,
1555 1045 1584 1066 ut
1595 1048 1626 1068 ea
1647 1041 1774 1075 loquerer

987 1094 1048 1122 qua:
1062 1093 1105 1113 me
1131 1086 1175 1113 ille
1196 1086 1299 1113 dixisse
1316 1086 1471 1113 mentitur?
1485 1086 1614 1118 Quisnam
1640 1086 1678 1113 illi
1710 1086 1774 1114 talia

987 1132 1086 1159 dicenti
1104 1132 1287 1166 asﬁpulatur?
1316 1132 1378 1166 quis
1410 1140 1471 1159 cum
1495 1132 1541 1159 illo
1570 1133 1712 1159 adversum
1730 1140 1774 1160 me

988 1178 1065 1204 testis
1091 1177 1186 1204 adest?
1202 1177 1269 1203 Nam
1297 1185 1357 1212 qua:
1376 1177 1449 1204 oculi
1478 1178 1536 1212 ejus
1565 1178 1690 1204 viderunt
1716 1180 1774 1205 batt:

988 1222 1078 1249 dicere
1092 1222 1184 1254 debet,
1198 1228 1228 1249 ut
1243 1221 1334 1249 divina
1352 1223 1481 1257 przecepit
1495 1222 1636 1257 Scriptura
1650 1223 1682 1249 “.
1700 1223 1773 1250 Sane

987 1275 1076 1295 rerum
1105 1275 1242 1302 nunquam
1269 1273 1407 1302 gvstarum
1432 1275 1465 1296 ne
1490 1276 1573 1295 unum
1601 1269 1773 1302 quidemille

987 1318 1082 1341 testem
1111 1314 1237 1348 reperiet.
1267 1313 1309 1341 Me
1338 1319 1427 1341 autent
1459 1322 1627 1349 nequaquam
1652 1315 1772 1347 mentiri,

987 1360 1064 1387 testis
1079 1367 1130 1387 una
1158 1368 1220 1387 cum
1244 1361 1372 1392 veritate,
1401 1360 1460 1395 ipsa
1490 1368 1597 1396 quoque
1614 1361 1700 1396 pietas
1717 1365 1773 1389 tua.

986 1405 1054 1433 Cum
1067 1406 1139 1433 enim
1156 1411 1183 1434 te
1198 1407 1339 1433 memorizr.
1358 1407 1541 1434 tenacissima
1557 1407 1645 1434 norim
1658 1427 1666 1440 ,
1683 1414 1774 1434 recor-

987 1452 1064 1484 dare,
1082 1460 1185 1487 qmeso,
1223 1452 1367 1479 verborum
1397 1460 1460 1487 quas
1485 1457 1540 1479 tum
1567 1458 1654 1479 tecum
1681 1452 1772 1485 habui,

986 1505 1048 1525 cum
1065 1506 1107 1525 mc
1118 1497 1220 1524 vultum
1238 1499 1331 1525 subire
1355 1503 1430 1525 tuum
1461 1498 1588 1533 dignatus
1609 1507 1638 1526 es
1655 1508 1661 1526 :
1686 1498 1774 1533 primo

988 1543 1149 1577 Viminacii;
1167 1545 1298 1577 secundo,
1313 1544 1445 1572 Caesareae
1461 1544 1656 1580 Cappadociae;
1683 1547 1772 1578 tertio,

986 1589 1199 1622 Antiochiae;an
1223 1589 1265 1616 vel
1289 1590 1322 1616 de
1351 1589 1526 1622 Eusebiauis,
1544 1598 1700 1625 quanquam
1729 1599 1773 1617 tne

145 1638 258 1665 έϐαλλόν
274 1647 350 1669 τινας
367 1638 421 1664 τῶν
437 1638 623 1673 ἀδικησάντων
643 1639 726 1674 με.Εί
744 1639 772 1664 δὲ
788 1639 854 1674 μηδὲ
874 1638 932 1666 καθ¹

987 1635 1083 1661 acerbe
1093 1640 1247 1667 vexassent,
1263 1635 1288 1662 in
1309 1635 1407 1662 malam
1420 1641 1524 1670 partem
1540 1636 1610 1670 apud
1638 1640 1664 1662 te
1689 1635 1772 1663 verba

145 1680 182 1710 ὧν
197 1684 248 1710 ἔδει
265 1692 300 1719 με
320 1683 409 1717 λέγειν
422 1683 533 1715 τούτους
545 1684 678 1716 διέϐαλον,
702 1684 783 1710 ποίαν
801 1682 873 1720 εἶχον
887 1693 936 1719 μα-

144 1729 204 1756 νίαν
217 1729 328 1764 βασιλέα
346 1729 450 1765 βασιλεῖ
465 1730 627 1762 διαϐάλλειν,
642 1731 688 1756 καὶ
703 1730 816 1765 ἀδελφὸν
827 1730 934 1766 ἀδελφῷ

145 1775 329 1811 συγκροῦσαι;
363 1776 568 1812 Παρακαλῶ,ῆ
602 1776 724 1811 παρόντα
761 1785 794 1812 με
821 1777 933 1812 ποίησον

144 1822 315 1857 ἐλεγχθῆναι,
332 1822 348 1857 ἢ
366 1822 520 1856 κατάγνωθι
534 1822 588 1849 τῶν
602 1822 733 1849 διαϐολῶν
745 1830 752 1838 ’
776 1822 823 1849 καὶ
848 1823 934 1857 μίμη-

144 1876 188 1894 σαι
208 1867 254 1894 τὸν
274 1867 356 1894 Δαϐὶδ
373 1868 501 1902 λέγονταο
524 1868 580 1894 Τὸν
597 1868 825 1895 καταλαλοῦντα
838 1867 933 1901 λάθρα

143 1913 196 1940 τοῦ
212 1913 355 1947 πλησίον,
378 1913 486 1941 τοῦτον
498 1913 667 1945 ἐξεδίωκον.
685 1914 721 1940 Τὸ
737 1913 786 1950 μὲν
798 1914 852 1950 γὰρ
870 1915 932 1941 ὅσον

142 1959 183 1990 εὶς
199 1959 298 1990 αὐτοὺς
311 1957 361 1995 ἧκε
378 1960 524 1994 ἐφόνευσαν
537 1959 594 1994 (211)
606 1968 613 1975 ο
631 1960 728 1993 στόμα
743 1959 860 1994 γὰραὶῖ)
879 1967 931 1986 κα-

141 2003 373 2039 ταψευσάμενον
388 2005 488 2032 ἀνεῖλε
506 2004 620 2039 ψυχήν.
642 2005 674 2031 Ἦ
696 2005 724 2032 δὲ
744 2005 776 2041 σὴ
795 2005 932 2041 μακροθυ-

144 2049 193 2084 μία
217 2050 353 2085 νενίκηκε,
379 2051 555 2086 παρασχοῦσα
584 2051 740 2086 παρρησίαν
767 2051 930 2085 ἀπολογίας,

142 2094 186 2122 ἵνα
197 2096 244 2122 καὶ
258 2097 482 2132 καταγνωσθῆναι
493 2096 654 2132 δυνηθῶσιν,
672 2097 710 2128 ὡς
725 2096 869 2131 φιλόνεικοι
882 2097 930 2124 καὶ

142 2141 319 2175 συκοφάνται.
337 2143 404 2178 Περὶ
421 2142 470 2177 μὲν
483 2142 531 2169 τοῦ
545 2142 740 2169 εὐσεϐεστάτου
755 2151 801 2168 σου
816 2141 929 2176 ἀδελφοῦ

139 2187 187 2213 τοῦ
201 2187 252 2222 τῆς
267 2188 402 2224 μακαρίας
420 2190 530 2225 μνήμης
544 2189 646 2215 ταῦτα·
661 2188 774 2215 δύνασαι
789 2188 844 2224 γὰρ
861 2187 930 2215 κατὰ

139 2231 189 2267 τὴν
202 2233 322 2260 δοθεῖσάν
337 2243 377 2261 σοι
399 2234 494 2269 σοφίαν
509 2234 584 2270 παρὰ
597 2233 665 2261 Θεοῦ
678 2234 879 2269 προλαμϐάνειν
895 2234 929 2261 τὰ

141 2278 226 2306 πολλὰ
252 2280 284 2306 ἐκ
305 2280 358 2306 τῶν
384 2280 481 2314 ὀλίγων
503 2280 617 2313 τούτων,
640 2280 688 2306 καὶ
713 2279 858 2314 γινώσκειν
878 2279 928 2316 τὴν

140 2323 305 2351 πλασθείσαν
318 2325 496 2360 κατηγορίαν.

986 1680 1094 1707 fecerim
1111 1687 1118 1706 :
1135 1680 1175 1708 vel
1188 1681 1210 1707 si
1224 1681 1364 1716 quospiam
1379 1683 1426 1715 qui
1442 1689 1485 1709 me
1500 1682 1599 1716 injuste
1625 1681 1771 1713 laesissent.

985 1726 1146 1754 accusat-im.
1173 1725 1251 1759 Quod
1269 1727 1293 1753 si
1317 1734 1350 1754 ne
1375 1727 1576 1762 illos.quidern
1614 1728 1773 1756 criminatus

984 1778 1054 1804 sum,
1070 1779 1139 1806 quos
1158 1773 1323 1800 criminandi
1348 1781 1431 1801 causa
1443 1774 1548 1806 aderat,
1563 1780 1680 1807 quanam
1698 1774 1771 1800 insa-

983 1818 1027 1845 nia
1045 1819 1142 1846 ductus
1166 1819 1361 1854 imperatorem
1384 1821 1456 1854 apud
1479 1819 1670 1854 imperatorem
1691 1827 1772 1847 accu-

982 1871 1100 1897 sassem,
1117 1865 1284 1900 fratremque
1297 1866 1476 1893 concitassem
1490 1865 1516 1892 in
1536 1864 1649 1892 fratrem
1667 1873 1745 1892 suum
1755 1865 1768 1892 i

983 1910 1100 1939 Obsecro
1116 1911 1159 1938 vel
1174 1919 1216 1939 me
1227 1919 1319 1939 coram
1337 1912 1461 1939 convinci
1473 1911 1581 1946 iubeas.
1599 1916 1646 1938 aut
1669 1911 1771 1938 calum-

982 1957 1042 1983 nias
1057 1964 1188 1992 aguoscas
1201 1961 1281 1991 atque
1296 1957 1473 1989 condemnes,
1494 1956 1678 1991 Davidemque
1706 1956 1770 1983 imi-

983 2002 1047 2029 teris
1079 2003 1124 2037 qui
1149 2003 1212 2030 ait:
1236 2003 1419 2029 Detraltentem
1444 2008 1541 2030 secreto
1566 2003 1687 2037 proximo
1709 2010 1770 2034 suo.

981 2048 1049 2074 Itum:
1057 2049 1229 2084 persequebar
1242 2048 1275 2077 “.
1303 2048 1442 2083 Siquidem
1469 2049 1557 2084 quoad
1579 2048 1768 2076 obtrectatori-

981 2093 1031 2120 bus
1045 2093 1131 2126 licuit,
1144 2095 1245 2121 czedem
1268 2094 1306 2121 illi
1322 2098 1531 2128 perpetrarunt:
1549 2101 1612 2122 nam
1635 2101 1664 2122 os
1697 2094 1768 2128 quod

980 2140 1107 2166 mentitur
1118 2140 1214 2167 occidit
1229 2141 1346 2166 animant
1358 2140 1391 2166 ⁸⁵.
1407 2141 1442 2167 At
1467 2145 1511 2167 tua
1537 2140 1604 2168 vicit
1626 2140 1768 2175 patientia,

980 2185 1043 2212 dum
1059 2187 1123 2213 mihi
1141 2187 1268 2214 ﬁduciam
1290 2187 1405 2222 praebuit
1429 2187 1463 2215 ad
1493 2188 1615 2215 criminis
1637 2188 1769 2215 remotio-

981 2239 1062 2265 nem;
1081 2237 1111 2260 ut
1129 2233 1192 2261 hinc
1208 2234 1357 2261 adversarii
1379 2234 1473 2261 meiut
1495 2233 1657 2261 contentiosi
1670 2241 1703 2260 ac
1722 2240 1767 2268 δια

980 2279 1121 2312 cophantre
1134 2280 1257 2307 damnari
1276 2281 1391 2315 possint.
1418 2280 1481 2308 Haec
1494 2281 1527 2308 de
1542 2280 1666 2315 piissimo
1683 2279 1769 2306 fratre

942 2317 964 2344 ί)
980 2329 1036 2362 tuo,
1052 2326 1138 2353 beata:
1151 2327 1289 2354 memoria:
1302 2327 1362 2354 viro
1377 2326 1449 2354 dicta
1462 2327 1517 2354 sint
1531 2334 1538 2352 :
1562 2334 1623 2354 nam
1646 2333 1695 2360 pro
1720 2333 1767 2353 sa-

140 2371 240 2405 pientia
264 2379 279 2398 a
306 2373 361 2400 Deo
389 2372 436 2399 tibi
458 2372 532 2405 data,
567 2379 601 2399 ex
627 2371 719 2406 paucis
743 2371 803 2399 istis
826 2370 941 2406 plurima
979 2378 1171 2407 praeoccupare
1195 2373 1317 2406 poteris,
1343 2372 1542 2408 couﬁetamque
1563 2371 1766 2399 accusationem

140 2417 357 2451 deprehendere.

176 2461 203 2488 (ἰ.
219 2461 286 2497 Περὶ
298 2461 327 2488 δὲ
340 2461 391 2497 τῆς
403 2461 497 2498 ἐτέρας
510 2461 645 2497 διαϐολῆς,
655 2462 680 2489 εἰ
696 2461 752 2497 (28)
766 2461 873 2498 ἔγραψα
886 2461 925 2498 τῷ

138 2508 260 2544 τυράννῳ
272 2507 400 2543 (τοῦνομα
412 2507 466 2544 γὰρ
485 2508 545 2535 οὐδὲ
564 2508 653 2542 λέγειν
666 2507 817 2543 βούλομαι),
836 2516 926 2543 παρα-

139 2553 222 2584 καλῶ,
237 2553 275 2584 ὡς
289 2553 376 2584 θέλεις
398 2553 445 2579 καὶ⁸
466 2553 500 2579 δι’
520 2549 558 2580 ὧν
579 2552 612 2580 ἂν
632 2552 792 2588 δοκιμάσῃς,
813 2552 924 2585 ἐξέταζε

137 2599 184 2626 καὶ
200 2599 326 2634 ἀνάκρινε
336 2606 342 2614 ·
360 2599 376 2634 ὴ
395 2598 450 2634 γὰρ
463 2598 598 2634 ὑπερϐολὴ
610 2599 660 2633 τῆς
667 2598 792 2633 διαϐολῆς
804 2598 924 2634 ὲξίστησί

181 2656 203 2672 ⁸⁸
217 2656 296 2684 l‘rov.
314 2664 379 2688 xxv.
398 2656 426 2684 8.
474 2656 496 2672 "
516 2655 587 2683 Psal.
605 2663 630 2689 c,
650 2654 677 2682 5.
729 2654 752 2670 “
767 2653 831 2688 Sap.
856 2655 924 2687 I.ll.

173 2701 228 2738 (35)
251 2701 296 2729 Sic
320 2701 387 2737 Reg.
409 2706 437 2729 et
462 2701 546 2729 Basil.
568 2701 596 2728 In
627 2700 706 2728 editis
730 2701 919 2737 προειρημένῃ

137 2736 227 2807 ‘i‘fii;
243 2771 295 2806 Σῆς
307 2771 382 2807 deest
398 2772 422 2798 in
441 2772 505 2807 Reg.
522 2771 580 2799 Mox
592 2771 670 2806 ch.,
681 2771 840 2807 κατέλαϐεν.
858 2771 920 2798 Ειίἰ-

137 2805 182 2847 [ᾕέ
199 2805 358 2834 κατέλαϐον.
393 2807 464 2834 lnlt'a
482 2805 570 2842 ‘editi,
589 2805 726 2842 mendose,
741 2805 823 2842 ἦλθεν
851 2806 917 2842 Reg.

240 2877 318 2913 Reg.,
333 2877 361 2905 ὲν
372 2879 405 2913 τῇ
423 2878 484 2905 Ἀντ

1013 2460 1093 2496 237
1112 2460 1138 2488 6.
1159 2460 1237 2494 Quod
1255 2468 1320 2489 vero
1336 2461 1432 2488 attinet
1449 2460 1481 2488 ad
1503 2460 1648 2488 secundam
1664 2461 1766 2489 calum-

977 2507 1050 2534 niam
1063 2527 1070 2540 ,
1103 2515 1137 2534 an
1157 2508 1261 2535 scilicet
1283 2508 1388 2536 litteras
1409 2513 1526 2544 tyranno
1547 2508 1668 2535 miserint
1693 2511 1766 2543 (no.

978 2560 1039 2580 meu
1059 2553 1159 2587 quippe
1176 2553 1234 2587 ejus
1251 2562 1285 2581 ne
1306 2553 1429 2588 prolerre
1451 2554 1559 2589 quidem
1574 2554 1676 2588 velim),
1698 2558 1764 2588 tute,

977 2606 1081 2634 quaeso,
1100 2607 1129 2626 ut
1147 2599 1264 2637 volueris
1284 2605 1310 2628 et
1330 2607 1378 2635 per
1393 2607 1462 2634 quos
1482 2607 1588 2634 aequum
1612 2600 1763 2632 censueris,

1011 2702 1068 2736 (26)
1082 2701 1109 2729 in
1126 2701 1192 2736 Reg.
1211 2701 1359 2736 ἐφόνευσαν
1375 2701 1554 2729 desideratur.

1023 2737 1354 2778 ξῖηᾲρβιεεειβηιιςθε-
1386 2771 1404 2778 κ
1440 2772 1446 2778 .
1510 2776 1514 2778 .
1545 2771 1563 2778 η
1657 2770 1673 2778 η
1702 2771 1740 2778 ..

1022 2770 1353 2813 281Et_'deestninhetltt.
1385 2771 1471 2813 Il’ar‘is.
1490 2776 1517 2799 et
1543 2771 1637 2813 Colon.
1657 2770 1710 2813 sed
1734 2771 1763 2797 in

975 2806 1042 2843 Reg.
1056 2808 1138 2834 Basil.
1153 2812 1180 2834 et
1193 2807 1257 2834 edit.
1269 2807 1373 2835 Comm.
1391 2807 1501 2842 legitur,
1512 2814 1540 2835 et
1554 2812 1628 2835 recte
1642 2806 1763 2842 quidem.

973 2842 1046 2872 Infra
1063 2842 1306 2872 Rex..dva'txptvat.

988 2851 1046 2872 utra
1063 2851 1129 2879 tteg.
1136 2863 1143 2878 ,
1151 2851 1306 2878 ανακριναι.
