2018 3048
256 137 311 164 605

543 135 572 164 S.
592 133 779 163 ATUAI‘ASII
798 132 875 161 OPP.
896 131 986 160 PARS
1007 131 1028 159 1.
1051 147 1085 152 -
1105 130 1290 158 lfiSTORlCA
1309 130 1353 158 ΕΤ
1374 130 1576 158 DOGMATICA

1840 133 1895 161 ϐω

257 203 313 223 rem
332 194 455 229 inquiras
473 201 503 221 ac
521 193 651 227 dijudices
667 201 674 219 :
693 191 836 220 calumnia:
853 191 924 218 enim
947 189 1044 217 atroci-

1101 197 1140 223 με,
1156 189 1202 215 καὶ
1219 188 1259 220 εἰς
1274 188 1373 224 πολλὴν
1388 189 1522 223 ἀσάφειαν
1537 188 1608 222 ἄγει.
1625 189 1679 216 Καὶ
1697 189 1819 222 πίστευε,
1834 190 1894 217 θεο-

259 246 299 268 tas
316 241 341 267 in
358 245 495 275 stuporem
515 246 556 266 me
574 239 722 273 ingentem,
742 238 770 264 in
787 243 966 271 magnamque
981 235 1046 263 cali-

258 287 347 321 ginem
364 286 484 321 c0njicit.
501 285 588 312 Crede
610 285 687 316 mihi,
704 283 909 317 religiosissime
932 283 1047 317 impera-

258 337 309 364 tor,
334 332 359 359 id
383 339 453 366 saepe
476 338 582 357 mecum
607 331 796 365 perpendens,
825 329 868 356 vix
893 329 958 355 mihi
985 335 1047 362 per-

257 379 371 405 suadere
386 377 522 409 valebam,
544 377 698 412 quempiam
717 383 750 403 co
767 376 879 403 insania:
893 375 1045 407 devenisse,

257 429 287 451 ut
301 431 358 450 rem
373 423 504 457 ejusmodi
520 423 783 450 comminisceretnr.
800 422 834 447 At
850 421 913 455 quia
937 421 963 447 id
981 420 1048 447 effu-

259 469 362 497 tiebant
378 469 490 501 Ariani,
510 476 542 496 ac
561 476 591 495 se
605 468 743 503 exemplar
759 467 879 502 epistolae
901 466 1046 493 tradidisse

255 515 426 550 iactitabant,
445 514 597 542 vehementi
622 521 682 540 sum
706 514 819 540 horrore
837 512 962 546 perfusus
984 512 1048 539 :in-

258 568 422 596 somnesqne
460 565 552 587 noctes
581 560 695 591 ducens,
728 566 789 584 cum
819 557 1048 585 obtrectatoribus

258 608 463 638 concertabam,
477 605 553 640 quasi
571 610 627 632 tum
643 605 680 632 illi
694 612 786 632 coram
802 603 919 630 fuissent
933 612 940 630 :
955 610 987 629 ac
1000 603 1048 629 de-

260 657 370 688 repente
387 653 522 688 ingcntetn
543 652 614 679 edidi
632 651 798 682 clamorem,
821 649 968 683 statimque
986 656 1046 676 cum

259 700 386 735 lacrymis
402 707 434 726 ac
449 699 597 734 gentilibus
613 697 759 724 Dominum
785 696 895 730 rogavi,
908 700 937 722 ut
954 695 1047 730 propi-

260 745 305 772 tiae
329 745 394 772 mihi
419 744 508 772 forent
531 751 611 771 aures
628 748 689 770 ture.
709 741 785 775 Quod
803 749 864 768 cutn
890 741 941 768 sim
956 740 1048 767 divina

260 791 348 825 gratia
361 794 533 822 consecutus.
552 795 660 816 rursum
681 787 779 815 haesito
799 786 936 821 quodnam
953 786 1047 820 apolo-

259 838 310 871 gia'.
325 837 429 863 initium
441 835 539 863 faciam
554 844 560 862 :
574 842 636 862 nam
649 833 864 868 quotiescunque
875 832 947 866 loqui
959 839 1050 867 aggre-

259 884 329 916 dior,
340 884 430 911 obstat
442 883 468 910 in
484 890 526 909 me
542 881 623 909 delati
640 881 772 908 facinoris
783 880 890 906 horror.
906 878 1050 905 Enimvero

259 930 330 965 quod
344 929 457 957 fratrem
474 933 548 956 tuum
565 931 680 962 spectat,
697 926 790 954 aderat
805 924 981 961 sycophantis
999 924 1050 951 ali-

259 976 321 1011 quis
347 975 441 1002 saltem
465 975 538 1001 haud
560 981 626 1000 vero
648 972 789 1000 dissimilis
812 971 955 1002 obtentus;
980 970 1051 1005 quod

261 1029 356 1055 nempe
372 1021 498 1055 dignatus
513 1019 558 1046 ille
579 1020 615 1046 sit
633 1027 681 1046 nos
700 1019 733 1044 ad
757 1022 931 1052 conspectum
951 1016 1051 1055 σόιιιὶιτ

260 1070 316 1093 tere
325 1054 411 1092 suum
428 1074 434 1091 :
454 1065 523 1099 quod
537 1072 585 1098 pro
601 1063 680 1090 nobis
695 1063 728 1090 ad
750 1063 900 1090 fraternum
918 1067 992 1088 tuttm
1008 1054 1051 1088 af;

261 1111 363 1139 fectum
379 1111 483 1144 litteras
500 1110 603 1137 miserit
620 1118 627 1136 :
645 1110 718 1143 quod
735 1112 884 1143 praesentes
907 1115 979 1142 saepe
1003 1114 1052 1134 nos

261 1157 412 1189 honorarit,
433 1157 558 1183 absentes
574 1155 715 1182 acciverit.
735 1154 875 1182 Diabolum
892 1158 981 1180 autem
997 1152 1052 1180 Ma-

260 1203 410 1238 gnentium,
425 1203 501 1229 testis
513 1202 577 1228 mihi
592 1205 632 1228 est
645 1201 785 1233 Dominus,
800 1200 878 1227 testis
890 1205 917 1226 et
928 1199 1052 1227 Christus

261 1250 330 1284 eius,
356 1256 398 1275 me
423 1255 538 1283 prorsus
564 1247 702 1282 ignorare.
728 1254 760 1274 ac
787 1246 941 1273 nullatenus
959 1252 1050 1272 nosse.

260 1296 388 1328 Quanam
406 1295 487 1328 igitur
504 1293 672 1320 consuetudo
692 1292 775 1327 ignoti
793 1300 855 1319 cum
871 1292 923 1319 sibi
941 1291 1051 1326 ignoto?

261 1345 308 1367 aut
319 1348 436 1374 quanam
450 1339 548 1366 ductus
563 1339 707 1365 occasione
728 1338 786 1364 viro
807 1336 960 1371 huiusmodi
976 1338 1052 1364 litte-

260 1393 304 1412 ras
320 1384 475 1412 misissent?
489 1385 599 1418 Ecquod
623 1383 748 1410 fecissem
771 1384 892 1418 epistola:
912 1383 947 1410 ad
970 1383 1051 1410 talem

259 1432 348 1459 virum
370 1432 508 1459 mittendae
531 1431 691 1458 exordium?
713 1438 776 1457 num
800 1430 882 1457 illud?
901 1429 987 1457 Probe
1013 1429 1052 1457 fe-

260 1478 319 1504 cisti
337 1485 399 1504 eum
420 1477 568 1504 occidendo
585 1477 630 1511 qui
647 1484 689 1503 me
716 1484 776 1504 cmn
798 1477 902 1504 honore
925 1477 1052 1511 excipere

259 1522 373 1554 solebat,
387 1526 414 1550 et
426 1522 503 1557 cujus
520 1522 713 1549 beneficiorum
729 1529 868 1557 nunquam
883 1522 1029 1549 obliviscar
1043 1530 1049 1548 :

261 1573 340 1602 teque
361 1567 441 1595 laudo
464 1569 535 1603 quod
561 1569 634 1595 viros
658 1568 736 1594 nobis
762 1568 926 1599 familiares,
950 1575 1051 1602 eosque

257 1611 440 1646 Christianos,
457 1622 488 1640 ac
502 1614 674 1641 Iidelissimos
687 1613 840 1640 sustuleris.
857 1613 896 1640 Te
914 1614 1049 1647 acceptis-

259 1661 359 1687 simum
377 1660 481 1692 habeoI
504 1659 576 1694 quod
594 1667 640 1686 eos
657 1659 750 1686 Romae
765 1659 937 1686 obtruncaris
956 1667 971 1686 a
991 1660 1050 1694 qui-

261 1705 310 1733 bus
325 1706 530 1740 perhumaniter
540 1710 670 1740 cxceptus
684 1705 739 1738 fui;
756 1706 862 1732 beatam
880 1713 976 1739 nempe
993 1713 1050 1732 nta-

1098 233 1240 268 φιλέστατε
1261 233 1382 268 βασιλεῦ,
1399 233 1528 264 πολλάκις
1545 233 1606 260 κατ’
1622 233 1738 268 ἐμαυτὸν
1754 233 1894 269 λογιζόμε-

1097 290 1142 313 νος
1155 281 1297 316 ἠπίστουν,
1314 282 1337 306 εἰ
1361 281 1414 316 ἄρα
1427 289 1469 312 τις
1489 280 1578 315 ἐμάνη
1597 280 1733 312 τοσοῦτον,
1751 280 1822 307 ὥστε
1845 281 1892 307 καὶ

1097 327 1208 354 τοιαῦτα
1223 326 1385 361 ψεύσασθαι.
1408 326 1516 362 Ἐπειδὴ
1532 326 1560 352 δὲ
1583 326 1658 362 παρὰ
1671 326 1726 353 τῶν
1745 327 1893 360 ’Λρειανῶν

1098 373 1236 408 ὲϐρυλεῖτο
1253 373 1299 399 καὶ
1314 372 1403 404 τοῦτο,
1425 371 1471 399 καὶ
1485 372 1523 404 ὠς
1546 372 1623 398 αὐτοὶ
1634 372 1827 403 ὲπιδεδωκότες
1836 371 1891 406 (29)

1098 419 1263 455 ἀντίγραφον
1284 418 1428 453 ἐπιστολῆς
1446 418 1613 454 ὲκαυχῶντο,
1634 418 1783 453 ὲξιστάμην
1803 418 1892 452 μειζό-

1098 474 1162 497 νως.
1176 465 1224 492 καὶ
1239 465 1358 497 ἀΰπνους
1377 464 1478 496 νύκτας
1500 464 1641 497 διατελῶν,
1655 464 1692 496 ὡς
1710 464 1778 499 πρὸς
1792 464 1892 499 παρόν-

1098 521 1147 544 τας
1162 513 1226 544 τοὺς
1248 511 1429 542 κατειπόντας
1449 511 1592 546 ἐμαχόμην
1604 519 1611 525 ·
1633 511 1680 537 καὶ
1699 511 1824 545 κραυγὴν
1849 509 1892 542 ἑξ-

1098 558 1232 589 απιναίως
1251 558 1341 592 ἠφίειν
1358 557 1546 592 μεγάλην,καὶ
1562 557 1684 593 ηὐχόμην
1693 556 1784 589 εὐθὺς,
1801 556 1893 582 στενά-

1099 605 1154 636 ζων
1173 603 1242 639 μετὰ
1261 603 1397 639 δακρύων,
1418 604 1508 639 εὑρεῖν
1528 603 1577 634 τὰς
1593 603 1641 634 σὰς
1657 602 1742 635 ἀκοὰς
1758 602 1892 637 εὐμενεῖς.

1106 651 1185 677 Ἀλλά
1206 651 1252 678 καὶ
1273 650 1344 677 οὕτω
1365 652 1397 686 τῇ
1421 651 1512 686 χάριτι
1532 651 1578 677 τοῦ
1601 650 1703 685 Κυρίου
1724 649 1826 680 ταύτας
1839 649 1893 683 ι50)

1099 696 1198 732 εὑρὼν,
1221 697 1299 723 πάλιν
1325 696 1431 732 ἀπορῶ,
1453 696 1533 723 ποίαν
1554 696 1641 732 ἀρχὴν
1665 696 1716 731 τῆς
1745 695 1894 729 ἀπολογίας

1100 743 1267 778 ποιήσομαιι
1292 742 1387 773 ὁσάκις
1404 742 1458 778 γάρ
1481 742 1514 768 ἂν
1532 742 1705 777 ἐπιϐάλωμαι
1724 741 1826 776 λέγειν,
1843 741 1893 776 ἐμ-

1099 788 1244 823 ποδίζομαι
1266 788 1309 815 διὰ
1328 789 1377 824 τὴν
1401 788 1447 814 τοῦ
1468 788 1631 824 πράγματος
1649 787 1788 823 ἔκπληξιν.
1806 787 1895 819 Ὅλως

1103 834 1152 869 μὲν
1171 833 1224 869 γὰρ
1241 834 1304 869 περὶ
1322 833 1369 860 τοῦ
1391 834 1541 869 μακαρίτου
1560 842 1605 860 σου
1625 833 1739 868 ἀδελφοῦ
1758 834 1895 869 πρόφασις

1100 878 1134 915 ἦν
1156 879 1254 915 πιθανὴ
1276 881 1334 911 τοῖς
1358 880 1550 914 συκοφάνταις,
1571 881 1612 907 ὅτι
1635 877 1665 906 τε
1693 880 1895 916 κατηξιοὺμεθα

1102 926 1210 961 βλέπειν
1231 926 1321 958 αὑτὸν,
1343 928 1389 953 καὶ
1408 928 1473 963 περὶ
1495 926 1574 961 ἡμῶν
1599 926 1675 962 ἠξίου
1698 926 1815 961 γράφειν
1838 927 1894 961 (5η

1101 972 1169 1008 πρὸς
1186 973 1235 1007 τὴν
1253 973 1302 1008 σὴν
1317 973 1464 1008 ἀδελφικὴν
1483 973 1612 1005 διάθεσιν,
1631 974 1678 1000 καὶ
1693 974 1830 1008 παρόντας
1846 974 1895 1009 μὲν

1101 1018 1183 1052 ἐτίμα
1196 1018 1336 1051 πολλάκις,
1362 1019 1408 1044 καὶ
1427 1018 1547 1050 ἀπόντας
1571 1018 1599 1045 δὲ
1615 1018 1823 1053 μετεπέμπετο’
1849 1018 1896 1044 τὸν

1101 1064 1129 1091 δὲ
1146 1064 1267 1091 διάϐολον
1284 1064 1462 1099 Μαγνέντιον,
1484 1064 1588 1100 μάρτυς
1602 1066 1616 1091 6
1629 1065 1741 1100 Κύριος,
1760 1065 1807 1091 καὶ
1826 1065 1896 1100 μάρ-

1101 1117 1148 1140 τυς
1169 1110 1184 1135 6
1209 1109 1325 1144 Χριστὸς
1351 1108 1454 1141 αὑτοῦ,
1484 1109 1545 1135 οὔτε
1571 1109 1713 1143 γινώσκω,
1741 1108 1803 1136 οὔτε
1828 1110 1896 1141 ὅλως

1102 1156 1260 1191 ἠπιστάμην
1273 1156 1364 1183 αὐτόν.
1374 1156 1442 1182 Ποία
1454 1156 1544 1183 τοίνυν
1555 1156 1682 1192 συνήθεια
1693 1156 1732 1192 τῷ
1748 1157 1786 1193 μὴ
1815 1165 1897 1191 γινω-

1104 1202 1227 1238 σκομένῳ
1243 1202 1311 1238 πρὸς
1324 1203 1368 1229 τὸν
1383 1203 1420 1238 μὴ
1434 1202 1616 1237 γινώσκοντας
1634 1203 1698 1229 ποία
1713 1211 1745 1238 με
1761 1203 1896 1238 πρόφασις

1102 1245 1177 1274 εἷλκε
1193 1248 1297 1282 γράψαι
1314 1248 1352 1284 τῷ
1371 1249 1501 1284 comico);
1519 1249 1599 1276 Ποῖον
1614 1249 1754 1284 προοίμιον
1769 1249 1820 1284 τῆς
1834 1250 1895 1275 ἑπι-

1104 1295 1198 1330 στολῆς
1222 1295 1343 1327 ἔτασσον,
1359 1304 1473 1331 γραφων
1495 1295 1585 1331 wind);
1605 1296 1680 1322 Ὅτι·
1698 1296 1750 1322 Τὸν
1772 1296 1896 1331 τιμῶντὰ

1105 1349 1148 1376 με,
1166 1339 1197 1367 οὗ
1216 1341 1270 1367 τῶν
1289 1341 1344 1376 (32)
1367 1341 1532 1378 εὐεργεσιῶν
1555 1343 1604 1368 οὐκ
1621 1343 1654 1370 ἄν
1680 1351 1744 1369 ποτε
1763 1342 1896 1369 ἐπιλαϐοί-

1105 1395 1168 1421 μην,
1185 1385 1279 1412 τοῦτον
1291 1387 1423 1420 φονεύσας
1438 1387 1528 1418 καλῶς
1543 1387 1690 1423 ὲποίησας;
1709 1387 1756 1414 καὶ
1770 1388 1896 1423 ἀποδέχφ

1105 1433 1154 1468 μαί
1168 1441 1197 1459 σε
1209 1434 1272 1464 τοὺς
1287 1434 1441 1469 γνωρίμους
1456 1434 1534 1470 ἡμῶν
1548 1435 1729 1470 Χριστιανοὺς
1743 1436 1790 1462 καὶ
1802 1444 1895 1462 πιστο-

1103 1479 1202 1510 τάτους
1224 1479 1322 1514 ἄνδρας
1344 1479 1490 1513 άνελόντα;
1514 1481 1562 1507 καὶ
1587 1481 1754 1516 ἁποδέχομαί
1784 1490 1813 1508 σε
1839 1482 1894 1518 (55)

1105 1524 1242 1559 σφάξαντα
1257 1526 1320 1556 τοὺς
1336 1526 1365 1551 ὲν
1387 1525 1481 1562 Ῥώμῃ
1496 1527 1615 1561 γνησίως
1632 1527 1706 1563 ἡμᾶς
1729 1528 1895 1563 ὑποδεξαμέ-

1105 1579 1176 1602 νους,
1197 1571 1246 1606 τὴν
1267 1572 1404 1607 μακαρίαν
1425 1581 1472 1599 σου
1494 1572 1568 1599 θείαν
1591 1573 1640 1608 τὴν
1661 1573 1769 1610 άληθῶς
1793 1575 1895 1610 Εὺτρό-

1105 1617 1243 1651 πιον(5«ι),
1263 1618 1310 1643 καὶ
1332 1617 1506 1652 Ἀϐουτήριον
1521 1618 1566 1644 τὸν
1587 1619 1698 1654 γνήσιον
1717 1620 1830 1650 ἐκεῖνον,
1849 1620 1895 1646 καὶ

1104 1662 1279 1698 Σπειράντιον
1295 1663 1340 1690 τὸν
1359 1664 1530 1693 πιστότατον.
1546 1665 1593 1692 καὶ
1606 1665 1702 1697 ἄλλους
1716 1665 1828 1698 πολλοὺς
1845 1675 1895 1693 κα-

1103 1707 1165 1740 λούς
1181 1717 1188 1735 :

260 1758 388 1782 terteram
405 1758 477 1780 tuam
497 1760 524 1779 re
536 1758 563 1780 et
575 1753 683 1780 nomine
697 1753 866 1787 Eutropium,
883 1752 908 1779 id
930 1759 971 1780 est
989 1754 1079 1787 probis
1103 1762 1227 1784 ornatant
1254 1758 1387 1790 moribus,
1414 1758 1627 1794 Abuteriumque
1652 1759 1798 1795 ingenuum
1808 1759 1892 1792 illum.

261 1808 311 1828 nec
329 1807 380 1826 non
396 1798 570 1833 Sperantium
586 1799 785 1831 fidelissimum,
799 1798 921 1833 aliosque
936 1798 1005 1833 frugi
1024 1800 1147 1829 lminines
1167 1804 1328 1837 permultos.

295 1847 322 1873 7.
335 1845 431 1872 Annon
444 1843 580 1871 furibundi
591 1848 633 1870 est
645 1845 824 1875 accusatoris.
834 1844 904 1878 quod
917 1844 1049 1878 ejusmodi

260 1900 276 1919 ο
288 1900 330 1919 me
342 1897 480 1927 peractum
495 1890 601 1917 facinus
614 1890 654 1917 vel
669 1891 837 1925 suspicetur?
851 1891 968 1924 Quinam
983 1892 1047 1919 mihi

261 1940 331 1975 apud
347 1939 491 1966 scelestum
510 1938 586 1965 illum
607 1938 711 1965 fiduciae
727 1939 819 1965 locus?
837 1939 1003 1973 Erquidnam
1021 1939 1048 1966 in

260 1986 318 2020 eius
338 1986 429 2012 animo
449 1985 605 2012 securitatis
629 1984 811 2012 adverterim?
824 1985 891 2012 Num
915 1985 986 2020 quod
1001 1986 1049 2012 do-
1068 2005 1087 2031 Β

262 2032 364 2058 minum
382 2039 460 2059 suum
475 2031 662 2058 obtruncarit?
687 2032 759 2066 quod
781 2039 845 2065 erga
864 2031 966 2059 amicos
986 2039 1050 2059 suos

261 2078 380 2112 perﬁdus
404 2077 496 2110 fuerit,
510 2077 664 2111 iuramenta
680 2078 800 2111 violarit,
814 2086 878 2114 erga
900 2079 984 2106 Deum
1002 2079 1052 2106 im-

262 2124 322 2158 pius
336 2123 436 2151 fuerit?
449 2123 520 2158 quod
536 2128 630 2150 contra
644 2123 689 2151 Dei
700 2123 804 2157 jussum
820 2124 949 2152 veneficis
962 2125 1052 2152 incan-

262 2171 447 2205 tatoribusque
460 2170 495 2198 sit
511 2169 594 2196 usus?
609 2169 732 2202 Quanam
747 2170 914 2197 conscientia
935 2171 1051 2198 salutem

262 2216 299 2244 illi
314 2217 454 2248 dixissem.
467 2217 546 2250 cujus
562 2217 637 2243 furor
651 2222 732 2251 atque
753 2216 912 2248 crudelitas,
930 2225 982 2244 non
1007 2224 1050 2243 me

261 2263 359 2295 solum,
374 2263 420 2290 sed
433 2269 459 2290 et
474 2268 558 2291 totum
576 2269 711 2291 terrarum
729 2262 823 2290 orbem
838 2271 945 2290 summo
959 2262 1051 2291 affecit

261 2309 373 2337 dolore?
389 2309 511 2344 Magnam
530 2310 634 2338 scilicet
657 2309 855 2345 plurimamqne
875 2310 911 2336 illi
932 2310 1049 2349 gratiam

262 2355 354 2388 habui,
370 2357 440 2390 quod
461 2357 545 2384 beatze
559 2357 696 2384 memoria:
710 2356 824 2383 fratrem
841 2361 928 2388 tuum,
942 2356 987 2390 qui
1005 2364 1051 2384 ec-

262 2403 358 2430 clesias
372 2403 450 2431 donis
471 2403 528 2431 suis
545 2403 714 2435 cumularat.
734 2411 901 2438 muneraque
924 2404 1049 2435 miserat.

259 2447 399 2482 jugularit.
415 2449 466 2481 Qui
481 2449 573 2482 homo,
587 2457 651 2477 sane
665 2449 904 2481 sceleratissimus,
919 2457 979 2475 cum
993 2449 1051 2476 lucc

263 2495 320 2528 ipsa
334 2495 513 2528 conspiceret.
528 2496 595 2522 nihil
612 2501 700 2524 tamen
713 2500 756 2523 est
776 2496 878 2523 veritus
897 2503 906 2522 :
920 2503 970 2523 nec
990 2503 1051 2522 eum

262 2541 409 2568 absterruit
422 2542 509 2576 gratia
522 2542 607 2569 beatae
620 2542 757 2569 memoria:
776 2542 834 2569 viro
848 2541 874 2568 in
889 2541 1051 2576 baptismate

262 2587 325 2614 data
345 2595 351 2613 :
367 2588 414 2615 sed
433 2588 510 2622 quasi
531 2589 636 2616 daemon
658 2589 766 2622 quidam
781 2588 926 2620 exitiosus,
940 2588 1052 2615 diaboli-

262 2641 373 2668 cusque,
394 2633 495 2662 furiose
507 2635 581 2662 illum
597 2635 709 2662 adortus
722 2639 764 2662 est
780 2643 787 2663 :
802 2642 856 2670 quo
872 2635 974 2662 factum
998 2639 1050 2667 est,

292 2689 353 2725 lf‘29)
370 2690 433 2725 [υς.
440 2712 447 2724 ,
461 2691 615 2723 δεδωκότες.

298 2724 354 2760 (Sb)
372 2724 448 2760 Heg”
462 2726 572 2758 ταύτας.
588 2726 668 2758 Editi,
684 2735 779 2754 ταυτα.

299 2760 354 2794 (5|)
370 2761 399 2798 _In
412 2762 491 2798 editis
505 2762 559 2796 γὰρ
576 2762 664 2798 ἄφεινγ
684 2763 753 2798 πρὸς
778 2761 904 2789 mendose
931 2763 1047 2797 positum

264 2795 424 2832 projpa'tgpet
439 2795 527 2831 1:96;}
546 2795 621 2832 deeSt
639 2795 745 2824 illud'in
760 2797 826 2832 Reg.

300 2830 356 2864 (5‘2)
377 2831 423 2866 Sjc
443 2830 507 2866 lieg.
522 2836 550 2858 et.
564 2831 646 2858 Basil.
664 2832 693 2858 1n
716 2830 867 2859 editisi'rdtv
881 2832 967 2861 deost.
982 2834 1045 2861 Mox

263 2864 330 2898 Reg.
342 2869 369 2892 et
387 2864 681 2902 Βοδίιηήὲπιλαθοίμην.
693 2867 775 2902 Editi,
791 2867 987 2903 ἁπολαθοίμην.

1140 1847 1166 1874 7.
1181 1845 1244 1882 Ἆρ’
1262 1849 1322 1884 οὐχὶ
1338 1849 1385 1876 καὶ
1398 1849 1429 1876 τὸ
1443 1850 1522 1885 μόνον
1538 1851 1701 1878 ὑποπτεύειν
1716 1852 1894 1887 περὶτούτων

1103 1892 1148 1918 τὸν
1162 1895 1323 1929 κατήγορον,
1340 1894 1398 1921 ἐστὶ
1419 1896 1548 1930 μανικόν;
1567 1896 1600 1922 Τί
1616 1896 1668 1933 γάρ
1686 1905 1719 1932 με
1734 1897 1815 1924 πάλιν
1829 1896 1894 1933 θαρ-

1103 1939 1161 1973 ρεῖν
1183 1939 1291 1966 ἔπειθεν
1313 1940 1403 1976 enim};
1427 1942 1510 1969 Ποίαν
1537 1943 1619 1969 αὐτοῦ
1641 1943 1761 1970 διάθεσιν
1783 1944 1894 1971 ἔϐλεπον

1102 1985 1230 2020 ἀσφαλῆ;
1254 1986 1314 2013 ’Ότι
1335 1987 1381 2013 τὸν
1401 1988 1465 2015 ἴδιον
1484 1989 1618 2025 δεσπότην
1640 1990 1738 2022 ἀνεῖλε,
1763 1991 1810 2018 καὶ
1831 1991 1894 2027 περὶ

1103 2031 1166 2062 τοὺς
1181 2032 1276 2059 ἑαυτοῦ
1292 2034 1385 2068 φίλους
1403 2035 1515 2068 ἄπιστος
1538 2037 1644 2071 γέγονε,
1669 2038 1716 2063 καὶ
1730 2037 1828 2073 ὅρκους
1846 2038 1894 2073 μὲν

1103 2080 1220 2116 παρέϐη,
1243 2082 1282 2112 εἰς
1302 2081 1330 2107 δὲ
1353 2082 1399 2109 τὸν
1421 2082 1486 2109 Θεὸν
1507 2083 1638 2118 ἠσέϐησε,
1663 2085 1826 2119 φαρμακοῦς
1848 2084 1893 2110 καὶ

1103 2126 1244 2158 ἐπαοιόοὺς
1259 2128 1373 2154 ἐπινοῶν
1391 2129 1461 2155 κατὰ
1473 2129 1523 2164 τῆς
1537 2129 1584 2156 τοῦ
1593 2130 1660 2156 Θεοῦ
1674 2130 1807 2166 κρίσεως;
1823 2131 1894 2165 Ποίῳ

1102 2173 1131 2199 δὲ
1145 2174 1275 2200 συνειδότι
1296 2175 1400 2210 χαίρειν
1417 2175 1509 2210 ἔλεγον
1523 2176 1620 2212 τούτῳ,
1633 2174 1664 2203 οὗ
1679 2178 1695 2212 ἠ
1713 2178 1796 2213 μανία
1815 2178 1862 2204 καὶ
1877 2179 1894 2213 ἡ

1102 2219 1212 2254 ὠμότης
1227 2221 1276 2247 οὐκ
1297 2222 1346 2256 ἐμὲ
1371 2222 1460 2257 μόνον,
1486 2222 1554 2249 ἀλλὰ
1576 2223 1623 2249 καὶ¹
1641 2224 1732 2250 πᾶσαν
1757 2223 1806 2259 τὴν
1834 2223 1894 2250 καθ’

1104 2266 1177 2300 ἡμᾶς
1199 2267 1364 2303 οἰκουμένην
1389 2267 1525 2303 ὲλύπησε;
1543 2269 1672 2304 Μεγάλην
1693 2278 1725 2304 γε
1749 2271 1829 2305 χάριν
1847 2270 1896 2296 καὶ

1104 2312 1203 2348 πολλὴν
1226 2314 1257 2340 ὲκ
1276 2314 1379 2340 τούτων
1402 2314 1516 2349 ὤφειλον
1536 2316 1592 2351 (55)
1616 2316 1720 2351 τούτῳ,
1744 2317 1785 2342 ὅτι
1807 2318 1822 2342 ὸ
1846 2317 1896 2351 μὲν

1105 2359 1258 2395 μακαρίτης
1273 2360 1385 2392 ἁδελφός
1406 2369 1452 2387 σου
1469 2361 1518 2393 τὰς
1539 2362 1687 2397 ἐκκλησίας
1712 2363 1894 2398 ἀναθημάτων

1103 2407 1271 2443 ἐπλήρωσεν,
1290 2405 1366 2439 οὗτος
1379 2408 1406 2433 δὲ
1419 2407 1500 2434 αὐτὸν
1516 2407 1715 2434 ἀποστέλλοντα
1735 2408 1894 2442 πεφόνευκε.

1103 2454 1158 2481 Καὶ
1177 2454 1238 2480 οὔτε
1254 2453 1341 2480 ταῦτα
1366 2453 1471 2488 βλέπων
1484 2455 1498 2480 6
1513 2453 1610 2489 μιαρὸς
1635 2453 1744 2489 ᾐδέσθη,
1766 2453 1828 2480 οὕτε
1845 2454 1896 2489 τὴν

1102 2499 1225 2526 δοθεῖσαν
1249 2500 1328 2535 χάριν
1351 2499 1389 2534 τῷ
1407 2500 1545 2536 μακαρίτῃ
1569 2499 1613 2526 διὰ
1636 2500 1683 2526 τοῦ
1707 2500 1896 2535 βαπτίσματος

1103 2545 1271 2581 πεφόϐηται·
1290 2546 1346 2572 ἀλλ’
1366 2546 1403 2578 ὡς
1419 2546 1524 2581 δαίμων
1537 2555 1579 2578 τις
1596 2547 1722 2582 ἀλάστωρ
1738 2548 1782 2573 καὶ
1805 2547 1895 2574 διαϐο-

1102 2591 1187 2623 λικὺς.
1197 2593 1284 2627 ἐμάνη
1300 2592 1360 2619 κατ’
1373 2592 1464 2619 αὑτοῦ.
1481 2592 1525 2628 Τῷ
1542 2594 1590 2628 μὲν
1605 2591 1651 2620 οὖν
1667 2594 1805 2629 μακαρίτῃ
1816 2592 1896 2619 τοῦτο

1103 2637 1213 2672 γέγονεν
1230 2639 1270 2670 εἰς
1284 2638 1447 2674 μαρτύριον·
1461 2640 1564 2671 ἐκεῖνος
1581 2639 1610 2666 δὲ
1623 2639 1717 2666 λοιπὸν
1731 2638 1768 2671 ὡς
1785 2639 1894 2674 δέσμιος

1141 2695 1198 2732 (55)
1212 2695 1292 2732 Βθεη
1308 2695 1485 2732 θαυμάζομέν
1499 2705 1539 2724 σε.

1139 2731 1196 2764 (Sal
1213 2731 1259 2758 Sic
1288 2733 1364 2759 editi.
1385 2732 1450 2763 (leg.
1470 2740 1544 2763 vero,
1557 2731 1706 2767 Εὕτροπον.
1726 2733 1821 2763 Basif.
1841 2732 1895 2759 Εὖ-

1101 2774 1207 2801 τροπιν.
1236 2766 1297 2794 Mox
1326 2767 1391 2802 Reg.
1425 2767 1593 2802 Ἀὁουήριον.
1616 2766 1756 2796 ⁷Νσιιηὶιιε
1784 2768 1895 2802 scripsit

1102 2803 1247 2829 Abncreon.

1137 2837 1193 2872 (55)
1215 2837 1292 2873 lieg.,
1311 2836 1422 2872 ὤφελον.
