2018 3048
183 117 238 146 605

706 118 880 148 APOLOGIA
900 119 945 148 AD
963 120 1210 152 CONSTANTIUM
1227 123 1286 152 IMP

1761 130 1814 157 606

182 175 255 203 κατὰ
269 175 314 202 τὸν
332 174 402 202 Κάἳν
414 175 514 203 στένων
530 176 578 204 καὶ
592 177 702 213 τρέμων
718 177 856 209 ἐδιώκετο,
873 179 916 205 ἵνα
932 188 958 206 κε

1012 185 1059 212 ,ιιι
1071 181 1166 210 fausta:
1186 182 1227 209 vir
1244 182 1383 210 memorite
1402 183 1562 216 martyrium
1581 184 1618 212 sit
1639 191 1812 214 consecutus-

182 222 227 248 τὸν
253 221 352 248 Ἰούδαν
372 222 401 248 ὲν
421 221 459 257 τῷ
483 222 591 257 θανάτῳ
609 224 773 258 μιμήσηται,
792 224 888 260 δήμιος
912 226 972 252 καθ’

181 267 280 294 ἑαυτοῦ
296 268 447 303 γινόμενος,
465 269 513 295 καὶ
523 268 619 304 διπλῆν
636 270 778 305 ὲποίσηται
795 271 855 298 καθ’
873 271 969 298 ἑαυτοῦ

182 314 229 350 τὴν
245 314 380 349 τιμωρίαν
397 315 426 340 ὲν
437 315 470 350 τῇ
491 315 559 350 μετὰ
575 315 661 343 ταῦτα
678 317 778 352 κρίσει,

215 400 241 426 8.
261 400 382 435 Τοιούτῳ
399 410 432 437 με
447 402 523 436 φίλον
541 403 556 429 ὁ
572 402 706 431 διαϐαλὼν
720 404 828 440 ἐνόμισε
843 406 972 442 γεγενῆσ-

180 445 242 472 θαι·
269 446 285 482 ἢ
308 446 378 481 τάχα
402 447 462 474 οὐδὲ
485 447 539 483 (56)
557 449 708 484 νενόμικεν,
733 450 791 477 ἀλλ’
810 452 847 483 ὡς
875 452 971 487 ἐχθρὸς

180 492 318 525 ἀπιθάνως
334 493 485 520 ὲπλάσατου
503 493 556 521 οἶδε
570 495 625 531 γὰρ
639 496 771 531 ἀκριϐῶς,
788 498 828 523 ὃτι
841 498 972 533 κατεψεύ-

180 546 255 566 σατο.
287 538 451 576 Ἐϐουλόμην
477 540 505 567 δὲ
532 541 624 574 αὑτὸν,
648 543 722 574 ὅστις
744 544 828 575 ἐστὶν,
855 545 971 572 ἐνταῦθα

179 586 315 621 παρεῖναι,
333 586 380 612 καὶ
397 587 440 613 ἐπ’
457 587 544 622 αὐτῆς
564 588 613 623 τῆς
636 589 765 625 ἀληθείας
779 591 918 625 ἐρωτῆσαι
943 590 970 625 (ἃ.

181 631 232 667 γὰρ
252 632 289 663 ὡς
305 632 373 659 Θεοῦ
391 633 522 668 παρόντος
539 634 683 670 λαλοῦμεν,
701 635 794 663 τοῦτον
817 637 897 672 ὅρκον
912 636 970 672 ἑχο-

179 685 228 712 μεν
243 679 324 714 ἡμεῖς
337 679 362 705 οἱ
376 680 550 715 Χριστιανοὶ)
568 681 682 718 πότερος
698 682 776 717 ἡμῶν
804 682 906 718 ἔχαιρε.
922 683 969 710 τοῦ

178 725 328 760 μακαρίτου
341 725 519 758 Κώνσταντος
532 725 643 759 ζῶντος,
655 728 702 754 καὶ
715 728 757 760 τίς
773 729 872 764 μᾶλλον
885 729 968 764 ηὒχε-

180 778 206 795 το
218 779 224 784 ·
243 771 289 797 καὶ
307 771 322 806 ὴ
340 770 435 807 πρώτη
452 771 562 807 διαϐολὴ
579 773 717 806 δείκνυσι,
736 774 782 800 καὶ
796 775 877 801 παντὶ
892 775 969 802 τοῦτο

177 814 254 851 δῆλόν
268 817 351 844 ἐστιν.
366 817 397 843 Εἰ
414 817 442 843 δὲ
459 818 506 844 καὶ
522 819 604 850 αὐτὸς
620 817 690 845 οἶδεν
706 819 839 855 ἀκριϐῶς,
857 821 898 846 ὅτι
914 820 968 847 τῶν

176 860 246 888 οὕτω
265 862 451 898 διακειμένων,
476 863 524 890 κα).
540 864 566 890 εῖ
579 873 622 895 τις
634 864 729 899 ἠγάπα
750 865 795 892 τὸν
813 866 968 901 μακαρίτην

175 907 352 940 Κώνσταντα,
370 909 420 935 οὐκ
440 909 564 944 ἐγίγνετο
585 910 661 945 φίλος
676 911 714 945 τῷ
731 912 790 938 κατ’
806 912 911 938 ἐκείνου
925 921 970 946 γε-

175 954 295 990 νομένῳ”
315 956 340 981 εί
352 955 380 982 δὲ
394 955 481 988 ἄλλως
493 956 609 983 διέκειτο
624 956 640 991 ἢ
658 957 695 988 ὡς
712 958 803 992 ἡμεῖς,
821 958 968 994 φοϐοῦμαι,

176 1000 213 1035 μὴ
231 1000 301 1036 ἅπερ
323 1001 337 1028 ὁ
356 1001 442 1036 μισῶν
458 1003 560 1029 ἐκεῖνον
583 1002 771 1039 ἐντεθύμηται,
787 1003 873 1031 ταῦτα
903 1013 967 1032 κατ-

174 1044 310 1079 εψεύσατο
335 1048 396 1073 κατ’
415 1047 493 1082 ἐμοῦ.

1026 227 1062 254 At
1081 227 1127 255 ille
1141 227 1267 263 deinceps
1287 230 1364 263 quasi
1388 229 1511 262 vinctus.
1534 230 1661 266 velutque
1678 231 1745 259 Cain
1766 239 1814 267 ge-

1027 281 1103 301 mens
1121 281 1154 300 ac
1172 275 1366 302 tremebundus
1377 276 1496 310 undique
1511 276 1603 311 pulsus
1619 282 1701 304 estut
1717 277 1813 305 ludam

1027 320 1053 347 in
1075 325 1162 347 morte
1181 321 1318 353 imitatus,
1337 323 1432 356 suique
1456 323 1511 357 ipse
1536 323 1658 350 carnifex
1678 324 1812 352 eﬂ‘ectns:

1027 364 1127 399 duplici
1141 366 1274 400 supplicio
1289 367 1333 393 hic
1343 372 1370 393 et
1385 368 1410 394 iu
1426 367 1626 401 futurojudicio
1639 368 1811 403 plecteretur.

1061 411 1142 446 238
1155 412 1181 438 8.
1200 411 1356 446 llujnsmodi
1371 413 1429 440 viro
1444 421 1486 440 me
1502 414 1682 442 calumniator
1696 416 1811 442 amicum

1026 457 1173 484 arbitratus
1185 461 1241 484 est:
1257 462 1303 483 aut
1322 457 1391 484 forte
1407 465 1576 494 nequaquam
1591 459 1627 486 ita
1647 459 1811 493 arbitratus,

1025 501 1070 528 Sed
1086 505 1178 534 utpote
1193 501 1396 530 inimicissimus
1410 511 1467 530 rem
1488 504 1559 531 illam
1583 505 1757 538 quantumvis
1772 506 1812 532 in-

1025 546 1180 573 credibilem
1196 552 1366 575 commentus
1390 553 1442 581 est,
1458 549 1521 576 licet
1539 551 1661 584 apprime
1687 551 1759 578 norit
1783 559 1812 578 se

1024 593 1166 619 mentitum
1179 600 1250 620 esse.
1271 593 1437 629 Peroptarim
1451 603 1517 623 sane
1532 601 1561 622 ιιι
1576 596 1619 623 ille
1635 597 1727 628 homo,
1741 598 1813 632 quis-

1023 638 1083 672 quis
1102 639 1210 665 tandem
1229 639 1280 670 sit,
1304 639 1348 666 hic
1370 647 1461 667 coram
1484 642 1602 673 adesset.
1630 648 1661 669 ut
1679 650 1739 669 eum
1764 651 1812 678 per

1024 682 1165 716 ipsammet
1177 684 1319 710 veritatem
1336 684 1533 718 interrogarem
1549 687 1726 721 (quaecunque
1737 689 1809 715 enim

1023 731 1098 764 quasi
1116 731 1169 757 Deo
1189 735 1321 764 praesente
1334 730 1479 764 loquimur,
1492 731 1541 758 hoc
1558 731 1634 758 nobis
1647 731 1810 760 Christianis

1020 776 1167 812 juramenti
1188 776 1247 803 loco
1263 775 1324 811 est)
1341 780 1402 803 uter
1418 782 1539 803 nostrum
1555 777 1588 804 de
1605 778 1691 804 beatae
1711 785 1810 806 metuo-

1026 821 1070 848 riaa
1085 820 1240 848 Constantis
1254 821 1438 849 incolumitate
1459 822 1589 856 gauderet
1605 832 1611 850 :
1629 828 1688 850 uter
1703 823 1808 857 impen-

1022 867 1079 894 sius
1098 875 1145 901 pro
1158 867 1202 894 illo
1219 872 1310 893 oraret
1326 876 1333 894 :
1349 867 1374 893 id
1390 874 1455 893 sane
1467 867 1508 894 vel
1525 868 1606 902 priori
1621 868 1647 895 in
1663 877 1705 896 me
1720 869 1808 897 delata

1022 912 1211 939 criminatione
1230 911 1372 944 declarari,
1397 919 1429 938 ac
1452 912 1518 938 nulli
1541 920 1592 939 non
1616 913 1724 948 planum
1749 921 1809 942 esse

1022 961 1149 987 arbitror.
1168 959 1244 993 Quod
1267 959 1290 987 si
1311 964 1340 986 ut
1364 959 1434 986 bene
1455 959 1529 986 novit
1548 960 1605 994 ipse
1629 961 1807 995 sycophanta,

1021 1006 1165 1033 absurdum
1185 1009 1257 1032 esset
1275 1006 1393 1039 cogitare
1412 1005 1549 1032 hominem
1573 1006 1612 1032 sic
1635 1006 1759 1034 all‘ectum
1775 1015 1807 1035 ac

1020 1051 1105 1078 beato:
1121 1050 1256 1076 memoria:
1267 1049 1421 1076 Constantis
1433 1049 1661 1081 aritautissirmtm.
1676 1051 1747 1079 illius
1760 1053 1808 1079 atl-

174 1092 298 1119 rersario
311 1093 432 1120 amicum
457 1093 557 1127 fuisse;
580 1099 655 1121 certe
683 1095 728 1130 qui
749 1095 802 1123 alio
831 1103 862 1123 ac
895 1103 943 1123 nos
975 1097 1064 1124 animo
1086 1096 1198 1123 allectus
1217 1095 1315 1129 fuerit,
1340 1102 1452 1129 vereor,
1476 1103 1510 1124 ne
1535 1104 1595 1132 qua:
1617 1097 1691 1132 ipse,
1717 1103 1808 1134 utpote

173 1137 313 1166 Coustanti
336 1138 481 1171 inimicus,
504 1140 680 1167 machinatus
702 1145 758 1172 est.
783 1144 876 1168 eadem
898 1142 962 1169 mihi
983 1142 1049 1170 falso
1073 1142 1218 1169 aliinxerit.

208 1185 234 1212 9.
255 1186 326 1220 Ἐγὼ
345 1187 393 1222 μὲν
408 1184 465 1220 οὖν,
481 1187 527 1214 ὲπὶ
545 1188 632 1224 τούτῳ
649 1188 829 1224 ξενιζόμενος,
846 1190 896 1216 ὅσα
913 1190 966 1226 χρὴ

172 1232 260 1266 λέγειν
280 1233 509 1269 ἀπολογούμενον,
532 1235 647 1270 ἀπορῶ·
670 1236 716 1262 καὶ
739 1235 818 1270 μόνον
845 1237 964 1272 ἐμαυτοῦ

173 1278 285 1313 μυρίους
304 1279 529 1314 καταψηφίζομαι
544 1279 684 1312 θανάτους,
698 1280 746 1307 ἐὰν
762 1282 808 1308 καὶ
824 1282 891 1313 ὅλως
913 1282 964 1309 κᾶν

171 1324 273 1359 ὑποψία
286 1333 327 1356 τις
341 1326 380 1356 είς
394 1325 444 1360 ἐμὲ
462 1326 525 1361 περὶ
539 1326 633 1353 τούτου
648 1327 775 1362 γένηται·
791 1328 832 1354 σοὶ
848 1327 885 1360 δὲ,
904 1329 963 1363 φιλ-

169 1370 269 1406 άληθες
291 1371 411 1406 βασιλεῦ,
434 1372 542 1408 θαρρῶν
571 1373 772 1409 ἀπολογοῦμαι·
799 1375 958 1410 παρακαλῶ,

169 1417 242 1443 καθὰ
267 1419 407 1454 προεῖπον,
439 1418 565 1451 ἐξέταζε·
595 1419 643 1446 καὶ
670 1420 786 1455 μάλιστα
820 1421 961 1457 μάρτυρας

169 1462 238 1498 ἔχων
253 1464 316 1496 τοὺς
337 1463 539 1496 ἀποσταλέντας
560 1465 624 1491 ποτὲ
646 1466 711 1500 παρ’
729 1465 832 1492 ἐκείνου
848 1466 916 1502 πρὸς
931 1467 960 1493 σὲ

1056 1191 1083 1218 9.
1105 1191 1233 1229 Equidem
1248 1190 1390 1217 atrocitate
1404 1190 1546 1217 calumnia:
1558 1191 1698 1225 perculsus
1717 1192 1807 1220 luereo

1019 1237 1082 1271 quid
1096 1237 1128 1263 ad
1153 1243 1212 1263 eam
1235 1235 1420 1270 depellendam
1441 1235 1538 1263 alferre
1561 1237 1692 1270 debeam,
1708 1245 1739 1264 ac
1762 1245 1806 1266 me

1018 1284 1073 1318 ipse
1089 1284 1121 1310 ad
1134 1287 1277 1309 sexcentas
1297 1287 1398 1309 mortes
1418 1282 1516 1309 damno
1530 1283 1551 1309 si
1568 1283 1608 1310 vel
1627 1283 1738 1310 minima
1754 1285 1806 1312 hu-

1010 1333 1088 1368 jusce
1106 1329 1144 1355 rei
1160 1329 1186 1355 irt
1201 1335 1244 1355 me
1261 1328 1342 1355 cadat
1357 1328 1484 1363 suspicio.
1501 1329 1577 1363 Apud
1593 1334 1617 1356 te
1630 1334 1732 1362 autent,
1748 1331 1806 1358 veri

1014 1376 1134 1403 studiose
1156 1375 1313 1408 imperator,
1344 1381 1406 1401 cum
1431 1374 1527 1402 fiducia
1552 1383 1638 1402 meam
1666 1383 1806 1411 propugno

1013 1429 1142 1449 causam:
1162 1427 1280 1455 rogoque
1301 1425 1336 1452 te,
1352 1420 1390 1446 uti
1404 1420 1458 1453 jam
1482 1420 1557 1453 dixi,
1580 1427 1637 1447 rem
1663 1421 1805 1456 diligenter

1013 1468 1136 1502 explores
1151 1474 1159 1493 :
1174 1474 1234 1494 eum
1262 1466 1432 1500 potissimum
1458 1470 1540 1493 testes
1568 1466 1668 1494 habeas
1689 1466 1804 1502 legatos,

169 1509 315 1545 πρέσϐειςο
343 1510 397 1536 εἰσὶ
422 1510 450 1536 δὲ
475 1510 624 1546 Σαρϐἀτιος
644 1511 700 1545 (57)
724 1511 772 1538 κα)¹
794 1511 918 1547 Μάξιμος
934 1513 958 1538 οί

1012 1516 1044 1540 ad
1069 1519 1094 1540 te
1115 1512 1178 1540 olim
1205 1511 1297 1538 abillo
1321 1510 1437 1543 missos;
1465 1509 1618 1538 Servalium
1649 1511 1753 1539 scilicet
1777 1508 1804 1539 ει

167 1556 321 1588 ἐπίσκοποι,
342 1556 389 1582 καὶ
409 1556 434 1582 οἱ
458 1557 506 1582 σὺν
527 1557 635 1588 αὐτοῖς·
655 1556 701 1583 καὶ
719 1557 889 1592 Κλημέντιος
913 1558 960 1584 καὶ

167 1601 266 1636 Βάλης.
279 1601 367 1633 Μάθε,
377 1601 537 1636 παρακαλῶ,
551 1602 576 1627 εἰ
589 1602 741 1637 γράμματά
755 1611 799 1637 μοι
811 1603 960 1638 κεκομίκα-

168 1655 225 1673 σιν·
241 1647 328 1674 ταῦτα
342 1646 396 1682 γὰρ
411 1648 523 1681 παρεῖχε
534 1647 670 1682 πρόφασιν
685 1647 769 1681 κάμοὶ
784 1647 829 1674 τοῦ
843 1648 958 1683 γράφειν

167 1692 273 1727 ἐκεινῳ.
290 1693 321 1718 El
343 1692 372 1718 δὲ
393 1692 429 1727 μὴ
452 1691 565 1726 ἔγραψε,
587 1691 654 1726 μηδὲ
678 1692 810 1725 ὲγίνωσκέ
838 1702 883 1728 με,
899 1693 958 1725 πῶς

167 1737 286 1774 ἔγραφον
310 1737 365 1771 ἐγὼ
382 1738 418 1772 μὴ
442 1737 622 1772 ἐπιστάμενος
643 1737 739 1769 αὒτόνς
763 1737 914 1774 Ἐρώτησον
932 1740 956 1765 εί

168 1783 216 1818 μὴ,
231 1781 363 1818 ἑωρακὼς
377 1783 441 1814 τοὺς
463 1782 527 1818 περὶ
549 1782 718 1818 Κλημέντιον
731 1782 798 1818 (58),
816 1783 956 1819 ἐμνήσθην

165 1829 212 1856 τοῦ
233 1829 283 1864 τῆς
303 1828 438 1864 μακαρίας
458 1829 578 1863 μνήμης,
601 1828 647 1855 καὶ
666 1827 736 1854 κατὰ
753 1828 783 1854 τὸ
797 1829 956 1864 γεγραμμέ-

165 1882 221 1906 νον,
242 1875 271 1901 ὲν
290 1874 405 1910 δάκρυσι
421 1882 472 1909 μου
486 1873 521 1900 τὰ
539 1873 633 1909 ἱμάτια
656 1873 805 1910 διέϐρεχον,
822 1874 955 1910 ἐνθυμού-

166 1928 246 1955 μενος
263 1920 313 1955 τὴν
335 1918 538 1955 φιλανθρωπίαν
554 1919 601 1946 καὶ
620 1918 669 1954 τὴν
685 1919 857 1954 φιλόχριστον
872 1919 955 1946 αὐτοῦ

163 1966 263 2001 ψυχήν.
282 1966 361 1993 Μάθε
383 1966 452 1998 πῶς,
469 1965 589 1997 ἀκούσας
606 1967 668 2001 περὶ
684 1966 734 2001 τῆς
749 1966 890 2002 ὠμότητος
907 1967 954 1993 τοῦ

165 2011 270 2048 θηρίου,
292 2013 340 2040 καὶ
355 2011 417 2039 ἰδὼν
433 2013 494 2044 τοὺς
508 2012 572 2048 περὶ
586 2012 705 2039 Βάλεντα
724 2011 768 2038 διὰ
786 2012 836 2047 τῆς
852 2012 954 2048 Λιϐύης

164 2057 300 2090 ἐλθόντας,
324 2057 477 2094 ἐφοϐούμην
503 2058 541 2094 μὴ
564 2059 688 2091 κάκεῖνος
709 2058 827 2095 πειράσῃ
852 2059 953 2095 τολμῆ-

200 2148 222 2164 ⁶⁷
236 2147 307 2175 Psal.
319 2155 357 2181 vr,
373 2148 399 2175 7.

1011 1558 1155 1585 Maximum
1179 1558 1320 1591 episcopos
1337 1563 1399 1582 cum
1420 1556 1566 1583 comitibus
1579 1556 1635 1583 suis
1649 1565 1656 1583 :
1673 1556 1799 1584 Clemen-

1011 1604 1076 1631 tiqu
1088 1604 1151 1630 item
1166 1607 1193 1629 et
1207 1601 1359 1629 Valentem.
1383 1601 1469 1634 Disce,
1486 1608 1577 1635 qmeso
1589 1623 1595 1634 ,
1613 1609 1675 1628 num
1698 1601 1802 1630 litteras

1008 1650 1041 1677 ad
1056 1656 1098 1676 me
1114 1647 1260 1676 detulerint
1278 1657 1284 1674 :
1303 1647 1354 1674 illae
1365 1647 1472 1682 .quippe
1487 1647 1594 1674 occasio
1610 1647 1673 1674 mihi
1690 1646 1803 1675 fuissent

1007 1694 1041 1722 ad
1060 1701 1119 1721 eum
1135 1692 1307 1720 rescribendi.
1324 1692 1401 1726 Quod
1419 1693 1440 1720 si
1459 1699 1508 1720 nec
1525 1693 1588 1719 mihi
1608 1692 1733 1727 scripsit,
1753 1701 1802 1720 ne-

1009 1747 1060 1774 que
1074 1747 1117 1766 me
1133 1739 1223 1771 novit,
1251 1745 1334 1772 quare
1350 1739 1383 1765 ad
1407 1738 1526 1773 ignotum
1550 1739 1638 1765 virum
1666 1739 1800 1766 misissem

1005 1782 1130 1810 litteras?
1151 1783 1296 1810 Sciscitare
1318 1790 1351 1810 an
1372 1783 1430 1810 viso
1451 1783 1610 1816 Clementio,
1634 1783 1720 1811 beata:
1742 1792 1801 1812 tne-

1009 1829 1100 1856 morize
1114 1827 1169 1855 Viri
1183 1828 1345 1855 mentionem
1360 1835 1412 1855 non
1424 1828 1535 1856 fecerim
1548 1837 1556 1856 :
1571 1836 1604 1855 an
1619 1830 1656 1856 uti
1668 1830 1799 1864 scriptum

1008 1879 1049 1902 est
1065 1875 1098 1907 ⁸⁷,
1114 1874 1241 1910 lacrymis
1265 1874 1331 1901 meis
1352 1875 1511 1902 vestimenta
1545 1883 1597 1902 non
1621 1875 1798 1910 perfuderim,

1008 1921 1071 1948 dum
1091 1920 1286 1948 humanitatem
1313 1920 1381 1955 ejus,
1409 1921 1583 1956 animamque
1601 1921 1673 1948 illam
1697 1920 1798 1949 Christi

1008 1966 1222 1993 amantissimam
1251 1965 1277 1992 in
1299 1970 1391 1994 mente
1410 1973 1558 1993 versarem.
1583 1967 1677 2000 Disce,
1694 1975 1796 2002 quaeso,

1007 2016 1106 2046 quanta
1121 2011 1264 2038 formidine
1277 2018 1419 2046 percussus
1430 2012 1492 2045 sint,
1508 2013 1598 2040 audita
1617 2013 1712 2040 bellua:
1728 2013 1798 2041 illius

1007 2059 1125 2091 feritate,
1136 2066 1197 2086 cum
1208 2057 1347 2085 Valentem
1362 2065 1409 2092 per
1423 2058 1536 2094 Libyam
1550 2059 1602 2087 iter
1619 2060 1719 2088 habere
1732 2067 1797 2087 cort-

199 2251 339 2288 (36)_Reg.
355 2258 382 2278 e.
394 2251 487 2288 ﬁasil“
502 2251 573 2279 οὐδέ.
585 2251 668 2285 Editi,
686 2251 766 2282 male,
781 2251 870 2278 οὐδέν.
889 2250 949 2279 Mox
966 2252 989 2280 D
1004 2251 1181 2288 Hermantius
1198 2258 1280 2285 porro
1295 2250 1321 2288 in
1335 2250 1475 2288 Athanasii
1499 2251 1567 2288 ι’-ξιιι,
1588 2252 1636 2278 lib.
1656 2259 1733 2288 tunc.
1747 2252 1792 2284 15,

164 2285 231 2321 Reiz.
243 2285 312 2313 εἶδεν
318 2285 322 2286 ⁷
329 2294 376 2320 pro
390 2285 468 2314 οἶδεν.

200 2322 255 2357 (57)
273 2321 344 2349 Edit.
362 2321 480 2353 Comm.,
495 2321 625 2352 Σαϐάτιος
652 2329 659 2347 :

164 2355 228 2385 edili
246 2355 272 2384 et
296 2364 374 2392 mss...
389 2357 559 2392 72ap6dnog.
579 2357 724 2384 Existimat
756 2355 888 2383 Barouius
914 2357 947 2384 ad

163 2400 262 2419 antrum
276 2391 338 2423 350,
355 2391 368 2427 §
384 2391 519 2422 28.1mm:
549 2393 713 2422 Sarvatium,
731 2399 777 2418 seu
795 2392 946 2418 Servatiurn

163 2428 318 2461 episcopum
343 2426 403 2453 csse
419 2426 605 2461 Tungrensem
619 2435 628 2453 :
640 2428 710 2459 quod
725 2433 789 2453 sane
814 2431 855 2453 est
885 2434 948 2453 vero

163 2462 331 2490 simillimum
353 2470 360 2488 :
383 2469 452 2488 unus
480 2462 579 2496 quippe
597 2461 736 2488 Scrvalius
758 2462 827 2488 inter
853 2461 948 2488 Callize

163 2498 303 2532 episcopos
319 2496 416 2531 legitur
443 2497 469 2523 in
487 2497 749 2532 rsubscriptionibus
775 2496 947 2523 Sardiccnsi-

164 2534 214 2559 bus
230 2531 356 2566 Apologia
374 2536 464 2558 contra
474 2531 598 2564 Arianor,
624 2539 651 2558 n.
670 2531 717 2562 50,
742 2539 821 2565 quem
851 2532 947 2565 opina-

164 2567 308 2593 murltnuo
328 2568 414 2600 ipsum
431 2573 501 2593 esse.
524 2566 687 2600 Sequentem
705 2574 768 2593 vero
801 2567 946 2592 maximum

164 2606 240 2636 putat
255 2601 384 2628 Barouius
403 2608 463 2628 esse
489 2600 668 2628 Maximinum
685 2601 874 2628 Trevirensem
890 2600 907 2635 ς)
919 2605 947 2627 at

165 2635 342 2670 praeterquam
365 2636 436 2670 quod
461 2643 558 2663 nomen
586 2643 639 2663 non
656 2636 765 2662 omnino
792 2635 946 2668 consentit;

165 2675 256 2698 exstat
285 2670 311 2697 in
343 2670 437 2697 iisdem
464 2671 708 2705 subseriptionibus
746 2671 816 2697 inter
851 2670 946 2697 Gallia}

165 2706 306 2741 episcopos
332 2704 463 2732 Maximus
491 2706 538 2740 qui
571 2704 728 2741 postremus
748 2706 784 2732 ibi
813 2705 910 2739 legitur
938 2713 945 2741 ς

164 2741 263 2775 quique
277 2740 401 2768 fortassis
415 2741 456 2768 hic
469 2739 524 2774 ipse
536 2739 588 2768 est.
617 2740 797 2767 Maximianus
820 2739 945 2775 veroiqui

163 2774 267 2810 primus
279 2775 334 2802 illic
353 2776 478 2810 habetur,
500 2776 604 2802 videtur
614 2782 674 2802 esse
699 2774 861 2802 Maximinus
879 2774 946 2810 Tre-

162 2809 288 2841 virensis,
302 2809 346 2845 qui
362 2818 423 2837 curn
452 2809 626 2838 Trevirorum
654 2810 747 2838 Gallia:
764 2809 946 2843 metropoleos

161 2844 315 2881 episcopus
331 2850 412 2879 esset,
430 2853 463 2874 eo
490 2846 600 2874 nomine
623 2847 725 2881 primas
754 2845 809 2872 illic
835 2844 933 2872 habeat

689 2321 733 2348 alii
757 2329 823 2348 vero
853 2329 949 2349 omnes

1003 2291 1081 2321 putat
1107 2286 1249 2312 Paulinum
1267 2286 1321 2319 ‘qni
1349 2285 1454 2313 Ursacii
1469 2292 1494 2312 et
1510 2286 1630 2314 Valentis
1648 2287 1680 2312 ad
1693 2286 1792 2314 Julium

976 2335 982 2341 -
1004 2322 1111 2349 litteras
1124 2321 1273 2348 Athanasio
1290 2321 1419 2351 misisset.
1432 2321 1502 2347 circa
1518 2329 1618 2348 animm
1630 2322 1682 2349 550
1709 2323 1793 2349 fuisse

1003 2364 1046 2390 cp.
1074 2356 1263 2391 Trevireusetn
1276 2363 1288 2391 7:
1307 2356 1502 2391 undeicolligit
1520 2376 1527 2388 ,
1540 2357 1595 2390 jam
1622 2365 1654 2384 eo
1672 2362 1793 2391 tempore

1003 2391 1158 2418 defunctum
1172 2390 1348 2416 Maximinum
1379 2390 1567 2417 Trevircnsem
1586 2392 1678 2418 fuisse.
1698 2390 1749 2419 Sed
1766 2394 1791 2419 in

1003 2427 1128 2452 omnibus
1158 2426 1238 2452 editis
1265 2430 1292 2451 ct
1315 2432 1379 2453 mss.
1408 2425 1569 2458 Athanasii,
1599 2427 1675 2459 Apol.
1701 2432 1791 2453 contra

1003 2461 1125 2491 Arianos,
1141 2460 1238 2494 legitur
1254 2459 1387 2494 Ttﬁéguu,
1412 2461 1548 2495 vertitque
1571 2461 1701 2491 Nannius.
1719 2462 1791 2487 l’uu-

1002 2496 1057 2521 lino
1070 2496 1188 2528 episcopo
1208 2495 1330 2528 Tyburis,
1352 2502 1431 2529 quem
1446 2501 1556 2522 secutus
1580 2501 1622 2522 est
1645 2497 1789 2522 lerttuius.

1000 2530 1036 2556 At
1050 2530 1218 2557 Parisienses
1239 2530 1357 2556 editores
1377 2537 1426 2556 suo
1442 2535 1527 2558 marte
1554 2533 1674 2564 episcopo
1700 2531 1790 2558 Treui-

1002 2565 1069 2591 remi
1082 2564 1317 2600 posuerunt.Vcro
1333 2572 1398 2590 sane
1409 2565 1523 2592 similius
1535 2571 1575 2592 est
1590 2566 1787 2600 'l‘yburcnsem,

1001 2607 1081 2634 quam
1096 2599 1282 2626 Tretircnsem
1297 2600 1452 2633 episcopum
1471 2599 1653 2627 litterasJulio
1667 2601 1790 2627 ltotuanu

1000 2635 1078 2661 datas
1105 2635 1255 2661 Athanasio
1284 2635 1468 2661 transi-risisse
1484 2654 1491 2666 ,
1517 2635 1580 2662 licet
1608 2643 1652 2664 res
1678 2636 1791 2662 omnino

997 2671 1135 2703 explorata
1151 2677 1203 2696 non
1218 2669 1262 2699 sit.
1275 2675 1304 2694 ut
1320 2669 1398 2696 fateri
1414 2669 1519 2696 videtur
1534 2670 1707 2697 llerumntins
1721 2671 1787 2704 ipse.

997 2704 1025 2731 In
1039 2704 1283 2740 subscriptionibus
1298 2703 1506 2740 Sat‘tliccnsibus
1522 2706 1592 2732 inter
1617 2705 1699 2732 ltalizc
1730 2703 1788 2740 epi-

996 2747 1103 2802 icoqos,
1123 2739 1220 2774 legitur
1240 2739 1351 2773 quidam
1376 2739 1531 2773 l‘auliauus,
1558 2740 1629 2768 forte
1655 2741 1724 2769 idem
1741 2739 1786 2776 qui

1019 2783 1050 2800 an
1065 2783 1135 2800 mus.

1019 2775 1135 2800 aulinus.

1032 2809 1088 2845 (58)
1106 2810 1184 2845 Reg“
1196 2808 1368 2845 Κλημάτιον.
