2018 3048
227 133 279 162 607

510 131 540 159 S.
560 129 749 158 ATIIANASII
768 128 845 157 OPP.
867 128 958 157 PARS
974 128 996 157 1.
1017 145 1051 150 -
1071 126 1256 156 HISTORICA
1276 127 1321 155 ET
1342 127 1554 156 DOGMATICA.

1805 131 1861 160 603

227 191 370 226 spicerem,
385 188 488 216 veritus
504 188 608 216 scilicet
622 194 656 215 ne
670 187 807 222 quidpiam
826 187 869 214 ille
886 187 1016 214 facinoris

1068 194 1112 213 σαι
1125 185 1191 220 (59),
1205 186 1251 212 καὶ
1262 184 1300 217 ὠς
1311 185 1413 221 λῃστὴς
1427 185 1544 222 φονεύσῃ
1558 185 1621 218 τοὺς
1635 186 1799 221 ἀγαπῶντας
1815 190 1862 215 καὶ

227 236 431 271 aggrederetur,
449 241 499 261 neu
512 234 587 268 quasi
602 234 674 261 latro
691 233 751 261 illos
764 233 951 263 obtruncaret.
971 233 1017 268 qui

227 282 338 309 beatum
356 281 442 308 virum
458 287 550 307 amore
564 283 592 307 et
611 280 741 307 memoria
755 279 1015 314 complecterentur:

228 327 299 355 inter
316 334 383 361 quos
398 333 441 353 me
454 325 518 353 nulli
533 325 678 352 secundum
700 325 813 352 aﬂirmo.

262 373 308 400 10.
323 373 390 400 Cum
405 371 606 399 reformidarem
635 370 727 404 itaque
748 378 782 397 ne
806 378 839 397 eo
862 370 899 397 illi
927 369 1019 396 animo

228 423 327 450 essent,
340 426 372 445 an
389 418 461 452 potui
476 425 524 452 pro
541 422 584 443 tua
604 417 772 443 humanitate
796 415 942 443 ferventius
965 423 1017 442 non

227 465 326 494 orare?
340 465 379 491 An
395 463 535 499 parricida:
548 463 651 490 amicus
663 483 670 495 ,
695 463 742 488 tibi
761 470 824 488 vero
841 462 924 489 occisi
945 462 1013 489 Con-

227 513 324 540 stantis
339 510 426 542 l‘ratri,
441 517 472 537 ac
484 509 558 536 necis
573 508 653 535 ultori
664 529 671 539 ,
697 508 810 535 infestus
836 508 956 536 fuerim!
977 508 1017 535 An

227 557 292 585 mihi
307 560 361 583 tam
375 555 493 582 immane
509 553 614 580 facinus
628 553 703 580 cordi
716 560 776 580 cum
796 557 878 584 esset,
893 558 944 580 tua:
953 559 1018 588 erga

227 610 270 631 me
281 601 464 630 beneficentia
478 599 577 627 oblitus
591 606 668 632 sum;
686 606 768 634 quam
787 603 847 634 post
861 599 946 626 beata:
961 607 1018 625 me-

227 648 320 676 moria:
343 647 392 674 viri
421 647 523 674 obitqu
539 645 619 673 talem
641 652 704 679 erga
726 653 768 671 mc
783 645 857 676 lore,
873 645 960 679 qualis
974 645 1019 672 illo

227 693 370 729 superstite
386 692 484 723 fuerat,
498 690 596 718 litteris
609 689 662 716 tuis
679 690 743 716 Inibi
760 690 880 716 indicare
896 690 1019 723 dignatus

227 740 276 768 es?
292 739 459 772 Quibusnam
480 735 567 763 oculis
602 735 765 762 homicidam
790 735 862 761 illum
886 735 1020 770 respexis-

228 785 304 814 sem?
319 786 370 812 Aut
386 784 431 819 qui
451 783 508 810 ﬁeri
534 785 615 816 queat
638 786 669 808 ut
692 788 753 807 cum
786 788 835 815 pro
860 785 903 807 tua
931 781 1018 808 salute

228 837 289 860 vota
306 831 392 861 facio,
409 831 516 857 beatum
540 829 614 856 illum
636 835 680 855 me
698 827 856 862 conspicere
873 835 924 855 non
940 833 1017 862 puta-

1069 231 1288 267 μνημονεύοντας
1307 231 1353 258 τοῦ
1381 231 1533 267 μακαρίου·
1551 228 1589 259 ὧν
1615 233 1732 268 ἐμαυτὸν
1755 234 1862 266 οὐδενὸς

1068 276 1137 304 εἶναι
1149 277 1275 312 δεύτερον
1287 277 1394 313 τίθημι.

1105 367 1146 394 10.
1162 367 1247 394 Τοῦτο
1265 364 1311 394 οὖν
1331 366 1423 399 δεδιὼς
1441 367 1606 403 φρονοῦντας
1623 369 1754 400 ἐκείνους,
1768 370 1816 396 καὶ
1830 371 1860 397 οὺ

1069 413 1169 449 μᾶλλον
1180 413 1302 448 ηὐχόμην
1318 413 1443 449 περὶτῆς
1458 414 1507 448 σῆς
1523 413 1743 450 φιλανθρωπίας
1760 416 1806 442 καὶ
1817 416 1860 442 τὸν

1070 460 1119 495 μὲν
1135 459 1301 493 φονεύσαντα
1317 459 1421 485 ἐκεῖνον
1443 459 1569 495 ὴγὰπων,
1584 461 1623 491 εἰς
1636 460 1693 495 (-50)
1715 462 1744 487 σὲ
1764 462 1794 488 δὲ
1816 463 1861 488 τὸν

1069 506 1180 541 ἀδελφὺν
1206 506 1281 538 ὄντα,
1304 506 1352 532 καὶ
1381 506 1539 533 ἐκδικοῦντα
1557 506 1603 533 τὸν
1622 507 1726 533 ἐκείνου
1747 507 1861 534 θάνατον

1068 551 1239 586 antatium;
1254 551 1324 577 Ἀλλ’
1342 551 1446 578 ἐκείνου
1466 552 1514 586 μὲν
1529 551 1578 586 τῆς
1593 552 1765 587 παρανομίας
1779 553 1863 588 ἐμνηο

1071 598 1192 632 μόνευον,
1198 597 1247 632 τῆς
1254 597 1281 623 δὲ
1290 597 1339 632 σῆς
1346 597 1505 633 εὐεργεσίας
1513 598 1736 633 ἐπελανθανόμην
1743 598 1859 633 (ιιι-42),

1068 646 1102 680 ἣν
1116 645 1163 671 καὶ
1180 645 1248 680 μετὰ
1261 645 1375 672 θάνατον
1386 645 1432 672 τοῦ
1448 646 1598 682 μακαρίτου
1612 647 1740 683 τοιαύτην
1752 647 1862 674 ἔσεσθαι.

1069 691 1134 726 περὶ
1151 691 1210 726 ἐμὲ,
1226 691 1269 718 οἶα
1282 689 1316 727 ἦν
1330 692 1377 718 καὶ
1390 692 1530 728 περιόντος
1545 693 1661 725 ἐκείνου,
1677 693 1722 720 διὰ
1735 695 1863 730 γραμμά-

1069 747 1122 765 των
1136 738 1255 774 δηλῶσαι
1274 739 1466 775 κατηξίωσας;
1482 740 1572 772 Ποίοις
1585 740 1690 776 ὅμμασι
1707 740 1752 767 τὸν
1768 741 1863 776 ἀνδρο-

1070 785 1149 819 φόνον
1173 785 1303 817 ἔϐλεπον;
1330 786 1365 812 Ἢ
1391 785 1450 817 πῶς
1473 785 1534 820 οὐχ,
1559 786 1629 821 ὑπὲρ
1653 785 1704 820 σῆς
1725 786 1863 822 σωτηρίας

1071 831 1226 865 εὐχόμενος,
1239 830 1362 866 ἐνόμιζον
1376 831 1422 857 καὶ
1439 831 1484 857 τὸν
1501 831 1654 867 μακαρίτην
1665 832 1767 858 ἐκεῖνον
1779 832 1860 868 όρᾷνς

228 877 298 905 rim?
314 877 421 904 Fratres
447 875 547 910 quippe
565 873 600 901 ob
617 878 720 900 natura:
745 873 901 900 alliuitatem
926 879 1017 900 mutua

1075 876 1196 911 Ἀδελφοὶ
1211 877 1264 912 γὰρ
1277 877 1321 903 διὰ
1335 877 1385 912 τὴν
1398 877 1478 911 φύειν
1493 878 1617 912 ἀλλήλων
1639 878 1692 905 εἰσὶ
1708 879 1861 915 κάτοπτρα.

227 928 291 952 sunt
305 922 424 958 specula.
443 920 635 954 Quamobrem,
651 926 711 946 cum
727 922 754 945 te
775 918 801 945 in
822 918 867 946 illo
887 918 1015 950 intuerer,

228 977 365 1004 nunquam
379 974 486 1003 possem
507 971 534 993 te
557 965 700 993 calumniis
723 964 852 992 vellicare
867 972 874 990 :
889 964 1018 998 illumque

229 1022 323 1042 rursus
340 1021 400 1040 eum
423 1012 450 1039 in
472 1017 497 1039 te
511 1012 696 1046 conspicerem
708 1031 715 1044 ,
731 1019 901 1046 nequaquam
916 1012 1017 1038 voluis-

228 1069 284 1089 sem
299 1060 331 1087 ad
346 1067 419 1091 eum,
429 1058 473 1093 qui
485 1057 610 1084 inimicus
623 1057 659 1084 illi
670 1057 770 1090 fuerat,
787 1058 891 1084 litteras
901 1058 1016 1090 mittere,

227 1107 310 1143 239
332 1106 379 1133 sed
395 1105 483 1139 potius
499 1111 548 1138 pro
570 1107 613 1130 tua
635 1102 720 1130 salute
740 1103 883 1130 Dominum
900 1104 1014 1138 precari.

229 1153 330 1182 Horum
346 1151 410 1178 mihi
427 1155 508 1177 testes
524 1153 597 1182 sunt,
612 1149 699 1183 primo
716 1149 855 1180 Dominus,
871 1149 916 1184 qui
933 1156 1016 1176 exau-

228 1201 293 1228 divit
306 1207 359 1230 me,
373 1205 406 1225 ac
420 1201 506 1225 totum
525 1197 572 1224 tibi
588 1203 602 1222 a
620 1196 771 1230 majoribus
784 1196 941 1223 devolutum
958 1201 1015 1223 tra-

228 1246 294 1273 didit
310 1245 450 1280 imperium
474 1252 481 1271 :
504 1247 585 1270 testes
609 1248 715 1276 quoque
739 1242 784 1276 qui
813 1243 875 1278 ;tum
905 1243 1017 1269 aderant

228 1290 412 1318 Felicissimns
428 1289 490 1316 olim
508 1288 560 1315 dux
572 1286 681 1322 Egypti
692 1307 699 1320 ,
716 1286 830 1314 Ruﬁnus
840 1307 848 1319 ,
863 1292 890 1314 et
904 1287 1017 1321 Stepha-

228 1344 289 1371 nus,
305 1343 420 1371 quorum
435 1335 480 1362 ille
499 1333 659 1366 catholicus,
673 1333 716 1360 hic
730 1334 860 1367 magister
872 1334 908 1361 ibi
929 1340 988 1361 erat
1007 1340 1015 1368 ;

228 1382 425 1410 Asteriusitem
441 1387 543 1412 comes,
558 1379 693 1407 Palladius
711 1379 756 1414 qui
776 1379 825 1406 fuit
843 1380 934 1414 palatii
957 1388 1016 1407 ma-

227 1428 325 1464 gister,
346 1427 495 1454 Antiochus
521 1431 548 1453 et
571 1425 721 1460 Evagrius,
744 1430 854 1460 agentes
879 1427 904 1453 in
926 1427 1014 1454 rebus.

227 1475 291 1503 "me
306 1474 377 1501 enim
394 1473 478 1500 solum
496 1472 596 1507 protuli
618 1479 626 1498 :
642 1471 757 1499 Orenms
772 1480 819 1507 pro
839 1472 926 1499 salute
949 1473 1016 1507 piis-

227 1520 290 1548 simi
315 1518 426 1554 Augusti
450 1517 614 1544 Constantii.
640 1516 790 1551 Omnisque
821 1517 934 1552 populus
961 1526 1014 1544 una

228 1573 295 1593 voce
310 1564 401 1593 statim
419 1563 593 1595 acelamavit,
605 1562 723 1596 Christe,
737 1562 871 1591 auxiliare
887 1562 1016 1590 Constan-

228 1614 265 1640 tio
281 1621 288 1639 :
305 1617 332 1639 et
345 1613 402 1639 haec
415 1611 552 1645 precando
570 1611 613 1638 diu
630 1610 825 1645 perseveravit.

264 1658 308 1685 ll.
324 1657 401 1691 Quod
423 1662 512 1684 autem
529 1656 633 1684 litteras
659 1663 797 1690 nunquam
815 1655 856 1682 vel
882 1655 915 1682 ad
941 1655 1016 1683 illum

228 1704 360 1738 miserim,
379 1704 420 1731 vel
437 1704 471 1730 ab
501 1711 534 1730 eo
558 1703 726 1737 acceperim,
746 1702 828 1729 Deum
847 1710 874 1729 et
899 1701 1016 1730 Verbum

227 1751 286 1786 ejus
297 1751 464 1786 unigenitum
477 1749 621 1776 Dominum
640 1753 760 1776 nostrum
773 1748 864 1776 Jesum
878 1748 1016 1776 Christum

229 1799 256 1825 in
272 1802 365 1825 testem
377 1797 489 1824 advoco.
505 1796 711 1828 Accusatorem,
721 1803 822 1830 qumso,
836 1802 922 1822 meum
932 1816 939 1828 ,
953 1803 1017 1822 con-

228 1844 305 1876 cede,
324 1847 353 1870 ut
366 1843 417 1870 hac
430 1842 464 1870 de
484 1849 513 1869 re
528 1849 636 1877 quoque
656 1841 750 1876 paucis
765 1841 928 1875 interrogem
946 1848 953 1865 :
969 1846 1018 1866 un-

229 1891 326 1918 denam
342 1890 375 1917 ad
390 1890 503 1924 hujusce
518 1889 556 1916 rei
576 1889 699 1915 notitiam
719 1887 844 1914 devenit?
863 1887 903 1913 Au
917 1887 1017 1921 cpisto-

230 1937 262 1964 la:
276 1936 440 1970 exemplaria
451 1943 480 1963 se
492 1935 593 1963 habere
606 1935 720 1962 dixerit?
742 1935 814 1961 hunc
832 1934 904 1961 enim
926 1941 1020 1960 rumo-

228 1991 286 2010 rem
301 1989 331 2010 ut
349 1986 506 2018 spargerent
529 1981 623 2008 Ariani
643 1988 815 2015 summopere
833 1981 921 2007 conati
942 1985 1016 2007 sunt.

228 2029 319 2057 Primo
331 2028 439 2063 quidem
454 2028 560 2055 litteras
574 2027 669 2055 saltem
691 2028 791 2054 nostris
810 2027 913 2054 similes
929 2027 1018 2062 prol'e-

229 2079 283 2102 rat.
300 2075 335 2101 At
346 2081 514 2108 nequaquam
532 2078 617 2100 tntum
633 2073 698 2100 illud
712 2073 810 2104 fuerit,
825 2073 929 2099 falsiliei
944 2073 1015 2100 enim

228 2123 303 2151 sunt,
317 2124 422 2146 vestras
433 2118 530 2152 quippe
546 2118 735 2152 imperatorum
749 2125 845 2144 manus
866 2125 937 2151 saepe
952 2122 1017 2144 sunt

229 2166 346 2193 imitati:
362 2166 432 2192 unde
454 2164 601 2191 similitudo
624 2164 668 2190 illa
692 2164 804 2198 scriptis
827 2164 1016 2192 auctoritatem

227 2212 340 2240 minime
351 2211 468 2242 dederit,
490 2211 540 2238 nisi
558 2210 604 2245 qui
620 2209 749 2244 ejusmodi
769 2210 875 2238 litteras
897 2211 1017 2238 scribere
1033 2224 1055 2254 ο

227 2262 436 2290 consueverunt,
451 2257 552 2292 scripta
574 2257 799 2297 testimonio-suo
827 2257 1013 2292 comprobent.

227 2304 306 2332 Libet
322 2311 430 2332 rursum
446 2311 479 2331 ex
505 2303 682 2338 sycophantis
699 2302 833 2330 sciscitari
857 2310 865 2329 :
888 2302 1014 2338 quiSnam

228 2350 288 2378 illas
300 2348 533 2380 deditlitteras,'et
543 2348 678 2376 undenam
690 2347 741 2375 illa:
752 2347 1016 2382 suntdeprehensae?

227 2395 295 2422 Nam
311 2400 338 2422 et
355 2395 420 2422 mihi
436 2394 581 2428 scriptores
596 2393 688 2426 fuere,
705 2398 733 2420 et
754 2397 868 2427 tyranno
887 2392 1016 2425 ministri,

227 2441 273 2476 qui
290 2449 304 2468 a
323 2440 473 2468 tabellariis
489 2440 594 2468 litteras
609 2440 775 2474 acciperent,
799 2438 906 2472 ipsique
926 2438 1018 2465 trade-

229 2491 299 2514 rent.
311 2487 416 2514 Adsunt
429 2485 517 2513 nostri
531 2495 538 2519 ;
552 2490 580 2513 et
597 2485 668 2517 illos,
681 2491 784 2519 quaeso,
802 2490 934 2514 arcessas,
949 2490 1017 2518 quos

228 2532 375 2560 verisimile
391 2537 432 2559 est
445 2532 533 2560 adhuc
545 2538 605 2559 esse
621 2530 782 2566 superstites
799 2539 807 2557 :
826 2537 858 2557 ac
872 2529 906 2557 de
918 2529 1018 2557 litteris

262 2651 319 2686 (39)
335 2651 381 2679 Sic
405 2651 472 2685 Reg.
497 2650 568 2677 Edit.
589 2657 652 2676 vero
674 2647 780 2686 Corum.
810 2648 975 2686 Parisiensis
986 2654 1014 2686 et

229 2683 381 2725 Basiliensis
394 2683 489 2725 cedes.
504 2686 628 2725 κάκεῖνος
645 2683 773 2725 πειράσαι
793 2683 928 2719 τολμήσῃ.
955 2684 1016 2712 E-li-

229 2723 266 2750 tio
277 2722 502 2755 (ὶοΙοιι.,κάκεῖνο
518 2720 647 2755 πειράσαι
661 2720 796 2755 τολμήσῃ.

263 2757 320 2793 (40)
339 2757 418 2793 Reg.,
433 2759 468 2782 si.

263 2787 367 2827 (4142)
380 2787 460 2827 ἷξες..
474 2790 705 2826 ἐπελανθανόμην.
724 2787 794 2818 Editi
809 2797 874 2818 vero
889 2789 1020 2818 ἐπελαθό-

229 2837 319 2898 μτίΐὸ)
333 2861 404 2890 Edit.
421 2862 540 2892 Canum.
556 2859 800 2896 ἀγεντισηρίκους,
815 2860 936 2889 Nannius
957 2868 1018 2889 ver-

1068 921 1117 948 Διὰ
1141 921 1220 948 τοῦτο
1245 923 1291 949 καὶ
1305 923 1334 949 σὲ
1361 922 1467 957 βλέπων
1491 924 1521 950 ἐν
1545 924 1652 959 ἐκείνῳ,
1680 924 1710 950 οὗ
1736 933 1801 951 ποτε
1829 926 1863 952 ἂν

1065 968 1204 994 διέὸαλον·
1228 968 1352 995 κάκεῖνον
1373 969 1402 995 ἐν
1422 970 1464 995 σοὶ
1482 969 1562 996 πάλιν
1580 969 1662 1005 ὁρῶν,
1688 970 1718 997 οὕ
1743 979 1807 997 ποτε
1828 971 1862 997 ἂν

1067 1013 1174 1049 ἔγραψα
1201 1013 1239 1049 τῷ
1269 1015 1330 1041 κατ’
1350 1015 1454 1041 ἐκείνου
1482 1016 1643 1052 γενομένῳ,
1668 1016 1736 1043 ἀλλὰ
1761 1017 1862 1052 μᾶλλον

1068 1060 1193 1095 περὶτῆς
1209 1061 1258 1096 σῆς
1273 1061 1408 1096 σωτηρίας
1425 1050 1563 1097 ηὐχόμηνί
1580 1050 1633 1088 Κᾴι
1649 1050 1786 1098 μάρτυρες
1798 1064 1862 1090 τού-

1067 1114 1120 1132 των
1138 1106 1350 1142 προηγουμένως
1378 1107 1427 1142 μὲν
1446 1108 1460 1134 ὀ
1479 1107 1592 1143 Κύριος,
1610 1109 1625 1135 ό
1644 1108 1800 1141 ἐπακούσας
1814 1109 1863 1136 καὶ

1067 1153 1251 1188 χαρισάμενος
1272 1153 1419 1189 ὁλόκληρόν
1442 1162 1483 1180 σοι
1507 1153 1556 1190 τὴν
1573 1155 1604 1180 ἐκ
1622 1155 1763 1190 προγόνων
1786 1155 1863 1190 βασι-

1066 1199 1141 1226 λείαν
1153 1207 1160 1214 ⁸
1180 1199 1318 1234 μάρτυρες
1332 1199 1360 1225 δὲ
1374 1200 1420 1225 καὶ
1436 1200 1460 1225 ol.
1475 1199 1536 1226 τότε
1552 1199 1696 1234 παρόντες,
1713 1200 1862 1236 Φιληκήσι-

1069 1253 1118 1280 μος
1133 1246 1147 1271 ό
1163 1245 1308 1280 γενόμενος
1321 1244 1383 1277 Sabe
1404 1245 1454 1280 τῆς
1469 1245 1620 1279 Αἰγύπτου,
1636 1246 1683 1272 καὶ
1711 1246 1860 1280 Ῥουφῖνος,

1065 1292 1113 1318 καὶ
1134 1291 1280 1326 Στέφανος,
1295 1287 1332 1318 ὧν
1349 1292 1363 1317 ὁ
1385 1291 1435 1326 μὲν
1457 1291 1613 1323 καθολικὺς,
1633 1292 1648 1318 ὁ
1665 1291 1693 1318 δὲ
1713 1291 1863 1327 μάγιστρος

1065 1335 1100 1373 ἦν
1115 1339 1186 1364 ἐκεῖ·
1213 1338 1260 1364 καὶ
1281 1337 1419 1373 Ἀστέριος
1447 1338 1462 1364 ό
1483 1338 1583 1373 κόμης,
1609 1338 1656 1364 καὶ
1678 1337 1826 1369 Παλλάδιος
1848 1339 1864 1365 ὀ

1066 1382 1211 1417 γενόμενος
1225 1382 1272 1409 τοῦ
1288 1381 1419 1408 παλατίου
1435 1381 1596 1417 μὰγιστρος,
1620 1381 1756 1417 Ἀντίοχός
1772 1390 1801 1408 τε
1814 1383 1862 1409 καὶ

1066 1429 1200 1464 Εὑάγριος
1217 1429 1241 1455 οἱ
1259 1428 1484 1464 ἁγεντισηρίόους
1505 1428 1569 1464 (45).
1586 1428 1674 1455 Μόνον
1686 1428 1740 1464 γὰρ
1749 1428 1842 1463 ἔλεγον
1853 1436 1862 1444 ’

1066 1474 1216 1510 Εὐξώμεθα
1233 1475 1296 1510 περὶ
1309 1475 1358 1510 τῆς
1370 1474 1510 1510 σωτηρίας
1531 1474 1578 1502 τοῦ
1601 1475 1796 1501 εὐσεὸεστάτου
1810 1476 1863 1502 Αὑ-

1067 1519 1182 1554 γούστου
1207 1520 1414 1547 Κωνσταντίου·
1440 1520 1487 1547 καὶ
1509 1520 1563 1552 πᾶς
1584 1521 1598 1547 ὁ
1622 1519 1685 1552 λαὸς
1710 1521 1794 1552 εὐθὺς
1813 1521 1864 1556 μιᾷ

1070 1567 1144 1602 φωνῇ
1160 1567 1234 1592 ἐϐόα·
1250 1566 1361 1602 Χριστὲ,
1376 1566 1467 1602 βοήθει
1479 1566 1668 1602 Κωνπαντίῳ*
1682 1567 1729 1594 καὶ
1741 1567 1864 1602 διέμενεν

1069 1610 1153 1643 οὕτως
1172 1611 1327 1646 εὐχόμενος.

1076 1678 1083 1682 ,
1105 1657 1150 1683 it.
1169 1657 1229 1683 Ὅτι
1241 1657 1291 1692 μὲν
1307 1654 1353 1683 οὖν
1370 1657 1438 1693 μήτε
1453 1657 1562 1693 ἔγραψά
1582 1667 1647 1684 ποτε
1671 1658 1778 1694 ἐκείνῳ,
1793 1659 1863 1694 μήτε

1069 1702 1203 1737 ὲδεξὰμην
1239 1703 1304 1729 ποτὲ
1326 1704 1390 1738 παρ’
1419 1702 1517 1735 αὐτοῦ,
1552 1704 1678 1740 μάρτυρα
1708 1704 1754 1730 τὸν
1781 1704 1862 1736 Θεὸν,

1070 1748 1118 1775 καὶ
1143 1748 1189 1774 τὸν
1214 1748 1308 1775 τούτου
1333 1749 1421 1782 Λόγον
1449 1748 1496 1776 τὸν
1516 1749 1648 1784 μονογενῆ
1685 1749 1768 1776 αὑτοῦ
1799 1749 1864 1776 Υίὸν

1069 1795 1115 1822 τὸν
1139 1795 1241 1830 Κύριον
1263 1794 1342 1830 ἡμῶν
1365 1794 1469 1830 Ἰησοῦν
1496 1795 1613 1831 Χριστὸν
1638 1795 1861 1831 ὲπεκαλεσάμην·

1069 1841 1115 1868 τὸν
1140 1841 1169 1868 δὲ
1194 1841 1370 1872 κατειπόντα,
1396 1841 1442 1867 καί
1471 1841 1535 1876 περὶ
1569 1841 1664 1867 τούτου
1687 1840 1864 1876 συγχώρησον

1070 1887 1241 1922 ἐρωτηθῆναι
1252 1887 1286 1913 δι’
1298 1887 1407 1921 ὀλίγων,
1425 1887 1506 1913 πόθεν
1534 1888 1574 1918 εἰς
1601 1886 1680 1913 τοῦτο
1704 1886 1863 1922 παρῆλθενς

1077 1934 1237 1968 Ἐπιστολῆς
1261 1933 1416 1969 ἀντίγραφα
1450 1934 1562 1969 φήσειεν
1593 1933 1681 1967 ἑχεινς
1707 1933 1788 1959 τοῦτο
1809 1932 1864 1968 γὰρ

1071 1979 1214 2015 ἀπέκαμον
1224 1980 1249 2005 ot
1270 1979 1403 2014 ’Λρειανοὶ
1423 1978 1593 2014 θρυλοῦντες.
1614 1978 1725 2014 Πρῶτον
1744 1979 1793 2014 μὲν
1817 1976 1864 2005 οὖν

1070 2026 1122 2054 κᾶν
1145 2026 1181 2052 τὰ
1203 2025 1354 2061 γράμματα
1383 2027 1439 2056 τοῖς
1466 2025 1611 2061 ἡμετέροις
1633 2025 1713 2060 ὃμοια
1742 2024 1862 2061 δεικνύῃ.

1070 2072 1146 2099 οῠπω
1160 2081 1190 2098 τε
1204 2072 1322 2107 ἀσφαλὲς
1340 2072 1397 2107 ἔχει
1410 2072 1465 2107 (Μ)
1479 2080 1486 2086 '
1503 2072 1711 2107 πλαστογράφοι
1723 2072 1778 2106 γὰρ
1793 2071 1864 2098 εἰσὶν

1070 2119 1167 2150 οἵτινες
1177 2118 1224 2145 καὶ
1236 2118 1286 2149 τὰς
1299 2117 1376 2153 ὑμῶν
1393 2118 1448 2144 τῶν
1471 2117 1602 2152 βασιλέων
1616 2118 1710 2152 χεῖρας
1734 2116 1864 2148 πολλάκις

1071 2165 1241 2200 ἐμιμήσαντο
1252 2173 1258 2179 ·
1272 2164 1320 2190 καὶ
1337 2163 1386 2198 οὐχ
1408 2164 1424 2198 ἠ
1441 2162 1557 2198 μίμησις
1575 2163 1689 2198 παρέχει
1702 2164 1758 2194 τοῖς
1773 2162 1864 2197 γράμ-

1071 2208 1176 2244 μασιτδ
1193 2207 1286 2244 κῦρος,
1304 2207 1351 2235 ἐὰν
1367 2207 1405 2243 μὴ
1434 2207 1482 2233 καὶ
1510 2207 1534 2233 οι
1558 2207 1593 2233 τὰ
1619 2207 1731 2233 τοιαῦτα
1748 2207 1865 2242 γράφειν

1068 2255 1193 2286 εἰωθότες
1208 2254 1367 2290 μαρτυρῶσι
1390 2255 1452 2285 ταῖς
1480 2253 1645 2285 ἐπιστολαῖς.
1667 2253 1752 2280 Τοῦτο
1775 2254 1865 2280 τοίνυν

1069 2301 1185 2331 καὶτοὺς
1198 2299 1375 2331 διαϐαλόντας
1389 2300 1469 2326 πάλιν
1481 2301 1618 2336 ἐρωτῆσαι
1633 2300 1774 2335 βούλομαι,
1797 2301 1838 2332 τίς
1851 2301 1866 2326 ὁ

1070 2346 1217 2382 παρασχὼν
1245 2346 1333 2373 ταῦτά
1361 2355 1425 2373 ποτε
1439 2367 1446 2379 ,
1464 2348 1511 2374 καὶ
1531 2347 1612 2374 πόθεν
1643 2346 1741 2382 εὑρέθη
1756 2346 1842 2373 ταῦτα
1857 2355 1865 2363 ’

1066 2391 1178 2426 καὶγὰρ
1189 2391 1267 2424 κάγὼ
1285 2393 1349 2423 τοὺς
1363 2392 1518 2427 γράφοντας
1535 2390 1618 2427 εἶχον,
1637 2392 1762 2424 κάκεῖνος
1783 2391 1864 2418 πάλιν

1065 2438 1129 2469 τοὺς
1154 2437 1342 2473 λαμϐάνοντας
1363 2438 1438 2473 παρὰ
1458 2438 1512 2465 τῶν
1536 2438 1706 2474 κομιζόντων
1728 2439 1775 2466 καὶ
1803 2440 1865 2465 ἐπι-

1066 2483 1186 2515 διδόντας
1200 2483 1284 2519 αὺτῷ.
1302 2484 1334 2510 Οἱ
1349 2484 1397 2519 μὲν
1413 2481 1459 2511 οὖν
1476 2484 1607 2520 ἡμέτεροι
1628 2485 1756 2521 πάρεισι·
1780 2493 1867 2511 κατα-

1068 2529 1164 2562 ξίωσον
1185 2530 1214 2557 δὲ
1242 2530 1386 2563 κάκείνους
1403 2531 1530 2558 καλέσαι·
1547 2531 1596 2567 ζῇν
1610 2532 1665 2568 γὰρ
1683 2532 1791 2564 πάντως
1817 2530 1864 2564 ἐξ·

1066 2650 1108 2686 tjt,
1122 2649 1245 2686 pmfecti
1258 2651 1417 2684 sericarum,
1434 2651 1545 2686 Regius,
1563 2652 1721 2680 Basiliensis
1742 2658 1769 2680 et
1793 2654 1860 2681 edit.

1066 2685 1237 2716 Parisiensis,
1267 2685 1504 2721 ἀγεντισηρίὸους,
1533 2688 1566 2714 Et
1593 2694 1665 2714 recte
1689 2689 1796 2722 quidem
1812 2709 1819 2720 ,
1835 2690 1863 2716 id

1067 2725 1120 2751 est.
1147 2725 1260 2754 agentes
1287 2722 1313 2747 in
1338 2722 1430 2748 rebus.
1449 2722 1479 2748 Hi
1506 2727 1585 2749 erant
1608 2723 1699 2756 palatii
1722 2724 1862 2757 ollieiales,

1069 2763 1183 2790 quorum
1203 2764 1300 2782 munus
1323 2757 1489 2783 describitur
1507 2758 1531 2783 in
1552 2757 1649 2785 Cortice
1676 2758 1860 2786 Theodosiana

1070 2798 1090 2827 a_
1103 2790 1204 2827 Jacon
1217 2790 1386 2818 Gothofredo
1402 2793 1547 2825 illustrato,
1562 2800 1587 2819 Vl
1602 2793 1680 2827 Cud.,
1694 2794 1790 2822 tit.‘27.
1809 2794 1861 2822 Ed.

1071 2825 1164 2861 Colon.
1171 2845 1177 2856 ,
1193 2826 1410 2861 ἁγεντισήρικοι,
1426 2828 1506 2854 male.

1108 2860 1163 2896 (44)
1181 2861 1259 2895 Reg..
1272 2860 1348 2888 οιπω
1362 2862 1402 2888 τῷ
1417 2862 1539 2897 ἀσφαλες
1552 2862 1612 2898 ἔχῃ.
