2018 3048
146 165 198 194 609
655 163 826 192 APOLOGIA
844 163 888 190 AD
905 163 1154 193 CONSTANTIUM
1175 166 1245 194 IMP.
1706 172 1760 200 διο

141 230 213 249 εστιν
227 219 337 252 αὐτούς’
353 221 400 247 καὶ
414 220 480 256 μάθε
499 221 564 257 περὶ
588 220 689 247 τούτων
715 220 769 247 τῶν
792 220 923 256 γραμμά-

978 221 1029 249 illis
1039 223 1188 257 sciscitare,
1202 223 1239 250 ita
1259 230 1314 250 rem
1331 223 1463 257 inquiras,
1481 232 1512 252 ac
1528 225 1550 252 si
1572 225 1619 254 tibi
1639 226 1695 262 ipsa
1714 236 1761 256 co-

141 276 204 299 των,
223 267 347 299 ἐξέτασον
360 267 397 298 ὡς
414 265 542 302 ἀληθείας
559 275 600 293 σοι
615 265 812 302 συμπαρούσης
823 273 830 280 ”
854 265 923 301 αὕτη

978 275 1036 295 ram
1065 269 1172 297 adesset
1190 270 1299 297 veritas.
1319 269 1365 297 Illa
1385 271 1483 306 quippe
1506 271 1713 306 imperatorutn,
1732 274 1759 301 in

141 313 194 349 γὰρ
212 313 351 348 βασιλέων,
369 313 415 339 καὶ
425 312 540 347 μάλιστα
552 312 734 348 Χριστιανῶν,
759 312 817 338 ἐστὶ
840 313 925 348 φυλα-

978 314 1069 348 primis
1083 313 1297 350 Christianorum
1309 336 1317 349 ,
1335 321 1377 343 est
1396 317 1551 351 prazsidium
1576 325 1583 344 :
1602 317 1646 345 illa
1662 320 1760 347 comite

141 361 264 394 κτήριον·
279 358 348 394 μετὰ
366 358 466 393 ταύτης
491 358 643 394 βασιλεύειν
659 359 731 394 ὑμᾶς
746 359 820 385 ἐστιν
838 359 925 393 ἀσφα-

978 366 1024 386 vos
1041 359 1173 394 imperare
1192 361 1354 388 lutissitnum
1365 366 1422 395 est,
1437 370 1498 390 cum
1514 362 1604 390 divina
1621 363 1760 399 Scriptura

141 405 194 436 λὲς,
209 404 340 439 λεγούσης
350 404 398 439 τῆς
410 404 484 435 θείας
508 405 634 440 Γραφῆς·
657 404 859 438 Ἐλεημοσύνη
876 404 925 431 καί

978 405 1069 432 dicat:
1084 405 1270 433 Misericordia
1289 412 1314 434 et
1334 408 1431 434 verita:
1451 409 1504 442 regi
1525 409 1643 436 custodia
1661 415 1719 437 eat:
1737 415 1761 438 et

142 449 280 483 ἀλήθεια,
301 450 422 485 φυλακὴ
442 450 578 483 βασιλεῖ,
596 450 644 477 καὶ
661 450 878 484 περικυκλώσει
892 451 925 477 ὲν

978 451 1147 477 circumdabit
1164 452 1192 478 in
1211 452 1320 486 iustitia
1338 453 1462 480 thronum
1483 453 1540 488 ejus
1549 454 1580 480 ⁸⁸.
1605 453 1680 482 Hanc
1699 463 1760 482 cum

141 496 317 530 δικαιοσύνῃ
341 497 394 522 τὸν
412 497 520 530 θρόνον
541 496 642 523 αὑτοῦ.
655 497 762 531 Ταύτην
784 496 925 532 προϐαλὼν

978 496 1125 523 Zorobabel
1143 497 1250 532 sapiens
1267 498 1310 526 ille
1329 499 1370 526 vir
1390 499 1496 527 caeteris
1516 499 1679 534 anteferret,
1694 501 1761 528 alios

147 542 291 578 Ὀροϐάϐελ
304 541 359 577 (45)
379 542 393 567 ὁ
410 542 491 576 σοφὸς
512 541 652 577 νενίκηκε·
678 541 725 569 καὶ
745 541 799 572 πᾶς
821 542 835 568 ό
862 541 925 573 λαὸς

978 542 1132 576 superavit,
1167 543 1362 578 universusque
1381 545 1494 580 populus
1520 545 1545 572 in
1572 546 1643 574 hanc
1668 554 1760 574 vocem

141 589 263 624 ὲφώνησε
275 597 281 603 ·
296 588 418 623 Μεγάλη
433 589 451 622 ἠ
469 588 593 621 ἀλήθεια
606 589 654 615 καὶ
668 589 853 623 ὑπερισχύει.

178 635 220 661 12.
237 634 268 660 Εί
294 634 342 669 μὲν
366 633 411 660 οὖν
434 636 497 669 παρ’
510 634 599 666 ἄλλοις
619 635 692 670 ἢμην
703 634 864 670 διαϐληθεὶς,
878 635 926 670 τὴν

142 679 189 715 σὴν
211 679 350 705 εὐσέϐειαν
370 679 578 714 ἐπεκαλοὺμην·
600 680 637 711 ὡς
657 680 671 705 ὸ
691 679 849 711 ’Δπόστολος
878 680 926 706 ἐπ-

141 724 288 751 εκαλέσατο
314 724 375 750 τότε
396 725 440 752 τὸν
473 725 610 760 Καίσαρα,
641 725 687 751 καὶ
710 725 845 751 πέπαυται
870 726 926 764 ίτῶν

141 769 244 805 ἐχθρῶν
257 771 273 805 ἡ
291 770 351 796 κατ’
364 769 444 796 αὑτοῦ
461 770 591 805 ἐπιϐουλή
603 778 609 784 ·
642 770 735 806 ἐπειδὴ
759 770 787 796 δὲ
799 770 874 806 παρὰ
884 771 926 797 σοὶ

140 817 320 853 τετολμήκασι
336 818 484 849 κατειπεῖν,
496 817 557 845 τίνα
570 818 624 844 ἀπὸ
641 817 686 844 σοῦ
707 817 904 853 ὲπικαλέσομαι
917 827 925 851 ;

976 587 1097 621 prorupit
1116 598 1121 615 :
1140 587 1237 624 Magna
1252 594 1289 616 est
1307 590 1401 617 veritas
1415 596 1438 617 et
1452 591 1572 624 praualet
1586 591 1620 619 ".

1013 632 1057 660 l2.
1079 632 1106 660 Si
1117 640 1204 660 essem
1221 635 1310 668 itaque
1324 635 1394 669 apud
1407 635 1474 662 alios
1484 635 1597 669 delatus,
1610 641 1682 663 tuam
1697 644 1762 664 sane

977 678 1104 713 pietatem
1118 679 1279 714 appellarem
1303 689 1309 706 :
1326 681 1553 714 quemadmodum
1573 686 1635 709 tunc
1652 682 1764 716 Aposto-

977 723 1018 752 lus
1034 724 1168 753 Czesarem
1184 725 1327 760 appellavit
1340 726 1374 760 τυ,
1393 727 1547 761 sedatmque
1563 732 1626 755 sunt
1642 728 1763 756 inimico-

979 778 1037 797 rum
1049 770 1106 805 ejus
1121 772 1242 804 insidize;
1257 778 1283 799 at
1301 773 1409 808 quando
1428 773 1498 808 apud
1520 778 1546 801 te
1562 781 1604 801 me
1623 775 1679 801 ausi
1701 779 1765 802 sunt

979 815 1144 848 insimulare,
1158 823 1238 851 quem
1251 818 1360 850 amabo,
1378 817 1459 844 alium
1479 826 1493 844 a
1507 823 1533 844 te
1548 818 1691 853 appellem.
1710 820 1762 845 nisi

115 857 117 859 ’
141 863 186 889 τὸν
199 863 306 899 Πατέρα
322 863 370 890 τοῦ
387 863 510 898 λέγοντος
520 884 527 896 ,
546 863 616 898 Ἐγώ
629 865 685 898 ειμι
696 863 715 897 ἠ
734 863 868 896 ἀλήθεια,
883 863 925 889 ἵνα

979 860 1084 888 Patrem
1097 862 1156 896 ejus
1177 862 1222 897 qui
1245 863 1330 895 dixit,
1351 862 1408 898 Ego
1430 871 1486 890 sum
1507 864 1650 897 veritas",
1671 869 1701 891 ut
1716 871 1764 891 cor

142 914 188 932 σου
219 894 278 941 τὴν.
302 894 428 942 καρδίανἺ
444 908 484 939 εἰς
501 894 661 942 εὐμένειαν
693 894 791 943 κλίνῃ..
807 894 925 934 Δέσποτα

981 906 1024 934 ille
1036 910 1112 934 tuum
1122 908 1154 935 ad
1166 908 1336 936 clementiam
1343 909 1448 936 vertat?
1458 909 1571 936 Domine
1579 910 1763 944 omnipotens,

141 952 339 988 παντοκράτορ,
363 952 473 987 βασιλεῦ
500 953 554 980 τῶν
581 953 685 980 αίὼνων
699 975 705 986 ,
726 954 741 980 ό
761 953 855 990 Πατὴρ
881 953 925 980 τοῦ

980 950 1036 978 Rex
1052 953 1220 986 saeculorum,
1238 953 1319 981 Pater
1332 954 1438 981 Domini
1462 954 1546 981 nostri
1563 954 1627 982 .lesu
1639 954 1762 986 Christi,

141 998 243 1033 Κυρίου
258 998 335 1033 ήμῶν
351 998 438 1033 Ἰησοῦ
452 998 581 1034 Χριστοῦ,
599 999 632 1025 σὺ
654 999 698 1025 διὰ
712 999 758 1025 τοῦ
780 999 826 1026 σοῦ
842 1000 925 1034 Λόγου

982 1001 1008 1023 tu
1025 1004 1072 1031 per
1083 997 1199 1025 Verbum
1214 1003 1287 1025 tuum
1303 999 1355 1026 hoc
1368 999 1510 1033 imperium
1523 999 1624 1027 famulo
1640 1005 1684 1027 tuo
1694 1000 1764 1027 Con-

141 1044 190 1080 τὴν
205 1044 340 1080 βασιλείαν
352 1045 454 1080 ταύτην
469 1045 507 1080 τῷ
521 1045 560 1080 σῷ
584 1044 727 1081 θεράποντι
747 1045 925 1081 Κωνσταντίῳ

980 1043 1080 1069 stantio
1095 1043 1231 1070 contulisti
1246 1052 1252 1070 :
1267 1044 1388 1071 illumina
1405 1052 1453 1071 cor
1470 1044 1539 1080 ejus,
1558 1051 1585 1072 ul
1599 1046 1764 1080 deprehensa

141 1089 276 1122 δέδωκας·
304 1090 336 1117 σὺ
355 1089 462 1126 λάμψον
479 1091 519 1122 είς
547 1090 596 1126 τὴν
626 1090 739 1125 καρδίαν
764 1091 857 1123 αὑτοῦ,
875 1092 925 1123 ἵνα¹

979 1087 1111 1115 calumnia
1126 1089 1268 1116 adversum
1291 1097 1333 1117 me
1351 1096 1471 1124 structa,
1491 1092 1697 1125 perhumaniter
1720 1092 1764 1120 ille

141 1135 220 1169 γνοὺς
232 1135 280 1171 τὴν
295 1135 355 1162 καθ’
368 1135 446 1171 ἡμῶν
462 1136 658 1170 συκοφαντίαν,
672 1135 792 1171 εὐμενῶς
807 1136 856 1171 μὲν
881 1137 925 1162 αὺ-

978 1132 1162 1161 del'ensionem
1192 1142 1279 1162 meam
1301 1136 1420 1171 excipiat
1443 1145 1449 1164 :
1470 1137 1647 1172 omnibusque
1670 1143 1763 1165 nolunt

142 1180 186 1212 τὸς
202 1181 309 1216 δέξηται
328 1180 376 1216 τὴν
392 1180 556 1215 ἀπολογίαν·
579 1181 683 1212 πάντας
700 1180 755 1216 (46)
772 1181 800 1207 δὲ
827 1182 925 1217 ποιήσῃ

979 1179 1059 1206 faciat
1080 1187 1158 1208 aures
1179 1187 1243 1207 suas
1268 1189 1329 1209 esse
1360 1182 1385 1208 in
1409 1183 1523 1210 veritate
1543 1183 1673 1210 ﬁrmatas.
1691 1183 1723 1209 Et
1736 1188 1765 1210 ut

142 1227 253 1262 γνῶναι,
270 1227 310 1254 ὃτι
325 1228 353 1254 αι
374 1227 454 1254 ἀκοαὶ
482 1227 564 1254 αὐτοῦ
588 1227 794 1262 ὴσφαλίσθησαν
810 1228 838 1254 ἐν
862 1227 925 1263 ἀλη-

978 1226 1107 1260 scriplum
1121 1231 1182 1254 est:
1201 1225 1265 1253 Sola
1285 1228 1356 1255 labia
1367 1228 1444 1263 juxta
1464 1229 1518 1263 regi
1532 1233 1635 1264 accepta
1657 1230 1762 1257 sunt".

142 1273 210 1309 θείᾳ.
220 1273 276 1300 Καὶ
289 1273 359 1300 κατὰ
367 1273 397 1299 τὺ
404 1272 604 1308 γεγραμμένον·
614 1272 831 1305 Μόναβασιλεῖ
839 1273 925 1300 deum

979 1272 1016 1298 En
1028 1272 1099 1299 enim
1119 1273 1198 1299 modo
1215 1272 1340 1299 thronum
1360 1273 1435 1308 regni
1457 1281 1615 1308 prosperum
1638 1273 1695 1301 fieri
1717 1282 1765 1308 per

141 1319 227 1353 χείλη
241 1318 343 1345 δίκαιά
364 1318 458 1346 ἐστιν.
476 1318 553 1345 Οὕτω
578 1318 633 1354 γὰρ
656 1318 703 1345 καὶ
730 1318 925 1354 κατορθοῦσθαι

978 1316 1149 1344 Salomonem
1178 1324 1227 1344 nos
1250 1317 1404 1345 docuisti".
1429 1317 1600 1354 Quapropter
1610 1318 1763 1352 sciscitare.

141 1366 186 1391 τὸν
202 1364 295 1400 θρόνον
311 1365 360 1400 τῆς
376 1364 514 1399 βασιλείας
536 1365 579 1392 διὰ
605 1365 775 1400 Σολομῶντος
801 1365 925 1400 λεχθῆναι

978 1371 1087 1398 quaeso;
1101 1363 1206 1390 discant
1217 1369 1388 1391 accusatores
1408 1364 1454 1390 tibi
1469 1364 1589 1392 veritatis
1609 1364 1765 1400 indaganda:

142 1410 303 1445 πεποίηκας.
321 1410 425 1437 Οὐκοῦν
449 1410 517 1442 ὅλως
539 1409 676 1446 ἐρώτησον
693 1430 700 1442 ,
720 1410 878 1446 μαθέτωσαν
903 1411 925 1437 οἱ

978 1416 1037 1436 esse
1053 1417 1156 1437 curam.
1173 1409 1206 1437 Et
1225 1411 1348 1443 observa,
1364 1417 1427 1436 nunt
1444 1410 1485 1437 vel
1499 1410 1557 1444 ipso
1570 1410 1659 1438 vultus
1673 1410 1764 1438 colore

141 1455 343 1490 κατειρηκότες,
362 1455 402 1482 ὅτι
421 1464 461 1482 σοι
474 1456 549 1490 μέλει
573 1457 638 1489 περὶ
657 1455 706 1491 τῆς
727 1456 855 1490 ἀληθείας
876 1465 925 1491 μα-

978 1455 1138 1482 calumniam
1168 1457 1284 1490 prodant
1307 1461 1376 1484 :cst
1399 1456 1469 1482 enim
1498 1455 1562 1482 illud
1591 1456 1765 1484 conscientia

141 1498 206 1526 θεῖν.
231 1500 285 1525 Καὶ
311 1500 335 1525 εί
352 1499 408 1533 (47)
437 1500 474 1535 μὴ
499 1508 538 1534 τῳ
565 1499 690 1534 χρώματι
710 1499 757 1526 τοῦ
779 1500 924 1536 προσώπου

978 1501 1116 1533 indiciutn,
1140 1501 1271 1536 scriptum
1295 1502 1394 1536 quippe
1418 1505 1459 1528 est
1484 1509 1492 1528 :
1522 1500 1609 1527 Corde
1632 1502 1762 1536 gaudente

140 1543 256 1576 δείξουσι
273 1544 322 1579 τὴν
337 1545 534 1578 συκοφαντίαν⁸
557 1544 634 1571 τοῦτο
656 1545 709 1580 γὰρ
735 1545 783 1571 τοῦ
809 1545 925 1571 συνειδό-

978 1546 1140 1574 exhilaratur
1157 1547 1236 1582 [acies
1255 1556 1264 1574 :
1280 1548 1342 1574 dum
1356 1552 1442 1574 autem
1465 1547 1491 1574 in
1507 1554 1616 1574 merere
1635 1553 1672 1574 est
1694 1547 1762 1581 deji-

140 1598 185 1621 τος
203 1590 310 1625 ἔλεγχός
321 1591 388 1621 ἐστι,
404 1589 450 1615 καὶ
468 1590 622 1624 γέγραπται
632 1599 639 1605 ι
652 1590 780 1624 Καρδίας
805 1591 924 1624 εὐφραι-

978 1593 1084 1620 εἱιιιντδ.
1110 1593 1154 1621 Sic
1178 1593 1300 1621 homines
1326 1593 1371 1628 qui
1397 1592 1515 1627 Juseplto
1540 1591 1622 1628 2E0
1645 1593 1764 1620 insidiati

140 1635 268 1670 νομένης
278 1635 439 1668 πρόσωπον
457 1635 562 1662 θάλλει
572 1644 578 1651 ·
596 1636 630 1661 ἐν
643 1635 677 1662 δὲ
693 1637 804 1669 λύπαις
829 1637 924 1670 οὔσης

978 1637 1126 1671 fuerant",
1154 1638 1210 1673 ipsa
1232 1638 1395 1666 conscientia
1412 1637 1528 1673 prodidit
1551 1646 1558 1665 :
1581 1638 1684 1665 Labani
1700 1645 1765 1665 Vero

141 1679 351 1714 σκυθρωπάζει.
364 1679 442 1705 υῦτω
456 1681 518 1710 τοὺς
533 1680 582 1715 μὲν
599 1679 652 1715 (ιε)
681 1680 925 1713 ἐπιϐουλεύσαντας

978 1693 1074 1720 pravus
1097 1685 1124 1712 in
1152 1684 1282 1712 Jacobum
1310 1685 1416 1712 animus
1436 1692 1469 1712 ea
1485 1683 1560 1711 vultu
1578 1684 1764 1719 deprehensus

140 1726 180 1761 τῷ
195 1726 292 1761 Ἰωσὴφ
308 1727 324 1762 ἡ
335 1726 485 1760 συνείδησις
498 1727 594 1762 ηλεγξε
607 1736 613 1742 ·
622 1727 668 1753 τοῦ
681 1728 708 1754 δὲ
721 1727 813 1754 Λάϐαν
825 1729 842 1763 ἠ
856 1728 925 1754 κατὰ

978 1731 1059 1758 est".
1075 1731 1143 1758 Tute
1152 1731 1232 1766 igitur
1247 1731 1337 1758 cernis
1349 1738 1408 1757 cum
1427 1730 1531 1757 illorum
1545 1730 1762 1765 trepidationem,

140 1771 187 1798 τοῦ
215 1772 311 1799 Ἰακὼϐ
338 1772 454 1808 πονηρία
478 1774 510 1799 ὲκ
537 1772 584 1799 τοῦ
614 1772 760 1808 προσώπου
782 1773 924 1801 δέδεικται.

978 1775 1074 1810 quippe
1088 1775 1133 1809 qni
1146 1774 1251 1810 fugiant
1265 1779 1291 1801 et
1299 1775 1417 1815 latebras
1428 1778 1560 1809 quaerant,
1573 1778 1629 1800 tum
1641 1779 1761 1801 nostram

146 1817 226 1854 Ὁρᾷς
243 1818 307 1852 γοῦν
321 1818 433 1845 ἐκείνων
448 1819 497 1854 μὲν
506 1819 555 1854 τὴν
571 1819 698 1854 ὑποψίαν,
711 1819 864 1854 φευγόντων
880 1819 925 1846 καὶ

978 1822 1004 1848 in
1023 1819 1177 1854 depellenda
1207 1819 1341 1846 calumnia
1366 1818 1527 1846 libertatem.
1554 1817 1631 1845 Nulla
1648 1818 1704 1852 jam
1730 1819 1763 1845 de

140 1864 343 1901 κρυπτομένων,
360 1863 438 1899 ἡμῶν
450 1864 479 1891 δὲ
492 1865 540 1900 τὴν
560 1864 716 1901 ἐλευθερίαν
739 1865 925 1901 ἀπολογουμέ-

978 1864 1095 1892 fortunis
1106 1864 1287 1892 controversia
1302 1868 1344 1891 est
1353 1884 1361 1897 ,
1373 1865 1419 1891 sed
1434 1863 1468 1891 dc
1479 1863 1608 1891 Ecclesia
1621 1863 1762 1890 existima-

139 1918 203 1937 νων.
219 1910 255 1937 Οὺ
271 1909 325 1946 γὰρ
338 1911 399 1945 περὶ
415 1911 560 1946 κτημάτων
573 1910 621 1937 νῦν
635 1911 652 1945 ἡ
669 1910 768 1945 κρίσις,
784 1910 851 1936 ἀλλὰ
863 1911 925 1946 περὶ

979 1911 1060 1938 tione.
1097 1910 1148 1944 Qui
1175 1910 1262 1946 lapide
1288 1909 1442 1945 percutitur
1468 1909 1567 1944 qtuerit
1603 1908 1737 1936 medicum
1755 1916 1764 1934 :

139 1955 218 1992 δόξης
228 1956 276 1991 τῆς
299 1955 468 1991 Ἐκκλησίας.
488 1955 517 1982 '0
531 1956 597 1991 λίθῳ
615 1955 778 1992 κρουόμενος
794 1955 925 1989 ζητεῖτον

978 1956 1048 1984 ictus
1073 1956 1214 1983 calenia!
1230 1960 1294 1984 sunt
1316 1955 1433 1990 lapidum
1461 1954 1559 1982 ictibus
1583 1953 1761 1982 acerbiores:

141 2001 249 2036 ἰατρόν·
265 1999 319 2027 τῶν
332 2000 359 2027 δὲ
377 2000 458 2027 λίθων
469 1999 585 2036 ὀξύτερα
610 2000 644 2027 tit
668 2001 700 2026 ὲκ
724 2000 773 2035 τῆς
801 2000 925 2035 διαϐολῆς

978 2001 1060 2029 Clava
1074 2005 1112 2028 et!
1131 2001 1280 2033 calumnia,
1294 2005 1318 2028 et
1338 2000 1442 2035 gladius
1461 2004 1485 2027 et
1502 1999 1623 2034 jaculam
1643 2003 1761 2030 acutum,

140 2047 198 2073 ἔστι
217 2047 365 2082 πλήγματα
379 2054 387 2061 ’
412 2046 559 2073 Ῥόπαλόν
569 2046 653 2073 ἐστιν
677 2046 695 2079 ἡ
720 2045 855 2080 διαϐολὴ,
876 2046 925 2072 καὶ

979 2048 1017 2074 ait
1032 2047 1158 2074 Salomon
1166 2047 1188 2063 ⁷⁷
1202 2056 1209 2073 :
1226 2046 1321 2081 hisque
1337 2046 1392 2074 sola
1412 2046 1513 2073 veritas
1530 2045 1630 2072 mederi
1651 2048 1740 2079 potest
1754 2053 1761 2070 :

137 2091 278 2126 μάχαιρα,
290 2092 337 2118 καὶ
350 2091 478 2125 τόξευμα
495 2090 647 2122 ἀκιᾶωτὸν,
657 2090 694 2121 ὡς
711 2087 770 2116 εἷπε
784 2089 909 2124 Σολομών
919 2097 926 2105 ’

140 2139 186 2164 καὶ
200 2138 286 2165 ταῦτα
299 2138 365 2173 μόνη
376 2138 393 2172 ἡ
408 2136 519 2172 ἀλήθεια
535 2136 624 2163 ἰᾶσθαι
640 2135 765 2162 δύναται·
790 2135 890 2170 ταύτης
900 2134 930 2161 δὲ

140 2183 348 2218 παρορωμένης,
368 2181 478 2214 αὐξάνει
493 2182 645 2216 δεινότερον
659 2180 694 2207 τὰ
706 2181 861 2216 τραύματα.

980 2101 1040 2129 qum
1059 2093 1081 2121 si
1099 2092 1257 2128 negligatur,
1272 2093 1395 2128 graviora
1409 2092 1528 2119 evadunt
1543 2091 1664 2119 vulnera.

176 2229 218 2255 15.
234 2228 283 2255 Διὰ
302 2227 387 2254 ταῦτα
404 2227 492 2254 πάντα
502 2226 536 2252 τὰ
552 2225 688 2261 πανταχοῦ
702 2225 754 2251 τῶν
763 2225 925 2260 Ἐκκλησιῶν

1015 2225 1059 2253 15.
1077 2224 1139 2253 llaec
1153 2232 1219 2253 sane
1232 2229 1295 2252 sunt
1310 2232 1370 2260 quae
1383 2229 1485 2252 tantam
1498 2224 1577 2252 rebus
1591 2223 1690 2258 ubique
1708 2227 1762 2250 ter-

139 2274 313 2309 τετόιρακται.
330 2273 385 2300 Καὶ
399 2273 551 2308 προφάσεις
567 2272 616 2307 μὲν
629 2272 779 2307 ἐπενόησαν
792 2291 799 2304 ,
813 2271 925 2297 ἐπίσκο-

140 2329 185 2347 ποι
206 2320 234 2347 δὲ
251 2319 405 2355 τηλικοῦτοι
424 2319 471 2346 καὶ
487 2318 624 2350 πολυετεῖς
651 2317 853 2352 ὲξωρίσθησαν,
881 2316 924 2343 διὰ

139 2367 190 2402 τὴν
204 2366 272 2401 πρὸς
285 2365 333 2400 ἐμὲ
344 2365 493 2392 κοινωνίαν.
511 2364 567 2390 Καὶ
584 2364 608 2390 εί
623 2364 672 2399 μὲν
694 2363 774 2399 μέχρι
796 2362 924 2390 τοσούτου

139 2412 216 2438 τοῦτο
231 2411 287 2446 ὲγίγ
293 2419 363 2444 vero,
379 2410 526 2446 προσδοκία
539 2419 581 2441 τις
595 2408 628 2446 ἦν
639 2409 729 2444 ἁγαθὴ
741 2417 747 2423 ”
771 2407 925 2444 φιλάνθρω-

141 2466 192 2489 πος
205 2456 259 2493 γὰρ
270 2455 307 2483 εἷ·
321 2456 364 2483 ἵνα
376 2456 404 2482 δὲ
419 2455 457 2490 μὴ
475 2456 522 2482 καὶ
547 2455 615 2491 μετὰ
630 2454 716 2481 ταῦτα
728 2454 805 2489 διαϐῇ
826 2454 857 2480 τὸ
876 2462 926 2480 κα-

140 2502 199 2535 κὸν⁷
223 2502 357 2538 κρατείτω
379 2502 395 2537 ἡ
419 2500 532 2536 ἀλήθεια
556 2499 632 2535 παρὰ
645 2499 701 2525 σοί·
719 2498 766 2525 καὶ
796 2498 833 2534 μὴ
850 2499 924 2534 ἀφῇς

140 2550 265 2576 ὑπόνοιαν
301 2548 372 2575 κατὰ
395 2547 486 2582 πάσης
524 2546 686 2580 Ἐκκλησίας
712 2544 855 2579 γενέσθαι,
887 2545 925 2576 ὼς

138 2595 250 2622 τοιαῦτα
265 2594 462 2630 βουλευομένων
474 2593 521 2619 καὶ
535 2591 693 2628 γραφόντων
712 2591 766 2618 τῶν
789 2591 922 2626 Χριστια-

979 2279 1070 2299 rarutn
1096 2271 1289 2299 ecclesiasticis
1306 2271 1422 2298 alterunt
1447 2269 1686 2304 perturbationem.
1708 2267 1762 2296 0c-

979 2318 1102 2346 casiones
1117 2317 1152 2344 illi
1167 2318 1372 2352 excogitarunt,
1387 2315 1502 2350 hincque
1518 2315 1618 2342 factum
1638 2319 1668 2342 ut
1685 2319 1724 2342 tot
1735 2319 1762 2342 et

979 2367 1033 2390 tam
1048 2363 1182 2398 grandaevi
1203 2362 1339 2396 episcopi,
1360 2361 1431 2396 quod
1454 2368 1557 2389 mecum
1577 2360 1761 2387 communica-

978 2413 1049 2442 rent,
1065 2409 1092 2436 in
1103 2407 1228 2435 exsilium
1243 2407 1297 2434 sint
1311 2407 1375 2433 acti.
1392 2405 1469 2440 Quod
1486 2406 1508 2432 si
1524 2413 1556 2433 eo
1573 2413 1656 2439 usque
1674 2404 1759 2432 solutn

978 2461 1021 2482 res
1036 2453 1198 2489 processerit
1209 2472 1217 2485 ,
1229 2452 1298 2480 bona
1310 2458 1371 2486 spes
1386 2455 1474 2484 esset,
1487 2451 1622 2478 humanus
1635 2457 1695 2477 cum
1712 2451 1759 2478 sis.

977 2499 1014 2528 Ut
1042 2503 1131 2526 autem
1158 2497 1259 2525 malum
1279 2505 1333 2525 non
1357 2497 1469 2525 ulterius
1498 2497 1648 2532 pervadat,
1663 2497 1763 2523 veritas

978 2545 1049 2580 apud
1064 2549 1090 2572 te
1104 2544 1205 2579 vigeat.
1223 2543 1275 2576 Ne,
1286 2550 1377 2578 quaeso
1388 2563 1395 2575 ,
1412 2542 1570 2578 permittas,
1590 2542 1652 2569 huic
1674 2542 1763 2576 suspi-

978 2590 1060 2623 cioni,
1077 2590 1104 2617 in
1118 2596 1201 2625 grave
1210 2589 1290 2617 totius
1301 2588 1427 2618 Ecclesiae
1437 2587 1562 2619 dedecus.
1579 2587 1667 2616 locum
1682 2594 1761 2620 esse;

175 2700 198 2715 η
208 2699 285 2727 Prov.
295 2707 341 2732 xx,
359 2699 404 2726 28.
441 2699 464 2715 θ’
476 2698 506 2725 Ill
525 2699 602 2725 Esdr.
615 2706 652 2730 tv,
666 2698 711 2724 Η.
749 2697 771 2713 τ’
782 2698 841 2725 Act.
858 2705 920 2726 xxv.
935 2697 978 2725 ll.
1016 2695 1126 2732 ’A‘Joan.
1141 2695 1232 2732 τηνδὶζ
1270 2695 1292 2711 ⁷⁸
1301 2694 1380 2722 Prov.
1397 2691 1505 2726 ινι,15.
1533 2692 1557 2708 ⁷³
1567 2691 1648 2719 Prov.
1657 2689 1758 2726 μηδ.

140 2735 163 2751 ⁷⁵
178 2736 254 2762 Prov.
270 2742 314 2767 xv,
329 2730 372 2761 l3.
408 2733 431 2750 ”
453 2734 520 2762 Gen.
536 2742 600 2766 aut,
616 2733 660 2760 2|.
699 2733 721 2748 ⁷⁸
733 2732 800 2760 Gen.
818 2740 892 2766 χχιι,
909 2733 925 2760 5

978 2731 995 2748 "
1021 2730 1100 2758 Prov.
1119 2737 1184 2763 xxv,
1198 2730 1242 2758 l8.

178 2815 232 2851 (45)
244 2815 312 2850 Lege
322 2814 541 2851 Ζοροϐάϐελεξίο
559 2814 654 2851 πίθοι,
668 2813 785 2842 ιεέιςιιιη.
800 2813 815 2839 'l
835 2821 916 2841 anon.

140 2856 166 2880 el
181 2849 273 2887 onines
284 2849 369 2887 ’editi.»
384 2849 655 2887 Reg.,_'lfo.106d6:\1.

175 2886 230 2922 (46)
246 2886 320 2920 ιιθκη
335 2885 447 2917 πάντας.
466 2885 545 2918 Editi,
557 2885 668 2917 navist.

280 2931 412 2962 PATttOL.
431 2933 490 2962 Gn.
511 2931 612 2962 XXV.

1010 2811 1063 2847 ('17)
1081 2811 1158 2847 “83:.
1172 2811 1227 2847 Kal.
1240 2811 1263 2836 εὶ
1282 2809 1318 2845 μὴ
1335 2809 1394 2847 καί.

1008 2845 1062 2883 (i8)
1078 2845 1198 2882 δίσκος.
1217 2845 1245 2874 In
1260 2849 1340 2874 editis
1353 2845 1402 2881 μέν
1420 2845 1504 2874 deest.

1556 2920 1597 2952 20
