2018 3048
249 145 298 173 (ill

544 144 573 172 S.
594 143 778 173 ATHANASII
797 145 874 172 OPP.
893 145 984 172 PARS
1002 145 1023 173 1.
1045 161 1078 166 —-
1097 145 1282 174 HISTORICA
1303 146 1347 174 ET
1369 146 1581 176 DOGMATICA.

1827 148 1881 176 Gl!

251 205 322 239 quod
334 203 591 231 scilicctChristiani
604 203 665 236 viri,
680 212 712 232 ac
724 204 895 238 potissimum
904 204 1035 240 episcopi,

1089 204 1150 237 νῶν,
1168 205 1215 232 καὶ
1231 204 1349 240 μάλιστα
1370 203 1425 230 τῶν
1441 204 1608 230 ἐπισκόπων.
1635 204 1670 230 Ἦ
1685 204 1708 230 εἰ
1726 204 1763 239 μὴ
1789 204 1878 240 βούλει

227 269 233 290 νγ
251 255 306 277 tam
323 249 424 277 nefaria
440 249 641 282 machinentur,
655 249 843 284 ejusmodique
858 257 902 277 res
919 250 1038 278 scribere

236 295 318 336 'nihil
341 300 495 322 vereamur.
521 293 598 327 Quod
620 293 642 322 si
660 294 782 329 graveris
809 302 866 322 rem
895 294 1036 330 indagare,

250 349 355 375 arquum
376 347 442 368 sane
469 340 551 368 fuerit
566 344 596 367 ut
612 340 689 368 nobis
712 341 801 376 potius
821 341 866 375 qui
889 341 1038 369 calumnias

249 386 410 422 depellimus
433 385 513 413 fidem
535 385 653 420 habeas,
677 394 757 421 quam
783 386 1036 415 calumniatoribus.

249 433 289 460 llli
305 432 404 468 quippe
419 439 512 467 pravo,
530 436 622 467 utpote
635 432 713 459 nobis
732 432 855 465 inimici,
872 432 964 459 animo
981 433 1037 461 lucc

249 482 359 506 mo'Ient
373 487 380 505 :
396 485 447 505 nos
467 484 533 504 vero
555 477 641 504 nostri
660 484 741 504 causa
765 482 953 505 concertantes
972 477 1038 513 legi-

249 525 314 552 tima
326 523 464 551 ail‘erimus
483 528 653 558 argumenta.
682 523 734 550 Per
761 523 826 551 mihi
850 524 948 551 mirum
973 531 1038 552 sane

247 576 301 604 est,
315 571 360 598 ubi
374 578 423 598 nos
434 578 494 598 cum
513 575 586 597 metu
603 577 635 597 ac
651 570 801 597 reverentia
822 570 967 598 scribimus
981 591 988 603 ,
1005 570 1038 598 il-

247 618 289 645 los
299 625 333 645 eo
350 616 522 652 impudentia:
535 615 701 650 processisse
712 635 720 647 ,
737 620 766 642 ut
791 616 874 643 etiam
893 616 963 650 apud
984 616 1038 643 im-

247 669 399 699 peratorcm
412 662 520 690 mentiri
537 662 637 689 ausint.
659 661 712 689 Sed
735 662 858 696 inquire,
883 669 987 697 quaeso,
1003 662 1038 689 ad

247 710 390 736 veritatem
411 708 604 743 explorandam
623 717 630 735 :
655 712 682 735 et
699 714 778 743 prout
792 709 925 744 scriptum
953 709 1036 740 est",

247 755 388 782 scrutando
401 759 521 781 scrutare
536 761 629 781 coram
650 753 730 781 nobis
741 774 750 786 ,
765 755 898 781 undenam
922 754 966 781 isti
980 753 1038 781 haec

247 809 307 837 quae
335 801 429 829 dicunt
461 800 615 835 acceperint
643 808 650 826 :
675 805 721 827 aut
737 800 846 827 ubinam
870 800 925 827 sint
941 800 1038 828 littera:

247 854 373 883 repertae.
390 847 444 875 Sed
460 854 547 882 neque
569 854 601 874 ex
622 847 725 874 nostris
741 847 874 881 quispiam
891 847 1037 874 convince-

1089 251 1254 287 ἀνακρίνειν,
1279 250 1382 278 δίκαιον
1409 250 1456 277 καὶ
1479 251 1552 285 ἡμᾶς
1580 250 1754 277 πιστεύεσθαι
1779 251 1879 286 μᾶλλον

1088 296 1326 332 ἀπολογουμένους
1349 296 1366 332 ἢ
1391 296 1454 328 τοὺς
1489 296 1692 324 διαὸάλλονταε.
1720 294 1799 323 Οὗτοι
1829 298 1878 332 μὲν

1087 343 1153 378 γὰρ,
1167 343 1205 374 ὼς
1220 342 1323 378 ἐχθροὶ,
1340 341 1546 378 πονηρεύονται,
1562 343 1644 377 ἡμεῖς
1661 342 1690 368 δέ
1709 342 1878 376 ἀγωνιῶντες

1087 389 1136 420 τὰς
1151 388 1302 421 ἀποδείξεις
1327 387 1492 423 παρέχομεν.
1517 387 1597 414 Ἀλλά
1624 387 1652 414 δὲ
1667 387 1875 423 θαυμάζωμθ).

1090 433 1147 465 πῶς
1158 434 1237 469 ἡμεῖς
1253 434 1301 469 μὲν
1316 434 1374 469 μετ’
1400 432 1542 465 εὐλαϐείας
1567 433 1751 468 φθεγγόμεθα,
1780 435 1877 461 ἐκεῖνοι

1088 480 1117 506 δέ
1135 480 1271 515 τοσαύτην
1286 480 1365 514 ἔσχον
1379 479 1581 514 ἀναισχυντίαν,
1593 480 1631 511 ὡς
1655 481 1703 506 καὶ
1724 480 1877 515 ψεύσασθαι

1089 524 1144 560 (50)
1163 525 1276 560 βασιλεῖ.
1299 525 1368 552 Ἀλλ’
1394 524 1520 557 ἐξέτασον
1542 524 1586 552 διὰ
1608 525 1656 560 τὴν
1672 525 1811 561 ἀλήθειαν,
1832 527 1878 553 καὶ

1088 570 1183 607 ὥσπερ
1206 572 1379 608 γέγραπται,
1393 571 1524 606 ἐρευνῶν
1548 571 1714 606 ἐρεύνησω·
1737 573 1878 608 παρόντων

1087 617 1178 653 ἡμῶν,
1195 618 1276 644 πόθεν
1300 618 1386 645 ταῦτα
1399 619 1544 654 ίλέγουσιν,
1568 618 1585 653 ἢ
1607 618 1689 645 πόθεν
1718 618 1821 653 ηὑρέθη
1846 619 1879 645 τὰ

1088 664 1249 700 γράμματα.
1274 664 1419 692 ’Δλλ“οὖτε
1446 665 1501 692 τῶν
1525 664 1667 700 ἡμετέρων
1691 673 1732 696 τις
1750 664 1879 701 ἐλεγχθή-

1089 719 1174 742 σεται,
1187 709 1248 737 οὓτε
1265 710 1319 737 τῶν
1334 711 1437 737 ἐκείνου
1453 711 1549 747 φήσειέ
1567 718 1625 742 τις·
1641 711 1795 737 πέπλασται
1812 711 1877 745 γάρ.

1087 752 1248 784 Καὶθπλὲον
1273 757 1348 784 οὐδὲν
1370 758 1442 793 τάχα
1471 757 1606 793 προσήκει
1627 757 1727 792 ζητεῖν,
1743 757 1803 784 οὐδὲ
1824 757 1880 792 γὰρ

1089 801 1240 837 βούλονται,
1255 803 1298 830 ἴνα
1314 803 1351 839 μὴ
1368 804 1414 830 καὶ
1429 805 1443 830 ὁ
1455 803 1559 835 ταύτας
1573 803 1683 839 γράψας
1699 803 1729 836 ἐξ
1753 803 1878 837 ἀνάγκης

1088 848 1198 884 εὑρεθῇ.
1214 849 1302 877 Ἰσασι
1319 850 1372 886 γὰρ
1384 850 1464 877 αὐτὸν
1473 850 1498 877 οἱ
1513 849 1631 877 διάῦολοι
1641 850 1728 885 μόνοι,
1742 851 1790 877 καὶ
1800 850 1879 882 ἄλλος

248 901 302 927 tur,
318 902 406 929 neque
418 902 451 922 ex
473 893 581 929 tyranni
603 893 736 921 ministris
755 894 826 920 ullus
843 893 900 920 haec
914 893 1013 920 dixerit
1029 903 1036 920 ε
1054 889 1075 916 Β
1089 895 1186 927 οὐδείς.

249 948 293 970 res
317 934 416 976 quippe
436 947 542 968 merum
556 944 598 967 est
619 945 813 968 commentum.
829 940 869 968 Ac
886 940 955 968 forte
971 940 1036 967 nihil
1056 941 1167 970 ulterius
1190 943 1320 977 indagare
1363 951 1413 978 par
1447 948 1529 977 esset,
1545 943 1616 978 quod
1640 951 1674 972 ne
1695 944 1749 971 illis
1770 944 1878 977 quidem

248 987 377 1022 placeret,
394 987 489 1014 veritis
524 987 629 1015 scilicet
658 994 693 1015 ne
710 995 805 1015 earum
826 987 944 1023 scriptor
964 987 1117 1016 litterarum
1151 990 1306 1018 necessarie
1325 990 1553 1026 deprehendatur.
1588 989 1612 1018 ls
1628 991 1729 1026 quippe
1750 991 1815 1018 solis
1835 997 1880 1025 sy-

247 1035 390 1070 cophantis
404 1034 523 1069 nullique
539 1035 585 1062 alii
598 1039 677 1062 notus
691 1039 742 1062 est.

282 1080 328 1108 1-1.
347 1079 423 1114 Quod
452 1085 542 1106 autem
571 1079 636 1106 mihi
665 1079 692 1106 in
724 1079 827 1107 crimen
857 1084 980 1112 vertunt,
1010 1079 1036 1106 in

247 1134 346 1162 magna
363 1125 485 1154 'ecclesia
500 1125 618 1153 habitam
634 1124 718 1152 fuisse
733 1125 864 1160 synaxin,
880 1126 1037 1160 priusquam

247 1172 411 1206 completum
427 1171 572 1199 aedilicium
583 1176 655 1198 esset
669 1179 676 1197 :
695 1177 755 1205 age,
769 1178 828 1198 eam
845 1178 953 1206 quoque
967 1171 1037 1206 apud

247 1223 321 1246 tuam
340 1219 467 1253 pietatem
481 1216 644 1253 propulsabo
660 1217 897 1249 criminationem;
919 1225 952 1245 eo
964 1218 1037 1244 enim

247 1264 411 1301 compellunt
427 1263 474 1299 qui
487 1263 676 1290 inimicissimo
699 1270 762 1298 erga
783 1270 832 1290 nos
848 1264 939 1290 animo
963 1268 1035 1290 sunt.

246 1309 285 1338 lta
305 1317 334 1338 se
352 1317 395 1337 res
409 1310 501 1342 habet,
518 1309 545 1336 id
556 1308 643 1336 fateor
657 1316 665 1334 :
680 1313 711 1336 ut
729 1309 801 1336 enim
819 1309 950 1336 hactenus
971 1308 1037 1336 nihil

247 1355 381 1384 mendacii
393 1356 503 1391 protuli,
520 1355 572 1383 hoc
583 1355 640 1390 jam
657 1363 712 1383 non
729 1355 833 1382 inlicias
847 1355 901 1382 ibo.
915 1354 967 1382 Sed
983 1355 1037 1382 alio

247 1409 359 1437 prorsus
371 1402 462 1433 modo,
476 1408 556 1436 quam
571 1401 752 1428 criminantur
766 1400 814 1434 illi,
835 1405 910 1435 gesta
923 1408 966 1427 res
984 1404 1033 1427 est.

247 1447 332 1481 Bona,
346 1454 447 1482 quaso,
463 1447 542 1474 venia
556 1447 614 1474 ιιιεο
627 1447 727 1480 dicam,
744 1454 914 1482 nequaquam
928 1447 1034 1474 dedica-

247 1494 329 1522 tionis
352 1493 424 1522 diem
460 1493 558 1521 festum
591 1493 804 1526 celebravimus,
834 1492 1037 1528 religiosissime

245 1542 386 1577 Auguste:
407 1541 433 1568 id
446 1548 562 1576 namque
574 1539 750 1575 antejussum
770 1544 845 1566 tuum
861 1545 942 1574 agere
959 1538 1035 1565 nefas

240 1587 342 1616 οΐὺιεεεὶ
358 1598 367 1616 :
388 1595 476 1622 neque
491 1587 616 1615 consulto
638 1587 672 1614 ad
688 1586 715 1614 id
736 1586 856 1613 animum
871 1584 1033 1620 appulimus.
1049 1580 1070 1609 ϐ

246 1633 341 1661 Nullus
351 1633 505 1668 episcopus.
518 1632 609 1660 nullus
620 1632 673 1659 l'uit
687 1631 804 1660 clericus
818 1635 951 1663 vocatus;
968 1630 1035 1658 tedi-

247 1681 310 1709 ﬁcio
326 1681 426 1715 quippe
439 1679 555 1715 plurima
569 1679 692 1706 deerant.
710 1678 768 1705 lmo
792 1685 857 1705 vero
877 1677 950 1704 nulla
965 1683 1035 1711 prae-

245 1728 289 1754 via
316 1727 465 1755 monitione
491 1726 603 1762 synaxis
625 1730 720 1753 coacta
737 1729 796 1757 est;
817 1729 847 1752 ut
863 1731 897 1752 ne
923 1724 984 1751 inde
998 1723 1035 1750 illi

246 1772 430 1801 calumniandi
454 1772 626 1800 occasionem
654 1775 834 1806 aucupentur.
857 1770 892 1797 At
916 1777 972 1796 rem
996 1769 1036 1796 uti

245 1824 321 1856 gesta
333 1824 377 1847 est
389 1818 478 1846 nullus
494 1819 601 1853 ignorat
625 1826 632 1844 :
653 1817 777 1844 ausculta
794 1821 904 1849 tamen,
920 1822 984 1849 rogo
999 1819 1034 1847 te,

245 1874 296 1902 pro
311 1871 355 1894 tua
367 1865 575 1893 mansuetudine
589 1868 617 1891 et
630 1863 783 1892 tolerantia.
801 1862 910 1890 Festum
925 1861 1034 1896 quidem

245 1917 305 1940 erat
317 1912 460 1940 Paschalis
476 1918 483 1937 :
499 1910 645 1946 populique
663 1910 758 1944 ingens
770 1908 865 1936 aderat
877 1907 1034 1939 multitudo,

245 1963 376 1993 tantaque
388 1957 605 1986 Christianorum
625 1957 713 1988 turha,
731 1959 860 1990 quantam
880 1954 906 1980 in
923 1953 1035 1988 singulis

246 2004 359 2032 urbibus
367 2007 475 2031 exstare
485 2003 660 2038 imperatores
669 2001 781 2030 Christo
797 2001 896 2028 addicti
909 2004 1036 2035 peropta-

246 2056 276 2076 re
297 2049 425 2076 debeant.
451 2048 520 2076 Cum
547 2049 629 2082 igitur
653 2048 776 2075 ecclesia:
803 2053 895 2080 pauca:
923 2053 1035 2073 numero

246 2098 338 2122 essent
352 2098 380 2121 et
401 2094 609 2129 angustissima;
635 2092 737 2128 ingenti
759 2092 833 2119 edito
854 2091 971 2119 tumultu
991 2098 1035 2118 ro-

245 2141 344 2176 gabant
360 2139 460 2175 populi,
475 2143 504 2166 ut
518 2139 545 2166 in
561 2146 657 2174 magna
677 2138 792 2166 ecclesia
805 2141 955 2165 conventus
972 2143 1034 2171 age-

247 2192 324 2214 retur
343 2195 351 2214 :
372 2186 462 2222 ibique
475 2193 570 2213 omnes
581 2192 676 2221 preces
691 2184 835 2211 funderent
854 2190 903 2218 pro
925 2189 969 2209 tua
991 2190 1031 2210 sa-

247 2233 312 2261 lute.
328 2233 427 2268 Sicque
449 2236 509 2259 aeta
531 2239 574 2259 res
595 2235 644 2259 est.
666 2230 708 2258 Me
732 2234 825 2258 contra
847 2230 987 2261 hortante,
1004 2234 1034 2256 ut
1049 2251 1072 2279 υ

246 2287 304 2309 rem
329 2279 461 2315 tantisper
487 2278 638 2311 diﬂ‘errent,
665 2282 692 2305 et
712 2276 834 2312 quolibet
855 2275 935 2303 modo
949 2275 1032 2302 etiam

243 2335 306 2355 cum
319 2325 520 2360 compressione
534 2325 560 2352 in
580 2323 641 2351 aliis
660 2322 783 2351 ecclesiis
796 2327 885 2350 coetus
909 2325 1033 2356 agerent,

245 2380 347 2401 morem
361 2372 398 2400 illi
410 2379 463 2400 non
475 2378 583 2406 gessere
600 2378 608 2397 :
629 2368 709 2407 241
724 2369 778 2396 imo
792 2367 880 2403 parati
901 2372 980 2395 erant
999 2374 1033 2394 ex

245 2419 312 2446 urbe
322 2418 413 2453 egredi
424 2437 432 2449 .
448 2422 477 2444 ιιι
493 2417 520 2444 in
534 2416 648 2444 desertis
669 2415 736 2442 locis
757 2414 808 2442 sub
827 2414 872 2442 dio
885 2418 1034 2441 conventus

244 2464 430 2497 celebrarent;
443 2463 529 2490 satius
543 2462 672 2489 ducentes
687 2460 793 2487 itineris
810 2459 931 2494 perferre
958 2459 1034 2487 labo-

245 2518 315 2543 rem,
333 2517 413 2545 quam
426 2517 486 2537 cum
503 2515 620 2536 mmrore
633 2507 729 2534 festum
747 2512 890 2541 peragere.

282 2558 325 2585 la.
343 2557 412 2585 Nam
425 2554 596 2587 crene‘milii.
609 2557 771 2585 imperator,
783 2557 810 2579 et
824 2553 904 2588 hujus
917 2557 1028 2587 quoque

281 2629 304 2646 "
314 2628 372 2656 Joel
383 2636 404 2662 ι,
416 2627 443 2654 'l.

349 2702 430 2742 βεεη
440 2700 490 2742 ῥιδ
500 2697 710 2742 καῖ’θαυμὰζωχ
726 2731 739 2742 Δ,

293 2730 337 2774 ὅθ)
349 2730 429 2774 μοί,
437 2736 516 2774 ξέσχον
531 2730 660 2774 ἐξουσίαν.
667 2730 889 2774 καὶ-ψεύσασθαι.

281 2766 336 2808 (Si)
348 2766 525 2805 Ιιεέὲξέλέὶπε
679 2769 727 2808 καὶ
738 2767 778 2803 τῷ
795 2767 959 2808 ἔργω-ξυιέί
968 2766 1031 2808 sunt

246 2810 274 2837 in
282 2798 446 2841 ‘t'téaié'éb'd.
462 2807 489 2833 in
511 2806 592 2841 editis
613 2798 817 2841 desiderantium
829 2798 923 2841 Basili,
937 2798 1029 2839 ξλεζπε

244 2845 273 2872 δὲ
290 2837 419 2874 πολλάκις
429 2841 477 2868 καὶ
491 2840 530 2876 τῷ
549 2840 634 2876 ἔργῳ,
650 2838 689 2866 Eo
702 2839 765 2876 item
794 2837 873 2863 modo
899 2837 1029 2876 serip'tutn

245 2868 432 2909 libidinosi-5i
443 2878 470 2905 in
481 2868 574 2910 Regio,
587 2868 633 2903 sed
649 2874 820 2901 emendatum
835 2876 863 2899 ut
877 2878 956 2903 supra
968 2868 1028 2895 fuit.

1126 1080 1168 1108 H.
1193 1080 1302 1116 Ἐπειδὴ
1315 1080 1344 1107 δὲ
1361 1080 1408 1107 καὶ
1423 1080 1486 1115 περὶ
1510 1080 1560 1116 τῆς
1583 1080 1705 1116 μεγάλης
1733 1080 1879 1115 ἐκκλησίας

1088 1127 1294 1163 κατειρήκασιν,
1314 1127 1352 1159 ὡς
1372 1127 1404 1162 δὴ
1422 1126 1556 1160 συνάξεως
1569 1127 1628 1153 ἐκεῖ
1640 1127 1799 1162 γενομένης,
1815 1127 1880 1162 πρὶν

1087 1173 1172 1209 αὐτὴν
1190 1173 1388 1208 τελειωθῆναι·
1419 1173 1486 1208 φέρε
1510 1173 1557 1199 καὶ
1585 1173 1650 1208 περὶ
1676 1172 1771 1200 τούτου
1798 1173 1879 1200 πάλιν

1087 1220 1293 1256 ἀπολογήσομαι
1307 1221 1340 1255 τῇ
1358 1221 1391 1255 σῇ
1411 1219 1537 1255 εὐσεϐείᾳ
1551 1227 1559 1234 ·
1574 1220 1615 1250 εἰς
1636 1218 1722 1246 ταῦτα
1733 1219 1787 1254 γὰρ
1803 1221 1878 1254 ἡμᾶς

1087 1266 1213 1293 ἕλκουσιν
1221 1267 1246 1293 οἱ
1266 1265 1417 1302 φιλέχθρως
1431 1265 1597 1301 διακείμενοι
1619 1266 1688 1301 πρὸς
1711 1266 1798 1300 ἡμᾶς.
1825 1265 1878 1292 Nai

1087 1313 1210 1347 γέγονεν,
1223 1312 1346 1348 ὁμολογῶ
1359 1321 1365 1327 ·
1385 1312 1431 1339 καὶ
1447 1311 1501 1347 γὰρ
1516 1308 1562 1338 καὶ
1575 1311 1609 1338 τὰ
1619 1311 1714 1347 πρῶτα
1727 1311 1814 1345 λέγων
1829 1311 1878 1338 οὐκ

1088 1358 1256 1394 ἐψευσάμην,
1268 1359 1314 1385 καὶ
1325 1357 1404 1384 τοῦτο
1415 1357 1463 1384 νῦν
1473 1358 1523 1384 οὐκ
1535 1357 1697 1393 ἀρνήσομαι.
1713 1357 1783 1383 Ἀλλ’
1792 1357 1877 1388 ἄλλως

1088 1405 1168 1433 πάλιν
1184 1405 1201 1441 ἢ
1216 1405 1254 1437 ὡς
1268 1405 1346 1432 αὐτοὶ
1364 1405 1559 1441 κατειρήκασίν
1574 1405 1673 1431 ἔστιτὸ
1690 1404 1877 1440 πρᾶγμα.Καῐ

1089 1460 1133 1487 μοι
1147 1451 1326 1487 συγχώρησον
1342 1452 1440 1483 εἰπεῖν,
1454 1451 1505 1478 οὑκ
1525 1450 1670 1484 ἐγκαινίων
1695 1450 1803 1485 ἡμέραν
1829 1450 1878 1476 ἐπ-

1087 1498 1262 1534 ετελέσαμεν,
1277 1497 1471 1524 θεοσεϐέστατε
1483 1497 1636 1531 Αὕγουστε·
1652 1495 1731 1523 τοῦτο
1745 1496 1800 1531 γὰρ
1815 1494 1879 1522 ἀθέ-

1088 1552 1167 1580 μιτον
1182 1541 1216 1578 ἧν
1233 1542 1341 1578 ἀληθῶς
1356 1542 1410 1578 πρὸ
1426 1542 1476 1576 τῆς
1490 1542 1540 1577 σῆς
1555 1541 1729 1577 προστάξεως
1746 1540 1859 1575 ποιῆσαι
1870 1549 1876 1555 ·

1086 1589 1147 1616 οὐδὲ
1173 1590 1205 1616 ἐκ
1236 1588 1416 1625 παρασκευῆς
1432 1589 1471 1620 εἰς
1496 1587 1574 1614 τοῦτο
1606 1586 1796 1623 παρήλθομενο
1817 1585 1878 1613 οὐδὲ

1087 1635 1235 1666 ἐπίσκοπός
1245 1643 1288 1666 τις
1310 1635 1370 1661 οὐδὲ
1384 1634 1462 1666 ἄλλος
1476 1633 1606 1669 κληρικὺς
1626 1634 1666 1665 εἰς
1678 1633 1758 1659 τοῦτο
1779 1632 1878 1666 κέκλη-

1086 1688 1142 1712 ται,
1160 1680 1250 1707 ἔλειπε
1261 1680 1290 1706 δέ
1301 1679 1385 1706 πολλά
1397 1680 1443 1706 καὶ
1459 1679 1498 1714 τῷ
1509 1679 1583 1714 ἔργῳ
1598 1678 1666 1714 (51).
1691 1678 1760 1704 Ἀλλ’
1773 1677 1834 1704 οὐδὲ
1846 1678 1878 1703 ἐκ

1087 1726 1273 1763 παραγγελίας
1292 1726 1404 1761 γέγονεν
1423 1727 1440 1762 ἡ
1457 1725 1576 1757 σύναξις,
1596 1725 1640 1751 ἶνα
1668 1724 1805 1760 πρόφασιν
1830 1722 1877 1749 εὕ-

1088 1781 1171 1809 ρωσιν
1181 1771 1253 1801 οὗτοι
1266 1773 1314 1800 τοῦ
1331 1773 1481 1800 κατειπεῖν.
1504 1771 1586 1798 Ἀλλὰ
1600 1771 1630 1798 τὸ
1644 1771 1789 1806 γενόμενον
1803 1770 1875 1797 ἴσασι

1087 1820 1203 1852 πάντες·
1216 1819 1331 1847 ἄκουσον
1352 1819 1381 1846 δέ
1408 1820 1483 1854 ὅμως
1508 1819 1541 1853 τῇ
1559 1816 1657 1844 σαυτοῦ
1681 1816 1815 1851 ἐπιεικείᾳ
1829 1817 1876 1842 καὶ

1088 1865 1274 1901 μακροθυμίᾳ.
1289 1865 1386 1900 Ἑορτὴ
1398 1864 1447 1900 μὲν
1463 1863 1517 1900 γάρ
1527 1861 1560 1899 ἦν
1571 1863 1601 1889 τὺ
1620 1862 1725 1897 Πάσχα,
1740 1862 1755 1888 6
1769 1861 1798 1889 δέ
1815 1861 1878 1893 λαὸς

1086 1911 1158 1938 πάνυ
1175 1911 1259 1943 πολὺς
1272 1912 1319 1938 καὶ
1334 1910 1461 1942 τοσοῦτος
1475 1908 1521 1942 ἦν,
1540 1910 1602 1936 ὅσον
1616 1909 1649 1935 ἂν
1672 1908 1796 1940 εὖξαιντο
1807 1907 1878 1934 κατά

1085 1957 1163 1984 πόλιν
1187 1954 1255 1984 εἶναι
1277 1956 1447 1992 Χριστιανῶν
1469 1955 1636 1992 φιλόχριστοι
1663 1953 1792 1988 βασιλεῖς.
1817 1953 1878 1991 Τῷν

1086 2004 1175 2030 τοίνυν
1200 2002 1352 2038 ἐκκλησιῶν
1380 2002 1478 2036 ὀλίγων
1505 2001 1750 2037 καὶ·βραχυτάτων
1778 1999 1877 2030 οὐσῶν,

1086 2049 1200 2085 θόρυϐος
1224 2047 1258 2085 ἦν
1282 2048 1333 2075 οὐκ
1359 2048 1459 2083 ὀλίγος,
1477 2047 1624 2080 ἀξιούντων
1652 2047 1681 2073 ἐν
1705 2047 1738 2082 τῇ
1771 2045 1877 2081 μεγάλῃ

1086 2095 1219 2132 ἐκκλησίᾳ
1248 2094 1394 2127 συνελθεῖν,
1424 2095 1505 2121 κάκεῖ
1521 2094 1626 2125 πάντας
1644 2092 1772 2128 εὔχεσθαι
1802 2092 1875 2127 ὑπὲρ

1086 2142 1142 2178 (52)
1154 2141 1204 2177 τῆς
1220 2141 1269 2176 σῆς
1280 2140 1432 2176 σωτηρίαςο
1445 2140 1514 2175 ὅπερ
1524 2139 1572 2166 καὶ
1585 2139 1705 2173 γέγονεν.
1725 2137 1794 2170 Ἀλλῖ
1807 2137 1876 2172 ἐμοῦ

1086 2187 1308 2224 παρακαλοῦντος
1321 2186 1390 2218 τέως
1404 2186 1536 2221 ἐπισχεῖν,
1547 2186 1595 2212 καὶ
1606 2185 1680 2217 ὅπως
1695 2184 1793 2220 δήποτε
1807 2183 1878 2219 μετά

1086 2234 1201 2269 θλίψεως
1217 2234 1247 2261 ἐν
1263 2234 1323 2265 ταῖς
1339 2232 1432 2264 ἄλλαις
1451 2231 1610 2268 ἐκκλησίαις
1635 2230 1810 2266 συναχθῆναι,
1827 2229 1877 2264 οὐχ

1085 2281 1253 2317 ὑπήκουσαν,
1269 2279 1328 2306 ἀλλ’
1345 2279 1448 2314 ἕτοιμοι
1466 2278 1609 2313 γεγόνασιν
1628 2276 1747 2310 ἐξελθεῖν
1761 2275 1811 2311 τὴν
1828 2275 1878 2302 πό-

1085 2327 1137 2360 λιν,
1150 2328 1190 2358 εἰς
1209 2327 1271 2358 τοὺς
1299 2325 1420 2362 ἐρήμους
1447 2324 1546 2356 τόπους
1575 2323 1605 2350 ἐν
1635 2322 1703 2358 ήλίῳ
1728 2321 1876 2352 συνελθεῖν,

1086 2373 1189 2408 βέλτιον
1210 2371 1356 2408 ἡγούμενοι
1386 2371 1509 2406 κάματον
1530 2369 1651 2403 ἐνεγκεῖν
1671 2367 1743 2400 ὁδοῦ,
1758 2368 1776 2402 ἢ
1807 2366 1878 2402 μετά

1085 2419 1173 2454 λύπης
1189 2418 1237 2454 τὴν
1248 2417 1344 2453 ἑορτὴν
1359 2416 1481 2452 ποιῆσαι.

1119 2548 1162 2576 15.
1182 2548 1297 2574 Πίστευε
1317 2546 1448 2583 (55)γάρ,
1473 2544 1596 2580 βασιλεῦ,
1615 2544 1661 2571 καί
1688 2542 1752 2578 περὶ
1779 2540 1876 2568 τούτου

1117 2691 1172 2726 (52)
1186 2690 1213 2717 lu
1228 2689 1308 2717 editis
1319 2688 1434 2716 habetur
1447 2687 1494 2714 καί
1507 2691 1570 2714 ante
1581 2685 1665 2720 ὑπὲρ,
1677 2683 1724 2711 sed
1740 2683 1766 2710 in
1779 2682 1875 2709 codice

1083 2725 1165 2753 Restio
1182 2726 1268 2753 deest.

1117 2734 1165 2788 ig;
1182 2734 1268 2753 ιιθοει.
1363 2757 1369 2765 ⁸
1755 2752 1761 2758 .

1117 2763 1125 2796 (
1164 2761 1172 2794 )
1186 2761 1263 2795 μεθ..
1275 2766 1407 2796 mersum,
1420 2757 1500 2785 male.
1511 2756 1594 2796 Paulo
1603 2760 1664 2796 post
1674 2753 1797 2796 Nannius
1810 2758 1876 2796 iter-

1081 2789 1125 2823 tit‘
1138 2789 1169 2822 ιη’
1181 2789 1324 2830 quam...
1342 2789 1509 2820 Pentecoste:
1525 2799 1535 2819 :
1550 2789 1623 2819 itane
1644 2789 1752 2825 legerit,
1764 2795 1798 2815 an
1812 2793 1875 2814 mc-

1082 2833 1166 2860 moria
1179 2831 1271 2865 lapsus
1287 2830 1334 2861 sit,
1353 2830 1498 2856 incertum.
