2018 3048
165 117 218 145 615

666 106 855 144 ἈΡοιοςιΑ
874 114 919 142 AD
939 113 1186 142 CONSTANTIUM
1205 113 1265 141 IMP

1733 114 1788 143 θη

163 175 245 203 πάλιν
265 177 390 213 μάρτυρα
416 176 491 209 δέξαι
517 176 567 212 τὴν
588 175 735 212 ἀλήθειαν·
765 176 806 203 ὅτι
836 177 864 203 ἐν
894 177 948 207 ταῖς

1006 175 1043 202 rei
1073 179 1168 202 testem
1207 175 1299 209 accipe
1325 174 1485 207 veritatem;
1512 174 1539 201 in
1568 173 1786 210 Quadragesimze

165 221 290 254 συνάξεσι
314 223 364 258 τῆος
394 222 637 258 Τεσσαρακοστῆς,
655 221 699 248 διὰ
727 221 758 248 τὸ
782 223 837 248 τῶν
863 221 948 248 τόπων

1003 222 1169 257 synaxibus,
1195 222 1229 249 ob
1262 221 1383 249 locorum
1408 221 1559 256 angustiam
1596 221 1787 257 ingentemque

164 267 257 293 στενὸν
272 267 359 294 καὶτὸ
371 267 438 294 πολὺ
447 267 549 303 πλῆθος
561 266 615 294 τῶν
629 267 713 300 λαῶν,
721 267 835 294 πλεῖστα
845 267 951 299 παιδία,

164 313 212 340 καὶ⁸
233 313 283 340 οὐκ
315 313 405 348 ὀλίγαι
437 313 567 349 νεώτεραι
595 315 741 348 γυναῖκες,
766 314 890 341 πλεῖσταί
922 322 951 340 τε

162 360 284 396 γραῖδες,
295 361 343 387 καὶ
358 361 408 387 οὐκ
426 361 512 395 ὀλίγοι
540 361 675 388 νεανίσκοι
697 360 832 392 θλιῆέντες
848 360 951 395 ἀπηνέ-

163 407 267 442 χθησαν
279 408 319 440 είς
337 408 399 440 τοὺς
411 407 502 440 οἴκους
512 416 519 423 ·
535 409 581 435 καὶ
595 408 641 435 τοῦ
661 408 729 435 Θεοῦ
755 409 950 443 παρασχόντος,

162 452 276 488 τέθνηκε
294 452 343 488 μὲν
353 453 440 485 οὐδείς
450 461 456 468 ’
471 453 571 485 πάντες
584 454 611 480 δὲ
624 454 786 488 ἐγόγγυσαν,
802 453 848 481 καὶ¹
867 453 950 488 ἠξίω-

163 506 212 524 σαν
229 497 272 525 διὰ
290 498 341 533 τὴν
361 498 482 534 μεγάλην
500 499 659 534 ἐκκλησίαν.
678 500 709 526 Εί
722 499 750 526 δὲ
779 500 826 525 καὶ
842 500 870 526 ἐν
893 500 952 531 ταῖς

162 543 320 580 προεόρτοις
333 543 388 579 (54)
406 543 517 580 τοιαύτη
534 544 628 579 γέγονε
643 544 742 579 θλίψις,
763 545 789 570 τί
804 545 837 571 ἂν
858 540 952 579 ὲίγεγό-

161 597 201 615 νει
218 589 248 615 ὲν
264 589 332 624 αὐτῇ
344 590 376 624 τῇ
389 590 486 625 ἑορτῇ;
502 590 613 620 Πάντως
625 590 713 617 πάντα
729 589 769 616 ἔτι
783 590 838 625 (55)
851 590 951 618 τούτων

161 633 350 670 χαλεπώτερα.
375 634 443 660 Ἀλλ’
468 635 518 661 οὐκ
542 635 661 670 ἔπρεπεν
677 635 736 662 ἀντὶ
750 636 836 670 χαρᾶς
851 635 949 671 λύπην,

160 679 219 706 ἀντ’
234 679 403 715 εὐφροσύνης
417 680 524 713 πένθος,
542 681 603 708 ἀντὶ
618 681 666 716 τῆς
692 681 787 716 ἑορτῆς
814 681 951 716 κλαυθμὸν

160 725 216 756 τοῖς
230 724 304 756 λαοῖς
316 724 457 758 γενέσθαι·
476 725 552 758 εἰδὼς
573 726 629 761 (56)
653 727 700 753 καί
726 726 843 761 μάλιστα
866 726 951 753 τύπον

161 770 232 806 ἔχειν
251 770 304 796 τῶν
317 771 456 806 Πατέρων.
479 772 508 798 ’0
524 771 578 807 γὰρ
596 772 748 808 μακαρίτης
767 771 949 808 Ἀλέξανδρος,

162 816 262 843 στενῶν
271 817 355 844 ὄντων
370 817 424 845 τῶν
439 817 526 845 ἄλλων
544 819 645 850 τόπων,
662 819 709 845 καὶ
728 819 877 854 οίκοδομῶν
901 820 950 855 τὴν

161 862 219 888 τότε
238 862 346 898 μείζονα
363 863 542 900 νομιζομένην
561 865 708 899 ἐκκλησίαν
718 864 766 900 τὴν
781 865 950 901 καλουμένην

160 907 263 939 Θεωνᾶ,
280 908 396 944 συνῆγεν
419 909 477 935 ἐκεῖ
493 909 536 935 διὰ
566 909 596 936 τὸ
626 909 737 948 πλῆθος,
756 910 804 937 καὶ
827 911 951 945 συνάγων

160 954 210 980 οὐκ
227 954 322 989 ἡμέλει
340 955 390 990 τῆς
402 955 555 990 οἰκοδομῆς.
576 955 661 982 Τοῦτο
677 956 724 982 καὶ
746 957 775 983 ὲν
796 956 948 992 Τριϐέροις,

160 1000 208 1026 καὶ
231 1001 258 1026 ὲν
282 1000 412 1036 Ἀκυληῒᾳ
437 1001 583 1036 γενόμενον
601 1001 726 1036 ἑώρακα·
748 1002 829 1028 κάκεῖ
847 1002 901 1038 γὰρ
921 1003 950 1029 ὲν

159 1046 219 1076 ταῖς
231 1045 337 1081 ἑορταῖς
353 1045 396 1072 διὰ
412 1045 442 1072 τὸ
458 1045 569 1081 πλῆθος,
584 1046 623 1074 ἔτι
649 1047 703 1073 τῶν
726 1047 816 1075 τόπων
844 1048 948 1075 οἰκοδο-

161 1091 313 1126 μουμένων,
337 1091 452 1127 συνῆγον
477 1093 551 1119 ἐκεῖ·
572 1093 620 1120 καὶ
645 1093 694 1129 οὐχ
723 1091 800 1129 εὗρον
827 1094 948 1123 τοιοῦτον

159 1138 321 1173 κατήγορον.
356 1137 436 1164 Ἀλλὰ
467 1139 513 1165 καὶ
534 1139 547 1166 ὁ
571 1140 725 1175 μακαρίτης
752 1148 798 1166 σου
823 1141 947 1176 ἀδελφὸς,

160 1183 189 1209 ὲν
212 1183 350 1220 ’Λκυληῒᾳ,
380 1185 509 1219 τοιαύτης
541 1185 623 1221 οὔσης
652 1186 800 1219 συνάξεως,
817 1187 947 1223 συνήχθη.

160 1230 238 1257 Οὕτω
253 1230 330 1265 κάγὼ
348 1231 495 1267 πεποίηκα,
525 1233 571 1258 καὶ
598 1233 708 1267 γέγονεν
736 1233 785 1260 οὐκ
811 1234 947 1268 ἐγκαίνια,

159 1276 227 1303 ἀλλὰ
241 1277 348 1310 σύναξις
362 1278 452 1313 εὐχῆς.
467 1278 502 1305 Σὺ
525 1278 574 1314 μὲν
586 1277 643 1310 οὖν,
661 1277 691 1305 εὖ
717 1277 785 1311 οἶδα,
803 1280 853 1311 ὅτι,
873 1281 947 1315 φιλὸ-

159 1322 220 1354 οεος
235 1321 283 1353 ὢν,
299 1323 352 1349 τῶν
365 1323 414 1359 μὲν
430 1323 502 1350 λαῶν
519 1324 637 1360 ἀποδέχῃ
646 1325 695 1360 τὴν
722 1325 885 1361 προθυμίαν,
901 1328 948 1354 καὶ

160 1368 354 1403 συγγινώσκεις
369 1369 440 1405 ἐμοὶ,
455 1369 492 1406 μὴ
509 1370 661 1398 κωλύσαντι
673 1371 800 1398 τοσούτου
813 1371 877 1400 λαοῦ
898 1373 948 1405 τὰς

159 1422 252 1449 ευχας.

967 847 988 876 Β

1002 268 1092 303 populi
1119 267 1311 303 frequentiam,
1327 267 1410 303 pueri
1431 267 1596 302 complures,
1622 275 1672 296 nec
1695 275 1788 302 pauca:

999 314 1122 349 juniores
1148 314 1296 345 mulieres,
1322 314 1414 341 multa;
1442 313 1573 346 aniculae,
1600 314 1788 344 adolescentes

1002 360 1122 394 plurimi,
1137 360 1297 394 compressi,
1309 359 1417 386 domum
1432 359 1512 386 delati
1527 363 1590 387 sunt
1603 369 1611 386 :
1627 359 1681 387 Deo
1698 365 1786 388 tamen

1002 407 1083 434 dante
1097 406 1249 433 exstinctus
1265 406 1354 433 nullus
1367 409 1418 434 est.
1431 405 1484 433 Sed
1503 405 1622 433 universi
1641 406 1714 434 haud
1727 407 1787 434 sine

1002 452 1219 480 murmuratione
1241 451 1415 486 postularunt
1437 456 1465 479 ut
1487 451 1515 478 in
1543 459 1640 488 magna
1672 452 1786 480 ecclesia

1002 499 1204 527 conveniretur.
1229 498 1306 533 Quod
1325 499 1347 526 si
1371 498 1467 526 diebus
1486 499 1585 526 festum
1610 499 1789 534 praecedenti-

1003 547 1062 577 bus,
1078 549 1154 572 tanta
1168 545 1251 572 fuerit
1264 545 1442 580 compressio,
1456 545 1519 579 quid
1540 546 1566 572 in
1588 546 1646 581 ipso
1658 546 1701 573 die
1718 546 1789 574 festo

1002 591 1122 618 futurum
1137 591 1213 618 erat?
1234 591 1307 618 Sane
1327 591 1360 618 iis
1378 591 1519 619 acerbiora
1537 591 1727 627 contigissent.
1753 592 1789 619 At.

1002 645 1054 665 non
1074 638 1186 666 decebat
1206 645 1254 672 pro
1274 637 1372 673 gaudio
1396 643 1552 671 maerorem,
1574 646 1623 672 pro
1641 638 1732 665 laetitia
1749 638 1789 665 lu-

1002 689 1088 714 ctum.
1113 691 1162 718 pro
1182 683 1252 711 festo
1274 684 1318 711 die
1336 682 1427 710 ﬂetum
1454 684 1560 718 populis
1584 684 1705 711 oboriri:
1722 691 1784 712 cum

1002 730 1119 757 maxime
1136 737 1187 756 non
1204 730 1355 764 ignorarem
1372 729 1481 756 Patrum
1503 729 1569 756 mihi
1584 730 1707 765 exempla
1721 737 1786 764 sup-

1003 780 1104 810 petere.
1126 775 1215 802 Beatae
1237 775 1336 810 quippe
1362 775 1403 802 vir
1427 775 1565 802 memoriae
1586 775 1741 803 Alexander
1753 777 1788 803 ob

1004 821 1117 848 aliorum
1141 821 1263 856 locorum
1287 821 1454 855 angustiam,
1474 820 1537 848 dum
1560 821 1618 855 ipse
1632 821 1787 854 ecclesiam,

1003 874 1062 901 qua:
1083 867 1202 894 omnium
1224 858 1424 894 maxima'tunc
1445 866 1600 900 putabatur,
1616 866 1735 894 Theonaa
1747 867 1787 894 di-

1002 918 1084 944 ctam.
1097 917 1268 945 exstrueret;
1292 913 1319 940 in
1341 919 1373 939 ea
1393 918 1482 939 tamen
1502 912 1536 939 ob
1556 912 1647 948 p0puli
1664 912 1788 948 frequen-

1004 960 1066 986 tiam
1082 964 1233 988 conventus
1254 961 1320 995 egit,
1337 967 1424 995 neque
1443 960 1552 987 interim
1566 959 1601 986 ob
1616 958 1706 994 populi
1726 966 1788 986 ccu-

1001 1010 1109 1033 ventum
1124 1006 1231 1034 adificii
1254 1009 1484 1036 constructionem
1502 1009 1705 1036 intermittebat.
1719 1008 1786 1036 item

1000 1052 1115 1080 similem
1133 1052 1254 1081 Treviris
1265 1059 1293 1081 et
1306 1054 1437 1090 Aquileiae
1458 1055 1557 1083 factam
1572 1055 1624 1083 vidi
1638 1064 1644 1081 :
1659 1055 1704 1083 ubi
1722 1055 1786 1082 item

999 1098 1034 1126 ob
1048 1099 1206 1133 populorum
1220 1100 1410 1136 frequentiam,
1424 1103 1487 1129 dum
1501 1102 1598 1137 templa
1613 1107 1788 1130 exstrueren-

1000 1150 1054 1178 tur,
1070 1146 1095 1173 in
1110 1146 1163 1173 illis
1177 1147 1354 1175 nihilominus
1374 1154 1526 1176 conventus
1541 1149 1692 1183 agebantur
1707 1157 1713 1175 :
1727 1148 1786 1174 nul-

999 1189 1096 1226 lusque
1116 1195 1205 1218 tamen
1221 1192 1327 1220 exstitit
1341 1193 1385 1228 qui
1403 1193 1504 1221 factum
1521 1193 1673 1228 huiusmodi
1693 1194 1718 1221 in
1732 1194 1786 1221 Cri-

1000 1244 1061 1264 men
1077 1242 1195 1264 vocaret.
1210 1237 1362 1270 Quinetiam
1384 1239 1470 1267 beatae
1494 1240 1537 1266 vir
1549 1239 1686 1267 memoriae
1704 1239 1787 1266 frater

1005 1288 1078 1315 tuus,
1091 1283 1245 1318 hujusmodi
1258 1286 1402 1313 conventui
1415 1286 1545 1320 Aquileiae
1559 1293 1620 1313 cum
1631 1285 1692 1313 aliis
1703 1286 1788 1313 inter-

1000 1327 1062 1356 fuit.
1077 1329 1194 1364 ldipsum
1211 1338 1255 1359 me
1271 1332 1360 1367 egisse
1374 1332 1472 1365 fateor,
1500 1333 1538 1360 ita
1565 1337 1655 1360 tamen
1678 1338 1708 1359 ut
1731 1339 1786 1359 non

1001 1375 1144 1408 dedicatio,
1161 1377 1208 1404 sed
1233 1377 1344 1412 synaxis
1368 1377 1401 1404 ad
1429 1379 1562 1405 orandum
1584 1377 1720 1405 celebrata
1740 1377 1785 1404 sit.

1001 1420 1176 1456 Perspectum
1203 1422 1294 1457 itaque
1312 1423 1398 1450 habeo
1421 1427 1447 1450 te
1466 1428 1559 1458 utpote
1574 1424 1660 1458 pium,
1675 1422 1788 1458 populo-

160 1467 220 1488 rum
244 1460 410 1489 alacritatem
443 1463 603 1497 approbare,
627 1463 747 1499 mihique
774 1465 880 1493 veniam
901 1468 1062 1501 concedere,
1079 1469 1151 1503 quod
1170 1473 1224 1496 tam
1249 1468 1328 1497 tuulti
1360 1469 1452 1504 populi
1485 1470 1612 1504 precibus
1632 1476 1686 1497 non
1701 1469 1786 1498 obsti-

162 1509 252 1536 terim.

195 1566 239 1594 16.
259 1565 329 1600 Ἐγὼ
345 1565 373 1592 δὲ
391 1565 448 1601 (57)
461 1565 507 1592 τὸν
527 1567 691 1594 κατειπόντα
710 1567 793 1594 πάλιν
810 1568 873 1604 περὶ
886 1568 948 1594 τού-

1037 1567 1080 1596 16.
1096 1568 1151 1604 Ego
1165 1575 1229 1596 vero
1242 1568 1406 1603 peroptarim
1419 1568 1471 1597 hoc
1486 1548 1568 1598 etiam
1581 1578 1615 1598 ex
1634 1571 1786 1607 sycophan-

159 1621 206 1639 του
234 1611 372 1648 ἐρωτῆσαι
404 1611 544 1646 βούλομαι,
571 1612 623 1638 ποῦ
647 1613 761 1648 νόμιμον
773 1611 807 1649 ἦν
820 1613 948 1649 εὔχεσθαι

159 1658 205 1684 τὸν
222 1657 295 1689 λαὸν,
310 1659 339 1684 ὲν
363 1658 488 1693 ἐρήμοις.
502 1657 519 1692 ἢ
539 1657 568 1684 ὲν
585 1658 800 1694 οἰκοδομουμένῳ
813 1660 886 1695 τόπῳ
899 1660 950 1695 τῆς

160 1704 261 1739 εὐχῆς;
281 1703 335 1730 Ποῦ
348 1704 451 1740 πρέπον
462 1702 496 1740 ἦν
511 1704 558 1730 καὶ
574 1704 647 1730 ὅσιον
665 1705 817 1731 ἐπακοῦσαι
833 1706 889 1741 (58)
903 1706 950 1732 τὸν

161 1751 223 1777 λαὸν
239 1750 271 1776 τὸ
295 1751 398 1786 “Αμήν;
420 1751 448 1776 ὲν
468 1750 591 1785 ἐρήμοις,
615 1750 632 1785 ἢ
656 1751 685 1776 ὲν
701 1750 740 1785 τῷ
755 1750 804 1786 ἠδη
829 1751 950 1786 λεχθέντι

160 1795 312 1832 Κυριακῷ;
339 1796 375 1822 Σὺ
401 1796 440 1827 δὲ,
463 1795 652 1829 θεοφιλέστατε
675 1796 796 1831 βασιλεῦ,
816 1797 866 1823 ποῦ
887 1798 950 1829 τοὺς

160 1843 242 1874 λαοὺς
265 1842 298 1869 ἂν
315 1841 410 1877 ἤθελες
422 1842 540 1868 ἐκτεῖναι
551 1841 600 1873 τὰς
625 1843 719 1877 χεῖρας
752 1843 798 1868 καὶ
821 1842 949 1874 εὔξασθαι

160 1889 226 1924 περὶ
238 1888 305 1922 σοῦ;
320 1887 383 1914 ἔνθα
397 1888 444 1914 καὶ¹
458 1887 588 1922 ’Έλληνες
606 1888 726 1914 ἵστανται
740 1889 948 1924 παρερχόμενοι,

160 1935 177 1970 ἢ
197 1936 226 1962 ἐν
240 1934 280 1970 τῷ
293 1934 430 1970 ἐπωνύμῳ
443 1943 489 1961 σου
507 1934 591 1969 τόπῳ,
604 1934 634 1961 ὃν
647 1934 708 1969 ἤδη,
727 1934 825 1970 μᾶλλον
849 1934 877 1961 δὲ
902 1935 949 1961 καὶ

160 1982 219 2017 ἅμα
245 1981 285 2017 τῷ
315 1981 441 2017 Θεμελίῳ,
464 1981 601 2016 κυριακὸν
629 1981 729 2013 πάντες
754 1981 947 2016 ὀνομάζουσιν;

161 2027 237 2060 υἱδα,
256 2028 296 2054 ὅτι
309 2027 354 2054 τὸν
370 2027 414 2054 σὺν
428 2027 510 2054 τόπον
524 2027 689 2062 προκρίνεις-
707 2028 811 2063 μειδιᾷς
821 2028 884 2064 γὰρ,
902 2028 948 2055 καὶ

160 2074 239 2101 τοῦτο
257 2074 366 2110 μειδιῶν
388 2074 539 2109 σημαίνεις.
563 2073 633 2100 Ἀλλ’
645 2073 709 2106 ἔδει,
727 2075 808 2109 φησιν
821 2075 835 2100 ὁ
859 2083 949 2101 κατει-

161 2112 276 2153 πὼν,’ὲν
290 2122 349 2152 ταῖς
363 2121 522 2157 ἐκκλησίαις
535 2121 615 2147 τοῦτο
635 2120 771 2155 γενέσθαι.
783 2121 886 2157 Μικραὶ
899 2121 949 2156 μὲν

161 2164 207 2193 οὖν
222 2166 270 2193 καὶ
285 2166 376 2193 στεναὶ
389 2167 474 2193 πᾶσαι
484 2166 550 2202 (59),
567 2166 638 2193 καθὰ
651 2168 791 2202 προεῖπον,
806 2167 874 2202 πρὸς
886 2167 948 2198 τοὺς

161 2211 242 2244 λαούς
261 2213 338 2239 εἰσιν.
356 2211 511 2238 Ἐπειταδὲ
539 2211 598 2244 πῶς
614 2212 718 2248 ἔπρεπε
746 2211 874 2246 γενέσθαι
897 2211 947 2243 τὰς

1001 1620 1026 1643 ta
1044 1614 1196 1642 sciscitari:
1214 1615 1323 1642 ubinam
1345 1615 1472 1650 populum
1501 1623 1582 1644 orare
1600 1624 1707 1652 aequum
1723 1617 1784 1651 fuit,

1000 1662 1025 1688 iu
1041 1661 1191 1689 desertisne
1203 1660 1280 1695 locis,
1295 1669 1329 1689 an
1342 1662 1368 1689 iu
1388 1662 1521 1690 orationis
1536 1663 1608 1696 loco,
1624 1664 1706 1692 etiam
1718 1665 1784 1693 dum

997 1708 1205 1736 exstrueretur?
1215 1707 1327 1735 Ubinam
1345 1709 1465 1737 sanctius
1479 1709 1728 1746 condecentiusque
1736 1719 1785 1747 po-

999 1754 1078 1790 pulus
1089 1754 1274 1789 responderet,
1290 1761 1386 1788 amen;
1404 1755 1431 1782 in
1448 1755 1577 1790 desertis,
1591 1764 1624 1784 an
1645 1758 1673 1785 in
1686 1758 1785 1794 templo

998 1801 1069 1835 quod
1078 1799 1134 1833 jam
1146 1799 1334 1835 appellabatur
1344 1800 1534 1828 Dominicum?
1548 1802 1671 1835 Quonam
1683 1804 1709 1831 in
1724 1803 1784 1832 loco

999 1846 1103 1877 malles,
1129 1845 1331 1879 religiosissime
1354 1846 1512 1881 imperator,
1533 1848 1660 1882 populum
1687 1857 1785 1877 manus

998 1892 1143 1920 extendere
1157 1898 1189 1919 ac
1202 1899 1250 1926 pro
1268 1895 1293 1919 te
1308 1899 1388 1920 orare
1398 1892 1410 1919 τ
1420 1892 1513 1920 lllicne
1529 1894 1573 1921 ubi
1589 1899 1783 1929 pertranseun-

999 1943 1039 1966 tes
1053 1937 1167 1973 gentiles
1182 1938 1294 1972 gradum
1309 1938 1454 1972 sisterent;
1472 1946 1508 1966 an
1525 1939 1552 1968 in
1574 1940 1633 1968 loco
1660 1942 1703 1970 cui
1727 1943 1782 1978 jam

999 1989 1074 2011 tuuut
1088 1985 1202 2011 inditum
1220 1989 1262 2012 est
1277 1992 1374 2012 nomen
1390 1994 1398 2013 :
1416 1993 1497 2020 quem
1512 1994 1595 2019 nunc,
1609 1987 1664 2015 imo
1681 1989 1783 2022 ajactis

999 2030 1183 2058 fundamentis
1211 2030 1380 2058 Doniinicum
1407 2039 1503 2061 omnes
1532 2034 1650 2061 vocant?
1672 2034 1782 2063 Certum

998 2083 1064 2104 sane
1094 2077 1180 2104 habeo
1209 2081 1235 2104 te
1260 2080 1335 2104 tuum
1359 2078 1497 2105 anteferre
1530 2078 1642 2107 locum:
1658 2080 1782 2109 subrides

997 2121 1082 2152 enim,
1104 2128 1137 2148 ac
1161 2121 1325 2149 subridendo
1343 2129 1482 2150 assensum
1501 2122 1649 2157 significas.
1673 2124 1726 2151 Sed
1743 2126 1781 2152 ait

997 2168 1175 2200 obtrectator,
1201 2168 1229 2196 in
1249 2168 1373 2196 ecclesiis
1394 2168 1459 2195 illud
1484 2172 1575 2196 actum
1601 2171 1730 2204 oportuit.
1745 2171 1782 2198 At

998 2220 1093 2241 omnes
1114 2213 1236 2246 omnino,
1255 2213 1294 2241 uti
1310 2213 1365 2248 iam
1380 2213 1482 2240 dictum
1497 2217 1550 2246 est,
1562 2220 1611 2247 pro
1622 2214 1712 2248 populi
1725 2214 1780 2241 frc-

198 2349 255 2383 (54)
269 2348 347 2383 Βοκ..
363 2349 396 2376 El
408 2349 437 2376 δὲ
452 2349 499 2376 καὶ
516 2349 545 2375 ὲν
555 2348 616 2380 ταῖς
639 2347 808 2384 προεόρτοις.
831 2347 945 2375 subaudi

999 2346 1093 2375 αὑτοῦ.
1104 2347 1177 2384 λιιεεὶ
1195 2354 1222 2374 ιιι
1235 2347 1362 2384 Δίαςοηιιε
1378 2347 1507 2381 psalmum
1528 2348 1632 2383 legeret,
1657 2348 1783 2382 populus-

968 2401 973 2406 .
998 2391 1047 2424 que
1062 2383 1224 2424 responderet
1241 2390 1250 2408 :
1271 2381 1401 2424 Quoniam
1414 2384 1442 2424 in
1464 2381 1589 2424 retentum
1603 2383 1781 2411 misericordia

162 2385 289 2446 ἠμέὲλαις.
302 2385 370 2411 Editi
383 2392 456 2415 vero,
469 2384 501 2410 Εἰ
513 2384 541 2409 δὲ
558 2384 588 2409 ὲν
603 2384 659 2415 τοῖς
672 2383 839 2418 προεόρτοις.

163 2455 174 2456 7
197 2420 207 2456 (
226 2420 253 2456 5)
269 2419 347 2453 Reg"
363 2419 470 2456 πάντως
485 2427 536 2445 που
547 2418 581 2456 τὰ
593 2419 644 2456 ἔτι,
655 2418 752 2451 Basil.,
766 2418 875 2449 πάντως
894 2426 945 2444 που

162 2453 211 2482 ἔτι.
227 2455 297 2482 Editi
312 2462 387 2487 vero,
402 2455 510 2485 πάντως
524 2454 613 2480 πάντα
629 2453 679 2480 ἔτι.

199 2490 254 2526 (56)
270 2489 335 2523 Reg.
353 2495 380 2517 et
394 2489 486 2522 Basil.,
500 2489 524 2515 εἰ
538 2489 560 2515 δ’
571 2489 620 2522 ὡς,
633 2489 771 2517 mendose.
789 2487 873 2515 Paulo
887 2492 948 2523 post

162 2525 241 2552 Rem.
256 2524 334 2552 ἑγων.

187 2533 241 2557 εκ..
256 2533 334 2557 εχων.

199 2533 241 2560 ιεη
256 2533 334 2559 εχων.

199 2560 393 2595 (57)]ιιει1ἱιξε
406 2565 466 2594 post
479 2559 507 2585 δέ
521 2558 618 2594 legitur
633 2559 697 2591 καί,
720 2558 768 2586 sed
789 2559 846 2586 haec
864 2559 948 2594 parti-

162 2594 221 2622 cula
241 2594 319 2621 abest
333 2602 347 2621 a
365 2594 432 2628 Reg.

197 2629 252 2666 (58)
266 2629 418 2666 Legendum
433 2629 510 2666 nobis
523 2629 630 2666 videtur
640 2628 803 2666 ὑπακούσαι,
816 2635 878 2666 quae
893 2636 944 2656 vox

162 2664 232 2700 apud
251 2664 615 2700 ecclesiasticosrsigniflcat,
631 2664 794 2700 respondere.
815 2664 842 2690 Id
873 2668 947 2700 patet

162 2699 195 2728 ex
210 2702 242 2728 iis
257 2707 317 2733 quae
330 2699 409 2732 paulo
424 2699 491 2726 infra
508 2700 632 2733 leguntur
648 2709 654 2726 :
676 2699 719 2732 Τί,
745 2699 792 2726 ἐὰν
807 2699 942 2725 τοσούτων

161 2735 232 2776 Mth
254 2734 431 2761 συνελθόντων
447 2734 495 2775 μία
509 2735 621 2796 γένηται
644 2735 729 2770 φωνὴ,
747 2734 879 2775 λεγόντων
903 2734 942 2776 ἐῷ

161 2773 220 2796 eam
244 2771 274 2796 τὸ
297 2770 400 2796 ’Λιιήνζ
415 2774 442 2796 et
458 2778 484 2796 ιιι
509 2770 566 2796 Ano
579 2778 640 2796 οαια
659 2774 781 2796 sequenti
801 2777 873 2796 num.
887 2768 940 2796 20:

161 2771 220 2806 Θεῷ
244 2771 274 2797 τὸ
297 2770 400 2805 Ἀμήν;
415 2768 484 2806 etin
505 2768 640 2806 Apologia
651 2768 781 2806 sequenti
801 2777 873 2806 num.
887 2768 940 2806 25‘:

162 2803 335 2842 Προέτρεπον
347 2803 392 2842 τον
408 2804 455 2840 μὲν
470 2803 802 2842 διάκονοκίὰναγινώσκειν
824 2803 941 2842 ψαλμὸν,

160 2839 222 2874 τοὺς
235 2839 262 2868 δὲ
274 2841 354 2873 λαοὺς
368 2841 527 2868 ὑπακούειν·
541 2841 601 2867 ’Ότι
614 2841 654 2872 είς
670 2840 716 2866 τὸν
725 2839 810 2867 αιῶνα
825 2839 855 2866 τὺ
869 2839 943 2871 ἕλεος

999 2418 1055 2452 ejus
1073 2425 1081 2443 :
1098 2425 1159 2444 nam
1188 2417 1335 2445 ὑπακούειν
1350 2419 1389 2445 sic
1415 2418 1577 2445 intellectum
1595 2423 1710 2452 oportet,
1727 2426 1780 2445 nou

999 2458 1030 2480 ut
1046 2453 1175 2481 Nannius.
1190 2453 1368 2485 auscullaret,
1386 2457 1414 2480 ut
1431 2454 1531 2486 optime
1548 2452 1702 2480 observavit
1714 2452 1780 2480 Cot-

1001 2488 1151 2523 teleriusiu
1165 2487 1241 2514 Notis
1258 2489 1291 2514 ad
1303 2487 1393 2523 Const.
1415 2493 1503 2523 Vapost.
1518 2488 1565 2515 lib.
1583 2495 1642 2521 vul,
1658 2496 1717 2523 cap.
1734 2488 1778 2518 15.

998 2531 1059 2558 pag.
1076 2522 1139 2554 554,
1152 2523 1197 2558 ubi
1213 2523 1286 2558 vocis
1300 2522 1461 2549 ὑπακουέτω
1473 2523 1542 2550 idem
1561 2531 1625 2558 usus
1644 2522 1696 2551 est.
1716 2524 1781 2550 Vide

998 2556 1120 2584 eumdem
1146 2556 1319 2584 Cottelerium
1349 2559 1381 2584 ad
1404 2558 1501 2584 librum
1531 2565 1550 2584 ll
1573 2557 1660 2585 Οοηει.
1684 2564 1779 2592 apem.

997 2600 1022 2620 c.
1035 2593 1079 2624 57,
1093 2601 1118 2627 p.
1130 2592 1193 2619 205.
1212 2592 1288 2627 Apud
1301 2593 1500 2620 ecclesiasticos
1519 2600 1570 2619 vox
1586 2593 1779 2627 ὑπακούεινκθιι

997 2625 1131 2655 sententia
1155 2625 1311 2662 plerumque
1338 2635 1386 2654 usu
1411 2628 1494 2655 venit.
1506 2627 1557 2655 Job
1569 2636 1624 2659 λιν,
1644 2629 1677 2656 15
1691 2638 1698 2655 :
1713 2625 1780 2655 Εἶτα

998 2663 1137 2695 καλέσεις·
1155 2662 1211 2697 ἐγὼ
1233 2662 1261 2689 δέ
1288 2670 1329 2688 σοι
1354 2663 1554 2698 ύπακούσομαι.
1582 2663 1630 2690 Ubi
1658 2664 1778 2698 Vulgata,

998 2699 1100 2725 vacabis
1113 2706 1163 2730 me,
1179 2703 1203 2725 et
1216 2706 1261 2732 ego
1277 2699 1435 2731 respondebo
1450 2699 1506 2729 tibi,
1524 2703 1549 2724 et
1560 2698 1626 2725 alias
1644 2705 1724 2732 saepe.

1033 2733 1090 2767 (59)
1104 2733 1237 2760 Particula
1254 2733 1311 2763 καί,
1332 2740 1392 2768 quae
1406 2734 1433 2760 in
1452 2733 1532 2759 editis
1549 2738 1608 2767 post
1624 2732 1716 2760 στεναί
1729 2733 1779 2760 ha-

996 2768 1083 2801 betur,
1098 2768 1182 2796 deleta
1197 2773 1239 2797 est
1253 2769 1279 2796 in
1307 2768 1371 2804 Reg.
1390 2775 1504 2803 eamque
1517 2776 1672 2804 expungere
1691 2768 1778 2797 visum

995 2808 1045 2830 est.
