2018 3048
241 105 294 135 filii

240 165 351 199 quentia
367 169 445 192 erant
460 164 644 199 angustiores.
663 164 766 192 Deinde
777 172 831 200 quo
840 169 920 200 pacto
933 165 1016 193 Domit

1077 166 1175 201 εὑχάςς
1202 167 1249 194 καὶ
1268 167 1328 200 πῶς
1341 167 1398 204 (60)
1426 166 1461 204 ἦν
1488 169 1591 204 βέλτιον
1621 170 1690 197 κατά
1711 170 1793 207 μέρος
1817 164 1866 199 καὶ

239 219 304 239 num
323 211 428 246 precari
451 210 551 241 decuit,
565 210 664 244 quidve
677 211 764 238 satius
783 210 850 244 fuit;
864 211 1026 246 separatim-

238 265 274 285 ne
295 256 421 292 populum
445 263 507 283 cum
524 256 676 291 periculosa
698 256 902 291 compressione
924 263 1024 285 conve-

239 304 310 336 nire,
329 311 361 330 an
376 303 403 330 in
423 302 482 330 loco
501 302 547 337 qui
571 303 653 329 totius
671 302 850 330 multitudinis
868 302 926 337 jam
938 310 1024 338 capax

238 355 326 382 esset;
343 354 372 376 ut
394 356 446 376 una
470 348 525 376 illic
548 348 699 383 eademque
717 348 878 384 populorum
894 356 946 378 vox
962 357 1024 377 cum

238 394 414 423 consonantia
429 394 589 421 audiretur?
605 393 755 422 Praestabat
769 400 844 422 certe
859 395 942 428 istud,
960 396 1024 424 hinc

236 441 308 469 enim
325 440 505 467 multitudinis
519 440 725 467 unanimitatem
738 447 852 468 cernere
860 446 930 473 erat,
946 441 1023 470 hinc-

236 495 290 522 que
307 487 378 515 Deus
399 492 441 514 est
459 487 492 514 ad
513 486 712 514 exaudiendum
728 487 887 522 promptior.
902 487 930 515 Si
947 496 1023 515 nam-

235 541 288 568 que
299 533 376 567 juxta
390 532 476 568 ipsius
489 532 639 560 Salvatoris
658 533 865 567 promissionem
876 533 911 566 "',
919 533 1023 562 duobus

234 581 270 608 ob
285 579 366 616 242
383 580 532 614 quamlibet
548 586 659 607 causam
679 579 918 612 convenientibus,
932 580 1021 614 quod-

234 633 341 662 cunque
361 625 490 662 petierint
510 625 619 653 dabitur
633 624 686 652 illis
703 632 710 650 :
724 625 788 660 quid
804 625 827 652 si
845 625 913 652 tanti
930 625 1020 661 populi

234 672 419 701 convenientis
441 679 493 698 una
516 679 568 700 vox
590 670 758 706 proferatur,
772 679 824 707 qua
844 671 900 699 Deo
917 672 1020 704 dicunt.

232 717 336 746 Amen?
351 717 466 745 Cuinam
488 717 540 744 hoc
562 716 649 752 ipsum
676 723 731 743 non
750 716 922 744 admirationi
948 717 1021 744 fuit?

233 764 299 798 Quis
316 769 343 791 te
353 764 462 792 beatum
475 771 528 790 non
542 762 711 798 praedicavit,
728 770 789 789 cum
811 767 913 790 tantam
928 763 1019 798 populi

232 811 412 847 frequentiam
427 818 481 838 uno
493 811 519 838 in
536 810 595 838 loco
610 814 734 837 coactam
747 815 870 838 cerneret
884 810 896 837 ?
910 810 1019 845 Ecquod

550 107 580 135 S.
601 106 785 135 ATHANASII
805 106 879 135 OPP.
898 106 988 147 PARS
1008 108 1029 135 I.
1048 124 1083 128 —
1103 108 1287 138 HISTORICA
1303 110 1351 138 ‘ET
1371 110 1582 140 DOGMATICA.

1813 115 1867 143 616

1854 164 1864 183 ι

1076 212 1247 249 διῃρημένως
1267 213 1312 240 τὸν
1328 213 1392 240 λαὸν
1415 215 1474 250 μετ’
1498 215 1668 242 ὲπικινδυνου
1692 218 1822 253 συνοχῆς,
1845 219 1863 255 ἢ

1075 258 1152 290 ὄντος
1167 258 1218 294 ήδη
1228 259 1311 285 τόπου
1321 259 1368 286 τοῦ
1379 259 1528 295 δυναμένου
1551 260 1678 293 δέξασθαι
1707 263 1820 296 πάντας,
1835 265 1864 291 ὲν

1075 303 1149 338 αὐτῷ
1164 303 1300 331 συνελθεῖν
1309 305 1355 331 καὶ
1370 305 1436 340 μίαν
1447 306 1494 332 καὶ
1511 306 1561 340 τὴν
1570 306 1653 342 αὐτὴν
1666 306 1735 341 μετὰ
1750 316 1863 343 συμῳω-
1895 296 1899 299 Ι

1075 349 1134 381 νίας
1147 349 1201 376 τῶν
1214 349 1286 376 λαῶν
1301 350 1427 384 γενέσθαι
1452 351 1501 386 τὴν
1518 352 1630 387 φωνήνς
1656 351 1741 379 Τοῦτο
1760 351 1863 387 βέλτιον

1073 393 1121 431 ἦν·
1134 395 1212 422 τοῦτο
1223 396 1276 432 γὰρ
1293 397 1339 423 καὶ
1357 397 1407 432 τὴν
1423 396 1574 432 ὁμοψνχίαν
1593 397 1711 424 ἐδείκνυε
1729 398 1776 426 τοῦ
1795 399 1862 435 πλή-

1074 441 1137 473 θους
1146 448 1153 455 ·
1169 441 1240 468 οὓτω
1254 443 1299 473 καὶ
1308 443 1414 478 ταχέως
1428 445 1441 470 ὁ
1452 443 1519 475 Θεὸς
1533 444 1712 471 ἑπακούει.Εἰ
1724 444 1863 482 γὰρμιατὰ

1072 487 1122 523 τὴν
1138 487 1219 514 αὐτοῦ
1232 487 1279 514 τοῦ
1296 487 1421 524 Σωτῆρος
1435 487 1612 522 ἐπαγγελίαν,
1630 487 1677 514 ἐὰν
1690 487 1736 514 δύο
1750 496 1862 523 συμφω-

1073 533 1183 568 νήσαιεν
1199 533 1263 569 περὶ
1278 534 1386 566 παντὸς,
1401 531 1431 561 οὗ
1447 533 1480 561 ἂν
1496 534 1552 570 (61)
1564 534 1738 570 αἰτήσωνται,
1747 535 1863 574 γενήσε-

1071 587 1116 606 ται
1130 579 1222 611 αὐτοῖς
1233 588 1240 594 ·
1254 580 1292 611 τί,
1306 579 1353 606 ἐὰν
1363 579 1496 606 τοσούτων
1509 579 1581 607 λαῶν
1608 579 1786 606 συνελθόντων
1814 580 1863 615 μία

1071 625 1184 661 γένηται
1213 626 1300 661 φωνὴ,
1325 618 1456 661 λεγᾶντων
1477 625 1516 661 τῷ
1535 625 1594 661 Θεῷ
1618 625 1649 652 τδ
1678 625 1785 661 Ἀμήν;
1814 625 1862 657 Τίς

1071 671 1137 706 γοῦν
1160 671 1211 698 οὐκ
1234 671 1386 707 ὲθαὺμασες
1416 672 1464 704 Τίς
1480 672 1530 699 οὐκ
1554 671 1708 708 ὲμακάρισέ
1732 680 1762 698 σε
1792 672 1861 707 (62),

1073 717 1180 753 βλέπων
1195 718 1241 744 τὸν
1260 718 1385 745 τοσοῦτον
1401 718 1465 745 λαὺν
1480 719 1509 745 ὲν
1527 718 1567 745 ἐνὶ
1587 717 1746 744 συνελθόντα
1765 718 1860 752 τόπῳς

1070 765 1133 797 Πῶς
1143 765 1252 801 ἔχαιρον
1268 766 1293 792 οἱ
1306 766 1366 792 λαοὶ
1385 765 1528 801 βλέποντες
1540 764 1672 801 ἀλλήλους
1685 764 1715 791 τὸ
1729 765 1862 801 πρότερον

1070 811 1100 838 ὲν
1113 811 1287 848 διῃρημένοις
1302 812 1493 848 συνερχόμενοι
1508 811 1619 845 τόποις;
1646 811 1731 838 Τοῦτο
1756 811 1862 842 πάντας

233 857 298 886 illud
316 857 475 892 populorum
500 856 627 892 gaudium
643 875 652 888 ,
667 855 725 891 qui,
743 863 805 883 cum
831 856 963 884 hactenus
991 857 1016 884 in

1069 857 1202 894 ηὔφρανε,
1216 857 1264 885 καὶ
1280 858 1359 894 μόνον
1370 858 1416 885 τὸν
1427 857 1587 885 διαϐαλόντα
1599 858 1656 894 (65)
1665 858 1793 892 ἐλύπησε,

233 903 362 940 seiunctis
383 903 449 931 locis
470 902 674 936 convenissent,
710 907 805 930 mutuo
826 902 882 938 jam
915 907 1059 938 conspectu
1079 903 1255 933 fruerentur?
1279 905 1308 933 ld
1334 905 1460 933 omnibus
1485 905 1586 933 laititite
1612 912 1694 933 causa
1721 904 1784 936 fuit,
1811 903 1861 931 soli

233 952 416 988 sycophantae,
430 951 568 978 maeroris.

268 1009 313 1036 ΓΙ.
332 1009 427 1036 Restat
449 1013 478 1035 ut
504 1007 582 1035 alteri
600 1008 660 1044 ejus
682 1008 827 1043 objectioni
847 1016 908 1044 quae
931 1009 1019 1037 adhuc

233 1060 356 1092 superest
371 1062 524 1082 oecurram.
540 1053 679 1090 Siquidem
701 1056 755 1082 aiet
769 1054 841 1082 forte
854 1055 1021 1082 obtrectator

232 1101 278 1129 ille
293 1111 299 1129 :
313 1099 440 1128 Ediﬁcio
465 1100 583 1128 nondum
605 1100 751 1135 completo,
773 1100 844 1128 haud
870 1100 945 1127 licuit
965 1101 1019 1128 illic

231 1146 369 1174 orationes
385 1145 507 1173 fundere.
521 1145 556 1172 At
584 1145 714 1173 Dominus
728 1146 765 1172 ait
779 1154 785 1172 :
799 1145 839 1172 Tu
857 1152 944 1173 autem
959 1154 1018 1173 cum

232 1192 357 1224 oraveris,
366 1191 437 1218 intra
446 1192 473 1218 in
482 1191 631 1218 cubiculum
641 1195 726 1223 tuum,
738 1197 761 1218 el
770 1191 864 1218 claude
874 1192 972 1218 ouium
983 1192 1017 1220 ⁸⁸.

231 1237 301 1270 Quid
325 1243 389 1272 ergo
406 1237 505 1264 dixerit
530 1237 728 1265 calumniator?
749 1237 806 1265 imo
827 1239 929 1274 potius,
953 1240 1017 1275 quid

230 1283 377 1319 prudentes
394 1291 426 1310 ac
439 1284 496 1310 veri
510 1282 657 1311 Christiani
677 1285 816 1312 dixerint?
830 1285 884 1312 Hos
900 1285 1019 1313 interro-

231 1339 275 1365 ga,
292 1330 439 1365 imperator
452 1338 460 1357 :
476 1337 537 1356 nam
552 1329 586 1357 de
606 1329 658 1357 illis
673 1331 783 1365 quidem
806 1332 937 1366 scriptum
952 1337 994 1359 est
1008 1341 1015 1360 :

231 1377 333 1406 Stultus
350 1377 431 1404 stulta
446 1377 568 1413 loquetur
578 1376 602 1392 ⁸¹
617 1385 624 1404 :
637 1377 669 1404 de
686 1377 727 1405 liis
746 1385 820 1410 vero,
837 1378 877 1405 Ab
895 1379 965 1404 omni
975 1387 1018 1405 sa-

230 1425 315 1459 piente
333 1424 472 1451 consilium
488 1424 575 1456 accipe
583 1424 617 1450 ⁸⁸.
638 1423 704 1451 Cum
723 1428 776 1451 tant
792 1431 912 1458 angusta:
930 1424 1018 1452 eccle-

230 1472 287 1504 sias,
310 1479 370 1498 cum
393 1476 468 1498 tanta
491 1476 565 1498 esset
587 1470 679 1505 populi
702 1470 867 1505 frequentia,
882 1476 912 1498 ut
926 1471 958 1498 ad
973 1471 1019 1498 de-

229 1522 301 1543 serta
313 1516 371 1544 loca
389 1516 523 1552 proﬁcisci
537 1521 676 1551 pararent,
695 1517 758 1552 quid
769 1517 841 1544 facto
858 1525 925 1552 opus
938 1518 1017 1545 erat?

229 1562 352 1591 Solitudo
386 1563 489 1598 absque
513 1563 617 1602 januis,
642 1571 674 1591 ac
700 1563 1017 1598 quibusviswolenlibus

227 1609 337 1642 pervia;
355 1608 511 1636 Dominicus
527 1614 617 1636 autem
643 1608 719 1636 locus
741 1610 827 1636 muris
850 1610 956 1638 cinctus
975 1614 1018 1637 est

1107 1011 1151 1038 17.
1164 1011 1219 1046 Τὴν
1229 1009 1293 1044 γοῦν
1306 1009 1402 1044 ἑτέραν
1417 1009 1462 1035 καὶ
1477 1008 1693 1044 ὑπολειπομένην
1707 1008 1860 1042 ἀντιλογίαν

1070 1056 1152 1084 αὐτοῦ
1169 1056 1298 1091 βούλομαι
1319 1054 1474 1090 προλαϐεῖν.
1500 1055 1528 1080 Ὀ
1545 1054 1596 1090 μὲν
1610 1053 1665 1090 γὰρ
1690 1053 1860 1088 κατειρηκώς

1070 1102 1126 1137 (64)
1141 1110 1238 1137 φησιν·
1271 1101 1354 1128 Οὐπω
1377 1101 1534 1127 τετελείωτο
1559 1101 1588 1127 τὸ
1618 1100 1708 1136 ἔργον,
1737 1099 1784 1126 καὶ
1810 1099 1860 1127 οὐκ

1069 1149 1152 1184 ἐχρῆν
1174 1148 1257 1184 εὐχὰς
1287 1147 1431 1183 γενέσθαι·
1449 1149 1463 1174 ὁ
1485 1147 1515 1174 δὲ
1534 1147 1637 1183 Κύριος
1648 1144 1709 1173 εἷπε
1721 1155 1728 1162 ·
1747 1147 1789 1173 Σὺ
1814 1146 1858 1178 δὲ,

1070 1194 1143 1221 ὅταν
1161 1195 1315 1229 προσεύχῃ
1325 1215 1333 1227 ,
1346 1194 1465 1221 εἴσελθε
1482 1195 1526 1227 εὶς
1545 1194 1580 1221 τὸ
1592 1193 1713 1229 ταμεῖόν
1727 1201 1797 1225 σου,
1810 1194 1860 1220 καί

1068 1235 1255 1268 ἀπόκλεισον
1277 1240 1331 1273 τὰς
1347 1241 1447 1274 θύρας.
1472 1240 1504 1266 Τί
1516 1240 1605 1266 τοίνυν
1624 1240 1735 1275 φήσειεν
1757 1240 1772 1266 ὁ
1793 1248 1861 1266 κατ-

1069 1287 1186 1323 ήγορος;
1215 1287 1323 1314 Μᾶλλον
1349 1287 1376 1312 δὲ
1397 1287 1422 1312 τί
1451 1285 1484 1313 ἂν
1510 1287 1610 1313 εἴποιεν
1624 1287 1648 1312 οἱ
1666 1286 1790 1321 φρόνιμοι
1813 1286 1860 1312 καὶ

1069 1332 1176 1367 ἀληθῶς
1194 1332 1249 1367 (65)
1277 1332 1452 1367 Χριστιανοί;
1483 1331 1599 1363 Τούτους
1625 1332 1680 1367 γὰρ
1708 1330 1857 1367 ἐρώτησον,

1069 1377 1194 1412 βασιλεῦ’
1217 1377 1310 1412 ἐπειδὴ
1327 1377 1481 1412 γέγραπται
1497 1377 1560 1412 περὶ
1584 1377 1632 1412 μὲν
1663 1376 1784 1409 ἐκείνων,
1817 1377 1858 1403 ὅτι

1074 1424 1105 1450 '0
1122 1423 1221 1458 μωρὸς
1238 1424 1322 1458 μωρὰ
1337 1423 1481 1456 λαλήσει·
1506 1424 1569 1459 περὶ
1594 1423 1622 1450 δὲ
1647 1423 1760 1456 τούτων,
1775 1423 1859 1457 Παρὰ

1068 1469 1182 1503 παντὸς
1220 1471 1366 1505 φρονίμου
1398 1471 1586 1504 συμϐουλίαν
1622 1470 1766 1504 λάμϐανε.
1797 1469 1858 1496 Τῶν

1067 1515 1220 1552 ἐκκλησιῶν
1233 1515 1335 1542 στενῶν
1349 1515 1447 1547 οὐσῶν,
1469 1516 1517 1542 καὶ
1545 1515 1599 1542 τῶν
1624 1515 1696 1541 λαῶν
1722 1515 1858 1541 τοσούτων

1067 1563 1163 1596 ὄντων,
1179 1562 1227 1589 καὶ
1242 1561 1410 1597 βουλομένων
1421 1563 1460 1594 είς
1474 1562 1524 1593 τὰς
1538 1562 1659 1598 ἐρήμους
1677 1561 1814 1593 ἀπελθεῖν,
1831 1560 1858 1587 τί

1069 1609 1155 1635 ποιεῖν
1177 1608 1279 1644 ὲχρῆνς
1304 1607 1336 1634 Ἡ
1349 1608 1398 1643 μὲν
1414 1608 1469 1644 γὰρ
1489 1608 1592 1643 ἕρημος
1608 1607 1718 1642 ἄθυρος,
1733 1607 1780 1633 καὶ
1801 1606 1857 1633 τῶν

227 1656 372 1691 janui‘sqne
392 1655 500 1683 clausus
516 1664 524 1683 :
538 1656 669 1690 adestque
686 1655 742 1683 illic
759 1655 935 1691 conspicuum
956 1656 1014 1690 pios

1068 1655 1235 1690 βουλομένων
1260 1655 1344 1687 δίοδός
1370 1655 1454 1686 ἐστιν,
1475 1656 1488 1681 ὁ
1508 1655 1536 1681 δὲ
1557 1654 1696 1690 Κυριακὺς
1713 1653 1795 1686 τόπος
1810 1653 1858 1680 καὶ

228 1703 300 1730 inter
324 1702 509 1737 profanosque
533 1702 692 1729 discrimen.
725 1700 831 1733 Nonne,
855 1702 1014 1736 imperator,

229 1749 318 1784 quivis
337 1749 444 1783 sapiens
461 1755 523 1775 cum
546 1753 590 1774 tua
607 1747 709 1782 pietate
725 1747 776 1774 hoc
791 1747 944 1782 eligendum
966 1754 1014 1774 an-

227 1796 306 1824 nuit?
324 1795 429 1831 Quippe
439 1799 541 1823 norunt
556 1794 601 1822 hic
614 1793 762 1828 legitimam
778 1800 838 1820 esse
851 1793 1014 1826 orationem,

228 1843 283 1870 illic
297 1842 440 1870 incondita:
461 1841 549 1869 turbae
569 1840 752 1874 suspicionem
768 1849 774 1866 :
788 1839 840 1867 nisi
859 1839 930 1866 forte
947 1839 1015 1866 deli-

227 1888 361 1918 eienlibus
377 1886 643 1922 locis,_solitudinem
667 1885 686 1912 ii
704 1885 840 1913 duntaxat
854 1885 899 1919 qui
923 1891 1012 1917 orant,

227 1933 359 1966 incolant,
378 1937 407 1959 ut
425 1931 553 1959 lsraelitis
573 1931 688 1966 contigit
703 1938 710 1956 :
724 1930 780 1958 imo
799 1938 864 1957 vero
877 1929 930 1957 illis
944 1937 1014 1964 quo-

227 1987 279 2014 que
292 1982 430 2005 exstructo
454 1977 641 2010 tabernaculo,
656 1976 732 2003 locus
751 1976 884 2003 orationis
896 1976 1014 2002 circum-

226 2025 344 2058 scriptns
360 2024 386 2050 in
405 2027 541 2057 posterum
562 2022 621 2050 fuit.
639 2022 661 2050 Ο
675 2021 800 2055 Domine,
818 2029 849 2049 ac
866 2028 930 2048 vere
955 2020 1012 2048 Rex

228 2079 320 2105 regum
336 2070 453 2102 Christe,
467 2068 518 2097 Fili
545 2068 592 2096 Del
619 2069 768 2103 unigenite,
786 2067 905 2096 Verbum
918 2072 945 2095 et
963 2066 1013 2094 Sa-

226 2117 327 2153 pientia
340 2116 441 2149 Patris,
456 2117 483 2144 in
497 2115 600 2143 crimen
620 2122 685 2143 ecce
699 2122 790 2147 vocor,
806 2113 878 2148 quod
895 2113 1013 2141 clemen-

225 2165 290 2191 tiam
303 2167 377 2190 tuam
391 2162 504 2198 populus
517 2161 679 2196 deprecatus
693 2161 738 2193 sit,
751 2168 783 2187 ac
796 2168 844 2196 per
862 2165 888 2187 te
901 2158 1012 2187 Patrem

225 2214 312 2244 tuum,
333 2210 378 2244 qui
396 2215 438 2237 est
459 2216 540 2243 super
564 2208 654 2236 omnia
677 2208 758 2240 Deus,
783 2207 944 2239 obsecrarit,
963 2214 1013 2241 pro

225 2257 312 2284 salute
325 2255 418 2283 fumidi
435 2256 473 2283 tui
494 2255 608 2289 piissimi
619 2254 782 2282 Constantii.
796 2253 850 2280 Sed
869 2257 921 2280 tua;
935 2253 1013 2279 boni-

1065 1699 1230 1735 τετείχισται
1252 1699 1299 1726 καὶ
1325 1699 1486 1735 τεθύρωται.
1503 1699 1550 1726 καὶ
1573 1699 1624 1734 τὴν
1644 1698 1774 1734 διαφορὰν
1802 1697 1857 1724 τῶν

1066 1747 1185 1774 εὐσεϐῶν
1197 1746 1309 1774 καὶτῶν
1327 1746 1382 1782 (66)
1399 1745 1518 1781 βεὸήλων
1532 1745 1677 1772 δείκνυσιν.
1696 1742 1779 1780 Ἀρα,
1809 1744 1858 1780 βα-

1066 1793 1150 1826 σιλεῦ,
1167 1794 1197 1820 οὐ
1213 1793 1284 1829 μετὰ
1295 1794 1344 1828 τῆς
1358 1793 1408 1828 σῆς
1422 1791 1562 1823 εὐσεϐείας
1575 1792 1628 1822 πᾶς
1647 1790 1771 1817 ὁστισοῦν
1790 1790 1855 1825 epo-

1065 1849 1142 1876 νιμος
1158 1840 1276 1867 ἐπινεύει
1287 1839 1392 1874 τούτῳ;
1406 1839 1494 1865 Ἴσασι
1509 1837 1574 1873 γὰρ,
1585 1838 1626 1864 ὅτι
1637 1834 1689 1864 ὧδε
1717 1837 1766 1872 μὲν
1781 1837 1858 1872 νόμι-
1909 1842 1917 1849 ·

1067 1895 1115 1922 μος
1125 1886 1201 1921 εὐχὴ,
1216 1887 1273 1913 ἐκεῖ
1280 1886 1308 1912 δὲ
1319 1885 1432 1925 ἀταξίας
1446 1884 1564 1919 ὑποψία·
1580 1884 1605 1910 εί
1622 1884 1659 1919 μὴ
1678 1884 1750 1919 ἄρα,
1766 1883 1856 1910 τόπων

1066 1932 1104 1968 μὴ
1115 1933 1209 1963 ὄντων,
1232 1932 1305 1967 μόνοι
1317 1931 1367 1967 τὴν
1387 1931 1504 1967 ἐρημίαν
1525 1930 1557 1958 ἂν
1579 1931 1678 1960 οἰκοῖεν
1694 1929 1749 1964 (67)
1765 1930 1790 1956 οι
1811 1929 1856 1955 εὐ-

1064 1979 1184 2014 χόμενοι,
1208 1977 1302 2012 ὣσπερ
1313 1975 1348 2013 ἦν
1372 1978 1388 2004 ὁ
1418 1976 1541 2012 Ἰσραήλ’
1568 1975 1636 2003 ἀλλὰ
1648 1975 1783 2007 κάκείνοις
1805 1975 1856 2010 τῆς

1065 2025 1167 2060 σκηνῆς
1179 2025 1329 2060 γενομένης
1349 2023 1514 2060 περιώριστο
1542 2023 1634 2050 λοιπὸν
1658 2023 1708 2059 τῆς
1729 2023 1812 2058 εὐχῆς
1840 2024 1856 2049 ὁ

1063 2070 1154 2102 τόπος.
1169 2067 1205 2096 Ὦ
1230 2069 1351 2096 Δέσποτα
1377 2068 1424 2096 καὶ
1457 2068 1564 2104 ἀληθῶς
1593 2067 1702 2104 βασιλεῦ
1722 2067 1777 2095 τῶν
1799 2067 1855 2103 (68)

1064 2115 1257 2151 βασιλευόντων
1271 2114 1382 2150 Χριστὲ,
1396 2114 1444 2142 Υἱὲ
1453 2113 1500 2141 τοῦ
1512 2113 1580 2140 Θεοῦ
1601 2113 1753 2149 μονογενὲς,
1769 2113 1855 2146 Λόγος

1063 2163 1110 2190 καὶ
1126 2163 1210 2197 Σοφία
1224 2161 1271 2189 τοῦ
1285 2162 1402 2198 Πατρδς,
1421 2160 1514 2197 ἐπειδὴ
1526 2161 1574 2196 τὴν
1589 2161 1638 2196 σὴν
1648 2159 1855 2195 φιλανθρωπίαν

1062 2209 1077 2235 ὁ
1093 2207 1157 2240 λαὸς
1171 2207 1284 2243 ηὐξατο,
1299 2207 1346 2234 καὶ
1355 2206 1399 2234 διὰ
1411 2206 1459 2233 σοῦ
1474 2206 1519 2233 τὸν
1535 2205 1581 2233 σὺν
1600 2205 1709 2241 Πατέρα
1731 2205 1777 2232 τὸν
1808 2204 1855 2231 ὲπὶ

1063 2253 1172 2280 πάντων
1186 2253 1253 2281 Θεὸν
1285 2253 1468 2288 παρεκάλεσε,
1489 2252 1553 2288 περὶ
1583 2252 1631 2286 τῆς
1648 2251 1785 2287 σωτηρίας
1805 2249 1854 2277 τοῦ

225 2302 272 2329 tati
291 2302 394 2336 gratias
418 2309 478 2336 ago,
495 2301 565 2335 quod
591 2300 657 2326 mihi
684 2299 750 2326 vitio
775 2303 896 2326 vertatur
920 2298 1010 2333 legum

1068 2299 1112 2325 σοῦ
1141 2299 1305 2334 θεράποντος
1333 2297 1379 2324 τοῦ
1410 2297 1604 2324 εὐσεϐεστάτου
1639 2294 1828 2324 Κωνσταντίου
1844 2314 1852 2325 ,

224 2351 332 2376 tuarum
366 2347 529 2376 observatio.
557 2346 682 2375 Graviori
717 2346 791 2374 enim
826 2343 1011 2372 criminationi

1068 2331 1279 2380 κατηγοροῡμαι.
1300 2342 1380 2370 Ἀλλὰ
1393 2344 1426 2378 τῇ
1444 2344 1476 2378 σῇ
1487 2342 1633 2378 ἁγαθότητι
1648 2341 1738 2376 χάρις,
1754 2340 1795 2367 ὃτι
1808 2339 1853 2366 διὰ

260 2467 283 2483 ⁷⁵
298 2465 393 2494 Matth.
408 2473 487 2498 xvnt,
502 2464 529 2491 Ξ.
567 2463 590 2479 ⁸⁵
603 2461 699 2490 Matth.
715 2469 754 2494 vn,
768 2461 795 2489 6.
834 2460 854 2476 "
870 2459 924 2487 lsa.
942 2466 1031 2492 xxx”,
1046 2458 1073 2486 6.
1112 2458 1135 2473 θ’
1153 2457 1221 2484 Tob.
1237 2464 1262 2483 IV
1289 2456 1332 2484 l9.

260 2556 317 2592 (60)
333 2555 361 2583 lu
373 2556 463 2588 editis,
481 2554 528 2582 καὶ
541 2555 598 2580 ἐκεῖ
613 2552 682 2584 πῶς.
703 2551 756 2579 Sed
772 2552 830 2578 ἐκεῖ
845 2549 915 2585 quod
943 2548 1013 2576 desit

225 2591 251 2619 in
263 2591 389 2620 omnibus
406 2599 470 2618 mss.
482 2591 610 2617 omissum
623 2593 675 2615 est.

261 2627 316 2662 (61)
335 2623 526 2662 Βεεηοῦγὲάν.
636 2657 643 2662 _
778 2661 781 2662 ν
831 2655 854 2662 u
912 2655 918 2660 _

257 2655 314 2699 (62)
325 2663 359 2688 Σε
376 2655 452 2689 deest
463 2661 488 2699 in
499 2661 624 2699 Regnnee
636 2657 734 2699 lectum
744 2661 785 2699 est
803 2664 817 2684 a
831 2655 948 2686 Nannio.
960 2662 1006 2689 qui

223 2693 316 2731 vertit,
337 2701 384 2724 aut
395 2704 446 2723 non
461 2696 529 2723 inter
541 2693 629 2729 felicia
644 2694 795 2731 ρνωαίςεικ
815 2727 822 2731 ,
839 2727 844 2731 ,
932 2725 953 2731 ,ς
964 2725 980 2731 ..

260 2725 316 2769 (65)
346 2733 411 2769 Reg.
433 2739 521 2769 quem
541 2725 687 2769 sequimur
701 2747 718 2769 τι
735 2727 917 2769 διαϐαλόνταλ
932 2725 1004 2769 ῌάἰι.

223 2760 339 2799 (Ξοῖιιιιῖη
354 2760 565 2798 ὲνδίαεαλόνται.
581 2763 663 2791 Busil.
679 2764 743 2790 edit.
759 2763 844 2789 Paris.
860 2767 886 2788 et
897 2760 1004 2790 Colum.

221 2802 419 2830 ἑνδιαὸαλόντα.

255 2839 310 2874 (64)
319 2837 401 2871 Etliti,
411 2836 547 2868 mendose,
557 2833 789 2869 κατείρηκές.ῐίι·ε
804 2853 811 2868 ,
821 2830 1001 2866 κατειρηκώς.

1100 2547 1156 2582 (65)
1170 2546 1236 2581 Reg.
1256 2552 1285 2574 et
1303 2545 1384 2574 Basil.
1399 2552 1468 2581 quos
1482 2542 1631 2579 sequimur.
1651 2539 1772 2573 ἀληθῶς.
1785 2540 1852 2568 Edi-

1063 2583 1094 2615 ti,
1108 2582 1228 2618 ἀληθεῖς.

1097 2628 1152 2664 (66)
1165 2627 1226 2654 Τῶν
1238 2628 1315 2655 deest
1327 2627 1354 2653 in
1369 2625 1438 2659 Reg.

1095 2674 1150 2710 (67)
1166 2673 1212 2701 Sic
1225 2673 1292 2708 Reg.
1309 2677 1336 2699 et
1354 2670 1440 2710 Basjl.
1451 2670 1603 2710 Eilit._vero
1629 2665 1848 2710 [farissetnRoL

1057 2700 1180 2736 οἰκεῑενί
1198 2700 1317 2738 ϐοιηῖἶι..
1342 2707 1455 2738 οἰκεῖον,
1477 2705 1558 2732 male.
1585 2703 1668 2730 Paulo
1686 2707 1747 2737 post
1769 2700 1849 2736 Reg.,

1057 2744 1234 2781 ττεριώριοτο,
1246 2743 1359 2777 optime.
1380 2742 1448 2768 Editi
1465 2741 1533 2767 male
1548 2738 1740 2774 περιώριστον.

1094 2792 1149 2826 (68)
1167 2791 1239 2822 Haec,
1261 2788 1373 2826 puellae
1388 2787 1452 2820 τῶν,
1466 2787 1559 2815 desunt
1573 2786 1598 2813 in
1611 2785 1676 2819 Reg.
1689 2783 1772 2811 Paulo
1786 2784 1850 2818 post

1059 2823 1145 2860 idem,
1159 2826 1228 2860 Λόγε
1243 2823 1289 2852 κάξ
1308 2823 1404 2858 Σοιρία.
1857 2838 1862 2843 .
