2018 3048
249 167 302 195 619

533 169 562 198 S.
583 167 771 196 ATHANASII
785 167 862 196 OPP.
883 166 973 196 PARS
990 166 1010 195 I.
1030 182 1065 187 —
1085 164 1269 194 HISTORICA
1288 165 1333 193 ET
1352 163 1561 193 DOGMATICA.

1820 160 1876 189 690

250 233 322 258 nius,
340 226 385 260 qui
402 234 464 254 cum
488 227 544 262 jam
563 227 618 255 illic
643 227 771 262 populum
793 227 958 262 coegissent,
974 233 1024 254 con

1087 224 1289 261 ηὐχαρίστησαν
1311 223 1350 260 τῷ
1376 223 1481 259 κυρίῳ,
1508 222 1634 257 ὲγκαίνια
1659 221 1875 253 ὲπιτελεσαντες.

249 277 386 300 summato
400 278 489 302 tamen
508 280 603 308 opere,
617 274 719 309 gratias
732 273 847 301 Domino
863 276 987 307 egerunt,
1002 279 1034 300 ac

249 318 444 346 dedicationem
464 319 645 348 celebrarunt.
660 319 689 348 ld
702 324 728 348 te
741 327 847 355 quoque
858 318 948 347 facere
965 325 1032 346 con-

230 367 232 369 ’
247 365 334 396 venit,
347 369 458 398 paratus
479 365 551 392 enim
575 365 661 399 locus,
679 366 883 401 prazmissisque
903 364 1034 393 orationi-

247 410 299 437 bus
311 411 448 444 expiatus.
465 415 517 438 tute
533 411 643 447 pietatis
659 412 830 447 praesentiam
848 410 968 446 postulat
982 418 990 438 :
1005 410 1033 438 id

247 456 319 484 enim
336 457 374 484 illi
390 457 424 484 ad
442 457 590 492 perfectum
611 462 738 486 ornatum
757 458 842 486 deest.
856 456 914 484 Hoc
926 457 1032 484 utinam

246 497 366 538 expleas,
383 511 415 530 ac
433 509 494 531 vota
514 509 558 531 tua
573 503 688 531 Domino
712 503 822 536 reddas,
837 504 881 531 cui
899 504 968 530 hanc
983 502 1033 530 do-

246 556 320 576 mum
335 549 461 577 cxcitasti
473 550 480 576 l
493 549 551 577 haec
565 549 664 584 quippe
680 549 801 577 omnium
817 554 879 577 vota
903 552 977 577 sunt.

281 593 326 621 l9.
342 593 453 627 Verum,
479 601 570 629 quaeso
590 599 627 627 te,
643 595 722 622 aliam
736 595 915 630 disquiramus
929 594 1033 622 calum-

246 639 332 673 niam,
352 640 411 675 ejus
431 648 538 676 quoque
551 641 735 676 propulsandae
759 642 863 668 veniam
879 641 1030 668 concedite.

244 685 310 712 Ausi
340 690 404 712 sunt
431 686 504 713 enim
527 693 570 714 me
592 686 765 718 calumniari,
792 687 869 721 quasi
898 686 1032 715 mandatis

245 732 311 763 tuis,
326 732 426 766 quibus
445 731 550 767 iussum
575 733 651 760 aiunt
672 737 701 760 ut
723 733 838 760 ecclesia
861 732 1031 765 excederent,

243 785 299 804 non
315 778 536 812 obtemperarint.
552 778 681 813 Equidem
702 787 755 807 non
771 787 880 814 possunt
901 787 954 806 non
979 778 1029 806 mi-

243 823 298 850 rari
311 831 357 851 eos
370 823 480 861 minime
495 824 634 859 delatigari
658 825 685 852 in
705 825 890 861 conllngendis
908 825 1033 854 crimini-

243 867 313 896 bus:
327 876 376 896 nec
385 869 426 896 sic
433 873 522 896 tamen
531 877 582 905 ego
590 871 736 902 deterreor,
752 870 806 898 imo
816 871 904 905 potius
918 874 990 898 ator
1004 870 1031 898 in

242 921 275 941 ea
298 913 457 948 depellenda
479 915 688 944 criminatione;
703 920 806 951 quanto
834 917 905 944 enim
936 917 1029 951 plures

245 959 324 986 edam
347 959 496 995 apologias,
527 964 604 988 tanto
625 960 732 989 facilius
756 969 852 990 eorum
875 962 1030 997 malignitas

247 1004 410 1039 deprehendi
433 1005 610 1040 damnarique
634 1008 743 1041 poterit.
777 1007 954 1042 Nequaquam
980 1007 1031 1035 ob-

245 1046 303 1074 stiti
323 1047 432 1082 pietatis
448 1052 499 1075 tua:
515 1049 653 1082 mandato,
674 1051 761 1078 absit!
780 1058 833 1078 non
854 1052 918 1078 tanti
932 1053 1031 1087 quippe

244 1101 304 1121 sum
328 1101 378 1130 ego
397 1099 427 1122 ut
446 1095 575 1123 obsistam
599 1096 639 1124 vel
668 1098 794 1131 quiestori
822 1097 916 1129 Urbis,
931 1098 1029 1124 nedum

243 1142 320 1166 tanto
335 1139 504 1174 imperatori.
523 1139 617 1175 Neque
633 1148 701 1176 opus
724 1146 754 1169 ut
778 1141 828 1169 hac
851 1142 885 1169 de
902 1149 931 1169 re
945 1141 1029 1169 multa

241 1185 325 1212 verba
351 1185 460 1219 faciam,
477 1186 554 1214 testis
570 1187 669 1223 quippe
695 1188 761 1215 mihi
782 1193 824 1215 est
840 1192 896 1216 tota
920 1188 1027 1216 civitas.

241 1232 366 1260 Concede
382 1238 471 1261 tamen
485 1238 514 1261 ut
526 1235 560 1262 ab
578 1235 655 1262 initio
670 1242 726 1262 rem
748 1236 786 1263 uti
800 1240 875 1271 gesta
891 1239 932 1264 est
949 1243 1029 1264 enar-

241 1285 318 1306 rem:
332 1286 394 1305 nam
413 1284 450 1311 te,
460 1280 482 1307 si
500 1280 632 1313 audieris,
652 1281 814 1308 miraturum
835 1281 954 1308 arbitror
969 1280 1022 1308 ini-

238 1323 375 1351 micorum
403 1331 526 1352 meorum
545 1325 737 1353 temeritatem.
757 1325 901 1353 Montanus
928 1325 1028 1354 Palati-

240 1376 293 1396 nus
309 1369 452 1403 epistolam
467 1370 500 1397 ad
518 1377 560 1398 me
575 1370 682 1404 detulit,
697 1370 773 1406 quasi
789 1378 838 1406 ego
850 1378 865 1398 a
882 1376 908 1398 te
925 1372 1027 1406 scripto

239 1415 421 1450 postulassem
435 1421 464 1442 ut
485 1416 512 1443 in
529 1415 635 1443 Italiam
660 1416 724 1444 mihi
743 1418 893 1445 concedere
912 1417 1025 1451 liceret;

239 1465 270 1487 ut
282 1468 342 1496 quae
362 1461 443 1489 rebar
458 1461 654 1490 ecclesiasticis
676 1463 756 1490 rebus
777 1463 897 1491 deiicere
919 1464 1025 1491 inStau-

238 1507 294 1534 rari
312 1513 431 1542 possent.
446 1507 479 1535 Et
496 1515 561 1535 sane
579 1509 680 1544 gratias
697 1517 748 1545 ago
763 1509 857 1544 pietati
873 1515 937 1543 tuae,
954 1511 1027 1545 quod

238 1551 339 1580 litteris
352 1560 445 1588 quasa
462 1560 504 1580 me
517 1553 653 1588 profectas
671 1555 820 1583 arbitratus
833 1563 862 1583 es
879 1556 1024 1590 perhuma-

238 1598 312 1625 niter
323 1599 465 1632 annueris,
483 1607 632 1634 curamque
648 1600 767 1635 gesseris
792 1606 822 1628 ut
835 1603 977 1629 commode
993 1609 1026 1629 ac

239 1644 300 1672 sine
321 1644 414 1672 labore
431 1644 484 1671 iter
497 1644 679 1679 instituerem,
693 1647 724 1673 ad
742 1652 823 1682 teque
842 1648 1024 1682 pervenirem.

241 1692 277 1718 At
298 1695 372 1719 certe
396 1690 482 1718 miror
501 1698 620 1723 rursum,
636 1692 708 1726 quod
735 1693 776 1719 vel
804 1693 838 1720 ad
867 1701 946 1720 aures
965 1697 1025 1720 tuas

238 1736 348 1764 mentiri
368 1736 437 1764 nihil
461 1736 516 1764 sint
536 1736 635 1769 veriti,
653 1745 714 1764 cum
737 1742 825 1765 tamen
855 1739 1026 1766 mendacium

238 1782 349 1811 diabolo
364 1783 399 1810 sit
428 1783 579 1818 proprium,
609 1783 808 1818 mendacesque
834 1784 868 1811 ab
885 1791 918 1811 eo
943 1784 1024 1812 alieni

238 1830 292 1857 sint
305 1830 352 1865 qui
367 1829 406 1856 ait
418 1838 425 1856 :
439 1828 495 1864 Ego
511 1837 569 1856 sum
592 1830 688 1856 veritas
697 1829 728 1856 ".
745 1828 802 1856 Non
822 1829 894 1856 enim
915 1829 1023 1864 scripsi,

239 1884 290 1904 nec
308 1877 460 1905 istiusmodi
481 1876 624 1912 epistolam
653 1883 795 1904 accusator
823 1884 940 1911 unquam
962 1884 1024 1912 pro-

239 1921 312 1949 ferre
336 1921 445 1956 poterit.
465 1921 504 1948 Ac
526 1922 577 1948 etsi
596 1929 645 1956 par
662 1922 727 1949 milii
745 1921 837 1949 luisset
855 1921 952 1949 litteris
967 1929 981 1949 τι
998 1927 1024 1949 te

239 1967 361 2001 quotidie
377 1966 525 2002 postulare,
540 1973 570 1993 ut
587 1967 732 2002 benignum
745 1967 847 1994 vultqu
866 1972 940 1995 tuum
957 1975 1023 1995 cou-

239 2015 345 2048 spicere
362 2014 475 2046 liceret;
489 2013 571 2050 244
588 2018 772 2040 verumtamen
793 2020 842 2041 nec
861 2013 900 2040 fas
924 2018 966 2040 est
979 2021 1024 2041 ec-

239 2059 339 2086 clesias
352 2059 491 2091 deserere,
508 2066 557 2086 nec
585 2067 628 2086 me
652 2059 741 2086 decuit
760 2059 852 2093 pietati
872 2063 924 2086 tum
941 2060 1026 2087 mole.

238 2110 312 2132 stutn
328 2111 400 2136 esse,
421 2111 482 2131 cum
498 2103 683 2138 potissimum,
699 2103 777 2131 nobis
802 2107 883 2132 etiam
906 2105 1026 2133 absenti-

1085 272 1170 299 Τοῦτο
1180 271 1227 299 καὶ
1240 272 1269 298 σὲ
1279 271 1366 297 ποιεῖν
1376 270 1486 306 πρέπει,
1504 268 1719 305 φιλομαθέστατε
1744 266 1853 303 βασιλεῦ
1866 272 1876 281 '

1084 319 1192 354 ἕτοιμος
1202 317 1256 353 γὰρ
1272 318 1286 344 ό
1297 317 1379 348 τόπος
1394 315 1586 352 προαγνισθεὶς
1593 315 1652 347 ταῖς
1662 322 1726 350 προγ
1733 313 1874 349 ενομέναις

1084 365 1186 399 εὐχαῖς,
1198 363 1287 399 ζητῶν
1302 362 1453 399 παρουσίαν
1469 362 1519 398 τῆς
1535 362 1584 397 σῆς
1610 360 1748 392 εὐσεὸείας
1759 369 1765 376 ·
1794 359 1874 386 τοῦτο

1084 410 1138 446 γὰρ
1153 410 1226 446 αὐτῷ
1240 409 1327 436 λείπει
1342 409 1410 445 πρὸς
1422 409 1468 436 τὸν
1480 408 1581 435 τέλειον
1594 408 1705 442 κόσμον.
1721 406 1806 433 Τοῦτο
1823 406 1873 442 μὲν

1084 455 1131 484 οὖν
1148 456 1330 492 πληρώσειας,
1343 455 1445 492 καὶτὴν
1459 455 1542 491 εὐχὴν
1563 454 1691 489 ἀποδοίης
1709 453 1749 489 τῷ
1765 453 1870 488 Κυρίῳ,

1082 499 1105 538 ᾦ
1124 503 1171 530 καὶ
1184 503 1230 530 τὸν
1244 500 1318 530 οἶκον
1335 502 1487 538 πεποίηκας
1496 510 1503 517 ·
1515 500 1596 528 τοῦτο
1608 500 1664 536 γὰρ
1677 500 1785 527 πάντων
1799 499 1873 525 ἐστὶν

1083 550 1159 586 εὐχή.

1119 596 1163 624 l9.
1179 595 1229 628 Δὺς
1245 595 1288 632 δὴ,
1312 595 1359 622 καὶ
1379 595 1429 630 τὴν
1445 593 1528 630 ἄλλην
1551 593 1651 628 ἴδωμεν
1663 591 1798 627 διαϐολὴν,
1825 590 1873 617 καὶ

1085 641 1260 678 συγχώρησον
1273 640 1494 676 ἀπολογήσασθαι
1517 640 1565 666 καὶ
1581 639 1644 674 περὶ
1664 638 1758 673 αὐτῆς.
1776 637 1872 664 Τετολ-

1084 688 1188 724 μήκασι
1215 687 1269 723 γὰρ
1291 688 1338 714 καὶ
1361 686 1440 713 τοῦτο
1453 685 1626 719 Αδιαὸάλλειν,
1647 683 1872 716 ὡςάντιστάντος

1083 734 1150 770 ἐμοῦ
1163 735 1221 766 τοῖς
1237 735 1294 766 σοῖς
1311 734 1530 770 προστάγμασιν,
1548 731 1618 759 ὥστε
1635 731 1672 767 μὴ
1691 730 1808 764 ἐξελθεῖν
1820 730 1872 765 τὴν

1083 779 1237 816 ἐκκλησίαν.
1265 780 1400 812 Ἐκείνους
1432 779 1481 815 μὲν
1503 776 1551 805 οὖν
1584 776 1716 812 θαυμάζω
1739 777 1776 812 μὴ
1803 776 1872 802 ἁπο-

1083 827 1236 862 κὰμνοψτας
1251 827 1310 858 ταῖς
1330 825 1537 860 συκοφαντίαις·
1554 823 1610 858 ἐγὼ
1622 823 1650 850 δὲ
1664 823 1738 858 ὅμως
1749 822 1810 849 οὐδὲ
1825 821 1872 848 οὕ-

1082 881 1137 905 τως
1165 872 1326 908 ἀποκάμνω,
1354 871 1442 907 χαίρω
1467 871 1496 898 δὲ
1519 870 1618 907 μᾶλλον
1642 868 1869 903 ἀπολογούμενος.

1043 909 1067 937 Β
1081 919 1156 954 Ὂσῳ
1167 919 1221 954 γὰρ
1233 918 1376 952 ἁπολογίαι
1389 917 1495 949 πολλαὶ,
1509 916 1629 951 τοσούτῳ
1643 915 1690 942 καὶ⁹
1707 914 1787 941 πλέον
1800 914 1872 940 ἐκεῖ·

1081 972 1121 990 νοι
1141 963 1267 990 δύνανται
1290 963 1347 999 (74)
1367 961 1631 997 καταγινώσκεσθαι.
1660 961 1717 988 Θὺκ
1739 960 1872 994 ἀντέστην

1080 1009 1271 1045 προστάγματι
1282 1008 1333 1043 τῆς
1350 1008 1400 1044 σῆς
1417 1006 1568 1040 εὐσεϐείας,
1588 1007 1624 1042 μὴ
1635 1005 1756 1040 γένοιτοῐ
1771 1005 1801 1031 οὐ
1815 1004 1870 1040 γὰρ

1079 1055 1236 1090 τηλικοῦτος
1253 1055 1338 1090 ἢμην,
1354 1054 1399 1082 ἵνα
1422 1053 1470 1081 καὶ
1490 1053 1600 1089 λογιστῇ
1617 1053 1721 1084 πόλεως
1741 1050 1870 1084 ἀπιστῶ,

1080 1102 1178 1137 μήτιγε
1193 1100 1345 1137 τηλικούτῳ
1364 1100 1485 1135 βασιλεῖ,
1502 1099 1559 1136 (75)
1580 1099 1627 1126 καὶ
1643 1099 1708 1135 περὶ
1720 1097 1814 1125 τούτου
1831 1105 1873 1124 το-

1080 1146 1184 1173 σούτων
1199 1145 1334 1173 πλείστων
1345 1144 1410 1180 παρ’
1427 1144 1495 1180 ἐμοῦ
1514 1144 1616 1178 λόγων⁹
1629 1143 1704 1170 πᾶσα
1721 1142 1775 1177 γὰρ
1790 1142 1806 1176 ἡ
1821 1140 1871 1167 1'56-

1079 1191 1121 1222 λις
1132 1199 1176 1226 μοι
1191 1191 1336 1226 μαρτυρεῖ.
1349 1188 1530 1225 Συγχὼρησον
1541 1188 1569 1215 δὲ
1578 1188 1653 1224 ὅμως
1669 1187 1716 1214 καὶ
1730 1186 1809 1213 τοῦτο
1823 1186 1873 1212 πά-

1078 1236 1120 1264 λιν
1136 1236 1166 1269 ἐξ
1179 1236 1266 1272 ἀρχῆς
1275 1235 1459 1271 διηγήσασθαι
1472 1235 1502 1262 τὸ
1513 1235 1644 1270 πρᾶγμα⁸
1661 1233 1708 1260 καὶ
1723 1233 1778 1268 γὰρ
1790 1231 1872 1258 ἁκού-

1080 1291 1138 1314 σας,
1155 1281 1317 1317 θαυμάσεις,
1342 1279 1371 1308 εὖ
1393 1279 1441 1307 οἷδ’
1455 1281 1506 1312 ὅτι,
1532 1280 1585 1306 τῶν
1607 1278 1713 1315 ἐχθρῶν
1735 1278 1785 1312 τὴν
1798 1276 1872 1312 εὐχέ-

1081 1337 1164 1364 ρειαν.
1179 1327 1318 1359 Μοντάνος
1344 1328 1359 1354 ὀ
1374 1326 1524 1358 Παλατινδς
1538 1324 1603 1361 ἦλθε
1624 1324 1744 1360 κομίζων
1763 1324 1871 1350 ἐπιστο-

1077 1374 1136 1410 λὴν,
1149 1374 1188 1406 ὡς
1200 1373 1267 1409 ἐμοῦ
1285 1373 1451 1409 γράψαντος,
1465 1372 1508 1399 ἵνα
1529 1373 1569 1404 είς
1582 1371 1630 1407 τὴν
1650 1370 1765 1397 Ἰταλιαν
1782 1369 1849 1396 ἔλθω
1860 1377 1866 1383 ·

1078 1419 1125 1446 καὶ
1143 1418 1161 1445 ἃ
1179 1417 1282 1453 νομίζω
1303 1417 1408 1445 λείπειν
1425 1418 1483 1449 τοῖς
1504 1416 1754 1452 ὲκκλησιαστικοῖς,
1785 1414 1870 1441 ταῦτα

1078 1464 1256 1500 πληρωθῆναι
1277 1463 1389 1499 δυνηθῇ.
1407 1464 1447 1499 Τῇ
1461 1463 1509 1499 μὲν
1525 1460 1572 1490 οὖν
1587 1464 1619 1498 σῇ
1635 1461 1765 1497 εὐσεϐείᾳ
1779 1461 1868 1496 χάρις,

1077 1512 1119 1538 ὅτι
1129 1510 1308 1546 κατηξίωσεν,
1321 1509 1359 1541 ὠς
1374 1509 1441 1545 ἐμοῦ
1457 1509 1621 1545 γράψαντος,
1641 1507 1783 1534 ἐπινεῦσαι
1800 1507 1869 1542 (76),

1078 1558 1125 1584 καὶ
1140 1557 1189 1592 τῆς
1199 1556 1259 1583 ὁδοῦ
1275 1556 1403 1591 πρόνοιαν
1414 1556 1563 1591 πεποίηκεν
1579 1555 1649 1590 ὑπὲρ
1659 1554 1706 1580 τοῦ
1717 1553 1819 1589 ταύτην
1830 1553 1871 1580 ἐλ-

1078 1603 1144 1634 θεῖν,
1158 1603 1205 1629 καὶ
1225 1602 1329 1637 ἁκμητὶ
1350 1601 1474 1628 διανῦσαι
1489 1608 1540 1636 με*
1559 1601 1622 1632 τοὺς
1636 1600 1665 1627 δὲ
1680 1600 1869 1635 ψευσαμένους

1078 1649 1128 1680 τὰς
1146 1648 1195 1680 σὰς
1212 1648 1296 1680 ἀκοὰς
1311 1647 1472 1683 τεθαύμακα
1488 1646 1569 1674 πάλιν
1585 1647 1622 1682 μὴ
1636 1646 1812 1682 φοϐηθέντας,
1827 1647 1868 1672 ὃτι

1079 1695 1109 1720 τὸ
1122 1694 1217 1728 ψεῦδος
1235 1693 1300 1720 ίδιόν
1313 1694 1371 1719 ἐστι
1388 1693 1433 1719 τοῦ
1447 1692 1578 1723 διαϐόλου,
1597 1692 1644 1718 καὶ
1664 1693 1688 1718 οἱ
1711 1691 1868 1726 ψευδόμενοι

1080 1739 1215 1775 ἀλλότριοι
1228 1740 1282 1766 εισι
1293 1738 1340 1765 τοῦ
1355 1738 1478 1772 λέγοντος
1490 1746 1497 1753 ·
1521 1736 1590 1772 Ἐγώ
1608 1739 1668 1772 εἰμι
1689 1737 1708 1770 ὴ
1732 1737 1866 1770 ἀλήθεια.

1076 1784 1114 1812 Οὐ
1137 1785 1192 1820 γὰρ
1213 1783 1331 1820 ἔγραψα,
1359 1783 1420 1810 οὐδὲ
1435 1782 1564 1818 τοιαύτην
1577 1783 1721 1818 επιστολὴν
1741 1783 1832 1818 εὑρεῖν
1853 1783 1869 1808 ὸ

1076 1831 1228 1866 κατήγορος
1244 1830 1398 1865 δυνήσεται.
1416 1830 1446 1856 Ei
1462 1830 1509 1856 καὶ
1527 1829 1579 1856 ἔδει
1607 1837 1640 1865 με
1660 1829 1776 1865 γράφειν
1801 1829 1867 1856 καθ-

1075 1877 1195 1912 ημέραν,
1221 1877 1264 1903 ῐνα
1280 1876 1329 1911 τὴν
1346 1875 1451 1911 ἀγαθήν
1475 1884 1520 1901 σου
1535 1875 1666 1910 πρόσοψιν
1687 1875 1741 1911 (77)
1758 1875 1866 1910 θεωρῶ·

1075 1922 1131 1949 ἀλλ’
1144 1922 1206 1949 οὔτε
1222 1922 1271 1954 τὰς
1292 1921 1457 1956 Ἐκκλησίας
1474 1921 1691 1956 καταλιμπάνειν
1703 1922 1787 1952 ὅσιον,
1807 1921 1868 1947 οὐδὲ

1077 1968 1110 1994 δι’
1124 1969 1202 2004 δχλου
1212 1969 1245 2004 τῇ
1258 1969 1290 2003 σῇ
1303 1967 1428 2003 εὐσεϐείᾳ
1438 1967 1559 2002 γίνεσθαι
1572 1967 1677 1994 δίκαιον
1685 1965 1719 2002 ἢν
1729 1975 1735 1982 ·
1752 1967 1868 2002 μάλιστα

1078 2017 1119 2043 ὅτι
1139 2016 1185 2042 καὶ
1199 2015 1321 2042 ἀπόντων
1341 2015 1420 2050 ἡμῶν
1440 2014 1574 2046 ἐπινεύεις
1600 2015 1660 2046 ταῖς
1677 2014 1868 2049 ἐκκλησιαστι-

1079 2062 1141 2092 καῖς
1155 2059 1308 2093 ἀξιώσεσιν.
1326 2060 1359 2086 *Α
1377 2059 1426 2095 μὲν
1440 2057 1486 2086 οὖν
1501 2059 1557 2094 (78)
1574 2058 1699 2085 ἐκέλευσε
1717 2058 1866 2091 Μοντάνος,

1080 2107 1210 2133 κέλευσον
1233 2105 1386 2140 ἀναγνῶναί
1406 2114 1439 2141 με
1450 2114 1457 2120 ·
1471 2105 1594 2141 ἔστιγὰρ
1611 2105 1731 2133 ταῦτα...

239 2156 300 2185 bus,
319 2151 409 2180 soleas
426 2151 618 2180 ecclesiasticis
646 2151 821 2188 petitionibus
844 2160 973 2181 annuere.
986 2155 1021 2182 At
1039 2161 1099 2190 quae
1119 2155 1260 2182 Montanus
1289 2153 1379 2188 jussit,
1401 2161 1444 2181 me
1464 2154 1580 2181 recitare
1606 2153 1711 2189 jubuto,
1731 2162 1792 2181 nam
1808 2153 1866 2181 haec

239 2202 296 2236 ipsa
312 2203 409 2227 sunt...

273 2247 318 2274 20.
337 2246 391 2275 Sed
405 2247 542 2275 undenam
558 2247 692 2282 ejusmodi
717 2247 858 2283 epistolam
875 2249 947 2276 nacti
961 2254 1024 2277 sunt

1113 2248 1158 2275 20.
1172 2247 1257 2274 Πόθεν
1271 2247 1300 2274 δὲ
1317 2246 1371 2283 ἄρα
1388 2247 1434 2274 καὶ
1450 2247 1551 2282 ταύτην
1563 2247 1612 2282 τὴν
1627 2246 1771 2282 ἐπιστολὴν
1787 2243 1866 2283 εὖρον

237 2292 434 2320 obtrectatores
455 2293 508 2320 mei
519 2293 531 2320 ?
542 2292 627 2321 Nosse
641 2293 720 2320 velim
738 2293 865 2328 quisnam
883 2294 949 2330 ipsis
961 2302 1022 2322 eam

238 2338 360 2366 tradidit.
380 2338 460 2372 lube,
474 2346 577 2374 quaeso,
593 2343 623 2366 ut
642 2340 824 2374 respondeant
841 2349 847 2366 :
863 2341 928 2368 hinc
950 2341 1023 2369 enim

236 2384 344 2412 edisces
360 2384 432 2419 ipsos
443 2384 513 2412 hanc
527 2390 696 2413 commentos
710 2392 771 2413 esse
785 2386 1021 2419 criminationem;

237 2429 463 2464 quemadmodum
497 2429 570 2458 illam
603 2438 664 2465 qua:
693 2436 799 2466 spectat
826 2432 1023 2460 exsecrandum

237 2474 419 2510 Magnentium
434 2475 503 2503 l'also
515 2476 717 2511 pervulgarunt.
727 2476 802 2509 Quod
813 2477 836 2504 si
852 2477 878 2504 in
893 2477 944 2504 hoc
956 2484 1023 2512 quo-

236 2528 291 2555 que
316 2521 493 2557 sycophantae
510 2522 758 2557 deprehendantur,
776 2524 809 2550 ad
824 2531 905 2558 quam
922 2524 950 2551 in
974 2531 1022 2558 po.

237 2571 341 2595 sterum
369 2575 419 2596 nos
441 2568 602 2603 pertrahent
626 2568 832 2598 defensionem?
851 2569 907 2598 Hoc
923 2573 1022 2598 curant

218 2655 223 2662 7
271 2625 293 2641 ⁸⁸
307 2624 385 2652 Joan.
400 2632 456 2658 xiv,
471 2624 498 2653 6.

273 2684 330 2719 (74)
347 2684 393 2712 Sic
405 2683 473 2719 Reg.
487 2688 514 2711 et
532 2682 615 2711 Basil.
633 2682 705 2711 Editi
722 2689 797 2716 vero,
809 2682 952 2710 δύνωνται.

271 2720 328 2754 (75)
344 2719 436 2747 Lectio
453 2719 559 2746 vitiata.

271 2753 327 2790 (76)
344 2755 388 2782 Sic
405 2755 472 2790 Heg.
486 2754 554 2781 Editi
569 2757 659 2790 autem
675 2753 847 2790 ἐπισπεῦσαι.

271 2763 316 2782 'tu
344 2763 388 2782 διε
405 2763 472 2790 neg.
486 2763 554 2781 nutu
569 2763 659 2781 autem
675 2763 847 2781 επιστευσαι.

271 2763 330 2850 {nl
345 2790 391 2818 Sic
405 2790 473 2825 Reg.
491 2794 519 2817 et
538 2789 604 2817 edit.
620 2789 725 2816 Comm.
747 2789 820 2817 Edit.
843 2795 908 2816 vero
933 2788 1021 2817 Paris.

277 2826 315 2850 (In
326 2833 383 2850 nn..
399 2825 539 2850 mendose.
557 2825 704 2850 ποοσόώον.

237 2829 266 2852 et
277 2825 383 2855 Colum.
399 2825 539 2860 mendose,
557 2825 704 2860 προσόψον.

276 2859 332 2895 (τει
350 2860 396 2887 Sic
412 2859 492 2894 Reg.,
510 2858 556 2887 οὗν
577 2858 603 2886 iu
619 2858 698 2887 editis
719 2859 805 2888 deest.
824 2858 944 2893 Epistola
957 2866 1023 2887 vero

242 2894 361 2924 Montani
385 2895 420 2924 de
443 2902 495 2930 qua
511 2896 567 2929 hic,
584 2895 655 2923 l'ortc
679 2895 789 2928 excidit,
803 2895 845 2923 vel
872 2895 943 2929 quod
959 2902 1023 2923 vero

1076 2295 1101 2321 οἰ
1115 2294 1323 2329 κατειρηκὸτες;
1339 2293 1490 2328 ἐϐουλόμην
1506 2294 1571 2328 παρ’
1585 2293 1673 2319 αὐτῶν
1685 2292 1811 2323 ἀκοῦσαι,
1823 2293 1866 2324 τίς

1076 2341 1168 2372 αὐτοῖς
1189 2340 1236 2366 καὶ
1249 2339 1349 2374 ταύτην
1365 2339 1520 2366 ἐπιδέδωκε.
1547 2339 1662 2374 Ποίησον
1678 2338 1776 2369 αὐτοὺς
1799 2339 1866 2365 ἀπο-

1075 2385 1230 2422 κρίνασθαι.
1248 2386 1356 2422 Δυνήσῃ
1382 2384 1436 2420 γὰρ
1454 2385 1486 2410 ἐκ
1508 2383 1603 2411 τούτου
1625 2383 1731 2419 μαθεῖν,
1751 2385 1793 2411 ὅτι
1818 2385 1866 2410 καὶ

1074 2432 1176 2467 ταύτην
1186 2431 1316 2464 ἔπλασαν,
1329 2430 1423 2466 ὥσπερ
1437 2430 1565 2465 κάκείνην
1578 2429 1729 2466 ὲθρύλησαν
1740 2429 1803 2466 περὶ
1815 2429 1864 2456 τοῦ

1075 2477 1233 2513 δυσωνύμου
1251 2475 1429 2511 Μαγνεντίου.
1448 2475 1694 2510 Καταγνωσθέντες
1707 2475 1735 2503 δὲ
1754 2475 1800 2502 καὶ
1814 2484 1864 2502 πε-

1077 2525 1104 2561 ρὶ
1119 2523 1232 2559 ταύτης,
1245 2523 1285 2555 εἰς
1302 2522 1382 2550 ποίαν
1398 2521 1454 2558 ἆρα
1469 2522 1537 2558 μετὰ
1547 2522 1632 2549 ταῦτα
1645 2522 1725 2550 πάλιν
1739 2522 1864 2549 ἕλκουσιν

1073 2571 1148 2607 ἡμᾶς
1161 2569 1325 2604 ἁπολογίαν;
1342 2569 1427 2597 Τοῦτο
1440 2569 1493 2605 γὰρ
1506 2568 1717 2605 μεμελετήκασι,
1732 2568 1780 2596 καὶ
1795 2569 1863 2595 ταύ-

1078 2684 1195 2712 similius
1212 2689 1254 2712 est
1275 2684 1309 2713 ab
1331 2685 1481 2712 Athanasio
1507 2691 1645 2719 nunquam
1678 2683 1730 2710 huc
1751 2680 1860 2719 adjecta

1077 2719 1145 2751 fuit;
1158 2727 1219 2747 nam
1234 2727 1295 2747 cum
1310 2728 1403 2748 coram
1413 2717 1621 2748 Constantio'sui
1637 2717 1767 2753 purgandi
1779 2724 1862 2745 causa

1076 2760 1149 2783 esset
1168 2759 1310 2790 oraturus,
1324 2756 1409 2790 potuit
1432 2755 1510 2790 hujus
1537 2754 1656 2790 epistolae
1680 2753 1818 2790 exemplar
1827 2753 1861 2779 ab

1076 2790 1205 2827 Apologia
1222 2787 1372 2827 seiunctum
1385 2787 1505 2821 deferre,
1521 2787 1724 2827 ut'Constantio
1737 2787 1861 2827 perlege-

1076 2821 1135 2880 ἐκ
1157 2821 1231 2855 Alias
1249 2821 1318 2862 'un
1342 2833 1430 2855 causa:
1458 2830 1531 2854 esset
1561 2825 1633 2860 quod
1663 2821 1762 2852 omissa
1789 2821 1865 2857 luis:

1075 2866 1132 2889 seu
