2018 3048
195 100 245 129 621

711 99 890 127 APOLOGIA
908 99 954 127 AD
968 98 1217 126 CONSTANTIUM
1232 99 1303 127 IMP.

1774 98 1827 126 622

194 171 244 198 την
257 162 375 198 ἔχουσιν,
389 162 427 194 ὡς
442 163 509 198 ὁρῶ,
526 162 653 198 σπουδὴν,
671 163 761 189 πάντα
778 163 864 189 κινεῖν
884 162 931 189 καὶ
947 162 984 188 θο-

1043 162 1114 189 enim
1129 170 1136 188 :
1152 161 1216 194 hoc,
1236 161 1275 188 uti
1300 162 1473 195 perspectum
1498 159 1598 191 habeo,
1624 159 1781 193 moliuntur,
1798 166 1826 188 ut

195 207 296 244 ρυϐεἳν.
315 209 391 244 Τάχα
408 208 531 243 λέγοντες
548 209 633 236 πολλά
653 208 832 244 παροξύνουσι
849 208 906 244 (79)
922 216 988 235 ποτε

194 249 256 281 καθ’
271 254 349 290 ἡμῶν
360 263 366 268 ·
383 254 452 281 ἀλλά
469 255 532 286 τοὺς
548 254 686 286 τοιούτους
706 255 753 281 καὶ
769 254 988 289 ἀποστρέφεσθαι

195 300 243 327 καὶ
258 301 346 335 μισεῖν
360 300 462 327 δίκαιόν
478 301 562 332 ἐστιν,
578 300 630 333 ὅτι,
651 298 702 326 οἷοί
713 301 777 332 εἱσι,
793 300 930 331 τοιούτους
941 300 989 327 καὶ

193 347 257 378 τοὺς
266 346 414 378 ἀκούοντας
426 346 515 372 αὐτῶν
532 346 763 382 ὑπολαμϐάνουσι,
788 346 835 373 καὶ
847 345 987 382 νομίζουσι

193 391 324 419 δύνασθαι
339 391 388 423 τὰς
397 391 524 423 διαϐολὰς
540 391 642 427 ἰσχύειν
657 392 704 418 καὶ
719 391 795 427 παρὰ
809 391 860 418 σοί.
878 392 988 427 Ἴσχυσε

195 437 250 474 γάρ
271 446 337 464 ποτε
357 438 374 473 ὴ
393 437 440 464 τοῦ
461 437 540 473 Δωὴκ
560 437 631 464 κατὰ
651 438 706 464 τῶν
727 438 822 474 ἱερέων
839 437 885 464 τοῦ
900 437 985 464 Θεοῦ·

194 483 253 510 ἀλλ’
274 486 289 511 ὸ
306 484 424 516 ἀκούσας
443 484 528 511 Σαοὺλ
549 481 584 519 ἦν
603 485 618 510 ὁ
630 484 732 516 ἄδικος.
751 485 806 511 Καὶ
825 483 941 517 Ἰεζάϐελ
958 485 987 511 δέ

193 529 358 557 διαϐαλοῦσα
385 530 506 566 ἠδυνήθη
524 530 623 565 βλάψαι
641 530 686 557 τὸν
707 530 914 557 θεοσεϐέστατον
928 531 986 558 Να-

194 576 289 603 ϐουθαί
305 576 377 612 (80)”
398 576 466 603 ἀλλὰ
486 577 533 603 καὶ
555 576 656 615 Ἀχαὰϐ
677 577 692 603 ὁ
711 576 828 613 πονηρὸς
855 577 901 604 καὶ
915 578 986 604 ἀπο-

195 623 296 658 στάτης
311 624 326 650 ὁ
339 622 456 650 ἀκούων.
482 623 511 649 '0
528 623 556 649 δέ
574 623 724 657 ἁγιώτατος
740 623 831 656 Δαϐὶδ,
849 620 880 650 οὗ
899 632 985 659 μιμη-

194 670 243 705 τὴν
264 667 333 696 εἶναί
355 678 384 696 σε
401 669 544 705 προσήκει,
563 670 610 696 καὶ
636 670 736 702 πάντες
765 669 898 705 εὔχονται,
923 671 986 702 τοὺς

194 714 330 746 τοιούτους
341 715 402 742 οὕτε
415 715 566 752 προσίεται,
582 715 650 743 ἀλλὰ
659 716 707 742 καὶ
721 715 759 746 ὡς
771 715 926 748 λυσσῶντας
939 715 986 742 κύ-

193 769 242 792 νας
257 761 444 796 ἀπεστρέφετο
461 761 527 797 (81),
548 761 651 796 λέγων’
677 761 733 789 Τὸν
755 761 986 788 καταλαλοῦνῖα

193 806 290 841 λάθρα
317 808 371 835 τοῦ
401 808 535 842 πλησίον
557 807 663 840 αὑτοῦ,
682 807 791 835 τοῦτον
814 807 983 840 ὲξεδίωκον.

200 853 347 888 Ἐφύλαττε
376 854 430 890 γὰρ
455 855 504 890 τὴν
533 854 665 890 λέγουσαν
694 854 803 890 ἐντολήν
816 863 822 869 ·
859 855 899 881 Οὐ
930 862 985 880 πα-

189 899 303 934 ραδέξῃ
315 899 413 934 ἀκοὴν
427 900 567 934 ματαίαν.
587 900 698 928 Μάταια
715 900 743 927 δέ
763 900 811 927 καὶ
832 899 866 927 τὰ
882 900 985 927 τούτων

191 945 251 972 ἐστὶ
275 946 351 982 παρά
383 945 423 972 σοί
437 954 444 961 ·
474 946 581 982 ᾔτησας
609 946 673 982 γὰρ,
696 946 734 978 ὡς
749 947 763 972 ὁ
780 945 918 981 Σολομὼν,
937 945 985 972 καὶ

193 993 225 1019 σὺ
242 992 317 1028 παρὰ
330 993 444 1028 Κυρίου,
459 993 506 1019 καὶ
520 993 659 1029 εἰληφέναι
674 993 796 1026 πίστευε,
820 993 852 1020 τὸ
870 993 985 1029 μάταιον

192 1038 270 1073 λόγον
297 1039 343 1066 καὶ
358 1039 443 1074 ψευδῆ
465 1039 573 1074 μακρὰν
600 1039 655 1066 ἀπὸ
675 1039 722 1066 σοῦ
748 1040 874 1075 γενέσθαι
900 1048 985 1076 προσ-

193 1084 282 1119 ήκειν.

228 1130 272 1157 21.
290 1129 339 1156 Διά
349 1129 427 1156 τοῦτο
444 1130 533 1157 τοίνυν
546 1129 634 1164 κάγὼ,
652 1130 746 1166 ἐπειδὴ
765 1131 797 1157 ἐκ
810 1129 936 1166 διαϐολῆς
950 1128 984 1167 ἦν

193 1175 331 1210 ἐπιστολὴ,
347 1175 394 1201 καὶ
419 1175 468 1202 οὐκ
485 1172 558 1210 εἶχεν
579 1175 640 1202 οὐδὲ
655 1175 702 1202 τοῦ
720 1176 806 1202 ἐλθεῖν
824 1175 982 1211 πρόσταξιν,

193 1220 289 1254 ἔγνων,
305 1221 347 1247 ὅτι
369 1221 529 1257 προαίρεσις
547 1221 597 1248 οὐκ
609 1219 643 1257 ἦν
657 1221 708 1257 τῆς
723 1222 772 1258 σῆς
787 1222 927 1254 εὐσεϐείας
944 1222 985 1248 ἐλ-

192 1265 249 1293 θεῖν
260 1267 334 1302 ἡμᾶς
349 1267 425 1302 παρὰ
449 1267 489 1294 σέ.
503 1267 540 1294 Τὸ
555 1267 610 1304 γὰρ
625 1268 663 1304 μὴ
677 1268 804 1295 κελεῦσαι
820 1269 929 1300 πάντως
940 1268 984 1295 ἐλ-

192 1311 260 1344 θεῖν,
276 1312 343 1339 ἀλλά
354 1312 400 1339 καὶ
414 1313 518 1348 γράψαι
537 1313 576 1345 ὡς
596 1313 663 1350 ἐμοῦ
684 1314 851 1349 γράψαντος,
878 1314 924 1340 καὶ
941 1314 985 1340 θέ-

192 1357 283 1389 λοντος
298 1358 494 1394 διορθώσασθαι
507 1359 542 1386 τὰ
558 1359 688 1387 δοκοῦντα
699 1360 812 1393 λείπειν,
827 1360 916 1387 καίτοι
932 1369 984 1396 μη-

192 1404 267 1436 δενὸς
279 1403 413 1438 λέγοντος,
425 1405 551 1441 ’φανερὸν
569 1403 604 1441 ἦν
620 1406 696 1442 παρὰ
716 1406 829 1442 γνώμην
849 1404 918 1434 εἶναι
934 1407 983 1443 τῆς

192 1449 242 1485 σῆς
267 1450 435 1486 ἡμερότητος
447 1452 497 1487 τὴν
522 1451 699 1486 κομισθεῖσαν
720 1453 874 1489 ἐπιστολήν.
898 1454 984 1481 Τοῦτο

190 1497 291 1529 πάντες
304 1497 426 1532 ἐγνωσαν
436 1507 442 1513 -
456 1499 535 1525 τοῦτο
542 1499 588 1525 καὶ
600 1500 713 1535 γράφων
728 1500 865 1535 ἐδήλωσα·
883 1499 983 1528 καὶοῖ-
996 1518 1018 1549 c

189 1543 218 1570 δε
233 1543 381 1576 Μοντάνος,
395 1545 437 1571 ὃτι
454 1545 483 1571 οὐ
505 1545 535 1572 τὸ
555 1545 643 1572 ἐλθεῖν
661 1546 853 1583 παρῃτούμην,
868 1547 936 1575 ἀλλά
949 1548 980 1575 τὸ

191 1590 229 1621 ὼς
239 1589 306 1625 ἐμοῦ
321 1590 475 1626 γράψαντος
488 1591 575 1617 ἐλθεῖν
591 1592 714 1627 ἀπρεπὲς
730 1593 864 1628 ἡγούμην,
884 1594 927 1621 ἵνα
943 1595 980 1631 μὴ

190 1635 237 1662 καὶ
249 1636 278 1662 ἐν
289 1635 376 1671 τούτῳ
389 1637 523 1672 πρόφασιν
538 1636 655 1672 εὕρωσιν
671 1639 695 1664 oi
709 1639 873 1674 συκοφάνται
888 1641 979 1673 πάλιν,

191 1681 230 1713 ὡς
244 1681 300 1716 (82)
316 1681 431 1718 ὁχληροῦ
453 1682 600 1718 γενομένου
626 1692 676 1718 μου
701 1685 734 1720 τῇ
763 1685 796 1720 σῇ
829 1685 979 1721 θεοσεϐείᾳ.

198 1726 305 1761 ’Δμέλει
331 1726 593 1762 παρεσκευασάμην,
620 1727 667 1754 καὶ
694 1726 773 1754 τοῦτο
798 1725 868 1756 οἶδεν
888 1729 979 1761 αὐτὸς,

191 1772 245 1804 ἵνα,
260 1772 308 1799 ἐὰν
319 1773 423 1808 γράψαι
435 1772 617 1809 καταξιώσῃς,
631 1773 712 1805 εὐθὺς
725 1773 834 1806 ἐξέλθω,
847 1774 894 1801 καὶ
912 1775 981 1809 φθά-

192 1826 231 1844 σω
247 1819 280 1854 τῇ
298 1818 437 1854 προθυμίᾳ
452 1818 482 1845 τὸ
499 1819 680 1854 προσταχθέν.
704 1819 742 1846 Ού
758 1819 813 1856 γὰρ
828 1820 980 1856 ἐμαινόμην

189 1865 327 1891 ἀντειπεῖν
343 1864 456 1900 τοιούτῳ
472 1873 519 1891 σου
534 1865 735 1900 προστάγματι.
759 1866 806 1901 Μὴ
835 1866 980 1902 γραψάσης

190 1910 279 1938 τοίνυν
305 1911 389 1943 ὅντως
406 1912 454 1947 τῆς
477 1912 526 1947 σῆς
548 1911 698 1944 εὐσεϐείας,
721 1911 780 1944 πῶς
793 1912 925 1947 ἀντέστην
942 1912 979 1948 μὴ

190 1956 361 1989 κελευσθείς;
378 1957 413 1983 Ἢ
432 1956 491 1988 πῶς
511 1956 646 1991 λέγουσιν,
670 1956 720 1983 οὐκ
734 1956 875 1992 ἐπείσθην,
892 1957 979 1984 καίτοι

191 2002 365 2038 προστάξεως
379 2002 416 2038 μὴ
430 2002 531 2038 οὕσης;
545 2003 604 2035 πῶς
617 2003 647 2029 οὐ
660 2003 825 2037 συκοφαντία
840 2003 887 2030 καὶ
900 2003 980 2030 τοῦτο

190 2048 245 2076 τῶν
258 2048 362 2084 ἐχθρῶν
378 2048 548 2077 πλαττόντων
561 2049 592 2075 τὸ
608 2048 645 2085 μὴ
659 2049 804 2084 γενόμενον
815 2048 853 2081 ὡς
867 2049 979 2083 γενόμε-

191 2102 252 2127 νον;
264 2093 400 2130 Φοϐοῦμαι
414 2095 451 2130 μὴ
463 2095 510 2121 καὶ
524 2095 581 2127 νῦν,
599 2094 817 2130 ἀπολογουμένου
831 2104 893 2130 μου,
912 2096 978 2131 θρυ-

189 2140 309 2176 λήσωσιν
329 2140 366 2172 ὡς
388 2141 425 2176 μὴ
451 2139 617 2174 ἀξιώσαντος
634 2141 872 2176 ἀπολογήσασθαι·
892 2140 979 2173 οὕτως

1040 207 1131 235 omnia
1156 212 1282 236 moveant
1296 212 1322 234 et
1337 207 1508 242 perturbent.
1522 205 1650 233 Fortasse
1662 206 1829 249 plurimisote

1039 254 1131 282 verbis
1160 254 1302 282 adversum
1330 261 1379 280 nos
1405 255 1570 286 exasperant
1591 259 1598 277 :
1623 251 1670 279 sed
1694 250 1827 285 ejusmodi

1039 300 1113 327 viros
1134 300 1268 332 aversari,
1290 304 1318 327 et
1343 298 1407 326 odio
1429 297 1533 325 habere
1556 304 1662 332 aequum
1687 301 1739 332 est,
1756 299 1829 333 quod

1039 346 1134 382 quales
1146 346 1198 381 ipsi
1215 351 1289 379 sunt,
1305 345 1374 373 tales
1388 344 1548 372 existiment
1560 352 1607 372 eos
1620 344 1667 379 qui
1680 351 1710 372 se
1720 345 1829 372 auscul-

1041 397 1108 426 tant,
1120 400 1243 428 suasque
1256 392 1406 420 calumnias
1417 391 1501 418 etiam
1516 391 1586 426 apud
1603 395 1630 418 te
1642 390 1734 418 valere
1748 398 1828 426 posse

1039 439 1256 471 arbitrentur,“
1267 438 1338 466 Olim
1360 443 1434 467 certe
1460 441 1556 466 contra
1582 436 1742 464 sacerdotes
1767 437 1826 470 Dei,

1041 484 1121 519 Doegi
1139 484 1272 512 calumnia
1292 485 1346 511 vim
1369 483 1481 517 habuit;
1495 484 1541 511 sed
1560 483 1626 511 Saul
1640 487 1699 510 erat
1718 483 1763 518 qui
1778 491 1828 510 au—

1038 538 1095 558 rem
1112 530 1226 566 praebuit
1249 530 1290 557 vir
1307 538 1372 557 sane
1387 530 1506 564 iniquus.
1520 530 1543 546 ⁸⁷
1556 530 1588 556 Et
1603 529 1712 557 Jezabel
1725 529 1828 557 calum-

1038 576 1092 604 niis
1112 577 1169 604 suis
1188 576 1422 611 religiosissimum
1443 575 1654 603 Nabothlzcdere
1662 576 1764 610 potuit;
1779 576 1828 604 sed

1037 622 1133 650 Achab
1154 627 1225 656 erat,
1255 623 1387 650 Scelestus
1409 622 1455 649 ille
1475 626 1502 649 et
1528 627 1662 656 apostala,
1684 622 1730 657 qui
1749 623 1827 649 uxori

1037 677 1142 696 morem
1163 668 1258 704 gessit.
1276 668 1474 696 Sanctissimus
1486 673 1576 695 autent
1595 668 1690 700 David,
1701 669 1778 703 cujus
1791 673 1826 701 te,

1036 719 1066 742 ut
1081 722 1177 742 omnes
1198 719 1352 750 peroptant,
1366 715 1531 742 imitatorem
1548 722 1609 742 esse
1622 715 1759 747 convenit,
1775 714 1828 741 hn-

1034 760 1153 795 jusmodi
1170 761 1246 789 viros
1265 769 1317 788 non
1329 761 1461 795 admittit,
1483 761 1531 788 sed
1551 760 1628 795 quasi
1649 767 1731 788 canes
1752 761 1826 787 rabi-

1038 807 1086 835 dos
1109 808 1300 840 aversabatur,
1312 808 1409 836 dicens
1425 816 1432 834 :
1454 807 1638 834 Deira/tentem
1653 811 1751 834 secreto
1769 815 1829 840 pro-

1035 853 1106 880 ximo
1129 861 1188 885 suo,
1213 854 1282 879 hunc
1303 853 1476 888 persequebar
1486 852 1519 879 ⁸⁸.
1538 851 1706 886 Ριωοεριυιη
1729 852 1828 886 quippe

1037 898 1102 926 illud
1126 899 1305 927 observavit:
1324 898 1428 926 Vanum
1448 906 1578 925 rumorem
1596 907 1648 926 non
1664 898 1825 925 admittet".

1035 945 1173 974 Incassum
1204 951 1278 973 certe
1297 946 1334 973 illi
1360 946 1430 981 apud
1455 951 1481 974 te
1510 946 1651 974 mendacia
1667 945 1824 980 loquuntur,

1035 992 1081 1027 qui
1105 991 1180 1019 velut
1206 991 1335 1020 Salomon
1357 1000 1372 1019 a
1400 992 1517 1020 Domino
1543 988 1827 1028 postularisjuodte

1035 1038 1175 1073 accepisse
1194 1038 1308 1072 credas;
1329 1043 1359 1066 ut
1379 1038 1508 1065 nimirum
1539 1038 1653 1066 verbum
1675 1045 1775 1064 vanum
1797 1042 1824 1065 et

1035 1082 1149 1110 mendax
1167 1083 1245 1119 longe
1260 1084 1296 1111 sit
1307 1091 1322 1110 a
1339 1088 1365 1111 te
1374 1083 1410 1116 "’,
1425 1084 1462 1111 uti
1477 1091 1525 1119 par
1541 1088 1591 1111 est.

1069 1129 1115 1156 2i.
1134 1128 1304 1165 Quapropter
1321 1138 1382 1157 cum
1406 1130 1463 1158 sola
1487 1129 1715 1157 calumniatorum
1741 1136 1824 1164 oper:

1035 1176 1097 1203 data
1110 1174 1207 1203 fuisset
1222 1176 1348 1211 epistola,
1363 1184 1413 1203 nec
1427 1182 1470 1203 me
1485 1176 1543 1210 ipsa
1555 1175 1664 1210 jubere!
1677 1175 1710 1202 ad
1722 1180 1748 1203 te
1761 1182 1825 1208 pro—

1035 1222 1137 1255 ﬁcisci;
1154 1227 1328 1257 perspectum
1351 1230 1418 1251 sane
1440 1222 1523 1250 habui
1538 1230 1597 1251 eam
1612 1230 1665 1250 non
1685 1229 1747 1250 esse
1765 1221 1824 1256 pie-

1035 1269 1100 1297 tatis
1130 1273 1183 1296 ture
1207 1268 1373 1298 voluntatem
1392 1273 1422 1296 ut
1452 1273 1478 1296 te
1506 1269 1691 1297 convenirem.
1716 1268 1822 1297 Etenim

1034 1322 1095 1342 cum
1121 1321 1174 1342 non
1194 1314 1305 1342 omnino
1323 1314 1440 1350 iusseris
1462 1319 1493 1342 ut
1518 1314 1692 1348 accederem,
1716 1313 1762 1341 sed
1785 1313 1821 1342 ita

1035 1360 1178 1395 scripseris
1194 1361 1272 1396 quasi
1286 1360 1313 1388 id
1327 1368 1378 1394 ego
1394 1369 1408 1388 a
1424 1365 1450 1389 te
1471 1359 1777 1394 litterispostulassem,
1795 1363 1827 1386 nt

1035 1415 1096 1443 qua:
1111 1407 1229 1435 deiicere
1253 1407 1416 1435 videbantur
1430 1409 1584 1435 instaurare
1605 1407 1717 1439 liceret;
1734 1405 1823 1440 palam

1036 1453 1088 1480 fuit
1105 1453 1226 1488 (nemine
1241 1453 1304 1481 licet
1316 1453 1464 1488 indicante)
1479 1454 1608 1488 perlatam
1623 1453 1656 1480 ad
1669 1459 1712 1479 me
1723 1451 1823 1487 cpisto-

1035 1499 1088 1526 lam
1101 1506 1154 1526 non
1167 1506 1182 1527 e
1199 1499 1339 1528 sententia
1352 1499 1569 1528 mansuetudinis
1588 1504 1640 1526 tuae
1657 1497 1824 1525 fuisse.scri-

1035 1548 1119 1578 ptam.
1141 1543 1198 1571 Hoc
1213 1543 1279 1571 nulli
1295 1547 1388 1572 notum
1408 1551 1462 1572 non
1485 1548 1547 1571 est:
1562 1544 1614 1571 hoc
1632 1542 1734 1577 scripto
1749 1541 1820 1570 indi-

1036 1589 1116 1616 cavi:
1140 1596 1172 1616 ac
1191 1589 1266 1616 novit
1283 1589 1341 1624 ipse
1366 1589 1511 1616 Montanus
1536 1596 1589 1616 non
1612 1594 1752 1615 recusasse
1777 1594 1822 1614 me

1035 1635 1068 1662 ad
1088 1639 1113 1664 te
1124 1635 1271 1669 accedere;
1288 1636 1335 1663 sed
1360 1635 1396 1662 ita
1416 1635 1556 1667 accedere,
1568 1641 1600 1662 ac
1620 1634 1642 1661 si
1659 1640 1709 1668 ego
1723 1632 1823 1660 litteris

1034 1682 1102 1709 meis
1119 1681 1308 1717 proficiscendi
1323 1681 1462 1709 licentiam
1484 1680 1675 1716 postulassem,
1702 1684 1778 1706 certe
1794 1679 1821 1706 id

1034 1735 1089 1755 non
1118 1729 1214 1755 decere
1237 1727 1384 1755 arbitratus
1409 1735 1480 1760 sum,
1504 1734 1540 1755 ne
1564 1727 1628 1754 hinc
1650 1725 1822 1754 occasionem

1034 1772 1132 1800 iterum
1159 1777 1303 1807 captarent
1322 1773 1505 1808 sycophanta,
1528 1772 1604 1808 quasi
1628 1771 1752 1807 religioni
1770 1776 1824 1798 tuas

1035 1819 1165 1846 molestus
1178 1818 1302 1846 fuissem.
1315 1818 1349 1845 Et
1362 1826 1429 1846 sane
1451 1818 1507 1853 jam
1522 1826 1567 1846 me
1580 1818 1631 1846 viae
1649 1817 1822 1845 committere

1034 1863 1174 1899 parabam,
1191 1869 1220 1891 ut
1235 1865 1292 1899 ipse.
1304 1865 1379 1892 novit
1391 1864 1547 1898 Montanus,
1562 1869 1603 1898 ut,
1617 1865 1639 1892 si
1655 1864 1688 1892 ad
1698 1871 1742 1892 me
1753 1858 1822 1893 scri-

1033 1909 1099 1937 bere
1115 1909 1160 1936 tibi
1177 1909 1334 1944 placuisset,
1346 1910 1399 1937 iter
1412 1910 1614 1945 quamprimum
1630 1910 1819 1942 instituerem,

1033 1961 1214 1991 promptoque
1245 1957 1337 1984 animo
1369 1956 1475 1990 iussum
1504 1961 1579 1984 tuum
1608 1961 1818 1984 anteverterera.

1033 2001 1208 2037 Nequaquam
1224 2002 1296 2029 enim
1316 2010 1349 2030 eo
1365 2003 1480 2032 insaniae
1495 2003 1671 2035 deveneram,
1684 2007 1714 2031 ut
1727 2002 1821 2037 hujus—

1035 2048 1105 2076 modi
1119 2052 1255 2083 praecepto
1273 2052 1322 2076 tuo.
1334 2055 1524 2083 repugnarem.
1538 2047 1605 2077 Cum
1620 2039 1710 2076 nullas
1729 2049 1821 2083 itaque

1033 2095 1067 2121 ad
1083 2102 1125 2121 me
1142 2094 1251 2122 litteras
1270 2094 1375 2122 miserit
1397 2094 1485 2129 pietas
1510 2099 1566 2127 tua,
1584 2095 1630 2129 qui
1647 2095 1820 2130 repugnariin

1033 2147 1093 2167 Cum
1107 2140 1176 2169 nihil
1187 2141 1292 2176 jussum
1312 2140 1410 2168 fuerit?
1422 2140 1477 2168 Aut
1491 2141 1625 2176 quomodo
1641 2148 1685 2169 me
1704 2149 1757 2168 non
1773 2141 1822 2168 0b—

189 2184 245 2219 ἐγὼ
266 2185 317 2220 μὲν
331 2186 448 2221 εὐχερής
462 2186 525 2221 εἰμι,
535 2186 600 2220 παρ’
618 2186 710 2218 αὐτοῖς
723 2187 763 2218 είς
776 2186 806 2213 τὸ
818 2187 979 2222 κατηγορεῖ-

1035 2190 1157 2227 secutum
1173 2184 1317 2220 atIirmant,
1332 2193 1394 2213 cum
1411 2186 1515 2213 nullum
1542 2186 1623 2214 fuerit
1641 2186 1820 2214 mandatum?

190 2229 251 2256 σθαι
266 2231 332 2266 παρ’
345 2230 434 2257 αὐτῶν
446 2239 453 2245 ·
471 2231 547 2257 αὐτοὶ
559 2230 589 2256 δὲ
603 2232 695 2266 ταχεῖς
710 2231 750 2262 εἰς
759 2231 790 2257 τὸ
802 2232 981 2266 συκοφαντεῖν

1035 2231 1103 2265 Quid
1115 2232 1186 2259 aliud
1201 2232 1264 2260 illud
1278 2237 1319 2260 est
1335 2240 1416 2268 quam
1434 2240 1506 2260 mera
1520 2233 1699 2268 sycophantia
1722 2233 1819 2260 adver-

188 2276 236 2302 καὶ
249 2278 427 2312 καταφρονεῖν
440 2277 489 2312 τῆς
502 2277 614 2312 Γραφῆς
627 2276 758 2312 λεγούσης
768 2285 774 2292 ·
803 2277 852 2311 Μὴ
880 2276 982 2312 ἀγάπα

1035 2277 1166 2305 seriarum
1182 2285 1314 2310 meorum,
1328 2278 1374 2312 qui
1392 2285 1451 2312 quae
1481 2282 1556 2313 gesta
1580 2286 1632 2306 non
1655 2283 1728 2310 sunt,
1744 2284 1820 2313 gesta

188 2322 383 2357 xaralalefr,
400 2324 451 2350 ἵνα
463 2322 506 2358 μὴ
518 2323 659 2358 ἐξαρθιῙς-

1035 2322 1295 2350 romminiscuntur?
1322 2322 1423 2350 Vereor
1446 2330 1513 2350 sane
1539 2323 1621 2351 etiam
1649 2324 1673 2351 si
1706 2331 1817 2352 causam

189 2376 278 2396 meam
298 2370 503 2405 propugnarim,
519 2378 552 2398 ne
566 2363 735 2399 deblaterent
764 2370 826 2405 ipsi,
858 2370 936 2406 quasi
955 2378 1008 2397 non
1029 2369 1080 2396 sim
1109 2377 1169 2396 eam
1198 2376 1368 2404 propugnare
1393 2369 1541 2404 dignatus:
1557 2377 1642 2404 usque
1664 2371 1732 2397 adeo
1758 2377 1818 2397 sum

189 2425 284 2445 eorum
308 2418 544 2446 criminationibus
576 2418 702 2452 idoneus,
722 2418 816 2454 illique
846 2419 879 2446 ad
899 2418 1120 2458 calumniantium
1157 2418 1264 2452 parati:
1287 2417 1354 2445 adeo
1370 2421 1400 2445 ut
1414 2417 1586 2453 Scripturam
1606 2417 1686 2447 nihili
1706 2417 1818 2451 faciant,

188 2471 248 2497 qua:
261 2462 298 2490 ait
315 2471 322 2490 :
337 2462 379 2490 Ne
393 2471 464 2491 ames
477 2463 582 2500 obloqui
602 2473 634 2492 ne
651 2464 772 2493 evellerit
780 2465 814 2492 “.

225 2510 269 2537 22.
283 2511 422 2538 Μοντάνου
441 2511 531 2538 τοίνυν
549 2512 786 2549 ἀποδημήσαντος,
809 2510 875 2548 ἦλθε
888 2512 980 2546 Διογέ-

1070 2509 1116 2536 22.
1136 2508 1193 2544 (85)
1207 2508 1274 2536 Cum
1295 2507 1434 2542 profectus
1456 2509 1548 2544 itaque
1574 2509 1715 2538 Montanus
1734 2514 1826 2544 esset,_

189 2566 238 2592 νης
252 2558 266 2584 ὁ
285 2557 410 2593 νοτάριος
437 2558 506 2593 μετὰ
523 2558 553 2592 ἒξ
567 2559 614 2587 καὶ
628 2559 714 2586 εἴκοσι
734 2559 837 2594 μῆνας·
856 2559 903 2585 καὶ
917 2557 979 2584 οὔτε

1035 2555 1147 2582 accessit
1169 2559 1231 2589 post
1255 2561 1302 2581 sex
1319 2558 1346 2580 ct
1358 2553 1453 2588 viginti
1469 2562 1577 2581 menses
1597 2554 1729 2590 Diogenes
1743 2560 1820 2582 nota-

187 2603 268 2636 αὺτὸς
281 2604 425 2639 ἐπιστολὴν
435 2605 576 2638 ἀπεδίδου,
585 2605 646 2633 οὔτε
660 2605 823 2642 ἑωράκαμεν
836 2604 978 2641 ἀλλήλους,

1035 2603 1101 2636 rius;
1111 2602 1156 2637 qui
1166 2608 1254 2636 neque
1264 2600 1320 2636 ipse
1330 2607 1438 2635 quoque
1448 2601 1588 2635 epistolam
1603 2601 1723 2635 tradidit,
1732 2608 1820 2636 neque
1853 2626 1857 2635 ,

225 2684 247 2702 ⁸⁸
261 2684 425 2721 ΙΒεςζικιι,
441 2684 468 2714 9.
477 2685 500 2701 ⁸³⁷
512 2683 546 2712 Ill
558 2684 625 2719 Reg.
639 2691 696 2717 ιιι,
707 2683 733 2717 7,
745 2691 822 2719 seqq.
840 2682 864 2699 ⁸⁸
878 2673 950 2712 Psal.
962 2690 984 2718 ο,

1047 2682 1070 2700 ³9
1086 2682 1174 2711 Exod.
1191 2687 1270 2714 xxnt,
1287 2683 1314 2710 Ι.
1334 2684 1359 2701 ⁸ο
1372 2683 1453 2711 Prov.
1463 2691 1527 2716 xxx,
1539 2683 1564 2711 8.
1585 2684 1608 2700 "
1624 2683 1760 2717 Prov.xx,
1773 2684 1816 2712 15.

1080 2767 1124 2806 81)
1202 2768 1269 2806 εἴθε.
1283 2769 1356 2806 Editi
1369 2777 1447 2806 vero,
1462 2769 1672 2806 ἀποστρέφεται.

1081 2803 1126 2844 ea}
1143 2803 1269 2844 pic-Reg.
1287 2804 1409 2844 etuas“.
1429 2805 1510 2839 Editi,
1527 2803 1606 2839 mitte,
1626 2806 1662 2839 ὼς
1678 2807 1707 2844 ἢ.

1069 2839 1126 2875 (85)
1142 2839 1220 2868 initio
1233 2839 1295 2868 anni
1309 2839 1371 2868 556.

229 2769 282 2806 Γίθ)
296 2769 341 2798 Sic
367 2769 434 2806 Reg.
449 2769 518 2806 Editi
537 2776 613 2806 vero,
631 2768 837 2806 rtapoEuvdttzva't
853 2777 882 2795 σε
907 2769 977 2796 καθ’.

189 2807 218 2835 1n
231 2803 330 2838 RasiL,
345 2804 443 2840 παροξ.
457 2804 517 2840 καθ’
532 2803 620 2840 ἡμῶν,
638 2804 799 2833 intertucdia
816 2812 905 2833 erasa.

226 2841 278 2877 (80)
292 2841 370 2877 Reg,
383 2839 516 2868 Ναϐουθέ.
