2007 3044
211 104 266 132 623

492 104 524 132 S.
545 104 734 134 ATHANASII
753 104 829 134 OPP.
848 105 939 134 PARS
957 105 978 134 l.
999 121 1034 126 —
1054 104 1240 134 HlSTORlCA
1258 103 1303 132 ET
1320 102 1530 132 DOGMATICA.

1784 101 1851 141 sas.

211 166 240 193 in
260 167 384 193 mutuum
398 166 524 194 venimus
539 166 622 203 245
636 172 826 203 conspectum;
849 176 899 196 nec
917 168 997 204 quid-

1052 167 1110 195 οὔτε
1127 168 1166 200 ὡς
1183 166 1356 204 προστάξεως
1369 165 1452 201 οὔσης
1468 164 1619 193 ἐνετείλατό
1635 172 1697 200 μοι·
1712 162 1780 190 ἀλλὰ
1792 163 1842 191 καὶ

211 213 284 248 piam
300 220 314 239 a
331 217 357 240 te
377 212 482 247 jussum
501 213 569 241 mihi
590 213 636 242 ille
655 214 828 248 signiﬁcavit.
858 214 913 242 Imo
935 222 996 243 cum

212 258 345 295 Syrianus
356 259 409 287 dux
428 260 568 289 exercitus
585 261 781 289 Alexandriam
798 262 996 297 ingressusest.

210 305 320 334 Arianis
333 314 459 334 rumores
471 307 604 342 quosdam
617 308 818 344 spargentibus.
835 316 868 336 ac
882 315 912 337 se
926 309 998 336 arbi-

211 355 283 378 tratu
302 359 351 380 suo
372 358 482 380 acturos
504 353 752 387 denuntiantibus;
775 355 941 382 sciscitabar
963 362 997 382 ex

210 404 244 424 eo
269 405 334 424 num
349 404 396 426 eas
416 406 483 434 quas
509 399 547 427 illi
567 399 730 434 jactitabant
744 401 850 429 litteras
865 401 996 429 haberet:

210 442 297 470 fateor
311 444 410 479 quippe
423 445 608 480 mejussionis
634 451 686 474 tum
708 446 814 475 litteras
835 446 997 482 postulasse.

209 488 276 516 Cum
294 494 384 517 autem
407 498 436 518 se
455 499 507 519 non
536 491 637 520 habere
652 493 775 524 dixisset.
794 493 887 528 rogavi
910 497 939 520 ut
956 493 998 520 vel

209 534 432 570 ipse.Syrianus,
449 538 492 565 vel
509 537 642 566 Maximus
658 538 803 573 prmfectus
823 538 932 575 ,Ἐπριί
947 539 999 566 hoc

209 579 276 607 mihi
292 580 395 614 iussum
409 583 509 617 scripto
527 584 676 611 traderent.
695 584 754 612 Hoc
770 589 860 613 autem
876 585 936 613 ideo
948 592 998 620 p0-

210 625 320 658 stulavi,
335 628 406 661 quod
427 634 473 656 tua
488 629 555 657 mihi
577 629 733 658 humanitas
755 631 923 666 scripsisset,
938 636 967 658 ut
982 639 997 659 a

210 671 285 699 nullo
301 672 437 707 turbarer,
463 681 551 709 neque
576 675 610 703 iis
630 676 677 710 qui
706 683 750 703 me
776 682 880 706 terrere
898 677 998 705 vellent

211 719 378 746 attenderem
395 727 402 746 :
418 720 465 748 sed
489 721 517 748 in
532 721 656 750 ecclesiis
671 723 797 759 degerem
823 724 892 751 citra
915 723 996 751 ullutn

209 767 312 792 metum
338 764 379 792 vel
407 766 630 795 sollicitudinem.
648 767 699 802 Qui
716 775 805 797 autem
820 777 880 797 eam
895 770 997 805 cpisto--

209 810 263 838 lam
278 811 409 851 detulere,
425 818 489 841 sunt
506 813 642 843 Palladius
657 815 720 842 olim
737 815 829 850 palatii
853 817 994 852 magister.

209 861 238 883 et
252 857 376 886 Asterius
389 859 434 892 qui
450 858 502 887 fuit
513 859 567 887 dux
581 860 727 888 Armeniae.
743 861 889 897 Exemplar
906 867 995 890 autem

209 901 330 936 epistolre
344 907 373 929 ut
391 904 526 939 perlegam
539 906 670 939 concede.
685 907 724 934 sic
732 909 811 942 _enim
828 908 924 936 habet:

243 947 289 974 ‘25.
311 947 455 984 Exemplar
468 950 588 985 epistola:
601 952 674 986 quod
690 952 729 980 sic
746 952 826 980 habet
848 962 855 979 .-

300 993 473 1022 Constantius
494 995 584 1024 Victor
598 997 732 1033 Augustus
750 999 906 1026 Athanasio.

245 1038 360 1074 Optasse
377 1048 420 1068 me
433 1049 541 1076 semper
554 1047 584 1070 ut
595 1044 686 1071 omnia
699 1044 789 1071 fausta
802 1044 931 1072 defuncto
943 1045 997 1073 fra-

210 1084 244 1111 tri
256 1092 316 1112 meo
333 1085 474 1114 Constanti
490 1089 659 1122 acciderent,
674 1089 827 1124 prudentiae
845 1095 896 1117 tua:
913 1091 997 1118 latere

209 1137 262 1157 non
272 1131 401 1160 arbitror.
418 1133 502 1166 Quem
513 1141 574 1162 cum
587 1135 862 1163 sceleratissimorum
874 1136 996 1164 virorum

209 1176 271 1205 dolo
285 1177 421 1206 sublatum
438 1180 639 1215 cognovissem,
665 1189 720 1216 quo
742 1188 860 1209 mcerore
884 1182 997 1211 all‘eclus

209 1222 274 1256 sim,
301 1224 380 1252 facile
399 1231 490 1253 vestra
519 1228 663 1262 prudentia
692 1228 865 1263 judicaverit.
898 1229 995 1258 Verum

208 1269 272 1304 quia
293 1270 344 1298 hoc
370 1277 490 1307 tempore
507 1274 627 1301 nonnulli
652 1278 678 1301 te
697 1279 751 1302 tam
774 1275 901 1303 luctuoso
915 1284 998 1312 nego-

210 1316 308 1343 tiorum
324 1317 441 1344 decursu
458 1323 563 1346 terrere
583 1327 735 1352 conantur,
761 1321 811 1348 llas
830 1321 935 1349 litteras
963 1323 996 1349 ad

209 1365 284 1389 tuam
307 1363 488 1390 reverentiam
520 1364 667 1393 mittendas
692 1366 859 1393 existimavi.
885 1366 998 1394 llortor-

209 1411 263 1439 que
279 1410 314 1438 te,
329 1409 369 1438 ut,
385 1408 613 1441 quemadmodum
629 1410 786 1444 episcopum
800 1411 890 1444 decet,
910 1419 997 1446 popu-

210 1449 266 1476 lum
282 1449 380 1478 doceas
395 1452 428 1478 ad
446 1451 595 1486 legitimam
612 1454 758 1481 convenire
777 1454 933 1489 religionem
945 1475 952 1487 ,
970 1460 998 1482 et

1048 214 1092 241 ὃτε
1101 213 1231 249 Συριανὺς
1242 214 1256 240 ὁ
1267 211 1454 248 στρατηλάτης
1466 210 1589 247 εἰσῆλθεν
1598 211 1637 242 εις
1652 209 1701 246 τὴν
1715 209 1841 242 Ἀλεξάν-

1048 260 1151 297 δρειαν,
1174 259 1268 295 ἐπειδὴ
1290 258 1365 294 παρὰ
1389 258 1443 285 τῶν
1474 257 1621 293 Ἀρειανῶν
1645 255 1782 292 ὲθρυλεῖτό
1798 264 1841 282 τι,-

1048 316 1093 339 να,
1121 306 1169 334 καὶ
1196 306 1269 340 ἅπερ
1299 305 1449 336 ἐϐούλοντο,
1478 303 1676 340 ἐπηγγέλλοντο
1704 303 1838 338 γίνεσθαι,

1048 352 1164 389 ἠρώτων
1183 353 1207 379 εἰ
1216 352 1368 388 γράμματα
1380 351 1435 386 ἔχει
1454 351 1519 386 περὶ
1533 347 1572 378 ὧν
1587 349 1730 385 θρυλοῦσι·
1745 350 1837 385 γράμ-

1051 408 1124 434 ματα
1153 399 1208 434 γὰρ
1238 399 1373 435 ἀπῄτουν,
1404 397 1544 434 ὁμολογῶ,
1574 397 1625 432 τῆς
1654 396 1836 433 προστάξεως.

1056 445 1164 480 Ἐπειδὴ
1190 445 1218 471 δὲ
1243 445 1280 481 μὴ
1295 445 1366 480 ἔχειν
1385 444 1477 478 ἔλεγεν
1493 444 1560 480 (84),
1577 443 1670 478 ἠξίουν
1693 442 1743 470 κᾶν
1757 443 1838 469 αὑτὸν

1049 490 1188 526 Συριανὸν,
1199 489 1216 525 ἢ
1234 490 1279 516 τὸν
1292 490 1411 526 ἔπαρχον
1422 489 1473 524 τῆς
1486 489 1621 523 Αἰγύπτου
1634 488 1758 523 Μάξιμον
1771 487 1839 523 γρά-

1048 536 1098 572 ψαι
1117 545 1162 572 μοι
1177 536 1240 572 περὶ
1251 536 1355 563 τούτου.
1370 535 1455 562 Τοῦτο
1472 535 1499 562 δὲ
1514 534 1601 566 οὕτως
1614 534 1744 569 ἀπῄτουν,
1761 534 1838 560 ὲπειο

1048 583 1081 619 δὴ
1102 582 1233 618 γράψασά
1249 590 1293 616 μοι
1309 579 1343 617 ἦν
1365 582 1382 616 ὴ
1402 581 1435 617 σὴ
1451 580 1649 616 φιλανθρωπία,
1666 579 1736 606 ὥστε
1763 579 1839 614 παρά

1050 628 1163 664 μηδενός
1183 636 1215 663 με
1230 627 1421 663 ταράττεσθαι,
1436 626 1504 667 μηδὲ
1520 625 1663 661 ἀνέχεσθαι
1680 625 1734 652 τῶν
1750 625 1838 651 θελόν-

1047 683 1102 701 των
1113 675 1185 710 ἡμᾶς
1191 675 1292 706 πτοεῖν,
1305 673 1373 700 ἀλλὰ
1386 673 1475 708 μένειν
1491 673 1519 699 ὲν
1535 673 1594 704 ταῖς
1611 671 1768 705 ἐκκλησίαις
1774 671 1839 706 ἀμε-

1051 719 1163 754 ρίμνως.
1181 720 1212 746 Οἱ
1231 719 1279 754 μὲν
1296 717 1342 745 οὖν
1355 718 1517 754 κομίσαντες
1530 717 1578 753 τὴν
1590 716 1717 752 τοιαύτην
1733 717 1839 742 ἐπιστο-

1048 765 1096 801 λήν
1110 765 1163 792 εἱσι
1177 765 1335 798 Παλλάδιος,
1352 766 1366 791 ὁ
1381 765 1526 800 γενόμενος
1544 764 1590 790 τοῦ
1606 763 1738 791 παλατίου
1757 762 1839 798 μάγι-

1049 820 1139 846 στρος,
1154 811 1202 838 καὶ
1223 811 1359 846 Ἀστέριος
1371 811 1385 836 ὁ
1396 809 1541 844 γενόμενος
1551 807 1614 840 δοὺξ
1632 807 1786 844 Ἀρμενίας.
1800 807 1838 834 To

1048 857 1077 884 δὲ
1089 857 1253 894 ἀντίγραφον
1267 857 1316 892 τῆς
1332 855 1474 891 ἐπιπολῆς
1491 855 1668 891 συγχώρησον
1684 853 1837 888 ἀναγνῶναὶ

1049 912 1081 938 με
1094 911 1101 918 ·
1119 903 1175 930 ἔστι
1192 903 1246 938 γὰρ
1259 902 1352 929 τοῦτο·

1082 949 1126 976 25.
1146 949 1233 981 Ἀντιγ
1240 958 1324 985 ραφον
1338 948 1482 982 ἐπιστολῆς
1493 947 1579 978 οὕτως
1591 946 1650 981 ἔχον
1662 954 1669 960 ·

1084 995 1292 1028 Κωνστάντιος
1302 994 1433 1028 Νικητὴς
1441 994 1614 1028 Αὔγουστος
1627 991 1799 1024 Ἀθανασίῳ.

1084 1041 1138 1077 (85)
1156 1041 1288 1076 Εὖγεσθαί
1303 1049 1336 1076 με
1349 1041 1393 1066 ἀεὶ
1405 1041 1475 1068 ὥστε
1490 1039 1578 1066 πάντα
1590 1038 1666 1065 αἴσια
1681 1038 1838 1064 ἀποϐαίνειν

1047 1089 1086 1124 τῷ
1105 1097 1170 1115 ποτε
1185 1087 1292 1123 ἀδελφῷ
1303 1087 1361 1123 ὲμῷ
1372 1087 1540 1118 Κωνστάντι,
1555 1086 1614 1112 οὐδὲ
1626 1086 1675 1121 τὴν
1689 1085 1738 1121 σὴν
1754 1085 1838 1120 ὑπερ-

1048 1134 1097 1170 έῦη
1111 1135 1228 1161 σύνεσιν.
1247 1135 1356 1161 Ὅντινα
1374 1133 1468 1169 ἐπειδὴ
1490 1133 1518 1165 ἐξ
1535 1132 1642 1168 ἀπάτης
1656 1131 1838 1159 ἀτοπωτάτων

1049 1181 1104 1216 (86)
1115 1180 1266 1217 ἀνῃρῆσθαι
1277 1180 1373 1214 ἔγνων,
1387 1180 1458 1215 πόσῃ
1471 1179 1529 1214 εἰμὶ
1541 1178 1714 1214 περιΰληθεὶς
1728 1176 1825 1211 πυγνό

1046 1236 1117 1262 τητι,
1130 1227 1249 1262 εὐχερῶς
1261 1227 1277 1262 ἡ
1290 1226 1410 1262 ὑμετέρα
1426 1226 1555 1261 φρόνησις
1566 1225 1710 1260 δυνήσεται
1723 1223 1835 1259 κρίνειν.

1047 1273 1100 1300 Καὶ
1115 1272 1207 1308 ἐπειδή
1223 1273 1295 1303 τινές
1307 1272 1385 1304 εἰσιν,
1410 1272 1508 1303 οἵτινες
1522 1272 1550 1298 ὲν
1567 1270 1605 1306 τῷ
1619 1271 1733 1306 παρόντι
1750 1268 1838 1305 καιρῷ

1046 1318 1085 1353 τῷ
1107 1318 1179 1344 οὕτω
1206 1317 1364 1353 δακρυτικῴ
1392 1316 1511 1352 δράματι
1541 1315 1596 1351 (87)
1619 1316 1783 1342 καταπτοεῖν
1808 1322 1838 1340 σε

1047 1363 1218 1400 πειράζουσι,
1233 1364 1276 1391 διὰ
1290 1363 1370 1390 τοῦτο
1393 1363 1427 1389 τὰ
1441 1362 1563 1398 παρόντα
1583 1361 1670 1388 ταῦτα
1686 1361 1838 1396 γράμματα

1047 1411 1115 1446 πρὸς
1135 1410 1183 1445 τὴν
1197 1410 1245 1445 σὴν
1259 1409 1402 1444 τιμιότητα
1419 1408 1521 1435 στεῖλαι
1536 1408 1630 1443 ἔκρινα
1643 1416 1650 1422 ·
1675 1406 1839 1442 προτρέπων

1048 1466 1077 1483 σε
1092 1457 1145 1488 ἵνα,
1159 1456 1254 1492 ὥσπερ
1267 1455 1366 1491 πρέπει
1383 1455 1534 1490 ὲπισκόπῳ,
1546 1456 1585 1486 εἰς
1603 1454 1652 1489 τὴν
1668 1461 1840 1488 κεχρεωστη-

209 1503 272 1525 cum
290 1496 337 1524 illo
350 1497 382 1523 de
395 1505 469 1525 more
481 1498 651 1526 orationibus
678 1499 818 1527 incumbas
833 1509 840 1526 ε
870 1500 896 1527 id
922 1501 994 1527 enim

1052 1503 1132 1538 μένην
1169 1502 1316 1538 θρησκείαν
1347 1501 1503 1536 συντρέχειν
1540 1499 1675 1532 διδάξειας
1711 1500 1756 1526 τὸν
1790 1499 1839 1533 δῆ-

210 1543 288 1570 ηοδία
304 1543 402 1578 placet.
415 1543 482 1572 Nam
494 1546 564 1580 quod
576 1547 850 1581 spectatsenteutiam
864 1552 996 1580 nostram,

211 1593 237 1616 te
252 1590 326 1617 otuni
343 1595 464 1626 tempore
477 1591 505 1619 in
519 1593 572 1620 tuis
583 1593 691 1620 scdibus
704 1592 860 1628 episcopum
874 1600 935 1620 esse
949 1600 997 1620 vo-

210 1634 310 1663 Iunius.

246 1681 278 1707 Et
295 1681 346 1709 alia
359 1690 457 1710 manu:
477 1683 611 1712 Divinitas
623 1689 714 1713 servet
727 1689 753 1712 te
769 1684 893 1719 plurimis
907 1685 997 1718 annis,

210 1725 292 1754 Pater
310 1728 498 1758 dilectissime.

246 1818 292 1845 24.
322 1819 359 1847 De
384 1819 435 1847 hac
461 1819 575 1854 epistola
601 1819 638 1847 illi
657 1820 767 1855 quidem
786 1828 848 1848 cum
861 1820 999 1856 iudicibus

210 1868 293 1894 verba
310 1867 408 1894 fecere.
434 1866 489 1901 Ego
508 1873 572 1894 vero
603 1874 664 1894 cum
695 1867 838 1900 epistolam
868 1867 997 1895 haberem

210 1911 353 1945 ejusmodi,
369 1919 459 1938 nonne
473 1911 533 1945 jure
548 1912 650 1938 litteras
668 1911 811 1946 postulavi,
830 1919 879 1939 nec
897 1916 1000 1940 temere

210 1965 304 1985 eorum
317 1957 565 1985 machinationibus
580 1958 690 1985 adhibui
701 1959 842 1986 animum?
856 1958 894 1985 llli
908 1963 998 1986 autem

209 2011 272 2032 cum
280 2003 356 2037 jussa
366 2007 417 2030 ture
426 2004 534 2038 pietatis
544 2011 714 2039 nequaquam
725 2004 896 2038 proferrent;
911 2012 1000 2032 nonne

210 2049 289 2085 plane
306 2053 400 2076 contra
424 2049 505 2083 hujus
531 2050 651 2084 epistola:
675 2050 835 2077 sententiam
864 2051 999 2084 agebant?

210 2096 343 2131 Equidem
362 2103 424 2124 cum
450 2095 555 2123 litteras
581 2096 619 2123 illi
640 2104 692 2123 non
706 2097 814 2130 darent,
827 2097 897 2124 haud
912 2096 1000 2124 simile

210 2150 276 2170 vero
289 2142 418 2177 putabam
435 2142 517 2170 verba
531 2142 591 2170 sine
603 2142 702 2170 litteris
717 2143 751 2169 ad
773 2150 816 2169 me
832 2143 997 2170 transmitti:

210 2188 366 2223 hujusmodi
381 2188 481 2224 quippe
494 2189 584 2216 verbis
601 2195 635 2216 ne
647 2189 767 2216 animum
784 2189 939 2216 adhiberem
955 2190 1000 2217 lit-
1014 2179 1037 2207 Ῑ)

210 2235 278 2263 teris
289 2235 348 2263 suis
361 2235 482 2269 jusserat
498 2239 542 2262 tua
557 2235 723 2263 humanitas.
736 2234 800 2263 Jure
823 2235 906 2270 igitur
934 2235 999 2264 illud

210 2282 264 2317 egi,
282 2281 487 2316 religiosissime
499 2281 621 2315 Auguste
634 2289 642 2308 :
654 2285 683 2308 ut
698 2281 770 2308 sicut
792 2288 853 2308 cum
878 2281 999 2316 epistolis

210 2329 351 2362 ingressus
366 2334 425 2354 sum
437 2327 462 2354 in
473 2328 597 2362 patriam.
611 2327 650 2354 sic
662 2334 696 2354 ex
709 2327 835 2354 mandato
848 2331 893 2354 tuo
904 2327 938 2355 ab
952 2327 998 2354 illa

210 2375 379 2402 discederem
398 2384 405 2401 ε
424 2382 457 2401 ne
474 2379 566 2409 utpote
580 2374 625 2409 qui
636 2373 669 2401 ab
686 2374 804 2401 Ecclesia
820 2373 997 2409 aul‘ugissem,

211 2419 239 2447 in
251 2419 384 2454 judicium
401 2419 548 2454 aliquando
573 2426 685 2446 vocarer
700 2427 706 2446 :
724 2419 772 2447 sed
790 2418 893 2453 jussus,
909 2418 1000 2454 prole-

247 2486 303 2522 (84)
329 2487 375 2515 Sic
391 2487 458 2522 Reg.
476 2487 558 2516 Basil.
578 2492 606 2516 et
626 2488 692 2516 edit.
707 2486 812 2516 Comm.
835 2489 907 2516 Edit.
936 2496 1001 2517 vero

211 2521 311 2554 Paris,
326 2523 404 2553 male.
420 2521 523 2557 ἔλεγον.

249 2558 378 2593 (85)lla!c
392 2558 543 2586 Constantii
566 2558 679 2593 epistola
701 2558 819 2586 habetur
844 2566 953 2594 quoque
974 2559 1002 2587 in

212 2592 301 2626 Εμίιι.
315 2593 350 2619 ad
365 2594 508 2624 solitarius.
522 2594 568 2621 sed
584 2592 639 2621 non
658 2595 753 2620 iisdem
779 2592 879 2621 verbis.
892 2592 917 2620 Ᾱ
928 2594 1001 2622 Cou-

212 2629 313 2655 stantio
328 2629 400 2655 enim
418 2628 514 2656 Latine
527 2629 640 2663 scripta,
657 2629 699 2656 bis
711 2629 805 2656 Graece
819 2636 897 2656 versa
907 2634 948 2656 est
966 2630 1001 2657 ab

211 2663 360 2690 Athanasio
379 2671 387 2689 :
417 2664 494 2698 cujus
510 2665 595 2697 prima
611 2665 668 2691 haec
693 2669 735 2692 est
757 2664 856 2696 versio,
881 2665 998 2692 secunda

212 2704 277 2725 vero
294 2700 318 2724 in
338 2698 457 2732 Epistula
470 2699 503 2724 ad
517 2700 588 2725 solit.
608 2699 714 2733 legitur.

249 2733 293 2768 Ait
316 2733 423 2760 Lucifer
439 2733 610 2761 Calarilanus
633 2735 680 2762 lib.
699 2742 706 2761 ι
722 2742 770 2768 pro
796 2739 891 2762 sancto
914 2735 997 2762 Atha-

213 2767 307 2804 nasio.
328 2768 434 2802 p.132.
466 2768 652 2796 Constantium
682 2767 779 2796 litteris
804 2771 860 2796 suis
892 2770 999 2804 jurasse

214 2801 413 2840 Alcaandrinis,
428 2811 456 2832 se
472 2804 537 2832 nihil
552 2804 679 2840 deinceps
693 2804 755 2833 mali
769 2801 900 2833 facturum
915 2805 998 2833 Atha-

214 2844 289 2862 IIHSIU

1050 1558 1111 1585 μον,
1140 1551 1188 1576 καὶ¹
1217 1549 1275 1584 μετ’
1302 1548 1385 1575 αὑτοῦ
1413 1548 1485 1575 κατὰ
1513 1547 1543 1574 τὸ
1570 1547 1630 1579 ἔθος
1658 1547 1718 1578 ταῖς
1747 1546 1839 1580 εὐχαῖς

1049 1596 1228 1631 σχολάσειαςθ
1257 1596 1323 1631 ἡμῖν
1341 1594 1396 1630 γὰρ
1417 1595 1495 1622 τοῦτο
1513 1594 1624 1628 ἀρέσκει
1647 1593 1688 1623 τὸ,
1713 1592 1743 1618 σὲ
1769 1592 1841 1618 κατὰ

1047 1643 1097 1678 τὴν
1113 1642 1251 1678 ἡμετέραν
1270 1641 1407 1677 βούλησιν,
1428 1642 1456 1667 ἐν
1481 1641 1562 1667 παντὶ
1588 1639 1676 1675 καιρῷ
1696 1639 1724 1665 ἐν
1746 1638 1784 1673 τῷ
1801 1637 1841 1672 σῷ

1048 1688 1133 1723 τόπῳ,
1148 1688 1297 1714 ἐπίσκοπον
1311 1685 1380 1713 εἶναι
1393 1686 1552 1722 βουλόμεθα.
1564 1686 1620 1712 Καὶ
1632 1685 1698 1720 ἄλλῃ
1713 1683 1798 1720 χειρί·
1808 1683 1840 1709 'H

1049 1733 1151 1771 05671;;
1161 1732 1287 1767 φυλάξειέ
1300 1741 1330 1759 σε
1343 1732 1449 1763 πολλοῖς
1462 1732 1603 1763 ἐνιαυτοῖς,
1620 1730 1711 1765 Πάτερ
1724 1737 1840 1765 προσφι-

1049 1779 1162 1806 λέστατε
1176 1778 1242 1814 (88).

1082 1825 1129 1852 ‘24.
1143 1825 1211 1861 Περὶ
1217 1824 1330 1859 ταύτης,
1341 1824 1439 1850 ἐκεῖνοι
1447 1823 1497 1859 μὲν
1510 1822 1558 1850 καὶ
1569 1821 1625 1856 (89)
1633 1823 1690 1853 τοῖς
1699 1821 1841 1852 δικασταῖς

1049 1871 1191 1906 εἰρήκασιν
1202 1879 1208 1885 ·
1230 1869 1285 1904 ἐγὼ
1305 1870 1333 1896 δὲ
1352 1870 1454 1906 ταύτην
1468 1869 1516 1905 τὴν
1533 1868 1678 1903 επιστολὴν
1694 1867 1774 1903 ἔχων,
1795 1864 1840 1902 ἇς·

1049 1918 1099 1944 οὐχ
1122 1917 1233 1948 εἰκότως
1251 1915 1373 1951 ἀπῄτουν
1390 1916 1553 1951 γράμματα,
1579 1915 1625 1941 καὶ
1645 1914 1675 1940 οὺ
1696 1913 1841 1949 προσεῖχον

1050 1962 1220 1998 προφάσεσιν
1255 1961 1364 1993 ἁπλῶς;
1398 1961 1512 1987 Ἐκεῖνοι
1543 1960 1571 1986 δὲ
1603 1960 1640 1995 μὴ
1671 1958 1842 1989 δεικνύοντες

1050 2007 1213 2044 πρόσταγμα
1227 2007 1276 2042 τῆς
1287 2007 1336 2041 σῆς
1348 2006 1497 2037 εὐσεὸείας,
1513 2005 1563 2032 οὐκ
1583 2005 1714 2040 ἄντικρυς
1732 2003 1843 2030 ἐναντία

1049 2052 1151 2088 ταύτης
1159 2053 1209 2087 τῆς
1221 2052 1364 2086 ἐπιπολῆς
1380 2051 1531 2086 ἔπραττονς
1555 2049 1625 2085 Ἐγὼ
1641 2050 1679 2082 δὲ,
1698 2051 1739 2077 ὃτι
1751 2050 1843 2085 γράμ-

1052 2107 1124 2134 ματα
1135 2098 1165 2123 οὐ
1177 2097 1231 2134 (90)
1246 2098 1386 2132 παρεῖχον,
1398 2097 1447 2123 οὐκ
1456 2095 1611 2128 ἀκολούθως
1625 2095 1750 2131 ἡγούμην
1762 2094 1843 2126 ἐκτὸς

1051 2143 1140 2171 αὐτῶν
1150 2142 1219 2170 εἶναι
1229 2143 1279 2174 τὰς
1290 2143 1386 2178 φάσεις
1396 2152 1402 2158 ³
1418 2144 1474 2175 τοῖς
1489 2143 1620 2174 τοιούτοις
1635 2142 1690 2178 γὰρ
1706 2142 1743 2178 μὴ
1757 2150 1843 2175 προσ-

1051 2190 1124 2225 έχειν
1144 2198 1178 2225 με
1193 2189 1374 2225 προσέταττεν
1393 2190 1409 2224 ἡ
1423 2188 1551 2224 ἐπιστολὴ
1565 2189 1613 2223 τῆς
1625 2188 1675 2223 σῆς
1688 2187 1842 2223 φιλανθρω-

1051 2236 1124 2267 πίας.
1149 2236 1265 2266 Δικαίως
1290 2233 1337 2262 οὖν
1354 2234 1432 2261 τοῦτο
1450 2235 1568 2267 ἐποίουν,
1589 2234 1778 2269 Θεοφιλέστατε
1789 2233 1844 2261 AB.

1052 2289 1160 2316 Teuma,
1175 2281 1228 2313 ἵνα,
1242 2280 1336 2316 ὥσπερ
1352 2281 1422 2316 ἔχων
1439 2280 1583 2311 ἐπιστολὰς
1596 2280 1720 2315 εἰσῆλθον
1735 2281 1777 2312 εἰς
1792 2281 1843 2316 τὴν

1052 2327 1179 2363 πατρίδα,
1194 2326 1280 2358 οὓτως
1297 2326 1366 2362 ἔχων
1385 2325 1532 2362 πρόσταξιν
1551 2327 1598 2352 ἀπ’
1617 2325 1704 2360 αὐτῆς
1722 2325 1842 2359 ἐξέλθωυ

1052 2373 1099 2399 καὶ
1113 2372 1150 2408 μὴ
1168 2372 1205 2404 ὼς
1223 2371 1316 2406 φυγὼν
1338 2371 1388 2406 τὴν
1406 2371 1580 2406 Ἐκκλησίαν,
1602 2370 1752 2402 ὑπεύθυνός
1775 2379 1843 2397 ποτε

1053 2419 1187 2454 γένωμαι,
1199 2417 1256 2445 ἀλλ’
1270 2418 1307 2449 ὠς
1326 2417 1481 2449 κελευσθεὶς
1496 2416 1551 2452 ἔχω
1567 2417 1702 2452 πρόφασιν
1716 2416 1765 2451 τῆς
1777 2416 1844 2443 ἀνα-

1088 2488 1146 2524 (86)
1160 2488 1198 2516 lta
1211 2488 1278 2524 Reg.
1295 2493 1323 2515 et
1339 2488 1374 2514 ita
1390 2487 1531 2524 legendum
1549 2487 1666 2524 videtur.
1680 2485 1762 2524 Editi,
1777 2493 1842 2512 ατο-

1052 2522 1192 2559 πωτάτης.
1216 2522 1300 2551 Paulo
1322 2528 1383 2558 post
1408 2523 1474 2558 Reg.
1493 2528 1538 2559 et_
1549 2522 1641 2559 Basil.,
1666 2522 1840 2559 στυγνότητι.

1052 2559 1134 2592 Editi,
1151 2557 1309 2594 συγνότητι,
1320 2557 1398 2594 male.
1412 2557 1602 2594 IbidemRegH
1613 2557 1744 2593 ὑμετέρα,
1757 2561 1841 2584 recte.

1052 2593 1276 2635 Edi’titﬁpa'répé.
1289 2593 1349 2635 Mox
1364 2593 1448 2635 Reg”.
1455 2593 1604 2635 ῥυνῄαηται
1617 2593 1717 2635 κρῖναι.

1086 2629 1141 2664 (87)
1154 2627 1237 2663 ling
1252 2628 1381 2664 δράματι.
1401 2629 1483 2660 Editi,
1506 2627 1641 2664 δρώματιζ
1668 2627 1752 2655 Paulo
1781 2631 1843 2662 post

1051 2664 1129 2697 Reg..
1140 2664 1295 2700 τιμιότητα.
1317 2664 1398 2696 Editi,
1409 2664 1553 2700 τιμᾴτητα.

1087 2699 1143 2735 (88)
1155 2697 1217 2726 Post
1231 2697 1323 2734 Πάτερ
1336 2697 1562 2735 προσφιλέστατε,
1574 2698 1637 2726 editi
1654 2698 1712 2735 hafc
1730 2697 1841 2735 habent,

1051 2733 1191 2770 τέλοςτὶπ
1207 2733 1396 2761 Κωνσταντίου
1419 2733 1563 2769 ἐπιστολῆς
1575 2753 1583 2766 ,
1606 2741 1666 2768 quae
1682 2734 1709 2760 in
1734 2733 1800 2768 Reg.
1813 2739 1841 2760 et

1051 2770 1134 2797 Basil.
1150 2771 1257 2801 desunt,
1274 2775 1301 2796 et
1314 2770 1506 2803 expunximus.

1094 2804 1149 2839 (89)
1164 2805 1218 2830 Καί
1235 2805 1260 2830 in
1275 2804 1341 2838 Reg.
1355 2804 1461 2838 legitur.
1481 2804 1508 2830 lu
1525 2803 1604 2832 editis
1624 2803 1699 2832 deest

1088 2841 1142 2873 (illi)
1159 2840 1185 2867 lu
1204 2840 1268 2874 lieg.
1283 2840 1312 2865 οὐ
1329 2841 1413 2874 deest,
1427 2839 1503 2867 male.
