  <div class='ocr_page' id='page_1' title='image "/cluster/home/n/w/nwhite01/storage/ocr_20150623/25/njp.32101010944591/598.png"; bbox 0 0 2007 3044; ppageno 0'>
   <div class='ocr_carea' id='block_1_1' title="bbox 134 151 188 181">
    <p class='ocr_par' dir='ltr' id='par_1_1' title="bbox 134 151 188 181">
     <span class='ocr_line' id='line_1_1' title="bbox 134 151 188 181; baseline 0 0"><span class='ocrx_word' id='word_1_1' title='bbox 134 151 188 181; x_wconf 68' lang='grc'>095</span> 
     </span>
    </p>
   </div>
   <div class='ocr_carea' id='block_1_2' title="bbox 645 145 1244 176">
    <p class='ocr_par' dir='ltr' id='par_1_2' title="bbox 645 145 1244 176">
     <span class='ocr_line' id='line_1_2' title="bbox 645 145 1244 176; baseline -0.005 0"><span class='ocrx_word' id='word_1_2' title='bbox 645 147 819 176; x_wconf 69' lang='grc' dir='ltr'>ΑΡῡιοωΑ</span> <span class='ocrx_word' id='word_1_3' title='bbox 838 147 885 174; x_wconf 82' lang='lat' dir='ltr'><strong>AD</strong></span> <span class='ocrx_word' id='word_1_4' title='bbox 907 145 1157 175; x_wconf 75' lang='lat' dir='ltr'><strong>CONSTANTIUM</strong></span> <span class='ocrx_word' id='word_1_5' title='bbox 1177 145 1244 174; x_wconf 87' lang='lat' dir='ltr'><strong>IMP.</strong></span> 
     </span>
    </p>
   </div>
   <div class='ocr_carea' id='block_1_3' title="bbox 1710 144 1763 171">
    <p class='ocr_par' dir='ltr' id='par_1_3' title="bbox 1710 144 1763 171">
     <span class='ocr_line' id='line_1_3' title="bbox 1710 144 1763 171; baseline 0 0"><span class='ocrx_word' id='word_1_6' title='bbox 1710 144 1763 171; x_wconf 65' lang='lat'><strong>625</strong></span> 
     </span>
    </p>
   </div>
   <div class='ocr_carea' id='block_1_4' title="bbox 134 203 914 248">
    <p class='ocr_par' dir='ltr' id='par_1_4' title="bbox 134 208 914 248">
     <span class='ocr_line' id='line_1_4' title="bbox 134 208 914 248; baseline -0.005 -9"><span class='ocrx_word' id='word_1_7' title='bbox 134 212 290 248; x_wconf 78' lang='grc' dir='ltr'>χωρήσεως.</span> <span class='ocrx_word' id='word_1_8' title='bbox 303 209 388 237; x_wconf 78' lang='grc' dir='ltr'>Τοῦτο</span> <span class='ocrx_word' id='word_1_9' title='bbox 401 211 449 238; x_wconf 72' lang='grc' dir='ltr'><strong>καὶ</strong></span> <span class='ocrx_word' id='word_1_10' title='bbox 457 211 480 236; x_wconf 85' lang='lat' dir='ltr'><strong>0i</strong></span> <span class='ocrx_word' id='word_1_11' title='bbox 488 209 548 236; x_wconf 76' lang='grc' dir='ltr'>λαοὶ</span> <span class='ocrx_word' id='word_1_12' title='bbox 557 209 658 241; x_wconf 84' lang='grc' dir='ltr'>πάντες</span> <span class='ocrx_word' id='word_1_13' title='bbox 668 208 798 245; x_wconf 81' lang='grc' dir='ltr'><strong>μετὰτῶν</strong></span> <span class='ocrx_word' id='word_1_14' title='bbox 809 208 914 244; x_wconf 80' lang='grc' dir='ltr'>πρεσὸυ</span> 
     </span>
    </p>
   </div>
   <div class='ocr_carea' id='block_1_5' title="bbox 965 203 1762 248">
    <p class='ocr_par' dir='ltr' id='par_1_5' title="bbox 977 203 1762 241">
     <span class='ocr_line' id='line_1_5' title="bbox 977 203 1762 241; baseline -0.003 -7"><span class='ocrx_word' id='word_1_15' title='bbox 977 207 1077 235; x_wconf 90' lang='lat' dir='ltr'><strong>ctionis</strong></span> <span class='ocrx_word' id='word_1_16' title='bbox 1091 213 1201 234; x_wconf 80' lang='lat' dir='ltr'><strong>causam</strong></span> <span class='ocrx_word' id='word_1_17' title='bbox 1214 205 1337 241; x_wconf 81' lang='lat' dir='ltr'><strong>proferre</strong></span> <span class='ocrx_word' id='word_1_18' title='bbox 1358 211 1476 240; x_wconf 88' lang='lat' dir='ltr'><strong>possem.</strong></span> <span class='ocrx_word' id='word_1_19' title='bbox 1489 203 1546 232; x_wconf 71' lang='lat' dir='ltr'><strong>Hoc</strong></span> <span class='ocrx_word' id='word_1_20' title='bbox 1565 205 1652 239; x_wconf 90' lang='lat' dir='ltr'><strong>ipsum</strong></span> <span class='ocrx_word' id='word_1_21' title='bbox 1667 211 1762 232; x_wconf 88' lang='lat' dir='ltr'><strong>omnes</strong></span> 
     </span>
    </p>
   </div>
   <div class='ocr_carea' id='block_1_6' title="bbox 133 254 925 295">
    <p class='ocr_par' dir='ltr' id='par_1_6' title="bbox 133 254 925 295">
     <span class='ocr_line' id='line_1_6' title="bbox 133 254 925 295; baseline -0.006 -10"><span class='ocrx_word' id='word_1_22' title='bbox 133 259 230 295; x_wconf 75' lang='grc' dir='ltr'>τέρων,</span> <span class='ocrx_word' id='word_1_23' title='bbox 248 258 296 284; x_wconf 72' lang='grc' dir='ltr'><strong>καὶ</strong></span> <span class='ocrx_word' id='word_1_24' title='bbox 317 257 441 283; x_wconf 80' lang='grc' dir='ltr'>πλεῖστον</span> <span class='ocrx_word' id='word_1_25' title='bbox 462 256 490 283; x_wconf 79' lang='grc' dir='ltr'><strong>δὲ</strong></span> <span class='ocrx_word' id='word_1_26' title='bbox 504 256 555 291; x_wconf 81' lang='grc' dir='ltr'><strong>τῆς</strong></span> <span class='ocrx_word' id='word_1_27' title='bbox 571 255 675 286; x_wconf 88' lang='grc' dir='ltr'>πόλεως</span> <span class='ocrx_word' id='word_1_28' title='bbox 696 255 779 290; x_wconf 83' lang='grc' dir='ltr'>μέρος</span> <span class='ocrx_word' id='word_1_29' title='bbox 805 254 863 290; x_wconf 83' lang='grc' dir='ltr'>μετ’</span> <span class='ocrx_word' id='word_1_30' title='bbox 876 254 925 281; x_wconf 87' lang='grc' dir='ltr'><strong>αὒ-</strong></span> 
     </span>
    </p>
   </div>
   <div class='ocr_carea' id='block_1_7' title="bbox 133 298 923 337">
    <p class='ocr_par' dir='ltr' id='par_1_7' title="bbox 133 298 923 337">
     <span class='ocr_line' id='line_1_7' title="bbox 133 298 923 337; baseline -0.006 -7"><span class='ocrx_word' id='word_1_31' title='bbox 133 303 197 335; x_wconf 87' lang='grc' dir='ltr'>τ’ὦν,</span> <span class='ocrx_word' id='word_1_32' title='bbox 218 303 260 328; x_wconf 75' lang='grc' dir='ltr'>ἵνα</span> <span class='ocrx_word' id='word_1_33' title='bbox 275 301 312 337; x_wconf 82' lang='grc' dir='ltr'>μὴ</span> <span class='ocrx_word' id='word_1_34' title='bbox 325 301 397 335; x_wconf 81' lang='grc' dir='ltr'>λέγω</span> <span class='ocrx_word' id='word_1_35' title='bbox 410 300 502 332; x_wconf 82' lang='grc' dir='ltr'><strong>πλέον,</strong></span> <span class='ocrx_word' id='word_1_36' title='bbox 519 299 682 330; x_wconf 81' lang='grc' dir='ltr'>ἀπελθόντες</span> <span class='ocrx_word' id='word_1_37' title='bbox 697 299 767 335; x_wconf 82' lang='grc' dir='ltr'>πρὸς</span> <span class='ocrx_word' id='word_1_38' title='bbox 782 298 923 334; x_wconf 80' lang='grc' dir='ltr'>Συριανδν,</span> 
     </span>
    </p>
   </div>
   <div class='ocr_carea' id='block_1_8' title="bbox 132 345 924 384">
    <p class='ocr_par' dir='ltr' id='par_1_8' title="bbox 132 345 924 384">
     <span class='ocr_line' id='line_1_8' title="bbox 132 345 924 384; baseline -0.005 -8"><span class='ocrx_word' id='word_1_39' title='bbox 132 348 224 384; x_wconf 73' lang='grc' dir='ltr'>ἠξίουν</span> <span class='ocrx_word' id='word_1_40' title='bbox 233 357 241 363; x_wconf 72' lang='grc'><strong>⁸</strong></span> <span class='ocrx_word' id='word_1_41' title='bbox 255 349 314 374; x_wconf 80' lang='grc' dir='ltr'>ἐκεῖ</span> <span class='ocrx_word' id='word_1_42' title='bbox 324 348 352 374; x_wconf 78' lang='grc' dir='ltr'>δὲ</span> <span class='ocrx_word' id='word_1_43' title='bbox 366 345 400 383; x_wconf 81' lang='grc' dir='ltr'>ἦν</span> <span class='ocrx_word' id='word_1_44' title='bbox 411 347 458 374; x_wconf 80' lang='grc' dir='ltr'>καὶ</span> <span class='ocrx_word' id='word_1_45' title='bbox 468 348 482 373; x_wconf 85' lang='grc' dir='ltr'>ὁ</span> <span class='ocrx_word' id='word_1_46' title='bbox 493 346 612 382; x_wconf 74' lang='grc' dir='ltr'>ἔπαρχος</span> <span class='ocrx_word' id='word_1_47' title='bbox 622 346 672 381; x_wconf 84' lang='grc' dir='ltr'>τῆς</span> <span class='ocrx_word' id='word_1_48' title='bbox 684 345 821 380; x_wconf 73' lang='grc' dir='ltr'><strong>Αἰγύπτου</strong></span> <span class='ocrx_word' id='word_1_49' title='bbox 837 345 924 378; x_wconf 82' lang='grc' dir='ltr'>Μάξι-</span> 
     </span>
    </p>
   </div>
   <div class='ocr_carea' id='block_1_9' title="bbox 134 391 923 431">
    <p class='ocr_par' dir='ltr' id='par_1_9' title="bbox 134 391 923 431">
     <span class='ocr_line' id='line_1_9' title="bbox 134 391 923 431; baseline -0.005 -9"><span class='ocrx_word' id='word_1_50' title='bbox 134 404 193 431; x_wconf 89' lang='grc' dir='ltr'>μος.</span> <span class='ocrx_word' id='word_1_51' title='bbox 213 395 245 421; x_wconf 83' lang='grc' dir='ltr'><em>Ἡ</em></span> <span class='ocrx_word' id='word_1_52' title='bbox 259 394 287 421; x_wconf 80' lang='grc' dir='ltr'><strong>δὲ</strong></span> <span class='ocrx_word' id='word_1_53' title='bbox 303 394 415 427; x_wconf 80' lang='grc' dir='ltr'><strong>ἀξίωσις</strong></span> <span class='ocrx_word' id='word_1_54' title='bbox 435 391 469 428; x_wconf 86' lang='grc' dir='ltr'>ἦν</span> <span class='ocrx_word' id='word_1_55' title='bbox 483 393 500 428; x_wconf 83' lang='grc' dir='ltr'>ἢ</span> <span class='ocrx_word' id='word_1_56' title='bbox 516 392 621 428; x_wconf 78' lang='grc' dir='ltr'>γράψαι</span> <span class='ocrx_word' id='word_1_57' title='bbox 635 393 682 419; x_wconf 77' lang='grc' dir='ltr'><strong>καὶ</strong></span> <span class='ocrx_word' id='word_1_58' title='bbox 695 392 852 419; x_wconf 83' lang='grc' dir='ltr'>ἀποστεῖλαί</span> <span class='ocrx_word' id='word_1_59' title='bbox 866 401 923 428; x_wconf 87' lang='grc' dir='ltr'>μοι,</span> 
     </span>
    </p>
   </div>
   <div class='ocr_carea' id='block_1_10' title="bbox 131 438 923 477">
    <p class='ocr_par' dir='ltr' id='par_1_10' title="bbox 131 438 923 477">
     <span class='ocr_line' id='line_1_10' title="bbox 131 438 923 477; baseline -0.004 -10"><span class='ocrx_word' id='word_1_60' title='bbox 131 442 148 477; x_wconf 78' lang='grc' dir='ltr'><strong>ἢ</strong></span> <span class='ocrx_word' id='word_1_61' title='bbox 168 440 266 476; x_wconf 84' lang='grc' dir='ltr'><strong>μηκέτι</strong></span> <span class='ocrx_word' id='word_1_62' title='bbox 285 440 397 476; x_wconf 78' lang='grc' dir='ltr'><strong>διοχλεῖν</strong></span> <span class='ocrx_word' id='word_1_63' title='bbox 411 441 471 470; x_wconf 89' lang='grc' dir='ltr'>ταῖς</span> <span class='ocrx_word' id='word_1_64' title='bbox 493 438 676 475; x_wconf 84' lang='grc' dir='ltr'>Έκκλησίαις,</span> <span class='ocrx_word' id='word_1_65' title='bbox 693 438 746 470; x_wconf 69' lang='grc' dir='ltr'>ἕως</span> <span class='ocrx_word' id='word_1_66' title='bbox 760 438 793 465; x_wconf 77' lang='grc' dir='ltr'><strong>ἂν</strong></span> <span class='ocrx_word' id='word_1_67' title='bbox 803 438 880 465; x_wconf 84' lang='grc' dir='ltr'>αὐτοὶ</span> <span class='ocrx_word' id='word_1_68' title='bbox 898 439 923 464; x_wconf 89' lang='grc' dir='ltr'>οἱ</span> 
     </span>
    </p>
   </div>
   <div class='ocr_carea' id='block_1_11' title="bbox 131 484 922 522">
    <p class='ocr_par' dir='ltr' id='par_1_11' title="bbox 131 484 922 522">
     <span class='ocr_line' id='line_1_11' title="bbox 131 484 922 522; baseline -0.004 -8"><span class='ocrx_word' id='word_1_69' title='bbox 131 487 192 514; x_wconf 75' lang='grc' dir='ltr'>λαοὶ</span> <span class='ocrx_word' id='word_1_70' title='bbox 204 487 268 522; x_wconf 79' lang='grc' dir='ltr'>περὶ</span> <span class='ocrx_word' id='word_1_71' title='bbox 283 486 378 513; x_wconf 90' lang='grc' dir='ltr'>τούτου</span> <span class='ocrx_word' id='word_1_72' title='bbox 393 485 598 521; x_wconf 84' lang='grc' dir='ltr'>πρεσϐεύωνται</span> <span class='ocrx_word' id='word_1_73' title='bbox 615 485 690 520; x_wconf 80' lang='grc' dir='ltr'>παρὰ</span> <span class='ocrx_word' id='word_1_74' title='bbox 705 485 756 511; x_wconf 86' lang='grc' dir='ltr'>σοί.</span> <span class='ocrx_word' id='word_1_75' title='bbox 777 485 839 511; x_wconf 75' lang='lat' dir='ltr'><strong>’Ertl.</strong></span> <span class='ocrx_word' id='word_1_76' title='bbox 855 484 922 511; x_wconf 83' lang='grc' dir='ltr'>πολὺ</span> 
     </span>
    </p>
   </div>
   <div class='ocr_carea' id='block_1_12' title="bbox 131 529 924 567">
    <p class='ocr_par' dir='ltr' id='par_1_12' title="bbox 131 529 924 567">
     <span class='ocr_line' id='line_1_12' title="bbox 131 529 924 567; baseline -0.005 -6"><span class='ocrx_word' id='word_1_77' title='bbox 131 533 220 561; x_wconf 86' lang='grc' dir='ltr'>τοίνυν</span> <span class='ocrx_word' id='word_1_78' title='bbox 238 533 328 560; x_wconf 81' lang='grc' dir='ltr'>αὐτῶν</span> <span class='ocrx_word' id='word_1_79' title='bbox 342 532 499 566; x_wconf 79' lang='grc' dir='ltr'>ἀξιούντων,</span> <span class='ocrx_word' id='word_1_80' title='bbox 516 531 629 558; x_wconf 85' lang='grc' dir='ltr'>συνιδὼν</span> <span class='ocrx_word' id='word_1_81' title='bbox 643 531 773 567; x_wconf 83' lang='grc' dir='ltr'>Συριανὸς</span> <span class='ocrx_word' id='word_1_82' title='bbox 796 531 826 557; x_wconf 83' lang='grc' dir='ltr'>τὸ</span> <span class='ocrx_word' id='word_1_83' title='bbox 847 529 924 557; x_wconf 73' lang='grc' dir='ltr'>εὔλο-</span> 
     </span>
    </p>
   </div>
   <div class='ocr_carea' id='block_1_13' title="bbox 130 577 921 614">
    <p class='ocr_par' dir='ltr' id='par_1_13' title="bbox 130 577 921 614">
     <span class='ocr_line' id='line_1_13' title="bbox 130 577 921 614; baseline -0.004 -8"><span class='ocrx_word' id='word_1_84' title='bbox 130 588 189 614; x_wconf 88' lang='grc' dir='ltr'>γον,</span> <span class='ocrx_word' id='word_1_85' title='bbox 203 579 414 606; x_wconf 77' lang='grc' dir='ltr'>διεδεὸαιώσατο</span> <span class='ocrx_word' id='word_1_86' title='bbox 429 578 632 614; x_wconf 83' lang='grc' dir='ltr'><strong>μαρτυρόμενος</strong></span> <span class='ocrx_word' id='word_1_87' title='bbox 646 578 695 614; x_wconf 84' lang='grc' dir='ltr'>τὴν</span> <span class='ocrx_word' id='word_1_88' title='bbox 710 577 758 613; x_wconf 82' lang='grc' dir='ltr'><strong>σὴν</strong></span> <span class='ocrx_word' id='word_1_89' title='bbox 775 577 921 613; x_wconf 77' lang='grc' dir='ltr'><strong>σωτηρίαν,</strong></span> 
     </span>
    </p>
   </div>
   <div class='ocr_carea' id='block_1_14' title="bbox 130 624 921 660">
    <p class='ocr_par' dir='ltr' id='par_1_14' title="bbox 130 624 921 660">
     <span class='ocr_line' id='line_1_14' title="bbox 130 624 921 660; baseline -0.003 -7"><span class='ocrx_word' id='word_1_90' title='bbox 130 626 178 653; x_wconf 71' lang='grc' dir='ltr'>καὶ</span> <span class='ocrx_word' id='word_1_91' title='bbox 198 626 245 652; x_wconf 77' lang='grc' dir='ltr'><strong>ἐπὶ</strong></span> <span class='ocrx_word' id='word_1_92' title='bbox 261 625 348 660; x_wconf 85' lang='grc' dir='ltr'>τούτῳ</span> <span class='ocrx_word' id='word_1_93' title='bbox 365 625 456 660; x_wconf 83' lang='grc' dir='ltr'>παρῆν</span> <span class='ocrx_word' id='word_1_94' title='bbox 472 624 533 651; x_wconf 85' lang='grc' dir='ltr'>τότε</span> <span class='ocrx_word' id='word_1_95' title='bbox 547 625 594 651; x_wconf 81' lang='grc' dir='ltr'>καὶ</span> <span class='ocrx_word' id='word_1_96' title='bbox 614 624 737 659; x_wconf 85' lang='grc' dir='ltr'>Ὶλάριος,</span> <span class='ocrx_word' id='word_1_97' title='bbox 757 624 855 659; x_wconf 81' lang='grc' dir='ltr'><strong>μηκέτι</strong></span> <span class='ocrx_word' id='word_1_98' title='bbox 873 624 921 658; x_wconf 84' lang='grc' dir='ltr'><strong>μὲν</strong></span> 
     </span>
    </p>
   </div>
   <div class='ocr_carea' id='block_1_15' title="bbox 129 669 921 707">
    <p class='ocr_par' dir='ltr' id='par_1_15' title="bbox 129 669 921 707">
     <span class='ocr_line' id='line_1_15' title="bbox 129 669 921 707; baseline -0.004 -9"><span class='ocrx_word' id='word_1_99' title='bbox 129 671 254 707; x_wconf 82' lang='grc' dir='ltr'>διοχλεῖν,</span> <span class='ocrx_word' id='word_1_100' title='bbox 269 671 415 707; x_wconf 79' lang='grc' dir='ltr'>ἀναφέρειν</span> <span class='ocrx_word' id='word_1_101' title='bbox 429 670 457 697; x_wconf 76' lang='grc' dir='ltr'><strong>δὲ</strong></span> <span class='ocrx_word' id='word_1_102' title='bbox 472 671 518 697; x_wconf 79' lang='grc' dir='ltr'>ἐπὶ</span> <span class='ocrx_word' id='word_1_103' title='bbox 529 670 579 706; x_wconf 78' lang='grc' dir='ltr'><strong>τὴν</strong></span> <span class='ocrx_word' id='word_1_104' title='bbox 594 670 642 706; x_wconf 85' lang='grc' dir='ltr'>σὴν</span> <span class='ocrx_word' id='word_1_105' title='bbox 655 669 818 696; x_wconf 77' lang='grc' dir='ltr'>θεοσέϐειαν.</span> <span class='ocrx_word' id='word_1_106' title='bbox 837 669 921 696; x_wconf 81' lang='grc' dir='ltr'>Τοῦτο</span> 
     </span>
    </p>
   </div>
   <div class='ocr_carea' id='block_1_16' title="bbox 128 715 920 752">
    <p class='ocr_par' dir='ltr' id='par_1_16' title="bbox 128 715 920 752">
     <span class='ocr_line' id='line_1_16' title="bbox 128 715 920 752; baseline -0.004 -8"><span class='ocrx_word' id='word_1_107' title='bbox 128 715 198 744; x_wconf 76' lang='grc' dir='ltr'>οἶδεν</span> <span class='ocrx_word' id='word_1_108' title='bbox 218 718 234 752; x_wconf 88' lang='grc' dir='ltr'><strong>ἡ</strong></span> <span class='ocrx_word' id='word_1_109' title='bbox 255 717 332 749; x_wconf 83' lang='grc' dir='ltr'>τάξις</span> <span class='ocrx_word' id='word_1_110' title='bbox 352 716 398 743; x_wconf 82' lang='grc' dir='ltr'>τοῦ</span> <span class='ocrx_word' id='word_1_111' title='bbox 418 716 525 749; x_wconf 81' lang='grc' dir='ltr'>δουκὸς,</span> <span class='ocrx_word' id='word_1_112' title='bbox 543 716 591 742; x_wconf 69' lang='grc' dir='ltr'><strong>καὶ</strong></span> <span class='ocrx_word' id='word_1_113' title='bbox 613 716 629 750; x_wconf 86' lang='grc' dir='ltr'>ἡ</span> <span class='ocrx_word' id='word_1_114' title='bbox 646 715 722 749; x_wconf 81' lang='grc' dir='ltr'>τάξις</span> <span class='ocrx_word' id='word_1_115' title='bbox 740 715 786 742; x_wconf 86' lang='grc' dir='ltr'>τοῦ</span> <span class='ocrx_word' id='word_1_116' title='bbox 800 716 920 751; x_wconf 81' lang='grc' dir='ltr'>ἐπάρχου</span> 
     </span>
    </p>
   </div>
   <div class='ocr_carea' id='block_1_17' title="bbox 128 761 920 799">
    <p class='ocr_par' dir='ltr' id='par_1_17' title="bbox 128 761 920 799">
     <span class='ocr_line' id='line_1_17' title="bbox 128 761 920 799; baseline -0.004 -9"><span class='ocrx_word' id='word_1_117' title='bbox 128 765 178 799; x_wconf 78' lang='grc' dir='ltr'><strong>τῆς</strong></span> <span class='ocrx_word' id='word_1_118' title='bbox 192 763 338 798; x_wconf 74' lang='grc' dir='ltr'>Αἰγύπτου.</span> <span class='ocrx_word' id='word_1_119' title='bbox 358 763 413 789; x_wconf 78' lang='grc' dir='ltr'>Καὶ</span> <span class='ocrx_word' id='word_1_120' title='bbox 433 763 447 789; x_wconf 85' lang='grc' dir='ltr'><strong>ὁ</strong></span> <span class='ocrx_word' id='word_1_121' title='bbox 467 762 600 798; x_wconf 76' lang='grc' dir='ltr'>πρύτανις</span> <span class='ocrx_word' id='word_1_122' title='bbox 616 762 644 788; x_wconf 77' lang='grc' dir='ltr'><strong>δὲ</strong></span> <span class='ocrx_word' id='word_1_123' title='bbox 664 761 715 796; x_wconf 80' lang='grc' dir='ltr'>τῆς</span> <span class='ocrx_word' id='word_1_124' title='bbox 735 762 837 793; x_wconf 86' lang='grc' dir='ltr'>πόλεως</span> <span class='ocrx_word' id='word_1_125' title='bbox 864 761 920 797; x_wconf 82' lang='grc' dir='ltr'>ἔχει</span> 
     </span>
    </p>
   </div>
   <div class='ocr_carea' id='block_1_18' title="bbox 129 807 919 845">
    <p class='ocr_par' dir='ltr' id='par_1_18' title="bbox 129 807 919 845">
     <span class='ocr_line' id='line_1_18' title="bbox 129 807 919 845; baseline -0.005 -8"><span class='ocrx_word' id='word_1_126' title='bbox 129 811 178 842; x_wconf 77' lang='grc' dir='ltr'>τὰς</span> <span class='ocrx_word' id='word_1_127' title='bbox 194 810 296 845; x_wconf 80' lang='grc' dir='ltr'>φωνὰς,</span> <span class='ocrx_word' id='word_1_128' title='bbox 311 810 358 837; x_wconf 84' lang='grc' dir='ltr'><strong>καί</strong></span> <span class='ocrx_word' id='word_1_129' title='bbox 376 809 488 836; x_wconf 80' lang='grc' dir='ltr'>δύνασαι</span> <span class='ocrx_word' id='word_1_130' title='bbox 506 809 613 844; x_wconf 84' lang='grc' dir='ltr'><strong>μαθεῖν,</strong></span> <span class='ocrx_word' id='word_1_131' title='bbox 633 809 674 835; x_wconf 82' lang='grc' dir='ltr'>ὅτι</span> <span class='ocrx_word' id='word_1_132' title='bbox 692 807 753 834; x_wconf 74' lang='grc' dir='ltr'>οὔτε</span> <span class='ocrx_word' id='word_1_133' title='bbox 770 807 835 842; x_wconf 83' lang='grc' dir='ltr'>ἐγὼ,</span> <span class='ocrx_word' id='word_1_134' title='bbox 858 807 919 834; x_wconf 79' lang='grc' dir='ltr'>οὕτε</span> 
     </span>
    </p>
   </div>
   <div class='ocr_carea' id='block_1_19' title="bbox 128 853 755 892">
    <p class='ocr_par' dir='ltr' id='par_1_19' title="bbox 128 853 755 892">
     <span class='ocr_line' id='line_1_19' title="bbox 128 853 755 892; baseline -0.003 -10"><span class='ocrx_word' id='word_1_135' title='bbox 128 865 170 888; x_wconf 88' lang='grc' dir='ltr'><strong>τις</strong></span> <span class='ocrx_word' id='word_1_136' title='bbox 182 857 275 892; x_wconf 81' lang='grc' dir='ltr'>ἐτερος</span> <span class='ocrx_word' id='word_1_137' title='bbox 288 856 436 890; x_wconf 84' lang='grc' dir='ltr'>ἀντιλέγων</span> <span class='ocrx_word' id='word_1_138' title='bbox 454 854 489 891; x_wconf 79' lang='grc' dir='ltr'>ἣν</span> <span class='ocrx_word' id='word_1_139' title='bbox 501 856 534 890; x_wconf 86' lang='grc' dir='ltr'>τῇ</span> <span class='ocrx_word' id='word_1_140' title='bbox 551 855 584 890; x_wconf 84' lang='grc' dir='ltr'>σῇ</span> <span class='ocrx_word' id='word_1_141' title='bbox 599 853 755 889; x_wconf 78' lang='grc' dir='ltr'>προστάξει.</span> 
     </span>
    </p>
   </div>
   <div class='ocr_carea' id='block_1_20' title="bbox 161 986 916 1023">
    <p class='ocr_par' dir='ltr' id='par_1_20' title="bbox 161 986 916 1023">
     <span class='ocr_line' id='line_1_20' title="bbox 161 986 916 1023; baseline -0.005 -7"><span class='ocrx_word' id='word_1_142' title='bbox 161 989 206 1016; x_wconf 69' lang='grc'><strong>25.</strong></span> <span class='ocrx_word' id='word_1_143' title='bbox 218 988 322 1020; x_wconf 82' lang='grc' dir='ltr'>Πάντες</span> <span class='ocrx_word' id='word_1_144' title='bbox 335 988 363 1014; x_wconf 81' lang='grc' dir='ltr'><strong>δὲ</strong></span> <span class='ocrx_word' id='word_1_145' title='bbox 377 987 469 1023; x_wconf 77' lang='grc' dir='ltr'>ἠξίουν</span> <span class='ocrx_word' id='word_1_146' title='bbox 481 987 632 1023; x_wconf 82' lang='grc' dir='ltr'>γράμματα</span> <span class='ocrx_word' id='word_1_147' title='bbox 648 986 787 1022; x_wconf 80' lang='grc' dir='ltr'>δειχθῆναι</span> <span class='ocrx_word' id='word_1_148' title='bbox 805 986 854 1021; x_wconf 82' lang='grc' dir='ltr'>τῆς</span> <span class='ocrx_word' id='word_1_149' title='bbox 868 986 916 1021; x_wconf 86' lang='grc' dir='ltr'>σῆς</span> 
     </span>
    </p>
   </div>
   <div class='ocr_carea' id='block_1_21' title="bbox 126 1031 916 1069">
    <p class='ocr_par' dir='ltr' id='par_1_21' title="bbox 126 1031 916 1069">
     <span class='ocr_line' id='line_1_21' title="bbox 126 1031 916 1069; baseline -0.004 -8"><span class='ocrx_word' id='word_1_150' title='bbox 126 1035 275 1067; x_wconf 76' lang='grc' dir='ltr'>εὐσεϐείας.</span> <span class='ocrx_word' id='word_1_151' title='bbox 284 1034 338 1061; x_wconf 74' lang='grc' dir='ltr'><strong>Καὶ</strong></span> <span class='ocrx_word' id='word_1_152' title='bbox 347 1035 427 1069; x_wconf 77' lang='grc' dir='ltr'>φάσις</span> <span class='ocrx_word' id='word_1_153' title='bbox 440 1034 489 1069; x_wconf 82' lang='grc' dir='ltr'><strong>μὲν</strong></span> <span class='ocrx_word' id='word_1_154' title='bbox 498 1034 552 1069; x_wconf 81' lang='grc' dir='ltr'>γὰρ</span> <span class='ocrx_word' id='word_1_155' title='bbox 562 1034 627 1069; x_wconf 84' lang='grc' dir='ltr'>μόνη</span> <span class='ocrx_word' id='word_1_156' title='bbox 639 1032 715 1068; x_wconf 83' lang='grc' dir='ltr'>παρὰ</span> <span class='ocrx_word' id='word_1_157' title='bbox 728 1031 859 1068; x_wconf 85' lang='grc' dir='ltr'>βασιλέως</span> <span class='ocrx_word' id='word_1_158' title='bbox 866 1032 916 1067; x_wconf 83' lang='grc' dir='ltr'>τὴν</span> 
     </span>
    </p>
   </div>
   <div class='ocr_carea' id='block_1_22' title="bbox 126 1077 917 1115">
    <p class='ocr_par' dir='ltr' id='par_1_22' title="bbox 126 1077 917 1115">
     <span class='ocr_line' id='line_1_22' title="bbox 126 1077 917 1115; baseline -0.005 -8"><span class='ocrx_word' id='word_1_159' title='bbox 126 1080 211 1115; x_wconf 80' lang='grc' dir='ltr'>αὐτὴν</span> <span class='ocrx_word' id='word_1_160' title='bbox 227 1080 283 1115; x_wconf 70' lang='grc' dir='ltr'>ἔχει</span> <span class='ocrx_word' id='word_1_161' title='bbox 301 1080 416 1114; x_wconf 83' lang='grc' dir='ltr'>δύναμιν</span> <span class='ocrx_word' id='word_1_162' title='bbox 434 1080 491 1110; x_wconf 85' lang='grc' dir='ltr'>τοῖς</span> <span class='ocrx_word' id='word_1_163' title='bbox 509 1078 701 1114; x_wconf 68' lang='grc' dir='ltr'>γραφομένοις,</span> <span class='ocrx_word' id='word_1_164' title='bbox 718 1077 782 1104; x_wconf 87' lang='grc' dir='ltr'>ὅταν</span> <span class='ocrx_word' id='word_1_165' title='bbox 800 1077 917 1112; x_wconf 85' lang='grc' dir='ltr'>μάλιστα</span> 
     </span>
    </p>
   </div>
   <div class='ocr_carea' id='block_1_23' title="bbox 125 1121 914 1161">
    <p class='ocr_par' dir='ltr' id='par_1_23' title="bbox 125 1121 914 1161">
     <span class='ocr_line' id='line_1_23' title="bbox 125 1121 914 1161; baseline -0.005 -9"><span class='ocrx_word' id='word_1_166' title='bbox 125 1125 227 1161; x_wconf 87' lang='grc' dir='ltr'>ταύτην</span> <span class='ocrx_word' id='word_1_167' title='bbox 253 1127 266 1153; x_wconf 85' lang='grc' dir='ltr'><strong>ὁ</strong></span> <span class='ocrx_word' id='word_1_168' title='bbox 290 1125 410 1161; x_wconf 77' lang='grc' dir='ltr'>κομίζων</span> <span class='ocrx_word' id='word_1_169' title='bbox 434 1125 522 1160; x_wconf 76' lang='grc' dir='ltr'><strong>8αρρῇ</strong></span> <span class='ocrx_word' id='word_1_170' title='bbox 552 1124 598 1150; x_wconf 78' lang='grc' dir='ltr'><strong>καὶ</strong></span> <span class='ocrx_word' id='word_1_171' title='bbox 620 1125 713 1158; x_wconf 80' lang='grc' dir='ltr'>γραφῇ</span> <span class='ocrx_word' id='word_1_172' title='bbox 734 1121 914 1158; x_wconf 85' lang='grc' dir='ltr'>προσταχθέν·</span> 
     </span>
    </p>
   </div>
   <div class='ocr_carea' id='block_1_24' title="bbox 125 1167 913 1206">
    <p class='ocr_par' dir='ltr' id='par_1_24' title="bbox 125 1167 913 1206">
     <span class='ocr_line' id='line_1_24' title="bbox 125 1167 913 1206; baseline -0.005 -8"><span class='ocrx_word' id='word_1_173' title='bbox 125 1171 220 1206; x_wconf 75' lang='grc' dir='ltr'>ἐπειδὴ</span> <span class='ocrx_word' id='word_1_174' title='bbox 232 1171 260 1197; x_wconf 76' lang='grc' dir='ltr'><strong>δὲ</strong></span> <span class='ocrx_word' id='word_1_175' title='bbox 273 1171 334 1197; x_wconf 77' lang='grc' dir='ltr'>οὔτε</span> <span class='ocrx_word' id='word_1_176' title='bbox 346 1170 469 1206; x_wconf 82' lang='grc' dir='ltr'>φανερῶς</span> <span class='ocrx_word' id='word_1_177' title='bbox 480 1170 572 1204; x_wconf 79' lang='grc' dir='ltr'>ἔλεγον</span> <span class='ocrx_word' id='word_1_178' title='bbox 589 1168 643 1205; x_wconf 78' lang='grc'>(91)</span> <span class='ocrx_word' id='word_1_179' title='bbox 658 1167 726 1196; x_wconf 74' lang='grc' dir='ltr'>εἶναι</span> <span class='ocrx_word' id='word_1_180' title='bbox 739 1169 913 1204; x_wconf 79' lang='grc' dir='ltr'>πρόσταγμα,</span> 
     </span>
    </p>
   </div>
   <div class='ocr_carea' id='block_1_25' title="bbox 125 1213 914 1252">
    <p class='ocr_par' dir='ltr' id='par_1_25' title="bbox 125 1213 914 1252">
     <span class='ocr_line' id='line_1_25' title="bbox 125 1213 914 1252; baseline -0.006 -8"><span class='ocrx_word' id='word_1_181' title='bbox 125 1217 197 1249; x_wconf 73' lang='grc' dir='ltr'>οὔτε,</span> <span class='ocrx_word' id='word_1_182' title='bbox 210 1218 277 1251; x_wconf 81' lang='grc' dir='ltr'>ὅπερ</span> <span class='ocrx_word' id='word_1_183' title='bbox 288 1217 391 1251; x_wconf 77' lang='grc' dir='ltr'>ἠξίουν,</span> <span class='ocrx_word' id='word_1_184' title='bbox 407 1217 553 1252; x_wconf 76' lang='grc' dir='ltr'>ἐγγράφως</span> <span class='ocrx_word' id='word_1_185' title='bbox 570 1214 739 1246; x_wconf 84' lang='grc' dir='ltr'>ἐπέστελλον,</span> <span class='ocrx_word' id='word_1_186' title='bbox 752 1213 809 1241; x_wconf 79' lang='grc' dir='ltr'>ἀλλ’</span> <span class='ocrx_word' id='word_1_187' title='bbox 818 1214 855 1244; x_wconf 86' lang='grc' dir='ltr'>ὡς</span> <span class='ocrx_word' id='word_1_188' title='bbox 868 1213 914 1247; x_wconf 79' lang='grc' dir='ltr'><strong>ἀφ’</strong></span> 
     </span>
    </p>
   </div>
   <div class='ocr_carea' id='block_1_26' title="bbox 124 1257 914 1296">
    <p class='ocr_par' dir='ltr' id='par_1_26' title="bbox 124 1257 914 1296">
     <span class='ocr_line' id='line_1_26' title="bbox 124 1257 914 1296; baseline -0.006 -8"><span class='ocrx_word' id='word_1_189' title='bbox 124 1261 228 1288; x_wconf 76' lang='grc' dir='ltr'>ἑαυτῶν</span> <span class='ocrx_word' id='word_1_190' title='bbox 245 1261 335 1288; x_wconf 86' lang='grc' dir='ltr'>πάντα</span> <span class='ocrx_word' id='word_1_191' title='bbox 345 1260 509 1296; x_wconf 84' lang='grc' dir='ltr'>πράττοντες</span> <span class='ocrx_word' id='word_1_192' title='bbox 523 1257 593 1295; x_wconf 77' lang='grc' dir='ltr'>ἦσαν</span> <span class='ocrx_word' id='word_1_193' title='bbox 603 1267 609 1274; x_wconf 92' lang='grc'><strong>·</strong></span> <span class='ocrx_word' id='word_1_194' title='bbox 623 1258 756 1294; x_wconf 77' lang='grc' dir='ltr'>ὁμολογῶ,</span> <span class='ocrx_word' id='word_1_195' title='bbox 777 1257 914 1284; x_wconf 73' lang='grc' dir='ltr'>καὶτοῦτο</span> 
     </span>
    </p>
   </div>
   <div class='ocr_carea' id='block_1_27' title="bbox 123 1302 912 1343">
    <p class='ocr_par' dir='ltr' id='par_1_27' title="bbox 123 1302 912 1343">
     <span class='ocr_line' id='line_1_27' title="bbox 123 1302 912 1343; baseline -0.008 -8"><span class='ocrx_word' id='word_1_196' title='bbox 123 1307 195 1341; x_wconf 88' lang='grc' dir='ltr'>λέγω</span> <span class='ocrx_word' id='word_1_197' title='bbox 213 1307 282 1343; x_wconf 81' lang='grc' dir='ltr'>μετὰ</span> <span class='ocrx_word' id='word_1_198' title='bbox 294 1306 459 1342; x_wconf 70' lang='grc' dir='ltr'>παρρησίας,</span> <span class='ocrx_word' id='word_1_199' title='bbox 471 1305 590 1337; x_wconf 77' lang='grc' dir='ltr'>ὕποπτος</span> <span class='ocrx_word' id='word_1_200' title='bbox 602 1304 735 1340; x_wconf 79' lang='grc' dir='ltr'>ἐγενόμην</span> <span class='ocrx_word' id='word_1_201' title='bbox 754 1304 794 1335; x_wconf 89' lang='grc' dir='ltr'><strong>εἰς</strong></span> <span class='ocrx_word' id='word_1_202' title='bbox 805 1302 912 1334; x_wconf 81' lang='grc' dir='ltr'>αὐτούς.</span> 
     </span>
    </p>
   </div>
   <div class='ocr_carea' id='block_1_28' title="bbox 125 1348 913 1388">
    <p class='ocr_par' dir='ltr' id='par_1_28' title="bbox 125 1348 913 1388">
     <span class='ocr_line' id='line_1_28' title="bbox 125 1348 913 1388; baseline -0.006 -9"><span class='ocrx_word' id='word_1_203' title='bbox 125 1353 220 1380; x_wconf 83' lang='grc' dir='ltr'>Πολλοὶ</span> <span class='ocrx_word' id='word_1_204' title='bbox 240 1353 294 1388; x_wconf 75' lang='grc' dir='ltr'><strong>γὰρ</strong></span> <span class='ocrx_word' id='word_1_205' title='bbox 310 1350 379 1388; x_wconf 78' lang='grc' dir='ltr'>ἦσαν</span> <span class='ocrx_word' id='word_1_206' title='bbox 400 1352 425 1378; x_wconf 85' lang='grc' dir='ltr'>οἱ</span> <span class='ocrx_word' id='word_1_207' title='bbox 443 1351 507 1387; x_wconf 82' lang='grc' dir='ltr'>περὶ</span> <span class='ocrx_word' id='word_1_208' title='bbox 524 1351 621 1382; x_wconf 81' lang='grc' dir='ltr'>αὐτοὺς</span> <span class='ocrx_word' id='word_1_209' title='bbox 644 1349 788 1385; x_wconf 81' lang='grc' dir='ltr'>Ἀρειανοὶ,</span> <span class='ocrx_word' id='word_1_210' title='bbox 808 1348 913 1380; x_wconf 84' lang='grc' dir='ltr'>τούτοις</span> 
     </span>
    </p>
   </div>
   <div class='ocr_carea' id='block_1_29' title="bbox 123 1394 912 1434">
    <p class='ocr_par' dir='ltr' id='par_1_29' title="bbox 123 1394 912 1434">
     <span class='ocr_line' id='line_1_29' title="bbox 123 1394 912 1434; baseline -0.006 -9"><span class='ocrx_word' id='word_1_211' title='bbox 123 1407 152 1425; x_wconf 87' lang='grc' dir='ltr'><strong>τε</strong></span> <span class='ocrx_word' id='word_1_212' title='bbox 170 1398 323 1434; x_wconf 81' lang='grc' dir='ltr'>συνήσθιον,</span> <span class='ocrx_word' id='word_1_213' title='bbox 336 1397 383 1424; x_wconf 76' lang='grc' dir='ltr'>καὶ</span> <span class='ocrx_word' id='word_1_214' title='bbox 399 1397 468 1432; x_wconf 80' lang='grc' dir='ltr'>μετὰ</span> <span class='ocrx_word' id='word_1_215' title='bbox 478 1396 581 1423; x_wconf 82' lang='grc' dir='ltr'>τούτων</span> <span class='ocrx_word' id='word_1_216' title='bbox 595 1395 770 1422; x_wconf 74' lang='grc' dir='ltr'>ἐϐουλεύοντο</span> <span class='ocrx_word' id='word_1_217' title='bbox 779 1403 786 1410; x_wconf 90' lang='grc'><strong>·</strong></span> <span class='ocrx_word' id='word_1_218' title='bbox 805 1395 851 1421; x_wconf 78' lang='grc' dir='ltr'>καὶ</span> <span class='ocrx_word' id='word_1_219' title='bbox 866 1394 912 1420; x_wconf 86' lang='grc' dir='ltr'><strong>οὑ-</strong></span> 
     </span>
    </p>
   </div>
   <div class='ocr_carea' id='block_1_30' title="bbox 122 1441 913 1480">
    <p class='ocr_par' dir='ltr' id='par_1_30' title="bbox 122 1441 913 1480">
     <span class='ocr_line' id='line_1_30' title="bbox 122 1441 913 1480; baseline -0.004 -9"><span class='ocrx_word' id='word_1_220' title='bbox 122 1445 166 1471; x_wconf 77' lang='grc' dir='ltr'>δὲν</span> <span class='ocrx_word' id='word_1_221' title='bbox 192 1445 241 1480; x_wconf 85' lang='grc' dir='ltr'>μὲν</span> <span class='ocrx_word' id='word_1_222' title='bbox 267 1444 335 1480; x_wconf 75' lang='grc' dir='ltr'>μετὰ</span> <span class='ocrx_word' id='word_1_223' title='bbox 356 1443 512 1479; x_wconf 70' lang='grc' dir='ltr'>παρρησίας</span> <span class='ocrx_word' id='word_1_224' title='bbox 528 1443 671 1480; x_wconf 77' lang='grc' dir='ltr'>ἔπραττον,</span> <span class='ocrx_word' id='word_1_225' title='bbox 688 1441 799 1477; x_wconf 78' lang='grc' dir='ltr'>ἐνέδρας</span> <span class='ocrx_word' id='word_1_226' title='bbox 819 1441 847 1468; x_wconf 83' lang='grc' dir='ltr'><strong>δὲ</strong></span> <span class='ocrx_word' id='word_1_227' title='bbox 866 1442 913 1468; x_wconf 81' lang='grc' dir='ltr'>καὶ</span> 
     </span>
    </p>
   </div>
   <div class='ocr_carea' id='block_1_31' title="bbox 121 1486 912 1524">
    <p class='ocr_par' dir='ltr' id='par_1_31' title="bbox 121 1486 912 1524">
     <span class='ocr_line' id='line_1_31' title="bbox 121 1486 912 1524; baseline -0.001 -10"><span class='ocrx_word' id='word_1_228' title='bbox 121 1487 214 1519; x_wconf 85' lang='grc' dir='ltr'>δόλους</span> <span class='ocrx_word' id='word_1_229' title='bbox 231 1489 381 1524; x_wconf 80' lang='grc' dir='ltr'>ἐπιχειρεῖν</span> <span class='ocrx_word' id='word_1_230' title='bbox 401 1487 536 1522; x_wconf 79' lang='grc' dir='ltr'>ἐμελέτων</span> <span class='ocrx_word' id='word_1_231' title='bbox 554 1487 613 1514; x_wconf 85' lang='grc' dir='ltr'>κατ’</span> <span class='ocrx_word' id='word_1_232' title='bbox 625 1486 702 1522; x_wconf 77' lang='grc' dir='ltr'>ἐμοῦ.</span> <span class='ocrx_word' id='word_1_233' title='bbox 724 1487 777 1513; x_wconf 75' lang='grc' dir='ltr'><strong>Καὶ</strong></span> <span class='ocrx_word' id='word_1_234' title='bbox 792 1486 846 1522; x_wconf 63' lang='grc'>(92)</span> <span class='ocrx_word' id='word_1_235' title='bbox 866 1487 912 1513; x_wconf 87' lang='grc' dir='ltr'><strong>οὑ-</strong></span> 
     </span>
    </p>
   </div>
   <div class='ocr_carea' id='block_1_32' title="bbox 122 1532 912 1570">
    <p class='ocr_par' dir='ltr' id='par_1_32' title="bbox 122 1532 912 1570">
     <span class='ocr_line' id='line_1_32' title="bbox 122 1532 912 1570; baseline -0.004 -9"><span class='ocrx_word' id='word_1_236' title='bbox 122 1535 167 1561; x_wconf 86' lang='grc' dir='ltr'><strong>δέν</strong></span> <span class='ocrx_word' id='word_1_237' title='bbox 189 1536 237 1570; x_wconf 81' lang='grc' dir='ltr'>μὲν</span> <span class='ocrx_word' id='word_1_238' title='bbox 252 1535 290 1566; x_wconf 85' lang='grc' dir='ltr'>ὡς</span> <span class='ocrx_word' id='word_1_239' title='bbox 308 1534 439 1569; x_wconf 80' lang='grc' dir='ltr'>βασιλέως</span> <span class='ocrx_word' id='word_1_240' title='bbox 460 1533 661 1569; x_wconf 78' lang='grc' dir='ltr'>προστάξαντος</span> <span class='ocrx_word' id='word_1_241' title='bbox 687 1532 805 1564; x_wconf 79' lang='grc' dir='ltr'>ἐποίουν,</span> <span class='ocrx_word' id='word_1_242' title='bbox 829 1532 866 1563; x_wconf 82' lang='grc' dir='ltr'>ὡς</span> <span class='ocrx_word' id='word_1_243' title='bbox 884 1532 912 1558; x_wconf 82' lang='grc' dir='ltr'><strong>δὲ</strong></span> 
     </span>
    </p>
   </div>
   <div class='ocr_carea' id='block_1_33' title="bbox 123 1578 911 1616">
    <p class='ocr_par' dir='ltr' id='par_1_33' title="bbox 123 1578 911 1616">
     <span class='ocr_line' id='line_1_33' title="bbox 123 1578 911 1616; baseline -0.001 -9"><span class='ocrx_word' id='word_1_244' title='bbox 123 1582 188 1616; x_wconf 87' lang='grc' dir='ltr'>παρ’</span> <span class='ocrx_word' id='word_1_245' title='bbox 201 1580 305 1616; x_wconf 82' lang='grc' dir='ltr'>ἐχθρῶν</span> <span class='ocrx_word' id='word_1_246' title='bbox 318 1579 483 1614; x_wconf 76' lang='grc' dir='ltr'>ἀξιούμενοι,</span> <span class='ocrx_word' id='word_1_247' title='bbox 499 1578 612 1614; x_wconf 71' lang='grc' dir='ltr'>ἤλεγχον</span> <span class='ocrx_word' id='word_1_248' title='bbox 625 1578 749 1610; x_wconf 79' lang='grc' dir='ltr'>ἑαυτούς.</span> <span class='ocrx_word' id='word_1_249' title='bbox 761 1578 848 1605; x_wconf 82' lang='grc' dir='ltr'>Τοῦτο</span> <span class='ocrx_word' id='word_1_250' title='bbox 857 1579 911 1613; x_wconf 81' lang='grc' dir='ltr'><strong>γάρ</strong></span> 
     </span>
    </p>
   </div>
   <div class='ocr_carea' id='block_1_34' title="bbox 125 1624 911 1662">
    <p class='ocr_par' dir='ltr' id='par_1_34' title="bbox 125 1624 911 1662">
     <span class='ocr_line' id='line_1_34' title="bbox 125 1624 911 1662; baseline -0.003 -9"><span class='ocrx_word' id='word_1_251' title='bbox 125 1636 157 1662; x_wconf 86' lang='grc' dir='ltr'><strong>με</strong></span> <span class='ocrx_word' id='word_1_252' title='bbox 175 1626 222 1653; x_wconf 76' lang='grc' dir='ltr'>καὶ</span> <span class='ocrx_word' id='word_1_253' title='bbox 240 1625 338 1661; x_wconf 74' lang='grc' dir='ltr'>μᾶλλον</span> <span class='ocrx_word' id='word_1_254' title='bbox 352 1625 479 1651; x_wconf 80' lang='grc' dir='ltr'>ἀπαιτεῖν</span> <span class='ocrx_word' id='word_1_255' title='bbox 495 1625 549 1660; x_wconf 78' lang='grc'>(95)</span> <span class='ocrx_word' id='word_1_256' title='bbox 569 1625 720 1660; x_wconf 85' lang='grc' dir='ltr'>γράμματα</span> <span class='ocrx_word' id='word_1_257' title='bbox 745 1625 810 1660; x_wconf 87' lang='grc' dir='ltr'>παρ’</span> <span class='ocrx_word' id='word_1_258' title='bbox 823 1624 911 1651; x_wconf 82' lang='grc' dir='ltr'>αὐτῶν</span> 
     </span>
    </p>
   </div>
   <div class='ocr_carea' id='block_1_35' title="bbox 122 1668 913 1707">
    <p class='ocr_par' dir='ltr' id='par_1_35' title="bbox 122 1668 913 1707">
     <span class='ocr_line' id='line_1_35' title="bbox 122 1668 913 1707; baseline -0.001 -8"><span class='ocrx_word' id='word_1_259' title='bbox 122 1671 293 1707; x_wconf 75' lang='grc' dir='ltr'>ἠνάγκαζεν,</span> <span class='ocrx_word' id='word_1_260' title='bbox 311 1671 404 1707; x_wconf 83' lang='grc' dir='ltr'>ἐπειδὴ</span> <span class='ocrx_word' id='word_1_261' title='bbox 421 1671 469 1698; x_wconf 78' lang='grc' dir='ltr'><strong>καὶ</strong></span> <span class='ocrx_word' id='word_1_262' title='bbox 484 1670 593 1697; x_wconf 77' lang='grc' dir='ltr'>ὕποπτα</span> <span class='ocrx_word' id='word_1_263' title='bbox 609 1668 643 1705; x_wconf 87' lang='grc' dir='ltr'>ἧν</span> <span class='ocrx_word' id='word_1_264' title='bbox 663 1670 737 1706; x_wconf 72' lang='grc' dir='ltr'>ἅπερ</span> <span class='ocrx_word' id='word_1_265' title='bbox 754 1671 913 1706; x_wconf 74' lang='grc' dir='ltr'>ἐπεχείρουν</span> 
     </span>
    </p>
   </div>
   <div class='ocr_carea' id='block_1_36' title="bbox 122 1713 912 1751">
    <p class='ocr_par' dir='ltr' id='par_1_36' title="bbox 122 1713 912 1751">
     <span class='ocr_line' id='line_1_36' title="bbox 122 1713 912 1751; baseline -0.003 -6"><span class='ocrx_word' id='word_1_266' title='bbox 122 1719 170 1745; x_wconf 80' lang='grc' dir='ltr'>καὶ</span> <span class='ocrx_word' id='word_1_267' title='bbox 183 1718 346 1744; x_wconf 79' lang='grc' dir='ltr'>ἐσκέπτοντο</span> <span class='ocrx_word' id='word_1_268' title='bbox 355 1726 361 1732; x_wconf 90' lang='grc'>·</span> <span class='ocrx_word' id='word_1_269' title='bbox 379 1717 426 1743; x_wconf 76' lang='grc' dir='ltr'>καὶ</span> <span class='ocrx_word' id='word_1_270' title='bbox 440 1717 480 1743; x_wconf 83' lang='grc' dir='ltr'><strong>ὅτι</strong></span> <span class='ocrx_word' id='word_1_271' title='bbox 493 1716 617 1751; x_wconf 83' lang='grc' dir='ltr'>ἀπρεπὲς</span> <span class='ocrx_word' id='word_1_272' title='bbox 634 1713 679 1751; x_wconf 82' lang='grc' dir='ltr'>ἦν,</span> <span class='ocrx_word' id='word_1_273' title='bbox 696 1716 764 1751; x_wconf 82' lang='grc' dir='ltr'>μετὰ</span> <span class='ocrx_word' id='word_1_274' title='bbox 778 1716 912 1743; x_wconf 87' lang='grc' dir='ltr'>τοσούτων</span> 
     </span>
    </p>
   </div>
   <div class='ocr_carea' id='block_1_37' title="bbox 121 1762 912 1800">
    <p class='ocr_par' dir='ltr' id='par_1_37' title="bbox 121 1762 912 1800">
     <span class='ocr_line' id='line_1_37' title="bbox 121 1762 912 1800; baseline -0.003 -9"><span class='ocrx_word' id='word_1_275' title='bbox 121 1764 294 1800; x_wconf 85' lang='grc' dir='ltr'>γραμμάτων</span> <span class='ocrx_word' id='word_1_276' title='bbox 314 1762 370 1798; x_wconf 71' lang='grc'>(94)</span> <span class='ocrx_word' id='word_1_277' title='bbox 393 1762 547 1789; x_wconf 80' lang='grc' dir='ltr'>εἰσελθόντα</span> <span class='ocrx_word' id='word_1_278' title='bbox 573 1770 618 1796; x_wconf 83' lang='grc' dir='ltr'><strong>με,</strong></span> <span class='ocrx_word' id='word_1_279' title='bbox 639 1762 724 1797; x_wconf 80' lang='grc' dir='ltr'>χωρὶς</span> <span class='ocrx_word' id='word_1_280' title='bbox 739 1762 912 1797; x_wconf 84' lang='grc' dir='ltr'>γραμμάτων</span> 
     </span>
    </p>
   </div>
   <div class='ocr_carea' id='block_1_38' title="bbox 121 1807 913 1846">
    <p class='ocr_par' dir='ltr' id='par_1_38' title="bbox 121 1807 913 1846">
     <span class='ocr_line' id='line_1_38' title="bbox 121 1807 913 1846; baseline -0.005 -9"><span class='ocrx_word' id='word_1_281' title='bbox 121 1809 297 1846; x_wconf 80' lang='grc' dir='ltr'>ἀναχωρῆσαι</span> <span class='ocrx_word' id='word_1_282' title='bbox 311 1809 361 1844; x_wconf 77' lang='grc' dir='ltr'>τῆς</span> <span class='ocrx_word' id='word_1_283' title='bbox 383 1807 556 1843; x_wconf 82' lang='grc' dir='ltr'>Ἐκκλησίας.</span> <span class='ocrx_word' id='word_1_284' title='bbox 572 1807 703 1842; x_wconf 84' lang='grc' dir='ltr'>Συριανοῦ</span> <span class='ocrx_word' id='word_1_285' title='bbox 723 1807 812 1834; x_wconf 80' lang='grc' dir='ltr'>τοίνυν</span> <span class='ocrx_word' id='word_1_286' title='bbox 827 1809 913 1842; x_wconf 81' lang='grc' dir='ltr'>ἐπαγ-</span> 
     </span>
    </p>
   </div>
   <div class='ocr_carea' id='block_1_39' title="bbox 121 1853 913 1892">
    <p class='ocr_par' dir='ltr' id='par_1_39' title="bbox 121 1853 913 1892">
     <span class='ocr_line' id='line_1_39' title="bbox 121 1853 913 1892; baseline -0.005 -9"><span class='ocrx_word' id='word_1_287' title='bbox 121 1855 294 1892; x_wconf 82' lang='grc' dir='ltr'>γειλαμένου,</span> <span class='ocrx_word' id='word_1_288' title='bbox 307 1854 454 1890; x_wconf 86' lang='grc' dir='ltr'>συνήγοντο</span> <span class='ocrx_word' id='word_1_289' title='bbox 464 1853 564 1886; x_wconf 65' lang='grc' dir='ltr'>πάντες</span> <span class='ocrx_word' id='word_1_290' title='bbox 577 1855 606 1880; x_wconf 83' lang='grc' dir='ltr'><strong>ἐν</strong></span> <span class='ocrx_word' id='word_1_291' title='bbox 615 1854 675 1885; x_wconf 88' lang='grc' dir='ltr'>ταῖς</span> <span class='ocrx_word' id='word_1_292' title='bbox 687 1853 741 1889; x_wconf 82' lang='grc'>(95)</span> <span class='ocrx_word' id='word_1_293' title='bbox 755 1853 913 1889; x_wconf 77' lang='grc' dir='ltr'>ἐκκλησίαις</span> 
     </span>
    </p>
   </div>
   <div class='ocr_carea' id='block_1_40' title="bbox 123 1899 911 1937">
    <p class='ocr_par' dir='ltr' id='par_1_40' title="bbox 123 1899 911 1937">
     <span class='ocr_line' id='line_1_40' title="bbox 123 1899 911 1937; baseline -0.001 -10"><span class='ocrx_word' id='word_1_294' title='bbox 123 1901 193 1937; x_wconf 72' lang='grc' dir='ltr'>μετὰ</span> <span class='ocrx_word' id='word_1_295' title='bbox 218 1901 306 1936; x_wconf 79' lang='grc' dir='ltr'>χαρᾶς</span> <span class='ocrx_word' id='word_1_296' title='bbox 323 1900 369 1926; x_wconf 78' lang='grc' dir='ltr'>καὶ</span> <span class='ocrx_word' id='word_1_297' title='bbox 386 1899 563 1935; x_wconf 78' lang='grc' dir='ltr'>ἀμεριμνίας.</span> <span class='ocrx_word' id='word_1_298' title='bbox 596 1899 676 1926; x_wconf 86' lang='grc' dir='ltr'>Ἀλλὰ</span> <span class='ocrx_word' id='word_1_299' title='bbox 695 1899 765 1935; x_wconf 85' lang='grc' dir='ltr'>μετὰ.</span> <span class='ocrx_word' id='word_1_300' title='bbox 783 1902 807 1926; x_wconf 86' lang='grc' dir='ltr'>κ’</span> <span class='ocrx_word' id='word_1_301' title='bbox 824 1899 871 1926; x_wconf 83' lang='grc' dir='ltr'><strong>καὶ</strong></span> <span class='ocrx_word' id='word_1_302' title='bbox 887 1902 911 1934; x_wconf 86' lang='grc' dir='ltr'>γ’</span> 
     </span>
    </p>
   </div>
   <div class='ocr_carea' id='block_1_41' title="bbox 121 1944 911 1984">
    <p class='ocr_par' dir='ltr' id='par_1_41' title="bbox 121 1944 911 1984">
     <span class='ocr_line' id='line_1_41' title="bbox 121 1944 911 1984; baseline -0.005 -9"><span class='ocrx_word' id='word_1_303' title='bbox 121 1948 227 1984; x_wconf 84' lang='grc' dir='ltr'>ἡμέρας</span> <span class='ocrx_word' id='word_1_304' title='bbox 240 1948 289 1982; x_wconf 84' lang='grc' dir='ltr'>τῆς</span> <span class='ocrx_word' id='word_1_305' title='bbox 304 1946 469 1980; x_wconf 80' lang='grc' dir='ltr'>ἐπαγγελίας</span> <span class='ocrx_word' id='word_1_306' title='bbox 485 1946 630 1982; x_wconf 81' lang='grc' dir='ltr'>ἐπέρχεται</span> <span class='ocrx_word' id='word_1_307' title='bbox 653 1945 722 1980; x_wconf 77' lang='grc' dir='ltr'>μετὰ</span> <span class='ocrx_word' id='word_1_308' title='bbox 739 1944 911 1981; x_wconf 79' lang='grc' dir='ltr'>στρατιωτῶν</span> 
     </span>
    </p>
   </div>
   <div class='ocr_carea' id='block_1_42' title="bbox 121 1991 912 2030">
    <p class='ocr_par' dir='ltr' id='par_1_42' title="bbox 121 1991 912 2030">
     <span class='ocr_line' id='line_1_42' title="bbox 121 1991 912 2030; baseline -0.004 -9"><span class='ocrx_word' id='word_1_309' title='bbox 121 1996 155 2030; x_wconf 83' lang='grc' dir='ltr'>τῇ</span> <span class='ocrx_word' id='word_1_310' title='bbox 173 1994 314 2029; x_wconf 81' lang='grc' dir='ltr'>ἐκκλησίᾳ,</span> <span class='ocrx_word' id='word_1_311' title='bbox 328 1993 375 2019; x_wconf 76' lang='grc' dir='ltr'>καὶ</span> <span class='ocrx_word' id='word_1_312' title='bbox 386 1993 466 2028; x_wconf 81' lang='grc' dir='ltr'>ἡμεῖς</span> <span class='ocrx_word' id='word_1_313' title='bbox 479 1992 527 2028; x_wconf 84' lang='grc' dir='ltr'>μὲν</span> <span class='ocrx_word' id='word_1_314' title='bbox 541 1992 681 2027; x_wconf 81' lang='grc' dir='ltr'>ηὐχόμεθα</span> <span class='ocrx_word' id='word_1_315' title='bbox 703 1991 825 2027; x_wconf 83' lang='grc' dir='ltr'>συνήθως</span> <span class='ocrx_word' id='word_1_316' title='bbox 839 1999 846 2007; x_wconf 92' lang='grc'><strong>·</strong></span> <span class='ocrx_word' id='word_1_317' title='bbox 866 1991 912 2018; x_wconf 80' lang='grc' dir='ltr'><strong>οὖ-</strong></span> 
     </span>
    </p>
   </div>
   <div class='ocr_carea' id='block_1_43' title="bbox 121 2034 912 2075">
    <p class='ocr_par' dir='ltr' id='par_1_43' title="bbox 121 2034 912 2075">
     <span class='ocr_line' id='line_1_43' title="bbox 121 2034 912 2075; baseline -0.005 -8"><span class='ocrx_word' id='word_1_318' title='bbox 121 2049 160 2067; x_wconf 90' lang='grc' dir='ltr'><strong>τω</strong></span> <span class='ocrx_word' id='word_1_319' title='bbox 174 2040 228 2075; x_wconf 84' lang='grc' dir='ltr'>γὰρ</span> <span class='ocrx_word' id='word_1_320' title='bbox 240 2034 392 2075; x_wconf 57' lang='grc' dir='ltr'>ἑωράκασιν</span> <span class='ocrx_word' id='word_1_321' title='bbox 406 2039 430 2065; x_wconf 78' lang='grc' dir='ltr'>οἱ</span> <span class='ocrx_word' id='word_1_322' title='bbox 444 2038 609 2069; x_wconf 83' lang='grc' dir='ltr'>εἰσελθόντες</span> <span class='ocrx_word' id='word_1_323' title='bbox 623 2037 688 2073; x_wconf 85' lang='grc'>(96),</span> <span class='ocrx_word' id='word_1_324' title='bbox 705 2037 799 2073; x_wconf 78' lang='grc' dir='ltr'>ἐπειδὴ</span> <span class='ocrx_word' id='word_1_325' title='bbox 811 2046 912 2065; x_wconf 80' lang='grc' dir='ltr'>παννυ-</span> 
     </span>
    </p>
   </div>
   <div class='ocr_carea' id='block_1_44' title="bbox 122 2083 910 2122">
    <p class='ocr_par' dir='ltr' id='par_1_44' title="bbox 122 2083 910 2122">
     <span class='ocr_line' id='line_1_44' title="bbox 122 2083 910 2122; baseline -0.005 -9"><span class='ocrx_word' id='word_1_326' title='bbox 122 2087 166 2122; x_wconf 73' lang='grc' dir='ltr'><strong>χὶς</strong></span> <span class='ocrx_word' id='word_1_327' title='bbox 183 2084 216 2122; x_wconf 83' lang='grc' dir='ltr'>ἦν</span> <span class='ocrx_word' id='word_1_328' title='bbox 242 2085 375 2121; x_wconf 83' lang='grc' dir='ltr'>ἐσομένης</span> <span class='ocrx_word' id='word_1_329' title='bbox 391 2085 536 2116; x_wconf 79' lang='grc' dir='ltr'>συνάξεως.</span> <span class='ocrx_word' id='word_1_330' title='bbox 564 2084 683 2110; x_wconf 81' lang='grc' dir='ltr'>Τοιαῦτα</span> <span class='ocrx_word' id='word_1_331' title='bbox 707 2083 734 2110; x_wconf 82' lang='grc' dir='ltr'><strong>δὲ</strong></span> <span class='ocrx_word' id='word_1_332' title='bbox 757 2083 853 2118; x_wconf 80' lang='grc' dir='ltr'>γέγονε</span> <span class='ocrx_word' id='word_1_333' title='bbox 876 2084 910 2119; x_wconf 85' lang='grc' dir='ltr'>τῇ</span> 
     </span>
    </p>
   </div>
   <div class='ocr_carea' id='block_1_45' title="bbox 122 2127 910 2166">
    <p class='ocr_par' dir='ltr' id='par_1_45' title="bbox 122 2127 910 2166">
     <span class='ocr_line' id='line_1_45' title="bbox 122 2127 910 2166; baseline -0.001 -9"><span class='ocrx_word' id='word_1_334' title='bbox 122 2131 200 2158; x_wconf 76' lang='grc' dir='ltr'>νυκτὶ</span> <span class='ocrx_word' id='word_1_335' title='bbox 218 2130 320 2166; x_wconf 85' lang='grc' dir='ltr'>ἐκείνῃ,</span> <span class='ocrx_word' id='word_1_336' title='bbox 336 2127 381 2156; x_wconf 77' lang='grc' dir='ltr'>οἷα</span> <span class='ocrx_word' id='word_1_337' title='bbox 395 2129 489 2165; x_wconf 76' lang='grc' dir='ltr'>ηοελον</span> <span class='ocrx_word' id='word_1_338' title='bbox 504 2129 551 2156; x_wconf 73' lang='grc' dir='ltr'>καὶ</span> <span class='ocrx_word' id='word_1_339' title='bbox 566 2128 774 2164; x_wconf 82' lang='grc' dir='ltr'>ἐπηγγέλλοντο,</span> <span class='ocrx_word' id='word_1_340' title='bbox 786 2129 851 2165; x_wconf 78' lang='grc' dir='ltr'>πρὶν</span> <span class='ocrx_word' id='word_1_341' title='bbox 863 2138 910 2164; x_wconf 89' lang='grc' dir='ltr'>γε-</span> 
     </span>
    </p>
   </div>
   <div class='ocr_carea' id='block_1_46' title="bbox 121 2173 910 2210">
    <p class='ocr_par' dir='ltr' id='par_1_46' title="bbox 121 2173 910 2210">
     <span class='ocr_line' id='line_1_46' title="bbox 121 2173 910 2210; baseline -0.001 -7"><span class='ocrx_word' id='word_1_342' title='bbox 121 2176 226 2208; x_wconf 82' lang='grc' dir='ltr'>νέσθαι,</span> <span class='ocrx_word' id='word_1_343' title='bbox 247 2176 272 2202; x_wconf 85' lang='grc' dir='ltr'>οἱ</span> <span class='ocrx_word' id='word_1_344' title='bbox 293 2175 440 2210; x_wconf 82' lang='grc' dir='ltr'>Ἀρειανοί·</span> <span class='ocrx_word' id='word_1_345' title='bbox 458 2175 557 2206; x_wconf 77' lang='grc' dir='ltr'>αὐτοὺς</span> <span class='ocrx_word' id='word_1_346' title='bbox 581 2174 636 2210; x_wconf 83' lang='grc' dir='ltr'>γὰρ</span> <span class='ocrx_word' id='word_1_347' title='bbox 660 2173 728 2209; x_wconf 72' lang='grc' dir='ltr'>ἔχων</span> <span class='ocrx_word' id='word_1_348' title='bbox 740 2175 798 2209; x_wconf 78' lang='grc' dir='ltr'>μεθ’</span> <span class='ocrx_word' id='word_1_349' title='bbox 814 2175 910 2202; x_wconf 77' lang='grc' dir='ltr'>ἑαυτοῦ</span> 
     </span>
    </p>
   </div>
   <div class='ocr_carea' id='block_1_47' title="bbox 975 251 1762 289">
    <p class='ocr_par' dir='ltr' id='par_1_47' title="bbox 975 251 1762 289">
     <span class='ocr_line' id='line_1_47' title="bbox 975 251 1762 289; baseline -0.003 -9"><span class='ocrx_word' id='word_1_350' title='bbox 975 254 1064 289; x_wconf 86' lang='lat' dir='ltr'><strong>populi</strong></span> <span class='ocrx_word' id='word_1_351' title='bbox 1079 260 1142 281; x_wconf 83' lang='lat' dir='ltr'><strong>cum</strong></span> <span class='ocrx_word' id='word_1_352' title='bbox 1159 252 1337 288; x_wconf 78' lang='lat' dir='ltr'><strong>presbyteris,</strong></span> <span class='ocrx_word' id='word_1_353' title='bbox 1352 256 1380 279; x_wconf 88' lang='lat' dir='ltr'><strong>et</strong></span> <span class='ocrx_word' id='word_1_354' title='bbox 1393 259 1452 279; x_wconf 88' lang='lat' dir='ltr'><strong>cum</strong></span> <span class='ocrx_word' id='word_1_355' title='bbox 1465 252 1519 278; x_wconf 81' lang='lat' dir='ltr'><strong>illis</strong></span> <span class='ocrx_word' id='word_1_356' title='bbox 1538 252 1655 278; x_wconf 76' lang='lat' dir='ltr'><strong>maxima</strong></span> <span class='ocrx_word' id='word_1_357' title='bbox 1668 251 1762 278; x_wconf 87' lang='lat' dir='ltr'><strong>civita-</strong></span> 
     </span>
    </p>
   </div>
   <div class='ocr_carea' id='block_1_48' title="bbox 975 297 1761 335">
    <p class='ocr_par' dir='ltr' id='par_1_48' title="bbox 975 297 1761 335">
     <span class='ocr_line' id='line_1_48' title="bbox 975 297 1761 335; baseline -0.004 -8"><span class='ocrx_word' id='word_1_358' title='bbox 975 300 1009 327; x_wconf 90' lang='lat' dir='ltr'><strong>tis</strong></span> <span class='ocrx_word' id='word_1_359' title='bbox 1017 307 1090 335; x_wconf 88' lang='lat' dir='ltr'><strong>pars,</strong></span> <span class='ocrx_word' id='word_1_360' title='bbox 1107 307 1140 327; x_wconf 90' lang='lat' dir='ltr'><strong>ne</strong></span> <span class='ocrx_word' id='word_1_361' title='bbox 1153 299 1216 333; x_wconf 89' lang='lat' dir='ltr'><strong>quid</strong></span> <span class='ocrx_word' id='word_1_362' title='bbox 1228 299 1342 333; x_wconf 81' lang='lat' dir='ltr'><strong>amplius</strong></span> <span class='ocrx_word' id='word_1_363' title='bbox 1359 299 1458 330; x_wconf 85' lang='lat' dir='ltr'><strong>dicam,</strong></span> <span class='ocrx_word' id='word_1_364' title='bbox 1471 297 1615 333; x_wconf 86' lang='lat' dir='ltr'><strong>Syrianum</strong></span> <span class='ocrx_word' id='word_1_365' title='bbox 1631 297 1761 324; x_wconf 75' lang='lat' dir='ltr'><strong>adeuntes</strong></span> 
     </span>
    </p>
   </div>
   <div class='ocr_carea' id='block_1_49' title="bbox 975 343 1760 381">
    <p class='ocr_par' dir='ltr' id='par_1_49' title="bbox 975 343 1760 381">
     <span class='ocr_line' id='line_1_49' title="bbox 975 343 1760 381; baseline -0.006 -7"><span class='ocrx_word' id='word_1_366' title='bbox 975 346 1148 381; x_wconf 89' lang='lat' dir='ltr'><strong>postulabant</strong></span> <span class='ocrx_word' id='word_1_367' title='bbox 1165 353 1172 372; x_wconf 89' lang='lat'><strong>:</strong></span> <span class='ocrx_word' id='word_1_368' title='bbox 1188 345 1296 379; x_wconf 87' lang='lat' dir='ltr'><strong>illicque</strong></span> <span class='ocrx_word' id='word_1_369' title='bbox 1311 349 1367 371; x_wconf 91' lang='lat' dir='ltr'><strong>tum</strong></span> <span class='ocrx_word' id='word_1_370' title='bbox 1390 344 1485 371; x_wconf 88' lang='lat' dir='ltr'><strong>aderat</strong></span> <span class='ocrx_word' id='word_1_371' title='bbox 1497 343 1604 378; x_wconf 63' lang='lat' dir='ltr'><strong>[Egypti</strong></span> <span class='ocrx_word' id='word_1_372' title='bbox 1618 343 1760 377; x_wconf 77' lang='lat' dir='ltr'><strong>praefectus</strong></span> 
     </span>
    </p>
   </div>
   <div class='ocr_carea' id='block_1_50' title="bbox 974 390 1760 425">
    <p class='ocr_par' dir='ltr' id='par_1_50' title="bbox 974 390 1760 425">
     <span class='ocr_line' id='line_1_50' title="bbox 974 390 1760 425; baseline -0.003 -6"><span class='ocrx_word' id='word_1_373' title='bbox 974 392 1119 419; x_wconf 79' lang='lat' dir='ltr'><strong>Maximus.</strong></span> <span class='ocrx_word' id='word_1_374' title='bbox 1138 391 1194 419; x_wconf 80' lang='lat' dir='ltr'><strong>Hoc</strong></span> <span class='ocrx_word' id='word_1_375' title='bbox 1206 396 1295 418; x_wconf 86' lang='lat' dir='ltr'><strong>autem</strong></span> <span class='ocrx_word' id='word_1_376' title='bbox 1311 391 1432 425; x_wconf 87' lang='lat' dir='ltr'><strong>impense</strong></span> <span class='ocrx_word' id='word_1_377' title='bbox 1445 390 1585 424; x_wconf 85' lang='lat' dir='ltr'><strong>rogabant,</strong></span> <span class='ocrx_word' id='word_1_378' title='bbox 1599 395 1627 416; x_wconf 90' lang='lat' dir='ltr'><strong>ut</strong></span> <span class='ocrx_word' id='word_1_379' title='bbox 1641 390 1681 417; x_wconf 86' lang='lat' dir='ltr'><strong>vel</strong></span> <span class='ocrx_word' id='word_1_380' title='bbox 1693 391 1760 417; x_wconf 83' lang='lat' dir='ltr'><strong>scri—</strong></span> 
     </span>
    </p>
   </div>
   <div class='ocr_carea' id='block_1_51' title="bbox 974 436 1760 471">
    <p class='ocr_par' dir='ltr' id='par_1_51' title="bbox 974 436 1760 471">
     <span class='ocr_line' id='line_1_51' title="bbox 974 436 1760 471; baseline -0.005 -5"><span class='ocrx_word' id='word_1_381' title='bbox 974 438 1104 466; x_wconf 88' lang='lat' dir='ltr'><strong>berentur</strong></span> <span class='ocrx_word' id='word_1_382' title='bbox 1119 438 1345 471; x_wconf 89' lang='lat' dir='ltr'><strong>mitterenturque</strong></span> <span class='ocrx_word' id='word_1_383' title='bbox 1356 437 1389 464; x_wconf 86' lang='lat' dir='ltr'><strong>ad</strong></span> <span class='ocrx_word' id='word_1_384' title='bbox 1404 444 1446 464; x_wconf 90' lang='lat' dir='ltr'><strong>me</strong></span> <span class='ocrx_word' id='word_1_385' title='bbox 1459 436 1565 467; x_wconf 68' lang='lat' dir='ltr'><strong>litterat,</strong></span> <span class='ocrx_word' id='word_1_386' title='bbox 1582 436 1622 463; x_wconf 85' lang='lat' dir='ltr'><strong>vel</strong></span> <span class='ocrx_word' id='word_1_387' title='bbox 1636 444 1687 463; x_wconf 90' lang='lat' dir='ltr'><strong>non</strong></span> <span class='ocrx_word' id='word_1_388' title='bbox 1702 444 1760 463; x_wconf 90' lang='lat' dir='ltr'><strong>am-</strong></span> 
     </span>
    </p>
   </div>
   <div class='ocr_carea' id='block_1_52' title="bbox 973 482 1759 519">
    <p class='ocr_par' dir='ltr' id='par_1_52' title="bbox 973 482 1759 519">
     <span class='ocr_line' id='line_1_52' title="bbox 973 482 1759 519; baseline -0.001 -9"><span class='ocrx_word' id='word_1_389' title='bbox 973 485 1044 519; x_wconf 90' lang='lat' dir='ltr'><strong>plius</strong></span> <span class='ocrx_word' id='word_1_390' title='bbox 1061 484 1098 511; x_wconf 89' lang='lat' dir='ltr'><strong>illi</strong></span> <span class='ocrx_word' id='word_1_391' title='bbox 1120 483 1256 511; x_wconf 88' lang='lat' dir='ltr'><strong>Ecclesias</strong></span> <span class='ocrx_word' id='word_1_392' title='bbox 1269 482 1477 515; x_wconf 87' lang='lat' dir='ltr'><strong>conturbarent,</strong></span> <span class='ocrx_word' id='word_1_393' title='bbox 1500 483 1585 510; x_wconf 88' lang='lat' dir='ltr'><strong>donec</strong></span> <span class='ocrx_word' id='word_1_394' title='bbox 1604 482 1654 516; x_wconf 83' lang='lat' dir='ltr'><strong>ipsi</strong></span> <span class='ocrx_word' id='word_1_395' title='bbox 1669 482 1759 516; x_wconf 88' lang='lat' dir='ltr'><strong>populi</strong></span> 
     </span>
    </p>
   </div>
   <div class='ocr_carea' id='block_1_53' title="bbox 974 528 1760 564">
    <p class='ocr_par' dir='ltr' id='par_1_53' title="bbox 974 528 1760 564">
     <span class='ocr_line' id='line_1_53' title="bbox 974 528 1760 564; baseline -0.005 -6"><span class='ocrx_word' id='word_1_396' title='bbox 974 530 1026 558; x_wconf 84' lang='lat' dir='ltr'><strong>hac</strong></span> <span class='ocrx_word' id='word_1_397' title='bbox 1046 531 1080 558; x_wconf 90' lang='lat' dir='ltr'><strong>de</strong></span> <span class='ocrx_word' id='word_1_398' title='bbox 1103 537 1135 558; x_wconf 87' lang='lat' dir='ltr'><strong>re</strong></span> <span class='ocrx_word' id='word_1_399' title='bbox 1151 529 1254 564; x_wconf 85' lang='lat' dir='ltr'><strong>legatos</strong></span> <span class='ocrx_word' id='word_1_400' title='bbox 1268 529 1301 556; x_wconf 91' lang='lat' dir='ltr'><strong>ad</strong></span> <span class='ocrx_word' id='word_1_401' title='bbox 1318 533 1345 556; x_wconf 86' lang='lat' dir='ltr'><strong>te</strong></span> <span class='ocrx_word' id='word_1_402' title='bbox 1362 529 1510 556; x_wconf 81' lang='lat' dir='ltr'><strong>misissent.</strong></span> <span class='ocrx_word' id='word_1_403' title='bbox 1531 528 1597 556; x_wconf 91' lang='lat' dir='ltr'><strong>Cum</strong></span> <span class='ocrx_word' id='word_1_404' title='bbox 1620 528 1701 562; x_wconf 78' lang='lat' dir='ltr'><strong>igitur</strong></span> <span class='ocrx_word' id='word_1_405' title='bbox 1715 536 1760 554; x_wconf 88' lang='lat' dir='ltr'><strong>ve-</strong></span> 
     </span>
    </p>
   </div>
   <div class='ocr_carea' id='block_1_54' title="bbox 974 574 1760 609">
    <p class='ocr_par' dir='ltr' id='par_1_54' title="bbox 974 574 1760 609">
     <span class='ocr_line' id='line_1_54' title="bbox 974 574 1760 609; baseline -0.003 -5"><span class='ocrx_word' id='word_1_406' title='bbox 974 577 1116 604; x_wconf 86' lang='lat' dir='ltr'><strong>hementer</strong></span> <span class='ocrx_word' id='word_1_407' title='bbox 1144 576 1290 607; x_wconf 83' lang='lat' dir='ltr'><strong>instarent,</strong></span> <span class='ocrx_word' id='word_1_408' title='bbox 1314 579 1486 609; x_wconf 86' lang='lat' dir='ltr'><strong>perspectum</strong></span> <span class='ocrx_word' id='word_1_409' title='bbox 1505 574 1609 601; x_wconf 88' lang='lat' dir='ltr'><strong>habens</strong></span> <span class='ocrx_word' id='word_1_410' title='bbox 1628 574 1760 609; x_wconf 88' lang='lat' dir='ltr'><strong>Syrianus</strong></span> 
     </span>
    </p>
   </div>
   <div class='ocr_carea' id='block_1_55' title="bbox 972 618 1760 655">
    <p class='ocr_par' dir='ltr' id='par_1_55' title="bbox 972 618 1760 655">
     <span class='ocr_line' id='line_1_55' title="bbox 972 618 1760 655; baseline -0.001 -8"><span class='ocrx_word' id='word_1_411' title='bbox 972 628 1052 655; x_wconf 90' lang='lat' dir='ltr'><strong>quam</strong></span> <span class='ocrx_word' id='word_1_412' title='bbox 1068 627 1146 655; x_wconf 83' lang='lat' dir='ltr'><strong>aequa</strong></span> <span class='ocrx_word' id='word_1_413' title='bbox 1160 625 1231 647; x_wconf 81' lang='lat' dir='ltr'><strong>esset</strong></span> <span class='ocrx_word' id='word_1_414' title='bbox 1249 619 1409 655; x_wconf 84' lang='lat' dir='ltr'><strong>postulatio,</strong></span> <span class='ocrx_word' id='word_1_415' title='bbox 1423 624 1494 646; x_wconf 82' lang='lat' dir='ltr'><strong>tuam</strong></span> <span class='ocrx_word' id='word_1_416' title='bbox 1522 618 1636 646; x_wconf 77' lang='lat' dir='ltr'><strong>salutent</strong></span> <span class='ocrx_word' id='word_1_417' title='bbox 1666 626 1760 646; x_wconf 81' lang='lat' dir='ltr'><strong>conte-</strong></span> 
     </span>
    </p>
   </div>
   <div class='ocr_carea' id='block_1_56' title="bbox 972 662 1759 700">
    <p class='ocr_par' dir='ltr' id='par_1_56' title="bbox 972 662 1759 700">
     <span class='ocr_line' id='line_1_56' title="bbox 972 662 1759 700; baseline 0 -9"><span class='ocrx_word' id='word_1_418' title='bbox 972 669 1059 692; x_wconf 90' lang='lat' dir='ltr'><strong>status</strong></span> <span class='ocrx_word' id='word_1_419' title='bbox 1073 664 1209 700; x_wconf 82' lang='lat' dir='ltr'><strong>pollicitus</strong></span> <span class='ocrx_word' id='word_1_420' title='bbox 1222 670 1274 697; x_wconf 88' lang='lat' dir='ltr'><strong>est,</strong></span> <span class='ocrx_word' id='word_1_421' title='bbox 1291 669 1425 700; x_wconf 60' lang='lat' dir='ltr'><strong>praesente</strong></span> <span class='ocrx_word' id='word_1_422' title='bbox 1442 669 1505 691; x_wconf 89' lang='lat' dir='ltr'><strong>tunc</strong></span> <span class='ocrx_word' id='word_1_423' title='bbox 1521 662 1634 696; x_wconf 84' lang='lat' dir='ltr'><strong>Hilario,</strong></span> <span class='ocrx_word' id='word_1_424' title='bbox 1648 671 1677 691; x_wconf 87' lang='lat' dir='ltr'><strong>se</strong></span> <span class='ocrx_word' id='word_1_425' title='bbox 1690 665 1759 691; x_wconf 84' lang='lat' dir='ltr'><strong>nihil</strong></span> 
     </span>
    </p>
   </div>
   <div class='ocr_carea' id='block_1_57' title="bbox 974 710 1758 745">
    <p class='ocr_par' dir='ltr' id='par_1_57' title="bbox 974 710 1758 745">
     <span class='ocr_line' id='line_1_57' title="bbox 974 710 1758 745; baseline -0.004 -7"><span class='ocrx_word' id='word_1_426' title='bbox 974 710 1091 745; x_wconf 83' lang='lat' dir='ltr'><strong>amplius</strong></span> <span class='ocrx_word' id='word_1_427' title='bbox 1107 711 1344 742; x_wconf 83' lang='lat' dir='ltr'><strong>contnrbaturum,</strong></span> <span class='ocrx_word' id='word_1_428' title='bbox 1363 710 1408 737; x_wconf 90' lang='lat' dir='ltr'><strong>sed</strong></span> <span class='ocrx_word' id='word_1_429' title='bbox 1434 717 1490 736; x_wconf 85' lang='lat' dir='ltr'><strong>rem</strong></span> <span class='ocrx_word' id='word_1_430' title='bbox 1510 710 1542 736; x_wconf 92' lang='lat' dir='ltr'><strong>ad</strong></span> <span class='ocrx_word' id='word_1_431' title='bbox 1565 714 1637 736; x_wconf 85' lang='lat' dir='ltr'><strong>tuam</strong></span> <span class='ocrx_word' id='word_1_432' title='bbox 1654 710 1758 744; x_wconf 84' lang='lat' dir='ltr'><strong>religio-</strong></span> 
     </span>
    </p>
   </div>
   <div class='ocr_carea' id='block_1_58' title="bbox 971 755 1756 791">
    <p class='ocr_par' dir='ltr' id='par_1_58' title="bbox 971 755 1756 791">
     <span class='ocr_line' id='line_1_58' title="bbox 971 755 1756 791; baseline -0.001 -8"><span class='ocrx_word' id='word_1_433' title='bbox 971 764 1034 783; x_wconf 91' lang='lat' dir='ltr'><strong>nem</strong></span> <span class='ocrx_word' id='word_1_434' title='bbox 1049 755 1212 783; x_wconf 87' lang='lat' dir='ltr'><strong>delaturttm.</strong></span> <span class='ocrx_word' id='word_1_435' title='bbox 1229 755 1285 783; x_wconf 86' lang='lat' dir='ltr'><strong>Hoc</strong></span> <span class='ocrx_word' id='word_1_436' title='bbox 1303 756 1367 783; x_wconf 83' lang='lat' dir='ltr'><strong>item</strong></span> <span class='ocrx_word' id='word_1_437' title='bbox 1394 756 1478 790; x_wconf 83' lang='lat' dir='ltr'><strong>probe</strong></span> <span class='ocrx_word' id='word_1_438' title='bbox 1501 760 1602 782; x_wconf 82' lang='lat' dir='ltr'><strong>norunt</strong></span> <span class='ocrx_word' id='word_1_439' title='bbox 1615 755 1698 791; x_wconf 60' lang='lat'><strong>246</strong></span> <span class='ocrx_word' id='word_1_440' title='bbox 1710 763 1756 782; x_wconf 91' lang='lat' dir='ltr'><strong>co-</strong></span> 
     </span>
    </p>
   </div>
   <div class='ocr_carea' id='block_1_59' title="bbox 971 801 1757 836">
    <p class='ocr_par' dir='ltr' id='par_1_59' title="bbox 971 801 1757 836">
     <span class='ocr_line' id='line_1_59' title="bbox 971 801 1757 836; baseline 0 -7"><span class='ocrx_word' id='word_1_441' title='bbox 971 802 1036 830; x_wconf 88' lang='lat' dir='ltr'><strong>hors</strong></span> <span class='ocrx_word' id='word_1_442' title='bbox 1052 802 1145 834; x_wconf 89' lang='lat' dir='ltr'><strong>ducis,</strong></span> <span class='ocrx_word' id='word_1_443' title='bbox 1165 803 1265 830; x_wconf 84' lang='lat' dir='ltr'><strong>cohors</strong></span> <span class='ocrx_word' id='word_1_444' title='bbox 1284 802 1346 828; x_wconf 90' lang='lat' dir='ltr'><strong>item</strong></span> <span class='ocrx_word' id='word_1_445' title='bbox 1371 801 1491 836; x_wconf 80' lang='lat' dir='ltr'><strong>praefecti</strong></span> <span class='ocrx_word' id='word_1_446' title='bbox 1511 801 1633 836; x_wconf 70' lang='lat' dir='ltr'><strong>Egypti.</strong></span> <span class='ocrx_word' id='word_1_447' title='bbox 1660 801 1757 829; x_wconf 65' lang='lat' dir='ltr'><strong>Prazfe-</strong></span> 
     </span>
    </p>
   </div>
   <div class='ocr_carea' id='block_1_60' title="bbox 971 847 1753 882">
    <p class='ocr_par' dir='ltr' id='par_1_60' title="bbox 971 847 1753 882">
     <span class='ocr_line' id='line_1_60' title="bbox 971 847 1753 882; baseline 0 -8"><span class='ocrx_word' id='word_1_448' title='bbox 971 852 1031 875; x_wconf 88' lang='lat' dir='ltr'><strong>ctus</strong></span> <span class='ocrx_word' id='word_1_449' title='bbox 1046 852 1136 875; x_wconf 86' lang='lat' dir='ltr'><strong>autem</strong></span> <span class='ocrx_word' id='word_1_450' title='bbox 1152 847 1234 875; x_wconf 87' lang='lat' dir='ltr'><strong>Urbis</strong></span> <span class='ocrx_word' id='word_1_451' title='bbox 1247 847 1298 874; x_wconf 89' lang='lat' dir='ltr'><strong>hoc</strong></span> <span class='ocrx_word' id='word_1_452' title='bbox 1315 852 1521 874; x_wconf 82' lang='lat' dir='ltr'><strong>nmtmmeulum</strong></span> <span class='ocrx_word' id='word_1_453' title='bbox 1537 848 1606 882; x_wconf 88' lang='lat' dir='ltr'><strong>apud</strong></span> <span class='ocrx_word' id='word_1_454' title='bbox 1621 855 1651 875; x_wconf 87' lang='lat' dir='ltr'><strong>se</strong></span> <span class='ocrx_word' id='word_1_455' title='bbox 1669 855 1753 874; x_wconf 86' lang='lat' dir='ltr'><strong>reser-</strong></span> 
     </span>
    </p>
   </div>
   <div class='ocr_carea' id='block_1_61' title="bbox 935 883 1754 928">
    <p class='ocr_par' dir='ltr' id='par_1_61' title="bbox 935 883 1754 928">
     <span class='ocr_line' id='line_1_61' title="bbox 935 883 1754 928; baseline 0.001 -8"><span class='ocrx_word' id='word_1_456' title='bbox 935 883 956 912; x_wconf 75' lang='grc' dir='ltr'><strong>Β</strong></span> <span class='ocrx_word' id='word_1_457' title='bbox 974 899 1031 927; x_wconf 86' lang='lat' dir='ltr'><strong>vat,</strong></span> <span class='ocrx_word' id='word_1_458' title='bbox 1059 895 1130 922; x_wconf 90' lang='lat' dir='ltr'><strong>unde</strong></span> <span class='ocrx_word' id='word_1_459' title='bbox 1146 894 1314 928; x_wconf 76' lang='lat' dir='ltr'><strong>exploratum</strong></span> <span class='ocrx_word' id='word_1_460' title='bbox 1334 893 1433 920; x_wconf 87' lang='lat' dir='ltr'><strong>habeas</strong></span> <span class='ocrx_word' id='word_1_461' title='bbox 1458 901 1506 921; x_wconf 87' lang='lat' dir='ltr'><strong>nec</strong></span> <span class='ocrx_word' id='word_1_462' title='bbox 1521 901 1580 926; x_wconf 88' lang='lat' dir='ltr'><strong>me,</strong></span> <span class='ocrx_word' id='word_1_463' title='bbox 1605 901 1654 920; x_wconf 87' lang='lat' dir='ltr'><strong>nec</strong></span> <span class='ocrx_word' id='word_1_464' title='bbox 1672 894 1754 921; x_wconf 87' lang='lat' dir='ltr'><strong>alium</strong></span> 
     </span>
    </p>
   </div>
   <div class='ocr_carea' id='block_1_62' title="bbox 975 939 1452 974">
    <p class='ocr_par' dir='ltr' id='par_1_62' title="bbox 975 939 1452 974">
     <span class='ocr_line' id='line_1_62' title="bbox 975 939 1452 974; baseline 0 -8"><span class='ocrx_word' id='word_1_465' title='bbox 975 940 1128 974; x_wconf 80' lang='lat' dir='ltr'><strong>quempiam</strong></span> <span class='ocrx_word' id='word_1_466' title='bbox 1142 939 1225 974; x_wconf 76' lang='lat' dir='ltr'><strong>jussis</strong></span> <span class='ocrx_word' id='word_1_467' title='bbox 1240 939 1378 966; x_wconf 85' lang='lat' dir='ltr'><strong>obstitisse</strong></span> <span class='ocrx_word' id='word_1_468' title='bbox 1391 939 1452 966; x_wconf 86' lang='lat' dir='ltr'><strong>tuis.</strong></span> 
     </span>
    </p>
   </div>
   <div class='ocr_carea' id='block_1_63' title="bbox 1011 983 1754 1020">
    <p class='ocr_par' dir='ltr' id='par_1_63' title="bbox 1011 983 1754 1020">
     <span class='ocr_line' id='line_1_63' title="bbox 1011 983 1754 1020; baseline 0 -8"><span class='ocrx_word' id='word_1_469' title='bbox 1011 985 1057 1012; x_wconf 79' lang='lat'><strong>25.</strong></span> <span class='ocrx_word' id='word_1_470' title='bbox 1073 985 1215 1020; x_wconf 83' lang='lat' dir='ltr'><strong>Rogabant</strong></span> <span class='ocrx_word' id='word_1_471' title='bbox 1241 985 1323 1020; x_wconf 82' lang='lat' dir='ltr'><strong>igitur</strong></span> <span class='ocrx_word' id='word_1_472' title='bbox 1338 991 1432 1012; x_wconf 87' lang='lat' dir='ltr'><strong>onmes</strong></span> <span class='ocrx_word' id='word_1_473' title='bbox 1447 989 1476 1011; x_wconf 85' lang='lat' dir='ltr'><strong>ut</strong></span> <span class='ocrx_word' id='word_1_474' title='bbox 1490 983 1676 1019; x_wconf 77' lang='lat' dir='ltr'><strong>proferrentur</strong></span> <span class='ocrx_word' id='word_1_475' title='bbox 1701 989 1754 1013; x_wconf 66' lang='lat' dir='ltr'><strong>tute</strong></span> 
     </span>
    </p>
   </div>
   <div class='ocr_carea' id='block_1_64' title="bbox 970 1029 1753 1065">
    <p class='ocr_par' dir='ltr' id='par_1_64' title="bbox 970 1029 1753 1065">
     <span class='ocr_line' id='line_1_64' title="bbox 970 1029 1753 1065; baseline -0.004 -7"><span class='ocrx_word' id='word_1_476' title='bbox 970 1031 1078 1065; x_wconf 87' lang='lat' dir='ltr'><strong>pietatis</strong></span> <span class='ocrx_word' id='word_1_477' title='bbox 1094 1030 1201 1058; x_wconf 72' lang='lat' dir='ltr'><strong>litterae.</strong></span> <span class='ocrx_word' id='word_1_478' title='bbox 1215 1030 1320 1057; x_wconf 81' lang='lat' dir='ltr'><strong>Etenim</strong></span> <span class='ocrx_word' id='word_1_479' title='bbox 1334 1029 1396 1057; x_wconf 87' lang='lat' dir='ltr'><strong>licet</strong></span> <span class='ocrx_word' id='word_1_480' title='bbox 1407 1029 1464 1057; x_wconf 85' lang='lat' dir='ltr'><strong>sola</strong></span> <span class='ocrx_word' id='word_1_481' title='bbox 1482 1029 1652 1063; x_wconf 85' lang='lat' dir='ltr'><strong>imperatoris</strong></span> <span class='ocrx_word' id='word_1_482' title='bbox 1662 1029 1753 1063; x_wconf 83' lang='lat' dir='ltr'><strong>verba,</strong></span> 
     </span>
    </p>
   </div>
   <div class='ocr_carea' id='block_1_65' title="bbox 968 1075 1752 1111">
    <p class='ocr_par' dir='ltr' id='par_1_65' title="bbox 968 1075 1752 1111">
     <span class='ocr_line' id='line_1_65' title="bbox 968 1075 1752 1111; baseline -0.003 -7"><span class='ocrx_word' id='word_1_483' title='bbox 968 1077 1064 1104; x_wconf 83' lang='lat' dir='ltr'><strong>eadem</strong></span> <span class='ocrx_word' id='word_1_484' title='bbox 1078 1084 1131 1111; x_wconf 86' lang='lat' dir='ltr'><strong>qua</strong></span> <span class='ocrx_word' id='word_1_485' title='bbox 1156 1077 1258 1111; x_wconf 85' lang='lat' dir='ltr'><strong>scripta</strong></span> <span class='ocrx_word' id='word_1_486' title='bbox 1277 1075 1336 1111; x_wconf 85' lang='lat' dir='ltr'><strong>ejus</strong></span> <span class='ocrx_word' id='word_1_487' title='bbox 1358 1076 1412 1102; x_wconf 86' lang='lat' dir='ltr'><strong>sint</strong></span> <span class='ocrx_word' id='word_1_488' title='bbox 1426 1075 1599 1108; x_wconf 86' lang='lat' dir='ltr'><strong>auctoritate,</strong></span> <span class='ocrx_word' id='word_1_489' title='bbox 1628 1076 1673 1104; x_wconf 93' lang='lat' dir='ltr'><strong>ubi</strong></span> <span class='ocrx_word' id='word_1_490' title='bbox 1694 1084 1752 1103; x_wconf 84' lang='lat' dir='ltr'><strong>Ina-</strong></span> 
     </span>
    </p>
   </div>
   <div class='ocr_carea' id='block_1_66' title="bbox 968 1122 1753 1158">
    <p class='ocr_par' dir='ltr' id='par_1_66' title="bbox 968 1122 1753 1158">
     <span class='ocr_line' id='line_1_66' title="bbox 968 1122 1753 1158; baseline -0.001 -8"><span class='ocrx_word' id='word_1_491' title='bbox 968 1124 1042 1150; x_wconf 81' lang='lat' dir='ltr'><strong>xime</strong></span> <span class='ocrx_word' id='word_1_492' title='bbox 1053 1123 1099 1158; x_wconf 90' lang='lat' dir='ltr'><strong>qui</strong></span> <span class='ocrx_word' id='word_1_493' title='bbox 1114 1123 1158 1150; x_wconf 88' lang='lat' dir='ltr'><strong>illa</strong></span> <span class='ocrx_word' id='word_1_494' title='bbox 1173 1123 1262 1150; x_wconf 82' lang='lat' dir='ltr'><strong>defert</strong></span> <span class='ocrx_word' id='word_1_495' title='bbox 1276 1129 1335 1149; x_wconf 90' lang='lat' dir='ltr'><strong>rem</strong></span> <span class='ocrx_word' id='word_1_496' title='bbox 1349 1123 1452 1156; x_wconf 83' lang='lat' dir='ltr'><strong>jussam</strong></span> <span class='ocrx_word' id='word_1_497' title='bbox 1467 1123 1568 1156; x_wconf 88' lang='lat' dir='ltr'><strong>scripto</strong></span> <span class='ocrx_word' id='word_1_498' title='bbox 1581 1122 1688 1150; x_wconf 82' lang='lat' dir='ltr'><strong>tradere</strong></span> <span class='ocrx_word' id='word_1_499' title='bbox 1705 1130 1753 1149; x_wconf 87' lang='lat' dir='ltr'><strong>au-</strong></span> 
     </span>
    </p>
   </div>
   <div class='ocr_carea' id='block_1_67' title="bbox 967 1168 1751 1203">
    <p class='ocr_par' dir='ltr' id='par_1_67' title="bbox 967 1168 1751 1203">
     <span class='ocr_line' id='line_1_67' title="bbox 967 1168 1751 1203; baseline -0.001 -7"><span class='ocrx_word' id='word_1_500' title='bbox 967 1171 1030 1202; x_wconf 89' lang='lat' dir='ltr'><strong>det;</strong></span> <span class='ocrx_word' id='word_1_501' title='bbox 1045 1173 1072 1195; x_wconf 89' lang='lat' dir='ltr'><strong>at</strong></span> <span class='ocrx_word' id='word_1_502' title='bbox 1083 1176 1144 1196; x_wconf 91' lang='lat' dir='ltr'><strong>cum</strong></span> <span class='ocrx_word' id='word_1_503' title='bbox 1161 1168 1199 1195; x_wconf 92' lang='lat' dir='ltr'><strong>illi</strong></span> <span class='ocrx_word' id='word_1_504' title='bbox 1212 1176 1300 1203; x_wconf 91' lang='lat' dir='ltr'><strong>neque</strong></span> <span class='ocrx_word' id='word_1_505' title='bbox 1317 1173 1410 1203; x_wconf 89' lang='lat' dir='ltr'><strong>aperte</strong></span> <span class='ocrx_word' id='word_1_506' title='bbox 1432 1168 1554 1195; x_wconf 87' lang='lat' dir='ltr'><strong>dicerent</strong></span> <span class='ocrx_word' id='word_1_507' title='bbox 1565 1168 1671 1203; x_wconf 88' lang='lat' dir='ltr'><strong>jussum</strong></span> <span class='ocrx_word' id='word_1_508' title='bbox 1687 1168 1751 1195; x_wconf 90' lang='lat' dir='ltr'><strong>illud</strong></span> 
     </span>
    </p>
   </div>
   <div class='ocr_carea' id='block_1_68' title="bbox 967 1214 1751 1250">
    <p class='ocr_par' dir='ltr' id='par_1_68' title="bbox 967 1214 1751 1250">
     <span class='ocr_line' id='line_1_68' title="bbox 967 1214 1751 1250; baseline -0.001 -8"><span class='ocrx_word' id='word_1_509' title='bbox 967 1214 1063 1248; x_wconf 82' lang='lat' dir='ltr'><strong>fuisse,</strong></span> <span class='ocrx_word' id='word_1_510' title='bbox 1088 1221 1186 1249; x_wconf 83' lang='lat' dir='ltr'><strong>neque,</strong></span> <span class='ocrx_word' id='word_1_511' title='bbox 1208 1219 1239 1241; x_wconf 88' lang='lat' dir='ltr'><strong>ut</strong></span> <span class='ocrx_word' id='word_1_512' title='bbox 1265 1214 1412 1250; x_wconf 78' lang='lat' dir='ltr'><strong>rogabant,</strong></span> <span class='ocrx_word' id='word_1_513' title='bbox 1429 1214 1581 1249; x_wconf 69' lang='lat' dir='ltr'><strong>iussionem</strong></span> <span class='ocrx_word' id='word_1_514' title='bbox 1599 1214 1751 1241; x_wconf 89' lang='lat' dir='ltr'><strong>describere</strong></span> 
     </span>
    </p>
   </div>
   <div class='ocr_carea' id='block_1_69' title="bbox 967 1260 1752 1295">
    <p class='ocr_par' dir='ltr' id='par_1_69' title="bbox 967 1260 1752 1295">
     <span class='ocr_line' id='line_1_69' title="bbox 967 1260 1752 1295; baseline -0.001 -7"><span class='ocrx_word' id='word_1_515' title='bbox 967 1261 1078 1293; x_wconf 87' lang='lat' dir='ltr'><strong>vellent,</strong></span> <span class='ocrx_word' id='word_1_516' title='bbox 1091 1260 1139 1288; x_wconf 88' lang='lat' dir='ltr'><strong>sed</strong></span> <span class='ocrx_word' id='word_1_517' title='bbox 1151 1260 1241 1287; x_wconf 85' lang='lat' dir='ltr'><strong>omnia</strong></span> <span class='ocrx_word' id='word_1_518' title='bbox 1262 1264 1376 1295; x_wconf 79' lang='lat' dir='ltr'><strong>agerent</strong></span> <span class='ocrx_word' id='word_1_519' title='bbox 1403 1260 1481 1295; x_wconf 87' lang='lat' dir='ltr'><strong>quasi</strong></span> <span class='ocrx_word' id='word_1_520' title='bbox 1498 1268 1547 1289; x_wconf 89' lang='lat' dir='ltr'><strong>suo</strong></span> <span class='ocrx_word' id='word_1_521' title='bbox 1559 1261 1687 1293; x_wconf 89' lang='lat' dir='ltr'><strong>nomine;</strong></span> <span class='ocrx_word' id='word_1_522' title='bbox 1713 1261 1752 1287; x_wconf 81' lang='lat' dir='ltr'><strong>fa-</strong></span> 
     </span>
    </p>
   </div>
   <div class='ocr_carea' id='block_1_70' title="bbox 944 1305 1749 1341">
    <p class='ocr_par' dir='ltr' id='par_1_70' title="bbox 944 1305 1749 1341">
     <span class='ocr_line' id='line_1_70' title="bbox 944 1305 1749 1341; baseline 0.001 -8"><span class='ocrx_word' id='word_1_523' title='bbox 944 1326 949 1328; x_wconf 87' lang='grc'><strong><em>-</em></strong></span> <span class='ocrx_word' id='word_1_524' title='bbox 967 1309 1036 1339; x_wconf 87' lang='lat' dir='ltr'><strong>teor,</strong></span> <span class='ocrx_word' id='word_1_525' title='bbox 1055 1310 1083 1333; x_wconf 89' lang='lat' dir='ltr'><strong>et</strong></span> <span class='ocrx_word' id='word_1_526' title='bbox 1107 1306 1158 1333; x_wconf 84' lang='lat' dir='ltr'><strong>hoc</strong></span> <span class='ocrx_word' id='word_1_527' title='bbox 1180 1313 1240 1333; x_wconf 90' lang='lat' dir='ltr'><strong>cum</strong></span> <span class='ocrx_word' id='word_1_528' title='bbox 1254 1305 1352 1333; x_wconf 81' lang='lat' dir='ltr'><strong>ﬁducia</strong></span> <span class='ocrx_word' id='word_1_529' title='bbox 1375 1306 1445 1338; x_wconf 90' lang='lat' dir='ltr'><strong>dico,</strong></span> <span class='ocrx_word' id='word_1_530' title='bbox 1463 1313 1507 1334; x_wconf 88' lang='lat' dir='ltr'><strong>me</strong></span> <span class='ocrx_word' id='word_1_531' title='bbox 1521 1306 1582 1334; x_wconf 89' lang='lat' dir='ltr'><strong>illos</strong></span> <span class='ocrx_word' id='word_1_532' title='bbox 1607 1311 1749 1341; x_wconf 86' lang='lat' dir='ltr'><strong>suspectos</strong></span> 
     </span>
    </p>
   </div>
   <div class='ocr_carea' id='block_1_71' title="bbox 966 1351 1751 1387">
    <p class='ocr_par' dir='ltr' id='par_1_71' title="bbox 966 1351 1751 1387">
     <span class='ocr_line' id='line_1_71' title="bbox 966 1351 1751 1387; baseline 0 -8"><span class='ocrx_word' id='word_1_533' title='bbox 966 1351 1104 1379; x_wconf 85' lang='lat' dir='ltr'><strong>habuisse.</strong></span> <span class='ocrx_word' id='word_1_534' title='bbox 1115 1351 1191 1379; x_wconf 87' lang='lat' dir='ltr'><strong>Multi</strong></span> <span class='ocrx_word' id='word_1_535' title='bbox 1202 1351 1302 1387; x_wconf 90' lang='lat' dir='ltr'><strong>quippe</strong></span> <span class='ocrx_word' id='word_1_536' title='bbox 1313 1352 1379 1387; x_wconf 84' lang='lat' dir='ltr'><strong>ipsis</strong></span> <span class='ocrx_word' id='word_1_537' title='bbox 1393 1352 1507 1380; x_wconf 83' lang='lat' dir='ltr'><strong>aderant</strong></span> <span class='ocrx_word' id='word_1_538' title='bbox 1519 1353 1611 1380; x_wconf 80' lang='lat' dir='ltr'><strong>Ariani</strong></span> <span class='ocrx_word' id='word_1_539' title='bbox 1625 1353 1751 1385; x_wconf 89' lang='lat' dir='ltr'><strong>comites,</strong></span> 
     </span>
    </p>
   </div>
   <div class='ocr_carea' id='block_1_72' title="bbox 966 1397 1749 1433">
    <p class='ocr_par' dir='ltr' id='par_1_72' title="bbox 966 1397 1749 1433">
     <span class='ocr_line' id='line_1_72' title="bbox 966 1397 1749 1433; baseline 0.001 -9"><span class='ocrx_word' id='word_1_540' title='bbox 966 1399 1128 1433; x_wconf 86' lang='lat' dir='ltr'><strong>quibuscum</strong></span> <span class='ocrx_word' id='word_1_541' title='bbox 1154 1406 1208 1426; x_wconf 83' lang='lat' dir='ltr'><strong>una</strong></span> <span class='ocrx_word' id='word_1_542' title='bbox 1224 1397 1406 1433; x_wconf 86' lang='lat' dir='ltr'><strong>epulabantur</strong></span> <span class='ocrx_word' id='word_1_543' title='bbox 1432 1403 1460 1426; x_wconf 84' lang='lat' dir='ltr'><strong>et</strong></span> <span class='ocrx_word' id='word_1_544' title='bbox 1486 1398 1599 1426; x_wconf 90' lang='lat' dir='ltr'><strong>consilia</strong></span> <span class='ocrx_word' id='word_1_545' title='bbox 1620 1398 1749 1426; x_wconf 88' lang='lat' dir='ltr'><strong>inibant:</strong></span> 
     </span>
    </p>
   </div>
   <div class='ocr_carea' id='block_1_73' title="bbox 966 1443 1750 1479">
    <p class='ocr_par' dir='ltr' id='par_1_73' title="bbox 966 1443 1750 1479">
     <span class='ocr_line' id='line_1_73' title="bbox 966 1443 1750 1479; baseline 0.001 -9"><span class='ocrx_word' id='word_1_546' title='bbox 966 1443 1088 1478; x_wconf 87' lang='lat' dir='ltr'><strong>nihilque</strong></span> <span class='ocrx_word' id='word_1_547' title='bbox 1111 1443 1200 1478; x_wconf 88' lang='lat' dir='ltr'><strong>palam</strong></span> <span class='ocrx_word' id='word_1_548' title='bbox 1228 1448 1256 1471; x_wconf 87' lang='lat' dir='ltr'><strong>et</strong></span> <span class='ocrx_word' id='word_1_549' title='bbox 1274 1451 1334 1471; x_wconf 90' lang='lat' dir='ltr'><strong>cum</strong></span> <span class='ocrx_word' id='word_1_550' title='bbox 1355 1443 1453 1471; x_wconf 85' lang='lat' dir='ltr'><strong>ﬁducia</strong></span> <span class='ocrx_word' id='word_1_551' title='bbox 1476 1445 1613 1479; x_wconf 80' lang='lat' dir='ltr'><strong>agebant;</strong></span> <span class='ocrx_word' id='word_1_552' title='bbox 1641 1446 1688 1472; x_wconf 89' lang='lat' dir='ltr'><strong>sed</strong></span> <span class='ocrx_word' id='word_1_553' title='bbox 1702 1444 1750 1471; x_wconf 83' lang='lat' dir='ltr'><strong>ad—</strong></span> 
     </span>
    </p>
   </div>
   <div class='ocr_carea' id='block_1_74' title="bbox 965 1489 1750 1518">
    <p class='ocr_par' dir='ltr' id='par_1_74' title="bbox 965 1489 1750 1518">
     <span class='ocr_line' id='line_1_74' title="bbox 965 1489 1750 1518; baseline 0.001 -1"><span class='ocrx_word' id='word_1_554' title='bbox 965 1497 1074 1518; x_wconf 89' lang='lat' dir='ltr'><strong>versum</strong></span> <span class='ocrx_word' id='word_1_555' title='bbox 1089 1497 1133 1517; x_wconf 89' lang='lat' dir='ltr'><strong>me</strong></span> <span class='ocrx_word' id='word_1_556' title='bbox 1151 1490 1262 1517; x_wconf 84' lang='lat' dir='ltr'><strong>insidias</strong></span> <span class='ocrx_word' id='word_1_557' title='bbox 1283 1489 1511 1518; x_wconf 84' lang='lat' dir='ltr'><strong>machinabantur</strong></span> <span class='ocrx_word' id='word_1_558' title='bbox 1525 1495 1553 1518; x_wconf 91' lang='lat' dir='ltr'><strong>et</strong></span> <span class='ocrx_word' id='word_1_559' title='bbox 1577 1490 1661 1518; x_wconf 89' lang='lat' dir='ltr'><strong>dolos.</strong></span> <span class='ocrx_word' id='word_1_560' title='bbox 1678 1490 1750 1518; x_wconf 80' lang='lat' dir='ltr'><strong>Nihil</strong></span> 
     </span>
    </p>
   </div>
   <div class='ocr_carea' id='block_1_75' title="bbox 965 1536 1750 1572">
    <p class='ocr_par' dir='ltr' id='par_1_75' title="bbox 965 1536 1750 1572">
     <span class='ocr_line' id='line_1_75' title="bbox 965 1536 1750 1572; baseline 0 -8"><span class='ocrx_word' id='word_1_561' title='bbox 965 1541 1080 1572; x_wconf 88' lang='lat' dir='ltr'><strong>egerunt</strong></span> <span class='ocrx_word' id='word_1_562' title='bbox 1094 1536 1172 1570; x_wconf 87' lang='lat' dir='ltr'><strong>quasi</strong></span> <span class='ocrx_word' id='word_1_563' title='bbox 1190 1543 1224 1563; x_wconf 82' lang='lat' dir='ltr'><strong>ex</strong></span> <span class='ocrx_word' id='word_1_564' title='bbox 1239 1536 1410 1570; x_wconf 88' lang='lat' dir='ltr'><strong>imperatoris</strong></span> <span class='ocrx_word' id='word_1_565' title='bbox 1423 1536 1524 1570; x_wconf 89' lang='lat' dir='ltr'><strong>placito</strong></span> <span class='ocrx_word' id='word_1_566' title='bbox 1538 1546 1545 1564; x_wconf 88' lang='lat'>:</span> <span class='ocrx_word' id='word_1_567' title='bbox 1562 1537 1609 1565; x_wconf 88' lang='lat' dir='ltr'><strong>sed</strong></span> <span class='ocrx_word' id='word_1_568' title='bbox 1625 1541 1654 1564; x_wconf 90' lang='lat' dir='ltr'><strong>ut</strong></span> <span class='ocrx_word' id='word_1_569' title='bbox 1664 1544 1696 1564; x_wconf 85' lang='lat' dir='ltr'><strong>ex</strong></span> <span class='ocrx_word' id='word_1_570' title='bbox 1708 1544 1750 1565; x_wconf 91' lang='lat' dir='ltr'><strong>eo-</strong></span> 
     </span>
    </p>
   </div>
   <div class='ocr_carea' id='block_1_76' title="bbox 964 1581 1747 1617">
    <p class='ocr_par' dir='ltr' id='par_1_76' title="bbox 964 1581 1747 1617">
     <span class='ocr_line' id='line_1_76' title="bbox 964 1581 1747 1617; baseline -0.001 -8"><span class='ocrx_word' id='word_1_571' title='bbox 964 1590 1022 1609; x_wconf 89' lang='lat' dir='ltr'><strong>rum</strong></span> <span class='ocrx_word' id='word_1_572' title='bbox 1038 1582 1121 1617; x_wconf 87' lang='lat' dir='ltr'><strong>gestis</strong></span> <span class='ocrx_word' id='word_1_573' title='bbox 1132 1581 1339 1615; x_wconf 86' lang='lat' dir='ltr'><strong>deprehendere</strong></span> <span class='ocrx_word' id='word_1_574' title='bbox 1355 1581 1443 1615; x_wconf 84' lang='lat' dir='ltr'><strong>licuit,</strong></span> <span class='ocrx_word' id='word_1_575' title='bbox 1462 1589 1494 1609; x_wconf 85' lang='lat' dir='ltr'><strong>ea</strong></span> <span class='ocrx_word' id='word_1_576' title='bbox 1516 1581 1602 1609; x_wconf 89' lang='lat' dir='ltr'><strong>solum</strong></span> <span class='ocrx_word' id='word_1_577' title='bbox 1618 1589 1678 1616; x_wconf 66' lang='lat' dir='ltr'><strong>quae</strong></span> <span class='ocrx_word' id='word_1_578' title='bbox 1698 1582 1747 1608; x_wconf 88' lang='lat' dir='ltr'><strong>ad-</strong></span> 
     </span>
    </p>
   </div>
   <div class='ocr_carea' id='block_1_77' title="bbox 964 1626 1746 1661">
    <p class='ocr_par' dir='ltr' id='par_1_77' title="bbox 964 1626 1746 1661">
     <span class='ocr_line' id='line_1_77' title="bbox 964 1626 1746 1661; baseline -0.003 -6"><span class='ocrx_word' id='word_1_579' title='bbox 964 1627 1075 1655; x_wconf 86' lang='lat' dir='ltr'><strong>versarii</strong></span> <span class='ocrx_word' id='word_1_580' title='bbox 1102 1626 1187 1654; x_wconf 85' lang='lat' dir='ltr'><strong>nostri</strong></span> <span class='ocrx_word' id='word_1_581' title='bbox 1215 1626 1394 1661; x_wconf 86' lang='lat' dir='ltr'><strong>postularent,</strong></span> <span class='ocrx_word' id='word_1_582' title='bbox 1427 1633 1486 1661; x_wconf 65' lang='lat' dir='ltr'><strong>quae</strong></span> <span class='ocrx_word' id='word_1_583' title='bbox 1512 1626 1578 1654; x_wconf 90' lang='lat' dir='ltr'><strong>mihi</strong></span> <span class='ocrx_word' id='word_1_584' title='bbox 1608 1626 1746 1661; x_wconf 90' lang='lat' dir='ltr'><strong>potissima</strong></span> 
     </span>
    </p>
   </div>
   <div class='ocr_carea' id='block_1_78' title="bbox 964 1672 1746 1707">
    <p class='ocr_par' dir='ltr' id='par_1_78' title="bbox 964 1672 1746 1707">
     <span class='ocr_line' id='line_1_78' title="bbox 964 1672 1746 1707; baseline 0.001 -7"><span class='ocrx_word' id='word_1_585' title='bbox 964 1681 1047 1700; x_wconf 88' lang='lat' dir='ltr'><strong>causa</strong></span> <span class='ocrx_word' id='word_1_586' title='bbox 1073 1672 1124 1700; x_wconf 79' lang='lat' dir='ltr'><strong>fuit</strong></span> <span class='ocrx_word' id='word_1_587' title='bbox 1154 1672 1260 1700; x_wconf 84' lang='lat' dir='ltr'><strong>litteras</strong></span> <span class='ocrx_word' id='word_1_588' title='bbox 1277 1673 1311 1700; x_wconf 85' lang='lat' dir='ltr'><strong>ab</strong></span> <span class='ocrx_word' id='word_1_589' title='bbox 1337 1673 1390 1701; x_wconf 88' lang='lat' dir='ltr'><strong>illis</strong></span> <span class='ocrx_word' id='word_1_590' title='bbox 1417 1672 1590 1707; x_wconf 88' lang='lat' dir='ltr'><strong>postulandi;</strong></span> <span class='ocrx_word' id='word_1_591' title='bbox 1620 1677 1746 1707; x_wconf 86' lang='lat' dir='ltr'><strong>suspecta</strong></span> 
     </span>
    </p>
   </div>
   <div class='ocr_carea' id='block_1_79' title="bbox 963 1718 1744 1753">
    <p class='ocr_par' dir='ltr' id='par_1_79' title="bbox 963 1718 1744 1753">
     <span class='ocr_line' id='line_1_79' title="bbox 963 1718 1744 1753; baseline 0 -8"><span class='ocrx_word' id='word_1_592' title='bbox 963 1719 1062 1753; x_wconf 89' lang='lat' dir='ltr'><strong>quippe</strong></span> <span class='ocrx_word' id='word_1_593' title='bbox 1080 1718 1146 1745; x_wconf 89' lang='lat' dir='ltr'><strong>mihi</strong></span> <span class='ocrx_word' id='word_1_594' title='bbox 1158 1722 1236 1746; x_wconf 83' lang='lat' dir='ltr'><strong>erant</strong></span> <span class='ocrx_word' id='word_1_595' title='bbox 1249 1726 1343 1747; x_wconf 90' lang='lat' dir='ltr'><strong>eorum</strong></span> <span class='ocrx_word' id='word_1_596' title='bbox 1369 1718 1506 1746; x_wconf 87' lang='lat' dir='ltr'><strong>molimina</strong></span> <span class='ocrx_word' id='word_1_597' title='bbox 1523 1723 1604 1753; x_wconf 85' lang='lat' dir='ltr'><strong>atque</strong></span> <span class='ocrx_word' id='word_1_598' title='bbox 1621 1718 1744 1746; x_wconf 88' lang='lat' dir='ltr'><strong>consilia.</strong></span> 
     </span>
    </p>
   </div>
   <div class='ocr_carea' id='block_1_80' title="bbox 963 1762 1745 1798">
    <p class='ocr_par' dir='ltr' id='par_1_80' title="bbox 963 1762 1745 1798">
     <span class='ocr_line' id='line_1_80' title="bbox 963 1762 1745 1798; baseline 0 -8"><span class='ocrx_word' id='word_1_599' title='bbox 963 1763 1056 1797; x_wconf 86' lang='lat' dir='ltr'><strong>Neque</strong></span> <span class='ocrx_word' id='word_1_600' title='bbox 1069 1762 1183 1790; x_wconf 87' lang='lat' dir='ltr'><strong>decebat</strong></span> <span class='ocrx_word' id='word_1_601' title='bbox 1198 1771 1241 1791; x_wconf 89' lang='lat' dir='ltr'><strong>me</strong></span> <span class='ocrx_word' id='word_1_602' title='bbox 1254 1764 1372 1798; x_wconf 85' lang='lat' dir='ltr'><strong>quicum</strong></span> <span class='ocrx_word' id='word_1_603' title='bbox 1397 1767 1436 1790; x_wconf 91' lang='lat' dir='ltr'><strong>tot</strong></span> <span class='ocrx_word' id='word_1_604' title='bbox 1460 1763 1559 1791; x_wconf 86' lang='lat' dir='ltr'><strong>litteris</strong></span> <span class='ocrx_word' id='word_1_605' title='bbox 1583 1764 1611 1791; x_wconf 91' lang='lat' dir='ltr'><strong>in</strong></span> <span class='ocrx_word' id='word_1_606' title='bbox 1632 1763 1745 1798; x_wconf 88' lang='lat' dir='ltr'><strong>patriam</strong></span> 
     </span>
    </p>
   </div>
   <div class='ocr_carea' id='block_1_81' title="bbox 963 1809 1745 1844">
    <p class='ocr_par' dir='ltr' id='par_1_81' title="bbox 963 1809 1745 1844">
     <span class='ocr_line' id='line_1_81' title="bbox 963 1809 1745 1844; baseline 0 -8"><span class='ocrx_word' id='word_1_607' title='bbox 963 1809 1115 1842; x_wconf 87' lang='lat' dir='ltr'><strong>rediissem,</strong></span> <span class='ocrx_word' id='word_1_608' title='bbox 1135 1809 1237 1844; x_wconf 86' lang='lat' dir='ltr'><strong>absque</strong></span> <span class='ocrx_word' id='word_1_609' title='bbox 1251 1809 1348 1836; x_wconf 89' lang='lat' dir='ltr'><strong>litteris</strong></span> <span class='ocrx_word' id='word_1_610' title='bbox 1359 1810 1392 1837; x_wconf 89' lang='lat' dir='ltr'><strong>ab</strong></span> <span class='ocrx_word' id='word_1_611' title='bbox 1404 1809 1523 1837; x_wconf 87' lang='lat' dir='ltr'><strong>Ecclesia</strong></span> <span class='ocrx_word' id='word_1_612' title='bbox 1533 1809 1681 1837; x_wconf 85' lang='lat' dir='ltr'><strong>discedere.</strong></span> <span class='ocrx_word' id='word_1_613' title='bbox 1694 1809 1745 1844; x_wconf 83' lang='lat' dir='ltr'><strong>Sy-</strong></span> 
     </span>
    </p>
   </div>
   <div class='ocr_carea' id='block_1_82' title="bbox 963 1855 1745 1891">
    <p class='ocr_par' dir='ltr' id='par_1_82' title="bbox 963 1855 1745 1891">
     <span class='ocr_line' id='line_1_82' title="bbox 963 1855 1745 1891; baseline 0 -9"><span class='ocrx_word' id='word_1_614' title='bbox 963 1855 1041 1882; x_wconf 88' lang='lat' dir='ltr'><strong>riano</strong></span> <span class='ocrx_word' id='word_1_615' title='bbox 1052 1855 1143 1889; x_wconf 88' lang='lat' dir='ltr'><strong>itaque</strong></span> <span class='ocrx_word' id='word_1_616' title='bbox 1156 1855 1235 1883; x_wconf 80' lang='lat' dir='ltr'><strong>[Idem</strong></span> <span class='ocrx_word' id='word_1_617' title='bbox 1251 1855 1342 1888; x_wconf 85' lang='lat' dir='ltr'><strong>dante,</strong></span> <span class='ocrx_word' id='word_1_618' title='bbox 1359 1856 1449 1891; x_wconf 91' lang='lat' dir='ltr'><strong>populi</strong></span> <span class='ocrx_word' id='word_1_619' title='bbox 1463 1863 1558 1883; x_wconf 88' lang='lat' dir='ltr'><strong>omnes</strong></span> <span class='ocrx_word' id='word_1_620' title='bbox 1576 1863 1637 1882; x_wconf 90' lang='lat' dir='ltr'><strong>cum</strong></span> <span class='ocrx_word' id='word_1_621' title='bbox 1646 1856 1745 1891; x_wconf 86' lang='lat' dir='ltr'><strong>gaudio</strong></span> 
     </span>
    </p>
   </div>
   <div class='ocr_carea' id='block_1_83' title="bbox 963 1900 1746 1936">
    <p class='ocr_par' dir='ltr' id='par_1_83' title="bbox 963 1900 1746 1936">
     <span class='ocr_line' id='line_1_83' title="bbox 963 1900 1746 1936; baseline -0.001 -8"><span class='ocrx_word' id='word_1_622' title='bbox 963 1901 989 1928; x_wconf 92' lang='lat' dir='ltr'><strong>in</strong></span> <span class='ocrx_word' id='word_1_623' title='bbox 1001 1900 1122 1928; x_wconf 86' lang='lat' dir='ltr'><strong>ecclesiis</strong></span> <span class='ocrx_word' id='word_1_624' title='bbox 1138 1905 1291 1928; x_wconf 87' lang='lat' dir='ltr'><strong>conventus</strong></span> <span class='ocrx_word' id='word_1_625' title='bbox 1306 1900 1434 1936; x_wconf 78' lang='lat' dir='ltr'><strong>agebant,</strong></span> <span class='ocrx_word' id='word_1_626' title='bbox 1445 1901 1519 1928; x_wconf 89' lang='lat' dir='ltr'><strong>omni</strong></span> <span class='ocrx_word' id='word_1_627' title='bbox 1533 1900 1657 1936; x_wconf 88' lang='lat' dir='ltr'><strong>deposito</strong></span> <span class='ocrx_word' id='word_1_628' title='bbox 1672 1905 1746 1928; x_wconf 90' lang='lat' dir='ltr'><strong>metu</strong></span> 
     </span>
    </p>
   </div>
   <div class='ocr_carea' id='block_1_84' title="bbox 961 1946 1745 1982">
    <p class='ocr_par' dir='ltr' id='par_1_84' title="bbox 961 1946 1745 1982">
     <span class='ocr_line' id='line_1_84' title="bbox 961 1946 1745 1982; baseline 0.001 -9"><span class='ocrx_word' id='word_1_629' title='bbox 961 1953 994 1973; x_wconf 89' lang='lat' dir='ltr'><strong>ac</strong></span> <span class='ocrx_word' id='word_1_630' title='bbox 1005 1946 1170 1981; x_wconf 87' lang='lat' dir='ltr'><strong>suspicione.</strong></span> <span class='ocrx_word' id='word_1_631' title='bbox 1193 1946 1247 1974; x_wconf 88' lang='lat' dir='ltr'><strong>Sed</strong></span> <span class='ocrx_word' id='word_1_632' title='bbox 1263 1951 1325 1982; x_wconf 88' lang='lat' dir='ltr'><strong>post</strong></span> <span class='ocrx_word' id='word_1_633' title='bbox 1337 1947 1396 1975; x_wconf 90' lang='lat' dir='ltr'><strong>dies</strong></span> <span class='ocrx_word' id='word_1_634' title='bbox 1411 1952 1467 1975; x_wconf 91' lang='lat' dir='ltr'><strong>tres</strong></span> <span class='ocrx_word' id='word_1_635' title='bbox 1480 1952 1508 1974; x_wconf 89' lang='lat' dir='ltr'><strong>et</strong></span> <span class='ocrx_word' id='word_1_636' title='bbox 1524 1947 1618 1982; x_wconf 89' lang='lat' dir='ltr'><strong>viginti</strong></span> <span class='ocrx_word' id='word_1_637' title='bbox 1643 1954 1658 1974; x_wconf 90' lang='lat' dir='ltr'><strong>a</strong></span> <span class='ocrx_word' id='word_1_638' title='bbox 1682 1946 1745 1974; x_wconf 87' lang='lat' dir='ltr'><strong>data</strong></span> 
     </span>
    </p>
   </div>
   <div class='ocr_carea' id='block_1_85' title="bbox 963 1993 1746 2029">
    <p class='ocr_par' dir='ltr' id='par_1_85' title="bbox 963 1993 1746 2029">
     <span class='ocr_line' id='line_1_85' title="bbox 963 1993 1746 2029; baseline 0 -9"><span class='ocrx_word' id='word_1_639' title='bbox 963 1993 1014 2020; x_wconf 78' lang='lat' dir='ltr'><strong>[ide</strong></span> <span class='ocrx_word' id='word_1_640' title='bbox 1029 2001 1090 2021; x_wconf 92' lang='lat' dir='ltr'><strong>cum</strong></span> <span class='ocrx_word' id='word_1_641' title='bbox 1103 1993 1234 2021; x_wconf 82' lang='lat' dir='ltr'><strong>militibus</strong></span> <span class='ocrx_word' id='word_1_642' title='bbox 1247 1993 1291 2021; x_wconf 87' lang='lat' dir='ltr'><strong>ille</strong></span> <span class='ocrx_word' id='word_1_643' title='bbox 1306 1993 1332 2020; x_wconf 95' lang='lat' dir='ltr'><strong>in</strong></span> <span class='ocrx_word' id='word_1_644' title='bbox 1354 1993 1496 2021; x_wconf 86' lang='lat' dir='ltr'><strong>ecclesiam</strong></span> <span class='ocrx_word' id='word_1_645' title='bbox 1515 1993 1652 2029; x_wconf 89' lang='lat' dir='ltr'><strong>irrumpit,</strong></span> <span class='ocrx_word' id='word_1_646' title='bbox 1667 1993 1746 2021; x_wconf 85' lang='lat' dir='ltr'><strong>nobis</strong></span> 
     </span>
    </p>
   </div>
   <div class='ocr_carea' id='block_1_86' title="bbox 962 2039 1744 2076">
    <p class='ocr_par' dir='ltr' id='par_1_86' title="bbox 962 2039 1744 2076">
     <span class='ocr_line' id='line_1_86' title="bbox 962 2039 1744 2076; baseline 0.003 -10"><span class='ocrx_word' id='word_1_647' title='bbox 962 2040 995 2066; x_wconf 89' lang='lat' dir='ltr'><strong>de</strong></span> <span class='ocrx_word' id='word_1_648' title='bbox 1008 2047 1083 2067; x_wconf 88' lang='lat' dir='ltr'><strong>more</strong></span> <span class='ocrx_word' id='word_1_649' title='bbox 1108 2039 1260 2073; x_wconf 88' lang='lat' dir='ltr'><strong>orantibus,</strong></span> <span class='ocrx_word' id='word_1_650' title='bbox 1277 2041 1348 2075; x_wconf 92' lang='lat' dir='ltr'><strong>quod</strong></span> <span class='ocrx_word' id='word_1_651' title='bbox 1367 2041 1448 2068; x_wconf 85' lang='lat' dir='ltr'><strong>etiam</strong></span> <span class='ocrx_word' id='word_1_652' title='bbox 1466 2041 1591 2068; x_wconf 88' lang='lat' dir='ltr'><strong>viderunt</strong></span> <span class='ocrx_word' id='word_1_653' title='bbox 1612 2040 1631 2068; x_wconf 89' lang='lat' dir='ltr'><strong>ii</strong></span> <span class='ocrx_word' id='word_1_654' title='bbox 1656 2041 1702 2076; x_wconf 91' lang='lat' dir='ltr'><strong>qui</strong></span> <span class='ocrx_word' id='word_1_655' title='bbox 1719 2041 1744 2068; x_wconf 95' lang='lat' dir='ltr'><strong>in</strong></span> 
     </span>
    </p>
   </div>
   <div class='ocr_carea' id='block_1_87' title="bbox 961 2085 1744 2122">
    <p class='ocr_par' dir='ltr' id='par_1_87' title="bbox 961 2085 1744 2122">
     <span class='ocr_line' id='line_1_87' title="bbox 961 2085 1744 2122; baseline 0.003 -10"><span class='ocrx_word' id='word_1_656' title='bbox 961 2085 1102 2113; x_wconf 87' lang='lat' dir='ltr'><strong>ecclesiam</strong></span> <span class='ocrx_word' id='word_1_657' title='bbox 1120 2086 1234 2121; x_wconf 81' lang='lat' dir='ltr'><strong>ingressi</strong></span> <span class='ocrx_word' id='word_1_658' title='bbox 1257 2091 1331 2120; x_wconf 89' lang='lat' dir='ltr'><strong>sunt,</strong></span> <span class='ocrx_word' id='word_1_659' title='bbox 1345 2087 1483 2121; x_wconf 88' lang='lat' dir='ltr'><strong>sequentis</strong></span> <span class='ocrx_word' id='word_1_660' title='bbox 1496 2087 1596 2122; x_wconf 89' lang='lat' dir='ltr'><strong>quippe</strong></span> <span class='ocrx_word' id='word_1_661' title='bbox 1610 2094 1744 2122; x_wconf 74' lang='lat' dir='ltr'><strong>synaxeos</strong></span> 
     </span>
    </p>
   </div>
   <div class='ocr_carea' id='block_1_88' title="bbox 962 2132 1742 2167">
    <p class='ocr_par' dir='ltr' id='par_1_88' title="bbox 962 2132 1742 2167">
     <span class='ocr_line' id='line_1_88' title="bbox 962 2132 1742 2167; baseline 0.003 -9"><span class='ocrx_word' id='word_1_662' title='bbox 962 2135 1027 2159; x_wconf 89' lang='lat' dir='ltr'><strong>tttnc</strong></span> <span class='ocrx_word' id='word_1_663' title='bbox 1038 2132 1207 2167; x_wconf 78' lang='lat' dir='ltr'><strong>pervigilium</strong></span> <span class='ocrx_word' id='word_1_664' title='bbox 1223 2132 1424 2160; x_wconf 87' lang='lat' dir='ltr'><strong>celebrabatur.</strong></span> <span class='ocrx_word' id='word_1_665' title='bbox 1439 2132 1486 2160; x_wconf 86' lang='lat' dir='ltr'><strong>Illa</strong></span> <span class='ocrx_word' id='word_1_666' title='bbox 1501 2138 1591 2160; x_wconf 89' lang='lat' dir='ltr'><strong>autem</strong></span> <span class='ocrx_word' id='word_1_667' title='bbox 1609 2138 1687 2160; x_wconf 88' lang='lat' dir='ltr'><strong>nocte</strong></span> <span class='ocrx_word' id='word_1_668' title='bbox 1711 2141 1742 2160; x_wconf 88' lang='lat' dir='ltr'><strong>ea</strong></span> 
     </span>
    </p>
   </div>
   <div class='ocr_carea' id='block_1_89' title="bbox 960 2178 1745 2214">
    <p class='ocr_par' dir='ltr' id='par_1_89' title="bbox 960 2178 1745 2214">
     <span class='ocr_line' id='line_1_89' title="bbox 960 2178 1745 2214; baseline 0 -9"><span class='ocrx_word' id='word_1_669' title='bbox 960 2182 1036 2212; x_wconf 84' lang='lat' dir='ltr'><strong>gesta</strong></span> <span class='ocrx_word' id='word_1_670' title='bbox 1048 2182 1109 2205; x_wconf 89' lang='lat' dir='ltr'><strong>sunt</strong></span> <span class='ocrx_word' id='word_1_671' title='bbox 1127 2186 1186 2213; x_wconf 63' lang='lat' dir='ltr'><strong>quae</strong></span> <span class='ocrx_word' id='word_1_672' title='bbox 1200 2179 1310 2206; x_wconf 81' lang='lat' dir='ltr'><strong>Arianis</strong></span> <span class='ocrx_word' id='word_1_673' title='bbox 1337 2178 1473 2214; x_wconf 84' lang='lat' dir='ltr'><strong>placuere,</strong></span> <span class='ocrx_word' id='word_1_674' title='bbox 1490 2185 1606 2213; x_wconf 65' lang='lat' dir='ltr'><strong>quaeque</strong></span> <span class='ocrx_word' id='word_1_675' title='bbox 1620 2178 1657 2205; x_wconf 91' lang='lat' dir='ltr'><strong>illi</strong></span> <span class='ocrx_word' id='word_1_676' title='bbox 1672 2183 1745 2205; x_wconf 84' lang='lat' dir='ltr'><strong>aute-</strong></span> 
     </span>
    </p>
   </div>
   <div class='ocr_carea' id='block_1_90' title="bbox 121 2218 914 2265">
    <p class='ocr_par' dir='ltr' id='par_1_90' title="bbox 121 2218 909 2258">
     <span class='ocr_line' id='line_1_90' title="bbox 121 2218 909 2258; baseline -0.001 -10"><span class='ocrx_word' id='word_1_677' title='bbox 121 2220 202 2258; x_wconf 82' lang='grc' dir='ltr'>ἦλθεν</span> <span class='ocrx_word' id='word_1_678' title='bbox 219 2222 234 2248; x_wconf 77' lang='grc' dir='ltr'>ὁ</span> <span class='ocrx_word' id='word_1_679' title='bbox 251 2221 452 2256; x_wconf 78' lang='grc' dir='ltr'>στρατηλάτης·</span> <span class='ocrx_word' id='word_1_680' title='bbox 468 2220 515 2247; x_wconf 72' lang='grc' dir='ltr'>καὶ</span> <span class='ocrx_word' id='word_1_681' title='bbox 533 2220 611 2247; x_wconf 83' lang='grc' dir='ltr'>αὐτοὶ</span> <span class='ocrx_word' id='word_1_682' title='bbox 625 2218 695 2255; x_wconf 81' lang='grc' dir='ltr'>ἦσαν</span> <span class='ocrx_word' id='word_1_683' title='bbox 704 2220 728 2246; x_wconf 79' lang='grc' dir='ltr'><strong>οἰ</strong></span> <span class='ocrx_word' id='word_1_684' title='bbox 740 2220 847 2256; x_wconf 77' lang='grc' dir='ltr'>ἐξαρχοι</span> <span class='ocrx_word' id='word_1_685' title='bbox 861 2221 909 2247; x_wconf 83' lang='grc' dir='ltr'>καὶ</span> 
     </span>
    </p>
   </div>
   <div class='ocr_carea' id='block_1_91' title="bbox 965 2218 1743 2265">
    <p class='ocr_par' dir='ltr' id='par_1_91' title="bbox 965 2224 1743 2260">
     <span class='ocr_line' id='line_1_91' title="bbox 965 2224 1743 2260; baseline -0.001 -8"><span class='ocrx_word' id='word_1_686' title='bbox 965 2232 1042 2259; x_wconf 83' lang='lat' dir='ltr'><strong>quam</strong></span> <span class='ocrx_word' id='word_1_687' title='bbox 1059 2225 1200 2252; x_wconf 75' lang='lat' dir='ltr'><strong>evenirent</strong></span> <span class='ocrx_word' id='word_1_688' title='bbox 1214 2225 1305 2252; x_wconf 79' lang='lat' dir='ltr'><strong>futura</strong></span> <span class='ocrx_word' id='word_1_689' title='bbox 1322 2225 1548 2260; x_wconf 66' lang='lat' dir='ltr'><strong>praenuntiarant,</strong></span> <span class='ocrx_word' id='word_1_690' title='bbox 1561 2225 1594 2252; x_wconf 93' lang='lat' dir='ltr'><strong>iis</strong></span> <span class='ocrx_word' id='word_1_691' title='bbox 1605 2224 1677 2251; x_wconf 89' lang='lat' dir='ltr'><strong>enim</strong></span> <span class='ocrx_word' id='word_1_692' title='bbox 1693 2224 1743 2251; x_wconf 92' lang='lat' dir='ltr'><strong>sti-</strong></span> 
     </span>
    </p>
   </div>
   <div class='ocr_carea' id='block_1_92' title="bbox 121 2265 910 2302">
    <p class='ocr_par' dir='ltr' id='par_1_92' title="bbox 121 2265 910 2302">
     <span class='ocr_line' id='line_1_92' title="bbox 121 2265 910 2302; baseline 0 -9"><span class='ocrx_word' id='word_1_693' title='bbox 121 2265 268 2302; x_wconf 74' lang='grc' dir='ltr'>σύμϐουλοι</span> <span class='ocrx_word' id='word_1_694' title='bbox 285 2266 335 2301; x_wconf 87' lang='grc' dir='ltr'>τῆς</span> <span class='ocrx_word' id='word_1_695' title='bbox 348 2265 474 2301; x_wconf 87' lang='grc' dir='ltr'>τοιαύτης</span> <span class='ocrx_word' id='word_1_696' title='bbox 490 2265 595 2300; x_wconf 79' lang='grc' dir='ltr'>ἐφόδου.</span> <span class='ocrx_word' id='word_1_697' title='bbox 624 2266 680 2292; x_wconf 83' lang='grc' dir='ltr'><strong>Καὶ</strong></span> <span class='ocrx_word' id='word_1_698' title='bbox 690 2265 769 2292; x_wconf 82' lang='grc' dir='ltr'>τοῦτο</span> <span class='ocrx_word' id='word_1_699' title='bbox 781 2266 830 2292; x_wconf 80' lang='grc' dir='ltr'>οὐκ</span> <span class='ocrx_word' id='word_1_700' title='bbox 846 2266 910 2293; x_wconf 76' lang='grc' dir='ltr'>ἄπι-</span> 
     </span>
    </p>
   </div>
   <div class='ocr_carea' id='block_1_93' title="bbox 121 2311 908 2348">
    <p class='ocr_par' dir='ltr' id='par_1_93' title="bbox 121 2311 908 2348">
     <span class='ocr_line' id='line_1_93' title="bbox 121 2311 908 2348; baseline 0 -9"><span class='ocrx_word' id='word_1_701' title='bbox 121 2321 194 2345; x_wconf 87' lang='grc' dir='ltr'>στον,</span> <span class='ocrx_word' id='word_1_702' title='bbox 213 2311 402 2347; x_wconf 80' lang='grc' dir='ltr'>Θεοφιλέστατε</span> <span class='ocrx_word' id='word_1_703' title='bbox 422 2311 577 2345; x_wconf 79' lang='grc' dir='ltr'>Αὕγουστε·</span> <span class='ocrx_word' id='word_1_704' title='bbox 594 2312 625 2338; x_wconf 83' lang='grc' dir='ltr'>οὐ</span> <span class='ocrx_word' id='word_1_705' title='bbox 637 2311 690 2348; x_wconf 84' lang='grc' dir='ltr'>γὰρ</span> <span class='ocrx_word' id='word_1_706' title='bbox 710 2311 814 2344; x_wconf 74' lang='grc' dir='ltr'>ἔλαθον,</span> <span class='ocrx_word' id='word_1_707' title='bbox 840 2312 908 2339; x_wconf 82' lang='grc' dir='ltr'>ἀλλὰ</span> 
     </span>
    </p>
   </div>
   <div class='ocr_carea' id='block_1_94' title="bbox 121 2356 909 2393">
    <p class='ocr_par' dir='ltr' id='par_1_94' title="bbox 121 2356 909 2393">
     <span class='ocr_line' id='line_1_94' title="bbox 121 2356 909 2393; baseline -0.001 -8"><span class='ocrx_word' id='word_1_708' title='bbox 121 2357 259 2393; x_wconf 86' lang='grc' dir='ltr'>πανταχοῦ</span> <span class='ocrx_word' id='word_1_709' title='bbox 271 2357 448 2392; x_wconf 85' lang='grc' dir='ltr'>κεκήρυκται.</span> <span class='ocrx_word' id='word_1_710' title='bbox 468 2356 538 2390; x_wconf 85' lang='grc' dir='ltr'><strong>Ἐγὼ</strong></span> <span class='ocrx_word' id='word_1_711' title='bbox 551 2356 641 2384; x_wconf 88' lang='grc' dir='ltr'>τοίνυν</span> <span class='ocrx_word' id='word_1_712' title='bbox 656 2356 766 2392; x_wconf 76' lang='grc' dir='ltr'>θεωρῶν</span> <span class='ocrx_word' id='word_1_713' title='bbox 793 2357 842 2393; x_wconf 85' lang='grc' dir='ltr'>τὴν</span> <span class='ocrx_word' id='word_1_714' title='bbox 861 2358 909 2393; x_wconf 73' lang='grc' dir='ltr'><strong>ἔφ-</strong></span> 
     </span>
    </p>
   </div>
   <div class='ocr_carea' id='block_1_95' title="bbox 120 2403 906 2440">
    <p class='ocr_par' dir='ltr' id='par_1_95' title="bbox 120 2403 906 2440">
     <span class='ocr_line' id='line_1_95' title="bbox 120 2403 906 2440; baseline 0 -9"><span class='ocrx_word' id='word_1_715' title='bbox 120 2404 189 2436; x_wconf 80' lang='grc' dir='ltr'>οδον,</span> <span class='ocrx_word' id='word_1_716' title='bbox 205 2403 398 2439; x_wconf 79' lang='grc' dir='ltr'>παρακαλέσας</span> <span class='ocrx_word' id='word_1_717' title='bbox 409 2404 541 2439; x_wconf 82' lang='grc' dir='ltr'>πρότερον</span> <span class='ocrx_word' id='word_1_718' title='bbox 548 2403 722 2440; x_wconf 81' lang='grc' dir='ltr'>ἀναχωρῆσαι</span> <span class='ocrx_word' id='word_1_719' title='bbox 740 2403 802 2436; x_wconf 86' lang='grc' dir='ltr'>τοὺς</span> <span class='ocrx_word' id='word_1_720' title='bbox 817 2403 906 2437; x_wconf 83' lang='grc' dir='ltr'>λαοὺς,</span> 
     </span>
    </p>
   </div>
   <div class='ocr_carea' id='block_1_96' title="bbox 120 2441 907 2485">
    <p class='ocr_par' dir='ltr' id='par_1_96' title="bbox 120 2441 907 2485">
     <span class='ocr_line' id='line_1_96' title="bbox 120 2441 907 2485; baseline 0.003 -9"><span class='ocrx_word' id='word_1_721' title='bbox 120 2451 181 2477; x_wconf 77' lang='grc' dir='ltr'>τότε</span> <span class='ocrx_word' id='word_1_722' title='bbox 199 2449 277 2484; x_wconf 83' lang='grc' dir='ltr'><strong>κάγὼ</strong></span> <span class='ocrx_word' id='word_1_723' title='bbox 298 2451 356 2485; x_wconf 81' lang='grc' dir='ltr'>μετ’</span> <span class='ocrx_word' id='word_1_724' title='bbox 371 2441 469 2481; x_wconf 76' lang='grc' dir='ltr'>αὐτοὺς</span> <span class='ocrx_word' id='word_1_725' title='bbox 481 2470 488 2481; x_wconf 92' lang='grc'><strong>,</strong></span> <span class='ocrx_word' id='word_1_726' title='bbox 505 2449 552 2476; x_wconf 81' lang='grc' dir='ltr'>τοῦ</span> <span class='ocrx_word' id='word_1_727' title='bbox 571 2449 640 2476; x_wconf 84' lang='grc' dir='ltr'>Θεοῦ</span> <span class='ocrx_word' id='word_1_728' title='bbox 658 2450 839 2483; x_wconf 82' lang='grc' dir='ltr'>καλύπτοντος</span> <span class='ocrx_word' id='word_1_729' title='bbox 860 2452 907 2478; x_wconf 84' lang='grc' dir='ltr'>καὶ</span> 
     </span>
    </p>
   </div>
   <div class='ocr_carea' id='block_1_97' title="bbox 120 2494 908 2532">
    <p class='ocr_par' dir='ltr' id='par_1_97' title="bbox 120 2494 908 2532">
     <span class='ocr_line' id='line_1_97' title="bbox 120 2494 908 2532; baseline 0.004 -12"><span class='ocrx_word' id='word_1_730' title='bbox 120 2494 279 2530; x_wconf 78' lang='grc' dir='ltr'>ὀδηγοῦντος</span> <span class='ocrx_word' id='word_1_731' title='bbox 296 2495 354 2530; x_wconf 77' lang='grc' dir='ltr'>(καὶ</span> <span class='ocrx_word' id='word_1_732' title='bbox 368 2494 447 2520; x_wconf 82' lang='grc' dir='ltr'>τοῦτο</span> <span class='ocrx_word' id='word_1_733' title='bbox 459 2495 512 2530; x_wconf 82' lang='grc' dir='ltr'>γὰρ</span> <span class='ocrx_word' id='word_1_734' title='bbox 523 2496 547 2521; x_wconf 86' lang='grc' dir='ltr'>οἱ</span> <span class='ocrx_word' id='word_1_735' title='bbox 557 2495 617 2521; x_wconf 87' lang='grc' dir='ltr'>τότε</span> <span class='ocrx_word' id='word_1_736' title='bbox 631 2503 674 2530; x_wconf 89' lang='grc' dir='ltr'><strong>μοι</strong></span> <span class='ocrx_word' id='word_1_737' title='bbox 686 2495 808 2527; x_wconf 85' lang='grc' dir='ltr'>συνόντες</span> <span class='ocrx_word' id='word_1_738' title='bbox 821 2496 908 2532; x_wconf 78' lang='grc' dir='ltr'>ἑωρά-</span> 
     </span>
    </p>
   </div>
   <div class='ocr_carea' id='block_1_98' title="bbox 121 2539 907 2577">
    <p class='ocr_par' dir='ltr' id='par_1_98' title="bbox 121 2539 907 2577">
     <span class='ocr_line' id='line_1_98' title="bbox 121 2539 907 2577; baseline 0.004 -11"><span class='ocrx_word' id='word_1_739' title='bbox 121 2543 224 2574; x_wconf 84' lang='grc' dir='ltr'>κασιν),</span> <span class='ocrx_word' id='word_1_740' title='bbox 235 2539 405 2575; x_wconf 80' lang='grc' dir='ltr'>ἀνεχώρησα·</span> <span class='ocrx_word' id='word_1_741' title='bbox 425 2541 472 2566; x_wconf 74' lang='grc' dir='ltr'><strong>καὶ</strong></span> <span class='ocrx_word' id='word_1_742' title='bbox 489 2540 544 2575; x_wconf 84' lang='grc'>(97)</span> <span class='ocrx_word' id='word_1_743' title='bbox 560 2541 589 2573; x_wconf 78' lang='grc' dir='ltr'>ἐξ</span> <span class='ocrx_word' id='word_1_744' title='bbox 603 2540 706 2567; x_wconf 82' lang='grc' dir='ltr'>ἐκείνου</span> <span class='ocrx_word' id='word_1_745' title='bbox 718 2542 778 2568; x_wconf 82' lang='grc' dir='ltr'>κατ’</span> <span class='ocrx_word' id='word_1_746' title='bbox 789 2542 907 2577; x_wconf 82' lang='grc' dir='ltr'>ἐμαυτὸν</span> 
     </span>
    </p>
   </div>
   <div class='ocr_carea' id='block_1_99' title="bbox 121 2585 907 2624">
    <p class='ocr_par' dir='ltr' id='par_1_99' title="bbox 121 2585 907 2624">
     <span class='ocr_line' id='line_1_99' title="bbox 121 2585 907 2624; baseline 0.005 -13"><span class='ocrx_word' id='word_1_747' title='bbox 121 2585 225 2620; x_wconf 77' lang='grc' dir='ltr'>ἔμεινα,</span> <span class='ocrx_word' id='word_1_748' title='bbox 245 2585 314 2620; x_wconf 80' lang='grc' dir='ltr'>ἔχων</span> <span class='ocrx_word' id='word_1_749' title='bbox 330 2586 485 2622; x_wconf 73' lang='grc' dir='ltr'>παρρησίαν</span> <span class='ocrx_word' id='word_1_750' title='bbox 504 2586 551 2612; x_wconf 75' lang='grc' dir='ltr'>καὶ</span> <span class='ocrx_word' id='word_1_751' title='bbox 565 2587 713 2621; x_wconf 80' lang='grc' dir='ltr'>ἀπολογίαν</span> <span class='ocrx_word' id='word_1_752' title='bbox 734 2589 907 2624; x_wconf 81' lang='grc' dir='ltr'>προηγουμέ-</span> 
     </span>
    </p>
   </div>
   <div class='ocr_carea' id='block_1_100' title="bbox 156 2673 909 2714">
    <p class='ocr_par' dir='ltr' id='par_1_100' title="bbox 156 2673 909 2714">
     <span class='ocr_line' id='line_1_100' title="bbox 156 2673 909 2714; baseline 0.007 -14"><span class='ocrx_word' id='word_1_753' title='bbox 156 2673 269 2714; x_wconf 86' lang='lat' dir='ltr'><strong>(9l)_lta</strong></span> <span class='ocrx_word' id='word_1_754' title='bbox 284 2673 407 2714; x_wconf 33' lang='lat' dir='ltr'><strong>lRegz‘et</strong></span> <span class='ocrx_word' id='word_1_755' title='bbox 430 2673 513 2704; x_wconf 85' lang='lat' dir='ltr'><strong>Basil.</strong></span> <span class='ocrx_word' id='word_1_756' title='bbox 537 2674 609 2703; x_wconf 89' lang='lat' dir='ltr'><strong>Editi</strong></span> <span class='ocrx_word' id='word_1_757' title='bbox 637 2683 710 2710; x_wconf 88' lang='lat' dir='ltr'><strong>vero,</strong></span> <span class='ocrx_word' id='word_1_758' title='bbox 727 2677 820 2714; x_wconf 80' lang='grc' dir='ltr'>ἐπειδὴ</span> <span class='ocrx_word' id='word_1_759' title='bbox 846 2677 909 2705; x_wconf 80' lang='grc' dir='ltr'>οὔτε</span> 
     </span>
    </p>
   </div>
   <div class='ocr_carea' id='block_1_101' title="bbox 121 2708 457 2744">
    <p class='ocr_par' dir='ltr' id='par_1_101' title="bbox 121 2708 457 2744">
     <span class='ocr_line' id='line_1_101' title="bbox 121 2708 457 2744; baseline 0 -9"><span class='ocrx_word' id='word_1_760' title='bbox 121 2708 245 2744; x_wconf 86' lang='grc' dir='ltr'>φανερῶς</span> <span class='ocrx_word' id='word_1_761' title='bbox 256 2708 343 2735; x_wconf 84' lang='grc' dir='ltr'>πάντα</span> <span class='ocrx_word' id='word_1_762' title='bbox 355 2709 457 2744; x_wconf 77' lang='grc' dir='ltr'>ἔλεγον.</span> 
     </span>
    </p>
   </div>
   <div class='ocr_carea' id='block_1_102' title="bbox 123 2717 907 2806">
    <p class='ocr_par' dir='ltr' id='par_1_102' title="bbox 123 2717 907 2806">
     <span class='ocr_line' id='line_1_102' title="bbox 123 2717 457 2771; baseline 0 -36"><span class='ocrx_word' id='word_1_763' title='bbox 123 2717 245 2771; x_wconf 57' lang='grc' dir='ltr'>φανεξως</span> <span class='ocrx_word' id='word_1_764' title='bbox 256 2717 343 2735; x_wconf 84' lang='grc' dir='ltr'>παντα</span> <span class='ocrx_word' id='word_1_765' title='bbox 355 2717 457 2744; x_wconf 86' lang='grc' dir='ltr'>εΛεγον.</span> 
     </span>
     <span class='ocr_line' id='line_1_103' title="bbox 123 2743 907 2806; baseline 0.008 -36"><span class='ocrx_word' id='word_1_766' title='bbox 123 2745 184 2806; x_wconf 66' lang='grc' dir='ltr'>ω</span> <span class='ocrx_word' id='word_1_767' title='bbox 204 2743 278 2779; x_wconf 82' lang='grc' dir='ltr'>)Καί</span> <span class='ocrx_word' id='word_1_768' title='bbox 295 2745 369 2772; x_wconf 88' lang='lat' dir='ltr'><strong>deest</strong></span> <span class='ocrx_word' id='word_1_769' title='bbox 388 2744 415 2772; x_wconf 86' lang='lat' dir='ltr'><strong>in</strong></span> <span class='ocrx_word' id='word_1_770' title='bbox 438 2745 505 2780; x_wconf 77' lang='lat' dir='ltr'><strong>Reg.</strong></span> <span class='ocrx_word' id='word_1_771' title='bbox 521 2744 575 2773; x_wconf 88' lang='lat' dir='ltr'><strong>Sed</strong></span> <span class='ocrx_word' id='word_1_772' title='bbox 600 2746 669 2774; x_wconf 85' lang='lat' dir='ltr'><strong>bene</strong></span> <span class='ocrx_word' id='word_1_773' title='bbox 696 2747 813 2781; x_wconf 88' lang='lat' dir='ltr'><strong>positum</strong></span> <span class='ocrx_word' id='word_1_774' title='bbox 832 2748 907 2776; x_wconf 87' lang='lat' dir='ltr'><strong>vide-</strong></span> 
     </span>
    </p>
   </div>
   <div class='ocr_carea' id='block_1_103' title="bbox 135 2788 175 2806">
    <p class='ocr_par' dir='ltr' id='par_1_103' title="bbox 135 2788 175 2806">
     <span class='ocr_line' id='line_1_104' title="bbox 135 2788 175 2806; baseline 0 0"><span class='ocrx_word' id='word_1_775' title='bbox 135 2788 175 2806; x_wconf 79' lang='lat' dir='ltr'><strong>llr.</strong></span> 
     </span>
    </p>
   </div>
   <div class='ocr_carea' id='block_1_104' title="bbox 157 2814 904 2875">
    <p class='ocr_par' dir='ltr' id='par_1_104' title="bbox 157 2814 904 2875">
     <span class='ocr_line' id='line_1_105' title="bbox 157 2814 904 2875; baseline 0.007 -34"><span class='ocrx_word' id='word_1_776' title='bbox 157 2814 214 2875; x_wconf 66' lang='grc'>(95)</span> <span class='ocrx_word' id='word_1_777' title='bbox 230 2814 294 2849; x_wconf 82' lang='lat' dir='ltr'><strong>Reg.</strong></span> <span class='ocrx_word' id='word_1_778' title='bbox 317 2820 376 2848; x_wconf 88' lang='lat' dir='ltr'><strong>post</strong></span> <span class='ocrx_word' id='word_1_779' title='bbox 389 2815 516 2843; x_wconf 87' lang='grc' dir='ltr'>ἀπαιτεῖν</span> <span class='ocrx_word' id='word_1_780' title='bbox 543 2815 625 2844; x_wconf 87' lang='lat' dir='ltr'><strong>habet</strong></span> <span class='ocrx_word' id='word_1_781' title='bbox 638 2816 735 2844; x_wconf 82' lang='grc' dir='ltr'>ἐποίει.</span> <span class='ocrx_word' id='word_1_782' title='bbox 753 2817 782 2844; x_wconf 85' lang='lat' dir='ltr'><strong>in</strong></span> <span class='ocrx_word' id='word_1_783' title='bbox 809 2818 904 2846; x_wconf 87' lang='lat' dir='ltr'><strong>eodem</strong></span> 
     </span>
     <span class='ocr_line' id='line_1_106' title="bbox 157 2849 455 2875; baseline 0 0"><span class='ocrx_word' id='word_1_784' title='bbox 157 2857 181 2875; x_wconf 67' lang='grc' dir='ltr'>η</span> <span class='ocrx_word' id='word_1_785' title='bbox 213 2849 352 2875; x_wconf 76' lang='grc' dir='ltr'>,νάγκαζεν</span> <span class='ocrx_word' id='word_1_786' title='bbox 372 2850 455 2875; x_wconf 83' lang='lat' dir='ltr'><strong>deest.</strong></span> 
     </span>
    </p>
   </div>
   <div class='ocr_carea' id='block_1_105' title="bbox 121 2849 455 2884">
    <p class='ocr_par' dir='ltr' id='par_1_105' title="bbox 121 2849 455 2884">
     <span class='ocr_line' id='line_1_107' title="bbox 121 2849 455 2884; baseline 0 -8"><span class='ocrx_word' id='word_1_787' title='bbox 121 2857 181 2876; x_wconf 76' lang='lat' dir='ltr'><strong>mox</strong></span> <span class='ocrx_word' id='word_1_788' title='bbox 199 2849 352 2884; x_wconf 71' lang='grc' dir='ltr'>ἠνάγκαζεν</span> <span class='ocrx_word' id='word_1_789' title='bbox 372 2850 455 2878; x_wconf 81' lang='lat' dir='ltr'><strong>deest.</strong></span> 
     </span>
    </p>
   </div>
   <div class='ocr_carea' id='block_1_106' title="bbox 158 2885 906 2922">
    <p class='ocr_par' dir='ltr' id='par_1_106' title="bbox 158 2885 906 2922">
     <span class='ocr_line' id='line_1_108' title="bbox 158 2885 906 2922; baseline 0.007 -11"><span class='ocrx_word' id='word_1_790' title='bbox 158 2885 213 2920; x_wconf 73' lang='grc'>(94)</span> <span class='ocrx_word' id='word_1_791' title='bbox 243 2885 307 2920; x_wconf 73' lang='lat' dir='ltr'><strong>ltt-g.</strong></span> <span class='ocrx_word' id='word_1_792' title='bbox 332 2893 410 2920; x_wconf 85' lang='lat' dir='ltr'><strong>quem</strong></span> <span class='ocrx_word' id='word_1_793' title='bbox 435 2885 574 2922; x_wconf 86' lang='lat' dir='ltr'><strong>sequimur</strong></span> <span class='ocrx_word' id='word_1_794' title='bbox 604 2888 792 2922; x_wconf 71' lang='grc' dir='ltr'>γραμμάτων,</span> <span class='ocrx_word' id='word_1_795' title='bbox 817 2887 906 2916; x_wconf 82' lang='lat' dir='ltr'><strong>deleto</strong></span> 
     </span>
    </p>
   </div>
   <div class='ocr_carea' id='block_1_107' title="bbox 962 2270 1745 2306">
    <p class='ocr_par' dir='ltr' id='par_1_107' title="bbox 962 2270 1745 2306">
     <span class='ocr_line' id='line_1_109' title="bbox 962 2270 1745 2306; baseline 0 -9"><span class='ocrx_word' id='word_1_796' title='bbox 962 2275 1040 2306; x_wconf 88' lang='lat' dir='ltr'><strong>palus</strong></span> <span class='ocrx_word' id='word_1_797' title='bbox 1053 2271 1169 2299; x_wconf 84' lang='lat' dir='ltr'><strong>accessit</strong></span> <span class='ocrx_word' id='word_1_798' title='bbox 1184 2272 1239 2299; x_wconf 85' lang='lat' dir='ltr'><strong>dux</strong></span> <span class='ocrx_word' id='word_1_799' title='bbox 1257 2272 1394 2299; x_wconf 82' lang='lat' dir='ltr'><strong>exercitus</strong></span> <span class='ocrx_word' id='word_1_800' title='bbox 1409 2280 1416 2299; x_wconf 93' lang='lat'><strong>:</strong></span> <span class='ocrx_word' id='word_1_801' title='bbox 1438 2275 1570 2306; x_wconf 83' lang='lat' dir='ltr'><strong>erantque</strong></span> <span class='ocrx_word' id='word_1_802' title='bbox 1595 2270 1633 2297; x_wconf 88' lang='lat' dir='ltr'><strong>illi</strong></span> <span class='ocrx_word' id='word_1_803' title='bbox 1649 2270 1745 2305; x_wconf 62' lang='lat' dir='ltr'><strong>praefe-</strong></span> 
     </span>
    </p>
   </div>
   <div class='ocr_carea' id='block_1_108' title="bbox 962 2315 1743 2351">
    <p class='ocr_par' dir='ltr' id='par_1_108' title="bbox 962 2315 1743 2351">
     <span class='ocr_line' id='line_1_110' title="bbox 962 2315 1743 2351; baseline 0.003 -9"><span class='ocrx_word' id='word_1_804' title='bbox 962 2315 998 2342; x_wconf 90' lang='lat' dir='ltr'><strong>cti</strong></span> <span class='ocrx_word' id='word_1_805' title='bbox 1011 2320 1038 2343; x_wconf 91' lang='lat' dir='ltr'><strong>et</strong></span> <span class='ocrx_word' id='word_1_806' title='bbox 1049 2321 1177 2344; x_wconf 87' lang='lat' dir='ltr'><strong>auctores</strong></span> <span class='ocrx_word' id='word_1_807' title='bbox 1189 2317 1260 2344; x_wconf 88' lang='lat' dir='ltr'><strong>illius</strong></span> <span class='ocrx_word' id='word_1_808' title='bbox 1276 2317 1434 2345; x_wconf 84' lang='lat' dir='ltr'><strong>invnsionis.</strong></span> <span class='ocrx_word' id='word_1_809' title='bbox 1450 2317 1525 2351; x_wconf 86' lang='lat' dir='ltr'><strong>Quod</strong></span> <span class='ocrx_word' id='word_1_810' title='bbox 1544 2324 1610 2344; x_wconf 88' lang='lat' dir='ltr'><strong>sane</strong></span> <span class='ocrx_word' id='word_1_811' title='bbox 1627 2317 1743 2344; x_wconf 89' lang='lat' dir='ltr'><strong>incredi-</strong></span> 
     </span>
    </p>
   </div>
   <div class='ocr_carea' id='block_1_109' title="bbox 961 2361 1743 2398">
    <p class='ocr_par' dir='ltr' id='par_1_109' title="bbox 961 2361 1743 2398">
     <span class='ocr_line' id='line_1_111' title="bbox 961 2361 1743 2398; baseline 0.003 -10"><span class='ocrx_word' id='word_1_812' title='bbox 961 2361 1015 2389; x_wconf 84' lang='lat' dir='ltr'><strong>bile</strong></span> <span class='ocrx_word' id='word_1_813' title='bbox 1040 2369 1093 2389; x_wconf 93' lang='lat' dir='ltr'><strong>non</strong></span> <span class='ocrx_word' id='word_1_814' title='bbox 1118 2366 1169 2394; x_wconf 88' lang='lat' dir='ltr'><strong>est,</strong></span> <span class='ocrx_word' id='word_1_815' title='bbox 1198 2362 1403 2396; x_wconf 78' lang='lat' dir='ltr'><strong>religiosissime</strong></span> <span class='ocrx_word' id='word_1_816' title='bbox 1433 2363 1574 2398; x_wconf 82' lang='lat' dir='ltr'><strong>Auguste,</strong></span> <span class='ocrx_word' id='word_1_817' title='bbox 1600 2370 1662 2390; x_wconf 81' lang='lat' dir='ltr'><strong>Cum</strong></span> <span class='ocrx_word' id='word_1_818' title='bbox 1693 2363 1743 2397; x_wconf 84' lang='lat' dir='ltr'><strong>ipsi</strong></span> 
     </span>
    </p>
   </div>
   <div class='ocr_carea' id='block_1_110' title="bbox 961 2407 1744 2443">
    <p class='ocr_par' dir='ltr' id='par_1_110' title="bbox 961 2407 1744 2443">
     <span class='ocr_line' id='line_1_112' title="bbox 961 2407 1744 2443; baseline 0.003 -9"><span class='ocrx_word' id='word_1_819' title='bbox 961 2407 1074 2435; x_wconf 89' lang='lat' dir='ltr'><strong>minime</strong></span> <span class='ocrx_word' id='word_1_820' title='bbox 1084 2407 1225 2439; x_wconf 85' lang='lat' dir='ltr'><strong>latuerint,</strong></span> <span class='ocrx_word' id='word_1_821' title='bbox 1241 2408 1287 2435; x_wconf 92' lang='lat' dir='ltr'><strong>sed</strong></span> <span class='ocrx_word' id='word_1_822' title='bbox 1303 2409 1422 2443; x_wconf 76' lang='lat' dir='ltr'><strong>undique</strong></span> <span class='ocrx_word' id='word_1_823' title='bbox 1446 2409 1553 2443; x_wconf 83' lang='lat' dir='ltr'><strong>vulgata</strong></span> <span class='ocrx_word' id='word_1_824' title='bbox 1568 2415 1611 2434; x_wconf 87' lang='lat' dir='ltr'><strong>res</strong></span> <span class='ocrx_word' id='word_1_825' title='bbox 1627 2408 1671 2435; x_wconf 92' lang='lat' dir='ltr'><strong>sit.</strong></span> <span class='ocrx_word' id='word_1_826' title='bbox 1688 2408 1744 2442; x_wconf 80' lang='lat' dir='ltr'><strong>Ego</strong></span> 
     </span>
    </p>
   </div>
   <div class='ocr_carea' id='block_1_111' title="bbox 961 2453 1743 2488">
    <p class='ocr_par' dir='ltr' id='par_1_111' title="bbox 961 2453 1743 2488">
     <span class='ocr_line' id='line_1_113' title="bbox 961 2453 1743 2488; baseline 0.001 -8"><span class='ocrx_word' id='word_1_827' title='bbox 961 2453 1052 2488; x_wconf 88' lang='lat' dir='ltr'><strong>itaque</strong></span> <span class='ocrx_word' id='word_1_828' title='bbox 1064 2457 1205 2487; x_wconf 83' lang='lat' dir='ltr'><strong>perspecta</strong></span> <span class='ocrx_word' id='word_1_829' title='bbox 1216 2453 1348 2488; x_wconf 84' lang='lat' dir='ltr'><strong>ejusmodi</strong></span> <span class='ocrx_word' id='word_1_830' title='bbox 1364 2454 1513 2486; x_wconf 83' lang='lat' dir='ltr'><strong>invasione,</strong></span> <span class='ocrx_word' id='word_1_831' title='bbox 1530 2454 1697 2488; x_wconf 87' lang='lat' dir='ltr'><strong>populosque</strong></span> <span class='ocrx_word' id='word_1_832' title='bbox 1713 2458 1743 2481; x_wconf 79' lang='lat' dir='ltr'><strong>ut</strong></span> 
     </span>
    </p>
   </div>
   <div class='ocr_carea' id='block_1_112' title="bbox 960 2499 1742 2535">
    <p class='ocr_par' dir='ltr' id='par_1_112' title="bbox 960 2499 1742 2535">
     <span class='ocr_line' id='line_1_114' title="bbox 960 2499 1742 2535; baseline 0.003 -9"><span class='ocrx_word' id='word_1_833' title='bbox 960 2499 1132 2526; x_wconf 88' lang='lat' dir='ltr'><strong>discederent</strong></span> <span class='ocrx_word' id='word_1_834' title='bbox 1145 2500 1219 2534; x_wconf 89' lang='lat' dir='ltr'><strong>prius</strong></span> <span class='ocrx_word' id='word_1_835' title='bbox 1239 2500 1384 2532; x_wconf 87' lang='lat' dir='ltr'><strong>hortatus;</strong></span> <span class='ocrx_word' id='word_1_836' title='bbox 1409 2505 1469 2535; x_wconf 88' lang='lat' dir='ltr'><strong>post</strong></span> <span class='ocrx_word' id='word_1_837' title='bbox 1483 2499 1542 2528; x_wconf 90' lang='lat' dir='ltr'><strong>illos</strong></span> <span class='ocrx_word' id='word_1_838' title='bbox 1556 2500 1663 2528; x_wconf 88' lang='lat' dir='ltr'><strong>demum</strong></span> <span class='ocrx_word' id='word_1_839' title='bbox 1687 2499 1742 2528; x_wconf 82' lang='lat' dir='ltr'><strong>Deo</strong></span> 
     </span>
    </p>
   </div>
   <div class='ocr_carea' id='block_1_113' title="bbox 960 2545 1741 2585">
    <p class='ocr_par' dir='ltr' id='par_1_113' title="bbox 960 2545 1741 2585">
     <span class='ocr_line' id='line_1_115' title="bbox 960 2545 1741 2585; baseline 0.003 -14"><span class='ocrx_word' id='word_1_840' title='bbox 960 2545 1116 2572; x_wconf 85' lang='lat' dir='ltr'><strong>occultante</strong></span> <span class='ocrx_word' id='word_1_841' title='bbox 1128 2554 1162 2573; x_wconf 85' lang='lat' dir='ltr'><strong>ac</strong></span> <span class='ocrx_word' id='word_1_842' title='bbox 1177 2546 1303 2578; x_wconf 84' lang='lat' dir='ltr'><strong>ducente,</strong></span> <span class='ocrx_word' id='word_1_843' title='bbox 1316 2550 1345 2574; x_wconf 91' lang='lat' dir='ltr'><strong>ut</strong></span> <span class='ocrx_word' id='word_1_844' title='bbox 1364 2547 1398 2585; x_wconf 78' lang='lat' dir='ltr'><strong>ab</strong></span> <span class='ocrx_word' id='word_1_845' title='bbox 1413 2546 1539 2574; x_wconf 89' lang='lat' dir='ltr'><strong>omnibus</strong></span> <span class='ocrx_word' id='word_1_846' title='bbox 1566 2546 1610 2581; x_wconf 89' lang='lat' dir='ltr'><strong>qui</strong></span> <span class='ocrx_word' id='word_1_847' title='bbox 1636 2553 1741 2574; x_wconf 90' lang='lat' dir='ltr'><strong>mecum</strong></span> 
     </span>
    </p>
   </div>
   <div class='ocr_carea' id='block_1_114' title="bbox 961 2590 1741 2628">
    <p class='ocr_par' dir='ltr' id='par_1_114' title="bbox 961 2590 1741 2628">
     <span class='ocr_line' id='line_1_116' title="bbox 961 2590 1741 2628; baseline 0.003 -10"><span class='ocrx_word' id='word_1_848' title='bbox 961 2590 1074 2618; x_wconf 85' lang='lat' dir='ltr'><strong>aderant</strong></span> <span class='ocrx_word' id='word_1_849' title='bbox 1086 2597 1261 2627; x_wconf 81' lang='lat' dir='ltr'><strong>conspectum</strong></span> <span class='ocrx_word' id='word_1_850' title='bbox 1276 2597 1328 2626; x_wconf 85' lang='lat' dir='ltr'><strong>est,</strong></span> <span class='ocrx_word' id='word_1_851' title='bbox 1344 2592 1444 2620; x_wconf 88' lang='lat' dir='ltr'><strong>isthinc</strong></span> <span class='ocrx_word' id='word_1_852' title='bbox 1458 2600 1501 2620; x_wconf 92' lang='lat' dir='ltr'><strong>me</strong></span> <span class='ocrx_word' id='word_1_853' title='bbox 1516 2592 1649 2628; x_wconf 87' lang='lat' dir='ltr'><strong>proripui,</strong></span> <span class='ocrx_word' id='word_1_854' title='bbox 1665 2593 1741 2620; x_wconf 84' lang='lat' dir='ltr'><strong>exin-</strong></span> 
     </span>
    </p>
   </div>
   <div class='ocr_carea' id='block_1_115' title="bbox 960 2680 1740 2718">
    <p class='ocr_par' dir='ltr' id='par_1_115' title="bbox 960 2680 1740 2718">
     <span class='ocr_line' id='line_1_117' title="bbox 960 2680 1740 2718; baseline 0.006 -12"><span class='ocrx_word' id='word_1_855' title='bbox 960 2680 1100 2718; x_wconf 66' lang='lat' dir='ltr'><strong>1uy.Editi</strong></span> <span class='ocrx_word' id='word_1_856' title='bbox 1115 2689 1188 2714; x_wconf 86' lang='lat' dir='ltr'><strong>vero,</strong></span> <span class='ocrx_word' id='word_1_857' title='bbox 1201 2682 1433 2718; x_wconf 84' lang='grc' dir='ltr'>συγγραμμάτων.</span> <span class='ocrx_word' id='word_1_858' title='bbox 1445 2681 1514 2711; x_wconf 85' lang='lat' dir='ltr'><strong>Hist.</strong></span> <span class='ocrx_word' id='word_1_859' title='bbox 1531 2690 1646 2718; x_wconf 85' lang='lat' dir='ltr'><strong>sequens</strong></span> <span class='ocrx_word' id='word_1_860' title='bbox 1661 2690 1740 2711; x_wconf 82' lang='lat' dir='ltr'><strong>enar-</strong></span> 
     </span>
    </p>
   </div>
   <div class='ocr_carea' id='block_1_116' title="bbox 959 2717 1457 2752">
    <p class='ocr_par' dir='ltr' id='par_1_116' title="bbox 959 2717 1457 2752">
     <span class='ocr_line' id='line_1_118' title="bbox 959 2717 1457 2752; baseline 0.006 -10"><span class='ocrx_word' id='word_1_861' title='bbox 959 2721 1047 2752; x_wconf 25' lang='lat' dir='ltr'><strong>ratur”</strong></span> <span class='ocrx_word' id='word_1_862' title='bbox 1056 2717 1118 2752; x_wconf 80' lang='lat' dir='ltr'><strong>item</strong></span> <span class='ocrx_word' id='word_1_863' title='bbox 1134 2717 1160 2743; x_wconf 91' lang='lat' dir='ltr'><strong>in</strong></span> <span class='ocrx_word' id='word_1_864' title='bbox 1181 2717 1315 2752; x_wconf 38' lang='lat' dir='ltr'><strong>Apolog&#39;m&#39;</strong></span> <span class='ocrx_word' id='word_1_865' title='bbox 1324 2718 1457 2752; x_wconf 78' lang='lat' dir='ltr'><strong>sequenti.</strong></span> 
     </span>
    </p>
   </div>
   <div class='ocr_carea' id='block_1_117' title="bbox 994 2749 1395 2787">
    <p class='ocr_par' dir='ltr' id='par_1_117' title="bbox 994 2749 1395 2787">
     <span class='ocr_line' id='line_1_119' title="bbox 994 2749 1395 2787; baseline 0.01 -11"><span class='ocrx_word' id='word_1_866' title='bbox 994 2749 1051 2787; x_wconf 61' lang='lat'><strong>(95)</strong></span> <span class='ocrx_word' id='word_1_867' title='bbox 1073 2751 1116 2777; x_wconf 82' lang='lat' dir='ltr'><strong>’Ev</strong></span> <span class='ocrx_word' id='word_1_868' title='bbox 1127 2754 1186 2784; x_wconf 89' lang='grc' dir='ltr'>ταῖς</span> <span class='ocrx_word' id='word_1_869' title='bbox 1204 2749 1276 2780; x_wconf 69' lang='lat' dir='ltr'><strong>deest</strong></span> <span class='ocrx_word' id='word_1_870' title='bbox 1287 2752 1314 2779; x_wconf 89' lang='lat' dir='ltr'><strong>in</strong></span> <span class='ocrx_word' id='word_1_871' title='bbox 1328 2749 1395 2787; x_wconf 75' lang='lat' dir='ltr'><strong>Reg.</strong></span> 
     </span>
    </p>
   </div>
   <div class='ocr_carea' id='block_1_118' title="bbox 993 2785 1742 2823">
    <p class='ocr_par' dir='ltr' id='par_1_118' title="bbox 993 2785 1742 2823">
     <span class='ocr_line' id='line_1_120' title="bbox 993 2785 1742 2823; baseline 0.005 -11"><span class='ocrx_word' id='word_1_872' title='bbox 993 2785 1049 2823; x_wconf 66' lang='grc'>(96)</span> <span class='ocrx_word' id='word_1_873' title='bbox 1066 2787 1166 2823; x_wconf 75' lang='lat' dir='ltr'><strong>Regius</strong></span> <span class='ocrx_word' id='word_1_874' title='bbox 1185 2788 1269 2814; x_wconf 87' lang='lat' dir='ltr'><strong>codex</strong></span> <span class='ocrx_word' id='word_1_875' title='bbox 1290 2793 1318 2815; x_wconf 84' lang='lat' dir='ltr'><strong>et</strong></span> <span class='ocrx_word' id='word_1_876' title='bbox 1338 2785 1420 2816; x_wconf 80' lang='lat' dir='ltr'><strong>editio</strong></span> <span class='ocrx_word' id='word_1_877' title='bbox 1433 2788 1550 2823; x_wconf 85' lang='lat' dir='ltr'><strong>Comm.,</strong></span> <span class='ocrx_word' id='word_1_878' title='bbox 1563 2787 1742 2820; x_wconf 69' lang='grc' dir='ltr'>εἰσελθόντεςὲ</span> 
     </span>
    </p>
   </div>
   <div class='ocr_carea' id='block_1_119' title="bbox 957 2820 1367 2850">
    <p class='ocr_par' dir='ltr' id='par_1_119' title="bbox 957 2820 1367 2850">
     <span class='ocr_line' id='line_1_121' title="bbox 957 2820 1367 2850; baseline 0.005 -2"><span class='ocrx_word' id='word_1_879' title='bbox 957 2820 986 2848; x_wconf 86' lang='lat' dir='ltr'><strong>ln</strong></span> <span class='ocrx_word' id='word_1_880' title='bbox 1002 2821 1068 2848; x_wconf 85' lang='lat' dir='ltr'><strong>edit.</strong></span> <span class='ocrx_word' id='word_1_881' title='bbox 1086 2822 1228 2850; x_wconf 82' lang='lat' dir='ltr'><strong>Parisiensi</strong></span> <span class='ocrx_word' id='word_1_882' title='bbox 1241 2823 1266 2849; x_wconf 82' lang='grc' dir='ltr'><strong>οἰ</strong></span> <span class='ocrx_word' id='word_1_883' title='bbox 1282 2824 1367 2850; x_wconf 88' lang='lat' dir='ltr'><strong>deest.</strong></span> 
     </span>
    </p>
   </div>
   <div class='ocr_carea' id='block_1_120' title="bbox 996 2855 1496 2893">
    <p class='ocr_par' dir='ltr' id='par_1_120' title="bbox 996 2855 1496 2893">
     <span class='ocr_line' id='line_1_122' title="bbox 996 2855 1496 2893; baseline 0.012 -11"><span class='ocrx_word' id='word_1_884' title='bbox 996 2855 1052 2892; x_wconf 82' lang='grc'>(97)</span> <span class='ocrx_word' id='word_1_885' title='bbox 1068 2857 1113 2885; x_wconf 86' lang='lat' dir='ltr'><strong>Sic</strong></span> <span class='ocrx_word' id='word_1_886' title='bbox 1123 2857 1207 2893; x_wconf 60' lang='lat' dir='ltr'><strong>Reg;</strong></span> <span class='ocrx_word' id='word_1_887' title='bbox 1221 2858 1267 2885; x_wconf 83' lang='grc' dir='ltr'><strong>καί</strong></span> <span class='ocrx_word' id='word_1_888' title='bbox 1283 2858 1357 2887; x_wconf 85' lang='lat' dir='ltr'><strong>dcest</strong></span> <span class='ocrx_word' id='word_1_889' title='bbox 1368 2859 1394 2887; x_wconf 91' lang='lat' dir='ltr'><strong>in</strong></span> <span class='ocrx_word' id='word_1_890' title='bbox 1407 2859 1496 2888; x_wconf 86' lang='lat' dir='ltr'><strong>editis.</strong></span> 
     </span>
    </p>
   </div>
  </div>
