2007 3044
261 120 311 149 627
542 122 571 149 S.
593 121 782 150 ATHANASII
800 120 876 150 OPP.
897 121 988 150 PARS
1006 121 1027 149 1.
1049 137 1084 142 -
1103 121 1290 151 HISTORICA
1308 121 1353 150 ΕΤ
1373 120 1584 150 DOGMATICA.
1838 119 1893 149 69.8

261 182 347 216 deque
362 181 485 209 occultus
499 181 597 214 mansi,
620 179 759 214 ﬁduciam.
786 182 894 218 meique
915 182 1046 219 purgandi

1109 192 1150 215 ’ως
1161 183 1217 218 (98)
1233 183 1284 218 μὲν
1302 183 1370 219 πρὸς
1389 183 1435 209 τὸν
1448 181 1524 215 Θεὸν,
1542 182 1637 208 ἔπειτα
1650 181 1678 208 δὲ
1694 181 1741 208 καὶ
1753 180 1822 216 πρὸς
1840 181 1892 217 τὴν

262 226 349 254 locum
379 227 492 260 habens,
519 226 607 261 primo
633 227 703 262 apud
724 227 829 260 Deum,
852 227 951 254 deinde
976 228 1046 262 apud

1109 229 1150 265 ῖὴν
1157 229 1309 261 εὐσέϐειαν,
1322 229 1363 255 ὅτι
1378 229 1428 256 οὐκ
1439 228 1540 263 ἔφυγον
1554 227 1719 262 καταλείψας
1729 227 1891 259 τοῦςλαοὺς,

261 278 337 300 tuam
348 272 474 308 pietatem
489 281 496 300 :
513 280 574 300 cum
589 280 643 301 non
657 278 685 300 ut
701 274 814 309 populos
829 274 984 301 desererem
997 281 1047 301 au-

1109 275 1172 302 ιλλὰ.
1183 275 1311 311 μάρτυρα
1325 275 1374 310 τῆς
1387 274 1504 306 διώξεως
1520 273 1573 309 ἔχω
1587 273 1635 308 τὴν
1650 273 1743 307 ἔφοδον
1753 273 1799 299 τοῦ
1812 281 1894 308 στρα-

261 319 375 353 fugerim
391 328 400 345 :
425 319 472 346 sed
488 323 587 347 testem
605 320 805 355 persecutionis
829 320 944 348 habeam
961 321 1047 356 ipsam

1109 322 1215 358 τηλάτου
1225 331 1232 336 ·
1245 322 1259 348 ὃ
1273 321 1389 357 μάλιστα
1401 321 1448 347 καὶ
1461 321 1560 351 πάντες
1571 320 1739 355 ἐθαύμασαν.
1753 320 1826 346 Ἔδει
1836 320 1891 356 γάρ

261 365 339 393 ducis
354 365 531 399 irruptionem
546 373 553 392 :
572 365 643 400 quod
655 373 752 393 omnes
765 366 941 394 vehementer
956 365 1047 393 mirati

1109 369 1118 404 ii
1137 369 1175 405 μὴ
1188 367 1414 402 ἐπαγγείλασθαι,
1426 366 1711 403 ἢ,,ἐπαγγειλάμενον,
1731 366 1770 401 μὴ
1789 365 1892 400 ψεύσα-

262 416 336 439 sunt.
349 412 473 446 Oportuit
485 412 584 447 quippe
600 412 676 440 illum
697 417 743 440 aut
763 413 843 441 ﬁdem
858 421 912 441 non
928 414 1046 446 dedisse,

262 459 309 484 adt
321 457 411 484 datam
423 465 475 484 non
491 456 595 485 fallere.

298 502 344 530 26.
357 502 492 536 Quorsum
518 503 601 538 igitur
625 503 678 531 hoc
701 511 795 531 eorum
819 505 982 532 consilium?
996 505 1050 532 Aut

263 547 328 582 qui'd
355 555 444 575 causa:
463 552 505 574 est
527 548 599 583 quod
622 548 690 576 dolis
715 549 876 584 insidiisque
893 557 945 577 nos
959 549 1049 577 adorti

263 596 338 624 sunt,
362 592 460 626 quibus
478 597 504 619 et
523 592 635 627 iubendi
654 597 681 620 et
702 593 852 627 iussionem
878 594 981 629 scripto
999 600 1052 622 tra-

264 637 343 665 dendi
363 637 479 666 facultas
499 639 592 666 esset?
605 638 780 673 Imperatoris
793 640 865 666 enim
890 640 976 675 iussio
994 648 1051 668 ma-

263 693 344 722 gnam
362 687 463 721 prtebet
478 685 679 713 conﬁdentiam.
695 685 748 713 Sed
764 688 835 721 quod
853 686 902 721 ipsi
917 687 984 714 clam
995 695 1051 715 rem

264 739 347 766 agere
374 736 515 767 optarent,
543 731 607 759 illud
626 739 691 759 sane
713 732 896 766 suspicionem
924 733 1051 768 augebat,

264 779 339 813 ipsos
364 786 378 805 a
403 783 430 805 te
449 778 553 805 nullum
573 779 712 812 accepisse
738 778 906 806 mandatum.
922 778 992 812 Quid
1004 781 1053 808 ab-

265 825 341 853 surdi
369 825 552 859 postulabam,
579 825 636 852 veri
664 825 864 852 studiosissime
884 825 1053 860 imperator?

1102 415 1174 444 σθαι.

1139 507 1185 536 26.
1203 507 1236 534 Τί
1251 507 1341 534 τοίνυν
1357 507 1443 538 οὕτως
1464 506 1646 538 ἐϐουλεύοντο,
1716 498 1800 532 διᾶτὶ
1823 505 1892 540 μετὰ

1105 554 1183 581 δόλου
1199 553 1350 588 ἐνεδρεύειν
1362 552 1531 588 ἐπεχείρουν,
1555 552 1614 585 ἐξὸν
1627 551 1673 578 καὶ
1688 550 1813 578 κελεῦσαι
1826 550 1892 586 (99),

1105 591 1290 636 καὶ’γράψαι;
1306 598 1442 630 Βασιλέως
1462 598 1516 634 γὰρ
1534 597 1682 634 πρόσταξις
1699 596 1820 632 μεγάλην
1836 596 1892 631 ἔχει

1104 646 1271 681 παρρησίαν.
1294 644 1372 671 Ἀλλὰ
1385 644 1415 670 τὸ
1427 643 1569 679 βούλεσθαι
1580 643 1669 670 λαθεῖν
1681 643 1844 678 λευκοτέραν
1854 642 1893 677 (i)

1104 691 1191 717 ἐποίει
1207 691 1257 726 τὴν
1275 690 1393 724 ὑποψίαν
1407 689 1455 716 τοῦ
1471 690 1509 725 μὴ
1523 689 1594 725 ἔχειν
1604 689 1700 721 αὐτοὺς
1717 689 1892 727 πρόσταγμα.

1106 738 1138 764 Τί
1152 737 1180 763 δὲ
1194 737 1293 764 ἄτοπον
1312 735 1443 771 ἀπῄτουν,
1458 735 1566 770 βασιλεῦ
1580 735 1742 770 φιλάληθες;
1768 734 1830 766 Πῶς
1843 734 1894 760 οὐκ

1105 783 1217 816 εὔλογον
1235 782 1377 818 ὲπισκόπῳ
1390 783 1441 818 τὴν
1452 781 1581 817 τοιαύτην
1592 781 1701 813 ἀξίωσιν
1711 780 1743 807 ἄν
1757 789 1799 812 τις
1810 780 1893 813 εῐποι;

1105 826 1189 860 οἶδας,
1205 828 1338 862 ἀναγνοὺς
1346 827 1396 859 τὰς
1414 827 1535 863 Γραφὰς,
1550 825 1644 862 ἡλίκον
1662 826 1720 852 ἐστὶ
1740 825 1772 861 δὴ
1796 825 1895 860 ἐγκλη-

266 871 332 905 Quis
356 879 408 898 non
431 871 549 898 fateatur
572 871 641 898 hanc
658 871 818 906 petitionem
846 872 974 907 episcopo
994 880 1055 900 esse

1112 883 1150 909 μα
1185 874 1401 909 καταλιμπάνειν
1423 873 1570 899 ἐπίσκοπον
1597 872 1646 907 τὴν
1666 871 1825 906 ἐκκλησίαν,
1848 872 1895 898 καὶ

267 917 498 945 consentaneum?
511 925 574 944 cum
589 917 745 952 Scripturas
762 917 872 953 legeris,
885 919 956 946 nosti
970 926 1056 953 quan-

267 967 324 990 tum
339 962 376 990 sit
394 962 459 990 illud
477 963 610 997 criminis,
624 965 782 998 episcopum
809 964 953 992 ecclesiam
978 972 1055 992 suam

269 1010 404 1041 deserere,
420 1009 521 1044 Deique
536 1010 617 1036 ovilia
631 1018 683 1037 non
699 1018 797 1038 curare
809 1019 817 1038 :
830 1016 969 1046 pastorum
982 1011 1055 1038 enim

268 1054 389 1081 absentia
407 1055 497 1089 gregis
511 1054 653 1082 invadendi
669 1056 928 1090 occasionemilupis
941 1057 1054 1091 praebet.

268 1099 326 1127 Hoc
343 1105 433 1126 autem
448 1100 604 1134 quaerebant
617 1100 724 1134 Ariani,
748 1106 775 1129 et
792 1102 837 1128 alii
860 1109 955 1129 omnes
970 1103 1056 1130 luere-

272 1147 330 1180 tiei,
347 1151 376 1173 ut
392 1146 551 1174 absentibus
568 1146 646 1173 nobis
657 1146 747 1174 locum
772 1147 1057 1182 opportunitatemque

269 1193 354 1226 nacti,
366 1193 492 1228 populum
509 1192 542 1219 ad
556 1193 723 1227 impietatem
737 1192 916 1220 deducerent.
937 1193 967 1221 Si
991 1201 1056 1229 ergo

270 1239 410 1273 fugissem.
427 1238 535 1273 qualem
549 1239 619 1273 apud
633 1245 712 1266 veros
724 1239 881 1273 episcopos;
896 1239 952 1266 imo
963 1239 1053 1273 potius

270 1286 342 1320 apud
359 1293 419 1313 eum
437 1286 482 1320 qui
502 1285 566 1312 mihi
590 1285 671 1321 247
689 1293 798 1321 gregem
815 1285 969 1313 crediderat
983 1290 1056 1313 altu-

269 1331 360 1359 lissem
382 1331 605 1359 excusationem?
630 1331 677 1358 Est
703 1337 793 1358 autem
810 1331 865 1363 ille,
889 1332 936 1366 qui
952 1331 1058 1366 iudicat

269 1385 375 1405 omnem
391 1382 502 1410 terram,
515 1384 595 1404 verus
609 1377 798 1405 universorum
814 1376 872 1404 Rex
885 1382 913 1405 et
929 1378 1058 1405 Dominus

270 1428 363 1451 uoster
378 1422 457 1450 Jesus
477 1423 613 1456 Christus,
625 1422 721 1457 (Filius
750 1423 809 1450 Dei.
835 1423 933 1451 Annon
957 1425 1056 1452 merito

273 1469 337 1497 mihi
351 1468 510 1504 populorum
526 1469 630 1496 incuria
644 1469 801 1503 imputanda
823 1469 940 1497 fuisset?
962 1470 1058 1498 Nonne

1108 920 1220 955 ἀμελεῖν
1241 919 1296 946 τῶν
1308 918 1354 946 τοῦ
1370 918 1438 945 Θεοῦ
1455 918 1598 954 ποιμνίων.
1614 917 1755 953 Ποιμένων
1776 917 1830 952 γὰρ
1842 918 1895 944 ἀτο-

1109 966 1190 993 ουσία
1206 965 1341 1001 πρόφασιν
1351 965 1445 1000 ἐφόδου
1459 965 1515 996 τοῖς
1532 964 1622 996 λύκοις
1637 963 1751 999 παρέχει
1766 963 1834 989 κατὰ
1846 963 1895 998 τῆς

1106 1011 1219 1046 ἀγέλης.
1238 1011 1324 1038 Τοῦτο
1340 1011 1368 1038 δὲ
1386 1011 1500 1046 ἐζήτουν
1513 1011 1537 1036 οἱ
1561 1010 1703 1045 ’Δρειανοὶ,
1720 1009 1767 1037 καὶ
1783 1009 1808 1035 οἱ
1821 1008 1894 1036 ἄλλοι

1107 1057 1208 1088 πάντες
1220 1057 1363 1093 αἰρετικοὶ,
1377 1057 1420 1083 ἵνα
1431 1057 1465 1092 τῇ
1479 1055 1558 1092 ἡμῶν
1574 1055 1693 1090 ἀπουσίᾳ
1707 1055 1798 1090 χώραν
1814 1054 1896 1090 εὔρω-

1108 1112 1150 1130 σιν
1166 1103 1273 1138 ὰπατᾷν
1289 1103 1352 1134 τοὺς
1365 1102 1446 1134 λαοὺς
1463 1102 1503 1133 εἰς
1513 1100 1650 1127 ἀσέϐειαν.
1667 1101 1698 1127 Εἰ
1715 1100 1804 1126 τοίνυν
1822 1100 1895 1135 ήμην

1107 1149 1210 1183 φυγὼν,
1227 1148 1306 1174 ποίαν
1329 1147 1475 1182 ἀπολογίαν
1498 1144 1571 1182 εἶχον
1598 1145 1674 1182 παρὰ
1689 1147 1746 1178 τοῖς
1761 1145 1895 1181 ἀληθινοῖς

1109 1195 1278 1227 ἐπισκόποις,
1294 1194 1391 1229 μᾶλλον
1399 1193 1427 1220 δὲ
1435 1194 1511 1229 παρὰ
1522 1192 1562 1228 τῷ
1574 1192 1767 1220 πεπιστευκότι
1776 1192 1826 1227 τὴν
1836 1191 1898 1224 ἀγέρ

1108 1242 1158 1278 λην
1171 1251 1178 1275 ;
1195 1242 1272 1268 Ἔστι
1284 1241 1312 1268 δὲ
1326 1239 1402 1272 οὗτος
1411 1242 1425 1267 ό
1436 1241 1538 1276 κρίνων
1552 1240 1642 1266 πᾶσαν
1656 1238 1705 1275 τὴν
1723 1239 1786 1274 γῆν,
1801 1239 1816 1265 ό
1831 1237 1895 1273 air,-

1108 1288 1180 1319 θινὸς
1206 1287 1395 1322 παμϐασιλεὺς
1419 1287 1466 1313 καὶ
1489 1285 1590 1321 Κύριος
1604 1285 1684 1321 ἡμῶν
1705 1283 1809 1320 Ἰησοῦς
1827 1284 1894 1319 Χρι-

1109 1334 1182 1365 στὸς,
1195 1335 1209 1360 ό
1221 1333 1283 1365 Υἱὸς
1298 1333 1344 1359 τοῦ
1365 1333 1442 1360 Θεοῦ.
1459 1332 1521 1364 Πῶς
1535 1333 1585 1359 οὐκ
1605 1331 1638 1358 ἄν
1650 1340 1692 1363 τις
1708 1330 1825 1364 εὐλόγως
1846 1330 1895 1365 τὴν

1108 1380 1237 1415 ἀμέλειαν
1255 1379 1309 1406 τῶν
1325 1379 1397 1405 λαῶν
1413 1379 1453 1410 είς
1469 1378 1520 1414 ἐμὲ
1535 1378 1700 1413 μετήνεγκε;
1717 1376 1780 1407 Πῶς
1799 1376 1827 1402 δὲ
1844 1376 1896 1402 οὐκ

1109 1426 1142 1453 ἂν
1155 1425 1296 1460 ἐπέμψατο
1307 1425 1353 1452 καὶ
1367 1426 1383 1460 ὴ
1398 1425 1432 1460 σὴ
1445 1424 1571 1450 εὐσέϐεια
1588 1423 1699 1455 δικαίως
1711 1422 1836 1456 λέγουσα,
1847 1421 1896 1447 Διὰ

1107 1472 1144 1504 τί,
1171 1471 1240 1507 μετὰ
1264 1471 1436 1507 γραμμάτων
1457 1470 1596 1501 εἰσελθὼν,
1620 1469 1704 1505 χωρὶς
1725 1468 1895 1504 γραμμάτων

271 1523 316 1543 me
338 1519 384 1542 tua
409 1515 467 1550 ipsa
494 1515 581 1549 pietas
604 1515 665 1549 jure
688 1514 859 1550 objurgasset
881 1515 923 1542 his
943 1515 1056 1548 verbis,

1110 1518 1271 1553 ἀναχωρεῖς,
1291 1517 1339 1544 καὶ
1357 1515 1520 1551 κατέλειψας
1535 1516 1597 1547 τοὺς
1610 1514 1707 1546 λαούς;
1724 1513 1787 1545 Πῶς
1801 1512 1828 1539 δὲ
1849 1513 1897 1539 καὶ

272 1562 362 1594 Quare
380 1569 441 1589 cum
461 1561 559 1588 litteris
577 1569 702 1589 reversus
724 1561 929 1597 ingressusque,
953 1562 1057 1597 absque

272 1607 370 1634 litteris
395 1607 564 1637 abscessisti,
586 1614 618 1633 ac
645 1605 760 1641 populos
777 1607 948 1634 deseruisti?
963 1606 1058 1635 Nonne

272 1654 332 1688 ipse
343 1653 467 1688 populus,
485 1653 557 1680 haud
574 1652 686 1687 iniuria,
700 1653 728 1679 in
745 1652 789 1680 die
801 1653 908 1688 iudicii,
925 1654 967 1680 sui
981 1654 1058 1681 incu-

273 1701 342 1728 riam
363 1700 391 1727 in
407 1708 452 1727 me
471 1698 645 1734 coniecisset,
666 1699 777 1731 dicens,
808 1697 833 1726 ls
850 1699 895 1734 qui
917 1700 987 1734 apud
1010 1707 1059 1728 nos

274 1745 393 1781 episcopi
414 1751 526 1772 munere
549 1744 710 1780 fungebatur
728 1743 844 1779 aufugit,
869 1751 972 1778 nosque
991 1744 1060 1772 inte-

275 1793 327 1819 rim
351 1792 486 1827 neglectui
510 1781 652 1824 habemur,
676 1791 766 1818 nullus
779 1798 842 1818 cum
865 1792 901 1818 sit
915 1791 962 1826 qui
983 1796 1058 1818 recta

275 1842 384 1866 moneat
395 1838 406 1864 ?
417 1837 498 1871 Quid,
512 1844 614 1872 quaeso,
630 1837 692 1863 talia
720 1836 894 1870 loquentibus
911 1837 1058 1870 responde-

276 1883 357 1912 rem!
375 1883 437 1911 Hrec
461 1883 573 1915 illa,est
597 1882 747 1910 Ezechielis
781 1882 963 1917 expostulatio
993 1890 1056 1910 cum

275 1931 373 1965 priscis
398 1930 451 1957 illis
475 1929 630 1964 pastoribus
650 1929 684 1956 π’.
709 1928 737 1956 Id
765 1936 827 1956 cum
850 1929 935 1962 probe
967 1933 1060 1956 nosset

276 1976 371 2002 beatus
398 1974 540 2010 apostolus"
551 1974 672 2006 Paulus,
698 1973 843 2008 unicuique
873 1979 995 2001 nostrum
1012 1981 1060 2008 per

276 2020 439 2055 discipulum
453 2027 531 2047 suum
558 2019 612 2047 hoc
628 2019 708 2046 tradit
722 2024 885 2054 praeceptum
899 2028 906 2046 ε
934 2018 999 2046 Noli
1013 2027 1060 2046 ne-

276 2067 372 2102 gligere
386 2067 497 2100 gratiam
511 2073 570 2100 quae
587 2070 626 2092 est
640 2066 667 2091 in
684 2069 718 2098 te,
733 2073 791 2100 qua:
807 2065 869 2092 dum
883 2070 919 2092 est
933 2065 989 2096 tibi,
1002 2073 1060 2092 cum

277 2112 440 2147 imposilione
466 2119 593 2138 manuum
614 2111 770 2146 presbyterii
798 2111 831 2138 ".
857 2111 974 2145 idipsum
997 2119 1060 2138 cum

278 2158 497 2190 reformidarem,
520 2153 614 2192 fugere
639 2157 776 2189 nolebam,
795 2157 842 2185 sed
864 2162 938 2184 tuam
968 2165 1061 2193 exspe-

1109 1563 1190 1594 αὐτὸς
1211 1564 1224 1589 ὁ
1240 1562 1304 1594 λαὸς
1319 1562 1431 1594 εἰκότως
1451 1563 1480 1588 ὲν
1493 1561 1584 1597 ἡμέρᾳ
1600 1560 1716 1596 κρίσεως
1730 1559 1779 1594 τὴν
1795 1558 1896 1585 ἑαυτῶν

1109 1609 1239 1644 ἀμέλειαν
1259 1608 1371 1644 ἔρριψαν
1393 1609 1434 1640 εἰς
1449 1608 1509 1643 ἐμὲ,
1524 1607 1665 1642 λέγοντες,
1686 1605 1715 1632 Ὀ
1731 1604 1896 1631 ἐπισκεπτό-

1111 1664 1191 1690 μενος
1220 1656 1293 1690 ἡμᾶς
1311 1655 1406 1689 ἔφυγε,
1426 1655 1474 1681 καὶ
1489 1653 1675 1690 ὴμελήθημεν,
1695 1653 1745 1679 οὐκ
1761 1652 1835 1683 ὄντος
1849 1651 1897 1678 τοῦ

1111 1701 1381 1736 ὑπομιμνήσκοντος;
1397 1700 1428 1726 Εἰ
1444 1699 1530 1726 ταῦτα
1544 1699 1645 1733 ἔλεγον,
1663 1699 1689 1725 τί
1703 1698 1735 1725 ἂν
1748 1698 1897 1732 ἀπεκρινὰσ

1112 1755 1164 1782 μην
1175 1755 1182 1780 ;
1193 1747 1326 1782 Τοιαύτην
1334 1747 1371 1783 (2)
1382 1746 1436 1783 γὰρ
1448 1747 1549 1782 μέμφιν
1561 1746 1638 1781 ἔσχον
1653 1745 1697 1771 διὰ
1711 1744 1757 1771 τοῦ
1772 1744 1898 1779 Ἰεζεχιὴλ

1110 1793 1157 1819 καὶ
1168 1793 1192 1818 οἱ
1203 1793 1330 1828 ποιμένες
1343 1793 1396 1819 τῶν
1413 1786 1546 1820 ¹ῖταλαιῶν.
1563 1792 1648 1819 Τοῦτο
1665 1791 1806 1825 γινώσκων
1824 1790 1871 1816 καὶ
1883 1791 1899 1816 ό

1113 1836 1248 1872 μακάριος
1259 1836 1404 1868 ἀπόστολος
1418 1836 1523 1868 Παῦλος
1534 1835 1726 1872 ἐκάστῳὴμῶν
1738 1835 1781 1862 διὰ
1791 1834 1838 1861 τοῦ
1851 1843 1900 1870 μα-

1112 1882 1193 1919 θητοῦ
1205 1883 1382 1919 παρήγγειλε,
1397 1883 1499 1917 λέγων’
1523 1883 1570 1917 Μὴ
1598 1882 1701 1917 ἀμέλει
1725 1882 1778 1909 τοῦ
1798 1882 1833 1908 ἐν
1848 1883 1900 1908 σοι

1113 1929 1306 1964 χαρίσματος,
1336 1928 1352 1955 ὃ
1379 1928 1468 1963 ἐδόθη
1489 1935 1549 1959 σοι.
1569 1928 1644 1963 μετὰ
1664 1927 1826 1960 ἐπιθέσεως
1838 1925 1899 1953 τῶν

1111 1974 1218 2009 χειρῶν·
1228 1974 1281 2001 τοῦ
1295 1974 1519 2009 πρεσϐυτερίου.
1534 1973 1618 2000 Τοῦτο
1635 1972 1712 2008 κάγὼ
1733 1972 1899 2007 φοϐούμενος

1112 2021 1161 2047 οὐκ
1177 2020 1271 2056 ηοελον
1286 2021 1393 2055 φυγεῖν,
1409 2019 1476 2047 ἀλλὰ
1496 2019 1644 2056 πρόσταξιν
1662 2019 1744 2054 ἔχειν,
1762 2019 1840 2054 εἴπερ
1864 2015 1900 2052 ἦν

1111 2065 1234 2101 βούλημα
1247 2066 1296 2101 τῆς
1313 2065 1363 2100 σῆς
1377 2065 1526 2098 εὐσεϐείας.
1551 2065 1619 2091 Ἀλλ’
1637 2063 1698 2091 οὔτε
1718 2063 1812 2090 ἔλαϐον
1830 2063 1899 2098 ὅπερ

1110 2111 1229 2146 εὐλόγως
1241 2112 1373 2147 ἀπῄτουν,
1393 2111 1461 2139 ἀλλὰ
1474 2111 1521 2139 καὶ
1538 2111 1584 2139 νῦν
1600 2111 1687 2147 μάτην
1707 2110 1899 2146 κατηγορήθην

1111 2159 1186 2193 παρὰ
1200 2159 1256 2185 σοί·
1270 2158 1331 2185 οὕτε
1352 2158 1407 2195 γὰρ
1422 2158 1552 2194 ἀντέστην
1568 2158 1758 2193 προστάγματι
1779 2155 1829 2190 τῆς
1849 2156 1898 2190 σῆς

276 2204 382 2230 elabam
400 2203 571 2238 iussionem;
594 2201 616 2230 si
642 2207 731 2229 tamen
752 2202 817 2229 illud
838 2201 934 2229 fuisset
954 2202 1056 2237 pietatis

1113 2203 1269 2236 εὐσεϐείας,
1297 2203 1359 2230 οὗτε
1390 2203 1437 2230 νῦν
1463 2204 1502 2234 είς
1534 2202 1734 2238 Ἀλεξάνδρειαν
1768 2201 1898 2227 είσελθεῖν

277 2255 329 2276 tua:
353 2250 490 2284 placitum.
513 2248 548 2276 At
571 2256 741 2283 nequaquam
767 2248 793 2276 id
813 2248 884 2283 quod
905 2247 1004 2282 iustea
1019 2256 1061 2276 me

277 2296 442 2330 postulatum
456 2299 508 2328 est,
525 2295 616 2330 accepi
633 2304 639 2321 :
653 2294 765 2329 jamque
785 2293 856 2328 apud
877 2298 903 2322 te
919 2294 987 2321 falso
1001 2302 1061 2322 sum

275 2341 392 2374 delatus,
408 2348 469 2368 nam
485 2341 595 2376 pietatis
619 2346 670 2368 tuae
692 2340 819 2368 mandato
845 2340 957 2368 minime
984 2348 1061 2376 repu-

276 2387 478 2422 gnavimeque
492 2387 686 2414 Alexandriam
712 2386 817 2420 ingredi
830 2387 950 2414 conabor
975 2387 1060 2415 donec

1115 2250 1246 2286 πειράσω,
1262 2249 1314 2282 ἓως
1330 2251 1347 2286 ἡ
1363 2250 1396 2286 σὴ
1409 2249 1596 2286 φιλανθρωπία
1610 2248 1689 2275 τοῦτο
1702 2248 1830 2283 βούληται
1847 2247 1897 2281 (3).

1113 2295 1168 2322 Καὶ
1183 2295 1261 2322 τοῦτο
1276 2295 1305 2322 δὲ
1322 2291 1464 2332 προλαϐὼν
1474 2295 1582 2331 εἴρηκα,
1600 2294 1644 2321 ἵνα
1657 2293 1725 2329 μηδὲ
1743 2292 1806 2327 περὶ
1821 2291 1899 2318 τοῦτο

1114 2342 1196 2368 πάλιν
1222 2343 1246 2368 oi.
1272 2343 1437 2378 συκοφάνται
1461 2341 1596 2377 πρόφασιν
1627 2339 1727 2376 εὕρωσι
1758 2339 1899 2365 κατειπεῖν

1113 2388 1200 2423 ἡμῶν.

277 2434 440 2461 humanitati
457 2439 508 2461 tuae
521 2434 548 2462 id
561 2434 706 2469 placuerit.
722 2433 780 2463 Hoc
798 2439 904 2462 mature
917 2434 1060 2468 denuntio,
1081 2443 1115 2463 ne
1136 2437 1198 2464 hinc
1216 2444 1323 2465 rursum
1346 2436 1520 2473 sycophantae
1536 2434 1707 2463 occasionem
1724 2436 1834 2468 captent
1848 2438 1903 2460 nos

277 2479 462 2509 iusimulandi.

313 2587 335 2603 "
345 2587 445 2615 Ezech.
458 2595 553 2623 xxuv,
563 2588 590 2616 ‘2.
629 2589 652 2605 "
666 2588 675 2616 Ι
690 2589 760 2617 Tim.
775 2596 812 2622 iv,
824 2589 867 2617 ιι.

315 2701 369 2738 (98)
383 2702 464 2737 Editi,
477 2705 524 2730 καὶ
535 2703 756 2739 προηγουμένως.
771 2702 798 2729 in
807 2702 872 2737 Reg.
889 2702 934 2729 καί
948 2701 1063 2728 deletum

280 2743 370 2806 e“(D9)
382 2772 451 2799 Edit.
465 2773 625 2801 Parisiensis
636 2777 662 2800 et
671 2772 925 2804 Colon.,mcndosc,
940 2771 986 2798 καὶ
1002 2769 1062 2797 λεῦ-

280 2815 339 2833 σαν.
355 2807 405 2833 Alii
420 2816 513 2836 omnes
529 2808 575 2835 καὶ
593 2808 729 2835 κελεῦσαι.

315 2841 423 2876 (1)Καί
440 2849 503 2872 ante
530 2843 692 2878 λευκοτέραν
717 2842 814 2878 legitur
838 2841 865 2870 in
894 2842 982 2870 editis.
1009 2840 1061 2869 Sed

1116 2708 1178 2728 cum
1209 2701 1325 2729 deletum
1353 2700 1435 2728 fuerit
1458 2700 1486 2727 in
1512 2699 1580 2734 Reg.
1603 2705 1631 2728 et
1654 2699 1817 2736 superﬂuum
1844 2699 1905 2735 sit,

1115 2741 1276 2770 expunctum
1287 2740 1338 2763 esl.

1152 2771 1190 2806 (9.)
1205 2771 1282 2806 Reg.,
1298 2770 1441 2806 τοσαύτην.

1152 2806 1189 2841 (ὅ)
1209 2808 1253 2835 Sic
1270 2807 1348 2841 “03.,
1359 2806 1427 2833 Editi
1446 2815 1507 2834 vero
1521 2806 1653 2842 βούλεται.
