  <div class='ocr_page' id='page_1' title='image "/cluster/home/n/w/nwhite01/storage/ocr_20150623/25/njp.32101010944591/600.png"; bbox 0 0 2007 3044; ppageno 0'>
   <div class='ocr_carea' id='block_1_1' title="bbox 130 158 181 186">
    <p class='ocr_par' dir='ltr' id='par_1_1' title="bbox 130 158 181 186">
     <span class='ocr_line' id='line_1_1' title="bbox 130 158 181 186; baseline 0 0"><span class='ocrx_word' id='word_1_1' title='bbox 130 158 181 186; x_wconf 67' lang='lat'><strong>629</strong></span> 
     </span>
    </p>
   </div>
   <div class='ocr_carea' id='block_1_2' title="bbox 640 155 1234 186">
    <p class='ocr_par' dir='ltr' id='par_1_2' title="bbox 640 155 1234 186">
     <span class='ocr_line' id='line_1_2' title="bbox 640 155 1234 186; baseline -0.002 0"><span class='ocrx_word' id='word_1_2' title='bbox 640 157 813 186; x_wconf 79' lang='lat' dir='ltr'><strong>APOLOGIA</strong></span> <span class='ocrx_word' id='word_1_3' title='bbox 834 157 879 185; x_wconf 84' lang='lat' dir='ltr'><strong>AD</strong></span> <span class='ocrx_word' id='word_1_4' title='bbox 897 155 1146 185; x_wconf 78' lang='lat' dir='ltr'><strong>CONSTANTIUM</strong></span> <span class='ocrx_word' id='word_1_5' title='bbox 1163 157 1234 185; x_wconf 76' lang='grc' dir='ltr'><strong>[ΜΡ.</strong></span> 
     </span>
    </p>
   </div>
   <div class='ocr_carea' id='block_1_3' title="bbox 1702 157 1754 184">
    <p class='ocr_par' dir='ltr' id='par_1_3' title="bbox 1702 157 1754 184">
     <span class='ocr_line' id='line_1_3' title="bbox 1702 157 1754 184; baseline 0 0"><span class='ocrx_word' id='word_1_6' title='bbox 1702 157 1754 184; x_wconf 78' lang='lat'><strong>650</strong></span> 
     </span>
    </p>
   </div>
   <div class='ocr_carea' id='block_1_4' title="bbox 165 217 928 256">
    <p class='ocr_par' dir='ltr' id='par_1_4' title="bbox 165 217 916 254">
     <span class='ocr_line' id='line_1_4' title="bbox 165 217 916 254; baseline 0 -9"><span class='ocrx_word' id='word_1_7' title='bbox 165 218 210 245; x_wconf 73' lang='lat'><strong>27.</strong></span> <span class='ocrx_word' id='word_1_8' title='bbox 232 217 326 245; x_wconf 74' lang='grc' dir='ltr'>Ταῦτα</span> <span class='ocrx_word' id='word_1_9' title='bbox 342 217 478 254; x_wconf 81' lang='grc' dir='ltr'><strong>συνορῶν,</strong></span> <span class='ocrx_word' id='word_1_10' title='bbox 501 219 531 245; x_wconf 73' lang='grc' dir='ltr'><strong>οὗ</strong></span> <span class='ocrx_word' id='word_1_11' title='bbox 558 219 767 253; x_wconf 66' lang='grc' dir='ltr'><strong>κατεγίνωσκον,</strong></span> <span class='ocrx_word' id='word_1_12' title='bbox 785 218 916 254; x_wconf 77' lang='grc' dir='ltr'><strong>ἐμαυτοῦ,</strong></span> 
     </span>
    </p>
   </div>
   <div class='ocr_carea' id='block_1_5' title="bbox 977 217 1754 256">
    <p class='ocr_par' dir='ltr' id='par_1_5' title="bbox 1004 218 1754 256">
     <span class='ocr_line' id='line_1_5' title="bbox 1004 218 1754 256; baseline -0.001 -10"><span class='ocrx_word' id='word_1_13' title='bbox 1004 219 1049 246; x_wconf 73' lang='grc'>27.</span> <span class='ocrx_word' id='word_1_14' title='bbox 1067 218 1129 247; x_wconf 59' lang='grc' dir='ltr'><strong>ΗΜ</strong></span> <span class='ocrx_word' id='word_1_15' title='bbox 1145 227 1205 247; x_wconf 87' lang='lat' dir='ltr'><strong>cum</strong></span> <span class='ocrx_word' id='word_1_16' title='bbox 1222 227 1327 248; x_wconf 90' lang='lat' dir='ltr'><strong>mecum</strong></span> <span class='ocrx_word' id='word_1_17' title='bbox 1348 220 1552 256; x_wconf 85' lang='lat' dir='ltr'><strong>perpenderem,</strong></span> <span class='ocrx_word' id='word_1_18' title='bbox 1565 219 1592 247; x_wconf 89' lang='lat' dir='ltr'><strong>in</strong></span> <span class='ocrx_word' id='word_1_19' title='bbox 1609 219 1685 254; x_wconf 88' lang='lat' dir='ltr'><strong>culpa</strong></span> <span class='ocrx_word' id='word_1_20' title='bbox 1711 225 1754 245; x_wconf 92' lang='lat' dir='ltr'><strong>me</strong></span> 
     </span>
    </p>
   </div>
   <div class='ocr_carea' id='block_1_6' title="bbox 134 264 916 301">
    <p class='ocr_par' dir='ltr' id='par_1_6' title="bbox 134 264 916 301">
     <span class='ocr_line' id='line_1_6' title="bbox 134 264 916 301; baseline 0.001 -10"><span class='ocrx_word' id='word_1_21' title='bbox 134 264 199 292; x_wconf 65' lang='grc' dir='ltr'>ἀλλὰ</span> <span class='ocrx_word' id='word_1_22' title='bbox 222 264 269 291; x_wconf 71' lang='grc' dir='ltr'><strong>καὶ</strong></span> <span class='ocrx_word' id='word_1_23' title='bbox 287 264 388 300; x_wconf 83' lang='grc' dir='ltr'>ταύτην</span> <span class='ocrx_word' id='word_1_24' title='bbox 409 264 477 299; x_wconf 79' lang='grc' dir='ltr'>ἔχων</span> <span class='ocrx_word' id='word_1_25' title='bbox 498 264 547 300; x_wconf 80' lang='grc' dir='ltr'>τὴν</span> <span class='ocrx_word' id='word_1_26' title='bbox 571 264 737 300; x_wconf 84' lang='grc' dir='ltr'>ἀπολογίαν,</span> <span class='ocrx_word' id='word_1_27' title='bbox 760 266 916 301; x_wconf 72' lang='grc' dir='ltr'><strong>ἠπειγόμην</strong></span> 
     </span>
    </p>
   </div>
   <div class='ocr_carea' id='block_1_7' title="bbox 135 309 918 348">
    <p class='ocr_par' dir='ltr' id='par_1_7' title="bbox 135 309 918 348">
     <span class='ocr_line' id='line_1_7' title="bbox 135 309 918 348; baseline 0.003 -11"><span class='ocrx_word' id='word_1_28' title='bbox 135 310 201 346; x_wconf 79' lang='grc' dir='ltr'>πρὸς</span> <span class='ocrx_word' id='word_1_29' title='bbox 211 310 261 345; x_wconf 85' lang='grc' dir='ltr'>τὴν</span> <span class='ocrx_word' id='word_1_30' title='bbox 272 310 322 345; x_wconf 87' lang='grc' dir='ltr'>σὴν</span> <span class='ocrx_word' id='word_1_31' title='bbox 332 309 481 342; x_wconf 79' lang='grc' dir='ltr'>εὐσέϐειαν,</span> <span class='ocrx_word' id='word_1_32' title='bbox 495 309 573 342; x_wconf 73' lang='grc' dir='ltr'>εἰδὼς</span> <span class='ocrx_word' id='word_1_33' title='bbox 583 311 632 347; x_wconf 82' lang='grc' dir='ltr'>τὴν</span> <span class='ocrx_word' id='word_1_34' title='bbox 643 311 692 347; x_wconf 89' lang='grc' dir='ltr'>σὴν</span> <span class='ocrx_word' id='word_1_35' title='bbox 704 311 918 348; x_wconf 78' lang='grc' dir='ltr'><strong>φιλανθρωπίαν,</strong></span> 
     </span>
    </p>
   </div>
   <div class='ocr_carea' id='block_1_8' title="bbox 133 355 918 392">
    <p class='ocr_par' dir='ltr' id='par_1_8' title="bbox 133 355 918 392">
     <span class='ocr_line' id='line_1_8' title="bbox 133 355 918 392; baseline 0.001 -10"><span class='ocrx_word' id='word_1_36' title='bbox 133 355 175 383; x_wconf 69' lang='grc' dir='ltr'><strong>διὰ</strong></span> <span class='ocrx_word' id='word_1_37' title='bbox 193 356 303 391; x_wconf 78' lang='grc' dir='ltr'><strong>μνήμης</strong></span> <span class='ocrx_word' id='word_1_38' title='bbox 320 364 350 381; x_wconf 83' lang='grc' dir='ltr'><strong>τε</strong></span> <span class='ocrx_word' id='word_1_39' title='bbox 369 355 438 391; x_wconf 77' lang='grc' dir='ltr'>ἔχων</span> <span class='ocrx_word' id='word_1_40' title='bbox 459 355 509 388; x_wconf 84' lang='grc' dir='ltr'><strong>τὰς</strong></span> <span class='ocrx_word' id='word_1_41' title='bbox 529 356 578 388; x_wconf 88' lang='grc' dir='ltr'><strong>σὰς</strong></span> <span class='ocrx_word' id='word_1_42' title='bbox 598 356 724 391; x_wconf 72' lang='grc' dir='ltr'>ἀψευδεῖς</span> <span class='ocrx_word' id='word_1_43' title='bbox 748 357 918 392; x_wconf 77' lang='grc' dir='ltr'><strong>ὑποσχέσεις,</strong></span> 
     </span>
    </p>
   </div>
   <div class='ocr_carea' id='block_1_9' title="bbox 133 401 920 438">
    <p class='ocr_par' dir='ltr' id='par_1_9' title="bbox 133 401 920 438">
     <span class='ocr_line' id='line_1_9' title="bbox 133 401 920 438; baseline 0.004 -11"><span class='ocrx_word' id='word_1_44' title='bbox 133 401 180 427; x_wconf 71' lang='grc' dir='ltr'>καὶ</span> <span class='ocrx_word' id='word_1_45' title='bbox 199 401 308 437; x_wconf 73' lang='grc' dir='ltr'>θαρρῶν</span> <span class='ocrx_word' id='word_1_46' title='bbox 319 423 326 434; x_wconf 90' lang='grc'><strong>,</strong></span> <span class='ocrx_word' id='word_1_47' title='bbox 341 401 393 434; x_wconf 80' lang='grc' dir='ltr'>ᾶτι,</span> <span class='ocrx_word' id='word_1_48' title='bbox 414 401 485 428; x_wconf 86' lang='grc' dir='ltr'>κατὰ</span> <span class='ocrx_word' id='word_1_49' title='bbox 501 401 531 428; x_wconf 81' lang='grc' dir='ltr'><strong>τὺ</strong></span> <span class='ocrx_word' id='word_1_50' title='bbox 547 403 737 438; x_wconf 82' lang='grc' dir='ltr'><strong>γεγραμμένον</strong></span> <span class='ocrx_word' id='word_1_51' title='bbox 753 403 782 430; x_wconf 86' lang='grc' dir='ltr'><strong>ἐν</strong></span> <span class='ocrx_word' id='word_1_52' title='bbox 799 403 837 438; x_wconf 72' lang='grc'>(4)</span> <span class='ocrx_word' id='word_1_53' title='bbox 860 405 920 435; x_wconf 82' lang='grc' dir='ltr'>ταῖς</span> 
     </span>
    </p>
   </div>
   <div class='ocr_carea' id='block_1_10' title="bbox 133 442 924 482">
    <p class='ocr_par' dir='ltr' id='par_1_10' title="bbox 133 442 924 482">
     <span class='ocr_line' id='line_1_10' title="bbox 133 442 924 482; baseline 0.004 -10"><span class='ocrx_word' id='word_1_54' title='bbox 133 442 218 478; x_wconf 77' lang='grc' dir='ltr'>θείαις</span> <span class='ocrx_word' id='word_1_55' title='bbox 248 447 430 482; x_wconf 83' lang='grc' dir='ltr'>Παροιμίαις·</span> <span class='ocrx_word' id='word_1_56' title='bbox 460 447 543 481; x_wconf 84' lang='grc' dir='ltr'>Παρὰ</span> <span class='ocrx_word' id='word_1_57' title='bbox 571 448 770 482; x_wconf 75' lang='grc' dir='ltr'><strong>φιλανθρώπῳ</strong></span> <span class='ocrx_word' id='word_1_58' title='bbox 795 448 924 481; x_wconf 76' lang='grc' dir='ltr'>,βασιλεῖ</span> 
     </span>
    </p>
   </div>
   <div class='ocr_carea' id='block_1_11' title="bbox 133 492 921 530">
    <p class='ocr_par' dir='ltr' id='par_1_11' title="bbox 133 492 921 530">
     <span class='ocr_line' id='line_1_11' title="bbox 133 492 921 530; baseline 0.004 -11"><span class='ocrx_word' id='word_1_59' title='bbox 133 492 232 519; x_wconf 79' lang='grc' dir='ltr'>δεκτοί</span> <span class='ocrx_word' id='word_1_60' title='bbox 244 493 323 520; x_wconf 80' lang='grc' dir='ltr'>εἰσιν</span> <span class='ocrx_word' id='word_1_61' title='bbox 336 494 363 520; x_wconf 85' lang='grc' dir='ltr'><strong>οί</strong></span> <span class='ocrx_word' id='word_1_62' title='bbox 376 493 484 520; x_wconf 82' lang='grc' dir='ltr'>δίκαιοι</span> <span class='ocrx_word' id='word_1_63' title='bbox 503 494 653 529; x_wconf 78' lang='grc' dir='ltr'>λογισμοί.</span> <span class='ocrx_word' id='word_1_64' title='bbox 668 494 738 530; x_wconf 86' lang='grc' dir='ltr'><strong>Ἤδη</strong></span> <span class='ocrx_word' id='word_1_65' title='bbox 751 494 780 521; x_wconf 77' lang='grc' dir='ltr'>δὲ</span> <span class='ocrx_word' id='word_1_66' title='bbox 795 494 845 530; x_wconf 84' lang='grc' dir='ltr'>τῆς</span> <span class='ocrx_word' id='word_1_67' title='bbox 860 494 921 522; x_wconf 77' lang='grc' dir='ltr'>ὁδοῦ</span> 
     </span>
    </p>
   </div>
   <div class='ocr_carea' id='block_1_12' title="bbox 135 537 921 574">
    <p class='ocr_par' dir='ltr' id='par_1_12' title="bbox 135 537 921 574">
     <span class='ocr_line' id='line_1_12' title="bbox 135 537 921 574; baseline 0.001 -10"><span class='ocrx_word' id='word_1_68' title='bbox 135 546 185 572; x_wconf 87' lang='grc' dir='ltr'><strong>μου</strong></span> <span class='ocrx_word' id='word_1_69' title='bbox 201 537 354 570; x_wconf 75' lang='grc' dir='ltr'>ἐπιϐάντος,</span> <span class='ocrx_word' id='word_1_70' title='bbox 371 538 419 565; x_wconf 80' lang='grc' dir='ltr'>καὶ</span> <span class='ocrx_word' id='word_1_71' title='bbox 433 538 484 573; x_wconf 85' lang='grc' dir='ltr'>τὴν</span> <span class='ocrx_word' id='word_1_72' title='bbox 500 537 603 574; x_wconf 75' lang='grc' dir='ltr'>ἔρημον</span> <span class='ocrx_word' id='word_1_73' title='bbox 618 537 781 572; x_wconf 80' lang='grc' dir='ltr'>ἐξελθόντος,</span> <span class='ocrx_word' id='word_1_74' title='bbox 795 539 864 574; x_wconf 86' lang='grc' dir='ltr'>ἀκοή</span> <span class='ocrx_word' id='word_1_75' title='bbox 879 547 921 570; x_wconf 82' lang='grc' dir='ltr'><strong>τις</strong></span> 
     </span>
    </p>
   </div>
   <div class='ocr_carea' id='block_1_13' title="bbox 133 580 922 619">
    <p class='ocr_par' dir='ltr' id='par_1_13' title="bbox 133 580 922 619">
     <span class='ocr_line' id='line_1_13' title="bbox 133 580 922 619; baseline 0 -9"><span class='ocrx_word' id='word_1_76' title='bbox 133 583 243 618; x_wconf 83' lang='grc' dir='ltr'>γέγονεν</span> <span class='ocrx_word' id='word_1_77' title='bbox 257 583 401 619; x_wconf 75' lang='grc' dir='ltr'><strong>ἐξαίφνης⁹</strong></span> <span class='ocrx_word' id='word_1_78' title='bbox 415 583 476 619; x_wconf 84' lang='grc' dir='ltr'>ἦτις</span> <span class='ocrx_word' id='word_1_79' title='bbox 491 583 605 615; x_wconf 79' lang='grc' dir='ltr'>ἄπιστος</span> <span class='ocrx_word' id='word_1_80' title='bbox 623 583 672 619; x_wconf 80' lang='grc' dir='ltr'>μὲν</span> <span class='ocrx_word' id='word_1_81' title='bbox 692 580 763 610; x_wconf 79' lang='grc' dir='ltr'>εῖναι</span> <span class='ocrx_word' id='word_1_82' title='bbox 782 583 853 610; x_wconf 78' lang='grc' dir='ltr'>κατὰ</span> <span class='ocrx_word' id='word_1_83' title='bbox 872 582 922 618; x_wconf 80' lang='grc' dir='ltr'>τὴν</span> 
     </span>
    </p>
   </div>
   <div class='ocr_carea' id='block_1_14' title="bbox 134 628 921 673">
    <p class='ocr_par' dir='ltr' id='par_1_14' title="bbox 134 628 921 673">
     <span class='ocr_line' id='line_1_14' title="bbox 134 628 921 673; baseline 0 -19"><span class='ocrx_word' id='word_1_84' title='bbox 134 628 222 673; x_wconf 69' lang='grc' dir='ltr'>ἀρχὴν</span> <span class='ocrx_word' id='word_1_85' title='bbox 236 628 332 661; x_wconf 78' lang='grc' dir='ltr'>ἐδόκει,</span> <span class='ocrx_word' id='word_1_86' title='bbox 350 628 418 664; x_wconf 86' lang='grc' dir='ltr'>μετὰ</span> <span class='ocrx_word' id='word_1_87' title='bbox 429 628 457 655; x_wconf 81' lang='grc' dir='ltr'>δὲ</span> <span class='ocrx_word' id='word_1_88' title='bbox 470 628 557 655; x_wconf 80' lang='grc' dir='ltr'>ταῦτα</span> <span class='ocrx_word' id='word_1_89' title='bbox 573 628 675 665; x_wconf 80' lang='grc' dir='ltr'>ἀληθὴς</span> <span class='ocrx_word' id='word_1_90' title='bbox 689 628 804 664; x_wconf 80' lang='grc' dir='ltr'>ἐδείχθη.</span> <span class='ocrx_word' id='word_1_91' title='bbox 825 628 921 664; x_wconf 87' lang='grc' dir='ltr'>Ἐθρυ-</span> 
     </span>
    </p>
   </div>
   <div class='ocr_carea' id='block_1_15' title="bbox 133 673 922 711">
    <p class='ocr_par' dir='ltr' id='par_1_15' title="bbox 133 673 922 711">
     <span class='ocr_line' id='line_1_15' title="bbox 133 673 922 711; baseline 0.001 -11"><span class='ocrx_word' id='word_1_92' title='bbox 133 674 205 700; x_wconf 78' lang='grc' dir='ltr'>λεῖτο</span> <span class='ocrx_word' id='word_1_93' title='bbox 229 674 284 711; x_wconf 87' lang='grc' dir='ltr'><strong>γὰρ</strong></span> <span class='ocrx_word' id='word_1_94' title='bbox 312 673 465 710; x_wconf 84' lang='grc' dir='ltr'>πανταχοῦ,</span> <span class='ocrx_word' id='word_1_95' title='bbox 488 675 529 701; x_wconf 86' lang='grc' dir='ltr'>ὃτι</span> <span class='ocrx_word' id='word_1_96' title='bbox 547 674 672 710; x_wconf 81' lang='grc' dir='ltr'>Λιϐέριος</span> <span class='ocrx_word' id='word_1_97' title='bbox 695 675 710 701; x_wconf 98' lang='lat'><strong>6</strong></span> <span class='ocrx_word' id='word_1_98' title='bbox 733 675 783 710; x_wconf 83' lang='grc' dir='ltr'>τῆς</span> <span class='ocrx_word' id='word_1_99' title='bbox 813 673 922 710; x_wconf 85' lang='grc' dir='ltr'><strong>Ῥώμης</strong></span> 
     </span>
    </p>
   </div>
   <div class='ocr_carea' id='block_1_16' title="bbox 134 720 923 756">
    <p class='ocr_par' dir='ltr' id='par_1_16' title="bbox 134 720 923 756">
     <span class='ocr_line' id='line_1_16' title="bbox 134 720 923 756; baseline 0 -9"><span class='ocrx_word' id='word_1_100' title='bbox 134 721 291 753; x_wconf 70' lang='grc' dir='ltr'>ἐπίσκοπος,</span> <span class='ocrx_word' id='word_1_101' title='bbox 308 721 355 747; x_wconf 79' lang='grc' dir='ltr'>καὶ</span> <span class='ocrx_word' id='word_1_102' title='bbox 369 722 383 747; x_wconf 77' lang='grc' dir='ltr'>ὁ</span> <span class='ocrx_word' id='word_1_103' title='bbox 395 720 450 748; x_wconf 84' lang='grc' dir='ltr'>τῶν</span> <span class='ocrx_word' id='word_1_104' title='bbox 464 720 589 748; x_wconf 85' lang='grc' dir='ltr'>Σπανιῶν</span> <span class='ocrx_word' id='word_1_105' title='bbox 603 721 696 753; x_wconf 88' lang='grc' dir='ltr'>Ὅσιος</span> <span class='ocrx_word' id='word_1_106' title='bbox 708 722 722 747; x_wconf 86' lang='grc' dir='ltr'>ὁ</span> <span class='ocrx_word' id='word_1_107' title='bbox 736 721 834 756; x_wconf 83' lang='grc' dir='ltr'>μέγας,</span> <span class='ocrx_word' id='word_1_108' title='bbox 851 721 923 747; x_wconf 89' lang='grc' dir='ltr'>Παυ-</span> 
     </span>
    </p>
   </div>
   <div class='ocr_carea' id='block_1_17' title="bbox 133 765 923 798">
    <p class='ocr_par' dir='ltr' id='par_1_17' title="bbox 133 765 923 798">
     <span class='ocr_line' id='line_1_17' title="bbox 133 765 923 798; baseline 0 -6"><span class='ocrx_word' id='word_1_109' title='bbox 133 766 204 798; x_wconf 83' lang='grc' dir='ltr'>λῖνός</span> <span class='ocrx_word' id='word_1_110' title='bbox 217 774 246 792; x_wconf 86' lang='grc' dir='ltr'><strong>τε</strong></span> <span class='ocrx_word' id='word_1_111' title='bbox 265 767 280 792; x_wconf 82' lang='lat'><strong>6</strong></span> <span class='ocrx_word' id='word_1_112' title='bbox 293 766 348 792; x_wconf 85' lang='grc' dir='ltr'><strong>τῶν</strong></span> <span class='ocrx_word' id='word_1_113' title='bbox 365 766 496 798; x_wconf 84' lang='grc' dir='ltr'>Γαλλιῶν,</span> <span class='ocrx_word' id='word_1_114' title='bbox 515 766 562 793; x_wconf 76' lang='grc' dir='ltr'>καὶ</span> <span class='ocrx_word' id='word_1_115' title='bbox 577 766 713 797; x_wconf 87' lang='grc' dir='ltr'>Διονύσιος</span> <span class='ocrx_word' id='word_1_116' title='bbox 733 766 781 792; x_wconf 75' lang='grc' dir='ltr'><strong>καὶ</strong></span> <span class='ocrx_word' id='word_1_117' title='bbox 795 765 923 797; x_wconf 81' lang='grc' dir='ltr'>Εὐσέϐιος</span> 
     </span>
    </p>
   </div>
   <div class='ocr_carea' id='block_1_18' title="bbox 133 813 924 849">
    <p class='ocr_par' dir='ltr' id='par_1_18' title="bbox 133 813 924 849">
     <span class='ocr_line' id='line_1_18' title="bbox 133 813 924 849; baseline 0.003 -10"><span class='ocrx_word' id='word_1_118' title='bbox 133 814 158 839; x_wconf 74' lang='grc' dir='ltr'>οἱ</span> <span class='ocrx_word' id='word_1_119' title='bbox 174 813 223 848; x_wconf 81' lang='grc' dir='ltr'><strong>τῆς</strong></span> <span class='ocrx_word' id='word_1_120' title='bbox 245 813 376 847; x_wconf 81' lang='grc' dir='ltr'>Ἰταλίας,</span> <span class='ocrx_word' id='word_1_121' title='bbox 393 814 561 849; x_wconf 82' lang='grc' dir='ltr'>Δουκίφερός</span> <span class='ocrx_word' id='word_1_122' title='bbox 580 822 610 840; x_wconf 82' lang='grc' dir='ltr'><strong>τε</strong></span> <span class='ocrx_word' id='word_1_123' title='bbox 627 814 680 840; x_wconf 76' lang='grc' dir='ltr'><strong>ἀπὸ</strong></span> <span class='ocrx_word' id='word_1_124' title='bbox 695 813 852 849; x_wconf 88' lang='grc' dir='ltr'>Σαρδινίας,</span> <span class='ocrx_word' id='word_1_125' title='bbox 877 814 924 841; x_wconf 80' lang='grc' dir='ltr'>καὶ</span> 
     </span>
    </p>
   </div>
   <div class='ocr_carea' id='block_1_19' title="bbox 134 859 924 896">
    <p class='ocr_par' dir='ltr' id='par_1_19' title="bbox 134 859 924 896">
     <span class='ocr_line' id='line_1_19' title="bbox 134 859 924 896; baseline 0.001 -11"><span class='ocrx_word' id='word_1_126' title='bbox 134 859 208 886; x_wconf 72' lang='grc' dir='ltr'>ἄλλοι</span> <span class='ocrx_word' id='word_1_127' title='bbox 222 859 293 891; x_wconf 88' lang='grc' dir='ltr'>τινὲς</span> <span class='ocrx_word' id='word_1_128' title='bbox 308 860 463 891; x_wconf 78' lang='grc' dir='ltr'>ἐπίσκοποι,</span> <span class='ocrx_word' id='word_1_129' title='bbox 475 861 523 887; x_wconf 79' lang='grc' dir='ltr'>καὶ</span> <span class='ocrx_word' id='word_1_130' title='bbox 538 859 731 896; x_wconf 81' lang='grc' dir='ltr'>πρεσϐύτεροι,</span> <span class='ocrx_word' id='word_1_131' title='bbox 746 860 793 886; x_wconf 82' lang='grc' dir='ltr'>καὶ</span> <span class='ocrx_word' id='word_1_132' title='bbox 805 859 924 886; x_wconf 84' lang='grc' dir='ltr'>διάκονοι</span> 
     </span>
    </p>
   </div>
   <div class='ocr_carea' id='block_1_20' title="bbox 135 890 961 943">
    <p class='ocr_par' dir='ltr' id='par_1_20' title="bbox 135 890 961 943">
     <span class='ocr_line' id='line_1_20' title="bbox 135 890 961 943; baseline -0.001 -11"><span class='ocrx_word' id='word_1_133' title='bbox 135 890 331 941; x_wconf 75' lang='grc' dir='ltr'>ἐξωρίσθησαν,</span> <span class='ocrx_word' id='word_1_134' title='bbox 349 907 390 933; x_wconf 83' lang='grc' dir='ltr'>ὅτι</span> <span class='ocrx_word' id='word_1_135' title='bbox 405 906 442 943; x_wconf 80' lang='grc' dir='ltr'>μὴ</span> <span class='ocrx_word' id='word_1_136' title='bbox 465 890 610 942; x_wconf 68' lang='grc' dir='ltr'>ἠνέσχοντο</span> <span class='ocrx_word' id='word_1_137' title='bbox 627 890 690 933; x_wconf 51' lang='grc' dir='ltr'><strong>καθἒ</strong></span> <span class='ocrx_word' id='word_1_138' title='bbox 703 905 784 941; x_wconf 84' lang='grc' dir='ltr'>ήμῶν</span> <span class='ocrx_word' id='word_1_139' title='bbox 803 905 925 940; x_wconf 77' lang='grc' dir='ltr'>ὑπογρά-</span> <span class='ocrx_word' id='word_1_140' title='bbox 939 890 961 918; x_wconf 77' lang='grc' dir='ltr'>Β</span> 
     </span>
    </p>
   </div>
   <div class='ocr_carea' id='block_1_21' title="bbox 134 949 926 989">
    <p class='ocr_par' dir='ltr' id='par_1_21' title="bbox 134 949 926 989">
     <span class='ocr_line' id='line_1_21' title="bbox 134 949 926 989; baseline -0.001 -10"><span class='ocrx_word' id='word_1_141' title='bbox 134 952 194 987; x_wconf 80' lang='grc' dir='ltr'>ψαι.</span> <span class='ocrx_word' id='word_1_142' title='bbox 211 952 266 979; x_wconf 77' lang='grc' dir='ltr'><strong>Καὶ</strong></span> <span class='ocrx_word' id='word_1_143' title='bbox 279 949 351 979; x_wconf 77' lang='grc' dir='ltr'>οὗτοι</span> <span class='ocrx_word' id='word_1_144' title='bbox 370 952 420 988; x_wconf 83' lang='grc' dir='ltr'>μὲν</span> <span class='ocrx_word' id='word_1_145' title='bbox 436 952 631 989; x_wconf 81' lang='grc' dir='ltr'>ἐξωρίσθησαν,</span> <span class='ocrx_word' id='word_1_146' title='bbox 643 951 798 983; x_wconf 86' lang='grc' dir='ltr'>Οὐῖκέντιος</span> <span class='ocrx_word' id='word_1_147' title='bbox 807 951 835 978; x_wconf 88' lang='grc' dir='ltr'><strong>δέ</strong></span> <span class='ocrx_word' id='word_1_148' title='bbox 849 952 863 978; x_wconf 89' lang='lat'><strong>6</strong></span> <span class='ocrx_word' id='word_1_149' title='bbox 877 951 926 987; x_wconf 84' lang='grc' dir='ltr'>τῆς</span> 
     </span>
    </p>
   </div>
   <div class='ocr_carea' id='block_1_22' title="bbox 135 997 925 1037">
    <p class='ocr_par' dir='ltr' id='par_1_22' title="bbox 135 997 925 1037">
     <span class='ocr_line' id='line_1_22' title="bbox 135 997 925 1037; baseline 0 -13"><span class='ocrx_word' id='word_1_150' title='bbox 135 998 263 1034; x_wconf 84' lang='grc' dir='ltr'><strong>Καπύης,</strong></span> <span class='ocrx_word' id='word_1_151' title='bbox 279 999 327 1025; x_wconf 75' lang='grc' dir='ltr'>καὶ</span> <span class='ocrx_word' id='word_1_152' title='bbox 346 999 591 1034; x_wconf 82' lang='grc' dir='ltr'>Φουρτουνατιανὺς</span> <span class='ocrx_word' id='word_1_153' title='bbox 609 1000 624 1025; x_wconf 84' lang='grc' dir='ltr'>ὁ</span> <span class='ocrx_word' id='word_1_154' title='bbox 635 998 687 1033; x_wconf 82' lang='grc' dir='ltr'>τῆς</span> <span class='ocrx_word' id='word_1_155' title='bbox 707 998 859 1034; x_wconf 67' lang='grc' dir='ltr'>Ἀκυληίας,</span> <span class='ocrx_word' id='word_1_156' title='bbox 875 997 925 1037; x_wconf 63' lang='grc' dir='ltr'>(β),</span> 
     </span>
    </p>
   </div>
   <div class='ocr_carea' id='block_1_23' title="bbox 141 1044 927 1093">
    <p class='ocr_par' dir='ltr' id='par_1_23' title="bbox 141 1044 927 1093">
     <span class='ocr_line' id='line_1_23' title="bbox 141 1044 927 1093; baseline -0.001 -21"><span class='ocrx_word' id='word_1_157' title='bbox 141 1044 270 1080; x_wconf 84' lang='grc' dir='ltr'>Ἦρέμιός</span> <span class='ocrx_word' id='word_1_158' title='bbox 283 1054 313 1072; x_wconf 87' lang='grc' dir='ltr'><strong>τε</strong></span> <span class='ocrx_word' id='word_1_159' title='bbox 329 1046 343 1072; x_wconf 92' lang='lat'><strong>6</strong></span> <span class='ocrx_word' id='word_1_160' title='bbox 357 1046 407 1081; x_wconf 77' lang='grc' dir='ltr'>τῆς</span> <span class='ocrx_word' id='word_1_161' title='bbox 419 1045 627 1080; x_wconf 77' lang='grc' dir='ltr'><strong>Θεσσαλονίκης,</strong></span> <span class='ocrx_word' id='word_1_162' title='bbox 644 1044 691 1071; x_wconf 79' lang='grc' dir='ltr'><strong>καὶ</strong></span> <span class='ocrx_word' id='word_1_163' title='bbox 703 1046 803 1076; x_wconf 80' lang='grc' dir='ltr'>πάντες</span> <span class='ocrx_word' id='word_1_164' title='bbox 818 1045 842 1071; x_wconf 82' lang='grc' dir='ltr'>οί</span> <span class='ocrx_word' id='word_1_165' title='bbox 855 1044 927 1093; x_wconf 54' lang='grc' dir='ltr'><strong>καῖῑᾲ</strong></span> 
     </span>
    </p>
   </div>
   <div class='ocr_carea' id='block_1_24' title="bbox 135 1090 928 1127">
    <p class='ocr_par' dir='ltr' id='par_1_24' title="bbox 135 1090 928 1127">
     <span class='ocr_line' id='line_1_24' title="bbox 135 1090 928 1127; baseline -0.003 -9"><span class='ocrx_word' id='word_1_166' title='bbox 135 1091 184 1126; x_wconf 74' lang='grc' dir='ltr'>τὴν</span> <span class='ocrx_word' id='word_1_167' title='bbox 194 1091 273 1118; x_wconf 85' lang='grc' dir='ltr'>Δύσιν</span> <span class='ocrx_word' id='word_1_168' title='bbox 288 1091 442 1124; x_wconf 81' lang='grc' dir='ltr'>ἐπίσκοποι,</span> <span class='ocrx_word' id='word_1_169' title='bbox 459 1091 518 1126; x_wconf 85' lang='grc' dir='ltr'>βίαν</span> <span class='ocrx_word' id='word_1_170' title='bbox 531 1092 561 1118; x_wconf 81' lang='grc' dir='ltr'>οὐ</span> <span class='ocrx_word' id='word_1_171' title='bbox 575 1091 624 1127; x_wconf 82' lang='grc' dir='ltr'><strong>τὴν</strong></span> <span class='ocrx_word' id='word_1_172' title='bbox 640 1090 784 1126; x_wconf 80' lang='grc' dir='ltr'>τυχοῦσαν,</span> <span class='ocrx_word' id='word_1_173' title='bbox 800 1090 868 1117; x_wconf 78' lang='grc' dir='ltr'>ἀλλὰ</span> <span class='ocrx_word' id='word_1_174' title='bbox 878 1090 928 1125; x_wconf 61' lang='grc' dir='ltr'><strong>και</strong></span> 
     </span>
    </p>
   </div>
   <div class='ocr_carea' id='block_1_25' title="bbox 137 1137 925 1174">
    <p class='ocr_par' dir='ltr' id='par_1_25' title="bbox 137 1137 925 1174">
     <span class='ocr_line' id='line_1_25' title="bbox 137 1137 925 1174; baseline -0.004 -9"><span class='ocrx_word' id='word_1_175' title='bbox 137 1138 265 1174; x_wconf 83' lang='grc' dir='ltr'><strong>πλείστην</strong></span> <span class='ocrx_word' id='word_1_176' title='bbox 284 1138 408 1174; x_wconf 83' lang='grc' dir='ltr'>ἀνάγκην</span> <span class='ocrx_word' id='word_1_177' title='bbox 433 1137 480 1165; x_wconf 67' lang='grc' dir='ltr'><strong>καὶ</strong></span> <span class='ocrx_word' id='word_1_178' title='bbox 508 1138 596 1170; x_wconf 79' lang='grc' dir='ltr'>δεινὰς</span> <span class='ocrx_word' id='word_1_179' title='bbox 622 1137 717 1173; x_wconf 83' lang='grc' dir='ltr'>ῦϐρεις</span> <span class='ocrx_word' id='word_1_180' title='bbox 742 1137 925 1169; x_wconf 79' lang='grc' dir='ltr'>πεπόνθασιν,</span> 
     </span>
    </p>
   </div>
   <div class='ocr_carea' id='block_1_26' title="bbox 137 1181 925 1221">
    <p class='ocr_par' dir='ltr' id='par_1_26' title="bbox 137 1181 925 1221">
     <span class='ocr_line' id='line_1_26' title="bbox 137 1181 925 1221; baseline -0.003 -10"><span class='ocrx_word' id='word_1_181' title='bbox 137 1185 189 1217; x_wconf 75' lang='grc' dir='ltr'>ἓως</span> <span class='ocrx_word' id='word_1_182' title='bbox 217 1185 434 1220; x_wconf 80' lang='grc' dir='ltr'>ἐπαγγείλωνται</span> <span class='ocrx_word' id='word_1_183' title='bbox 458 1185 495 1221; x_wconf 83' lang='grc' dir='ltr'>μὴ</span> <span class='ocrx_word' id='word_1_184' title='bbox 521 1185 658 1212; x_wconf 82' lang='grc' dir='ltr'>κοινωνεῖν</span> <span class='ocrx_word' id='word_1_185' title='bbox 682 1185 757 1220; x_wconf 81' lang='grc' dir='ltr'>ἡμῖν.</span> <span class='ocrx_word' id='word_1_186' title='bbox 785 1181 852 1210; x_wconf 77' lang='grc' dir='ltr'>Εἶτα</span> <span class='ocrx_word' id='word_1_187' title='bbox 877 1183 925 1220; x_wconf 86' lang='grc'>(6),</span> 
     </span>
    </p>
   </div>
   <div class='ocr_carea' id='block_1_27' title="bbox 137 1230 925 1267">
    <p class='ocr_par' dir='ltr' id='par_1_27' title="bbox 137 1230 925 1267">
     <span class='ocr_line' id='line_1_27' title="bbox 137 1230 925 1267; baseline -0.003 -9"><span class='ocrx_word' id='word_1_188' title='bbox 137 1231 330 1267; x_wconf 81' lang='grc' dir='ltr'>θαυμαζόντων</span> <span class='ocrx_word' id='word_1_189' title='bbox 352 1231 430 1267; x_wconf 85' lang='grc' dir='ltr'>ἡμῶν</span> <span class='ocrx_word' id='word_1_190' title='bbox 452 1231 498 1258; x_wconf 70' lang='grc' dir='ltr'>καὶ</span> <span class='ocrx_word' id='word_1_191' title='bbox 520 1230 719 1266; x_wconf 76' lang='grc' dir='ltr'>διαπορούντων</span> <span class='ocrx_word' id='word_1_192' title='bbox 741 1230 789 1256; x_wconf 73' lang='grc' dir='ltr'>ἐπὶ</span> <span class='ocrx_word' id='word_1_193' title='bbox 810 1230 925 1262; x_wconf 81' lang='grc' dir='ltr'><strong>τούτοις,</strong></span> 
     </span>
    </p>
   </div>
   <div class='ocr_carea' id='block_1_28' title="bbox 139 1276 925 1313">
    <p class='ocr_par' dir='ltr' id='par_1_28' title="bbox 139 1276 925 1313">
     <span class='ocr_line' id='line_1_28' title="bbox 139 1276 925 1313; baseline -0.003 -9"><span class='ocrx_word' id='word_1_194' title='bbox 139 1277 193 1304; x_wconf 77' lang='grc' dir='ltr'><strong>ίδοί)</strong></span> <span class='ocrx_word' id='word_1_195' title='bbox 210 1277 290 1304; x_wconf 86' lang='grc' dir='ltr'>πάλιν</span> <span class='ocrx_word' id='word_1_196' title='bbox 307 1277 388 1313; x_wconf 77' lang='grc' dir='ltr'>ἑτέρα</span> <span class='ocrx_word' id='word_1_197' title='bbox 404 1286 445 1309; x_wconf 90' lang='grc' dir='ltr'><strong>τις</strong></span> <span class='ocrx_word' id='word_1_198' title='bbox 461 1276 610 1304; x_wconf 80' lang='grc' dir='ltr'>κατέλαϐεν</span> <span class='ocrx_word' id='word_1_199' title='bbox 633 1276 702 1312; x_wconf 79' lang='grc' dir='ltr'>ἀκοὴ</span> <span class='ocrx_word' id='word_1_200' title='bbox 716 1277 780 1312; x_wconf 74' lang='grc' dir='ltr'>περὶ</span> <span class='ocrx_word' id='word_1_201' title='bbox 795 1276 848 1303; x_wconf 85' lang='grc' dir='ltr'>τῶν</span> <span class='ocrx_word' id='word_1_202' title='bbox 865 1276 925 1302; x_wconf 80' lang='grc' dir='ltr'>κατ’</span> 
     </span>
    </p>
   </div>
   <div class='ocr_carea' id='block_1_29' title="bbox 137 1314 926 1358">
    <p class='ocr_par' dir='ltr' id='par_1_29' title="bbox 137 1314 926 1358">
     <span class='ocr_line' id='line_1_29' title="bbox 137 1314 926 1358; baseline -0.001 -8"><span class='ocrx_word' id='word_1_203' title='bbox 137 1323 274 1358; x_wconf 74' lang='grc' dir='ltr'>Αἴγυπτον</span> <span class='ocrx_word' id='word_1_204' title='bbox 293 1323 403 1354; x_wconf 76' lang='grc' dir='ltr'>καὶτὰς</span> <span class='ocrx_word' id='word_1_205' title='bbox 417 1323 520 1355; x_wconf 85' lang='grc' dir='ltr'>Λιϐύας</span> <span class='ocrx_word' id='word_1_206' title='bbox 539 1323 587 1358; x_wconf 89' lang='grc'><strong>(7)·</strong></span> <span class='ocrx_word' id='word_1_207' title='bbox 607 1323 648 1350; x_wconf 78' lang='grc' dir='ltr'>ὅτι</span> <span class='ocrx_word' id='word_1_208' title='bbox 669 1323 693 1349; x_wconf 86' lang='grc' dir='ltr'>οἱ</span> <span class='ocrx_word' id='word_1_209' title='bbox 711 1323 759 1358; x_wconf 81' lang='grc' dir='ltr'>μὲν</span> <span class='ocrx_word' id='word_1_210' title='bbox 782 1314 926 1349; x_wconf 84' lang='grc' dir='ltr'>ἐπίσκοποι</span> 
     </span>
    </p>
   </div>
   <div class='ocr_carea' id='block_1_30' title="bbox 138 1367 928 1406">
    <p class='ocr_par' dir='ltr' id='par_1_30' title="bbox 138 1367 928 1406">
     <span class='ocr_line' id='line_1_30' title="bbox 138 1367 928 1406; baseline -0.004 -9"><span class='ocrx_word' id='word_1_211' title='bbox 138 1370 221 1404; x_wconf 84' lang='grc' dir='ltr'>ἐγγὺς</span> <span class='ocrx_word' id='word_1_212' title='bbox 237 1370 397 1406; x_wconf 82' lang='grc' dir='ltr'>ἐνενήκοντα</span> <span class='ocrx_word' id='word_1_213' title='bbox 411 1368 589 1404; x_wconf 78' lang='grc' dir='ltr'>ἐδιώχθησαν.</span> <span class='ocrx_word' id='word_1_214' title='bbox 610 1369 637 1395; x_wconf 77' lang='grc' dir='ltr'>αἱ</span> <span class='ocrx_word' id='word_1_215' title='bbox 656 1368 685 1395; x_wconf 79' lang='grc' dir='ltr'><strong>δέ</strong></span> <span class='ocrx_word' id='word_1_216' title='bbox 698 1367 857 1403; x_wconf 88' lang='grc' dir='ltr'>Ἐκκλησίαι</span> <span class='ocrx_word' id='word_1_217' title='bbox 871 1369 928 1400; x_wconf 84' lang='grc' dir='ltr'>τοῖς</span> 
     </span>
    </p>
   </div>
   <div class='ocr_carea' id='block_1_31' title="bbox 138 1414 929 1451">
    <p class='ocr_par' dir='ltr' id='par_1_31' title="bbox 138 1414 929 1451">
     <span class='ocr_line' id='line_1_31' title="bbox 138 1414 929 1451; baseline -0.003 -9"><span class='ocrx_word' id='word_1_218' title='bbox 138 1416 297 1451; x_wconf 85' lang='grc' dir='ltr'>ὁμολογοῦσι</span> <span class='ocrx_word' id='word_1_219' title='bbox 316 1416 351 1442; x_wconf 76' lang='grc' dir='ltr'>τὰ</span> <span class='ocrx_word' id='word_1_220' title='bbox 372 1415 477 1451; x_wconf 78' lang='grc' dir='ltr'>Ἀρείου</span> <span class='ocrx_word' id='word_1_221' title='bbox 495 1415 699 1450; x_wconf 75' lang='grc' dir='ltr'>παρεδόθησαν·</span> <span class='ocrx_word' id='word_1_222' title='bbox 715 1415 761 1442; x_wconf 73' lang='grc' dir='ltr'><strong>καὶ</strong></span> <span class='ocrx_word' id='word_1_223' title='bbox 780 1414 929 1450; x_wconf 79' lang='grc' dir='ltr'>ἐξωρίσθη-</span> 
     </span>
    </p>
   </div>
   <div class='ocr_carea' id='block_1_32' title="bbox 139 1460 927 1498">
    <p class='ocr_par' dir='ltr' id='par_1_32' title="bbox 139 1460 927 1498">
     <span class='ocr_line' id='line_1_32' title="bbox 139 1460 927 1498; baseline -0.004 -9"><span class='ocrx_word' id='word_1_224' title='bbox 139 1472 188 1490; x_wconf 94' lang='grc' dir='ltr'><strong>σαν</strong></span> <span class='ocrx_word' id='word_1_225' title='bbox 203 1463 251 1498; x_wconf 84' lang='grc' dir='ltr'>μὲν</span> <span class='ocrx_word' id='word_1_226' title='bbox 265 1462 330 1489; x_wconf 84' lang='grc' dir='ltr'>δέκα</span> <span class='ocrx_word' id='word_1_227' title='bbox 344 1462 390 1489; x_wconf 74' lang='grc' dir='ltr'>καὶ</span> <span class='ocrx_word' id='word_1_228' title='bbox 404 1461 442 1494; x_wconf 83' lang='grc' dir='ltr'><strong>ἒξ,</strong></span> <span class='ocrx_word' id='word_1_229' title='bbox 457 1461 512 1489; x_wconf 83' lang='grc' dir='ltr'><strong>τῶν</strong></span> <span class='ocrx_word' id='word_1_230' title='bbox 528 1462 556 1488; x_wconf 84' lang='grc' dir='ltr'><strong>δέ</strong></span> <span class='ocrx_word' id='word_1_231' title='bbox 572 1461 659 1488; x_wconf 80' lang='grc' dir='ltr'>ἄλλων</span> <span class='ocrx_word' id='word_1_232' title='bbox 675 1462 698 1487; x_wconf 84' lang='grc' dir='ltr'>οἱ</span> <span class='ocrx_word' id='word_1_233' title='bbox 714 1461 762 1496; x_wconf 83' lang='grc' dir='ltr'>μὲν</span> <span class='ocrx_word' id='word_1_234' title='bbox 778 1460 927 1495; x_wconf 74' lang='grc' dir='ltr'>ἐφυγαδεύ-</span> 
     </span>
    </p>
   </div>
   <div class='ocr_carea' id='block_1_33' title="bbox 139 1507 929 1545">
    <p class='ocr_par' dir='ltr' id='par_1_33' title="bbox 139 1507 929 1545">
     <span class='ocr_line' id='line_1_33' title="bbox 139 1507 929 1545; baseline -0.003 -10"><span class='ocrx_word' id='word_1_235' title='bbox 139 1509 236 1545; x_wconf 80' lang='grc' dir='ltr'>θησαν,</span> <span class='ocrx_word' id='word_1_236' title='bbox 260 1509 286 1535; x_wconf 84' lang='grc' dir='ltr'><strong>οί</strong></span> <span class='ocrx_word' id='word_1_237' title='bbox 311 1509 338 1535; x_wconf 80' lang='grc' dir='ltr'>δὲ</span> <span class='ocrx_word' id='word_1_238' title='bbox 358 1508 571 1544; x_wconf 79' lang='grc' dir='ltr'>ἡναγκάσθησαν</span> <span class='ocrx_word' id='word_1_239' title='bbox 591 1507 802 1543; x_wconf 81' lang='grc' dir='ltr'>ὑποκρίνασθαι.</span> <span class='ocrx_word' id='word_1_240' title='bbox 827 1507 929 1534; x_wconf 80' lang='grc' dir='ltr'>Τοσοῦ-</span> 
     </span>
    </p>
   </div>
   <div class='ocr_carea' id='block_1_34' title="bbox 139 1552 963 1596">
    <p class='ocr_par' dir='ltr' id='par_1_34' title="bbox 139 1552 963 1596">
     <span class='ocr_line' id='line_1_34' title="bbox 139 1552 963 1596; baseline -0.001 -16"><span class='ocrx_word' id='word_1_241' title='bbox 139 1563 184 1586; x_wconf 85' lang='grc' dir='ltr'><strong>τος</strong></span> <span class='ocrx_word' id='word_1_242' title='bbox 199 1554 254 1590; x_wconf 74' lang='grc' dir='ltr'><strong>γὰρ</strong></span> <span class='ocrx_word' id='word_1_243' title='bbox 270 1554 378 1588; x_wconf 81' lang='grc' dir='ltr'>ἐλέγετο</span> <span class='ocrx_word' id='word_1_244' title='bbox 396 1554 515 1589; x_wconf 79' lang='grc' dir='ltr'>διωγμὸς</span> <span class='ocrx_word' id='word_1_245' title='bbox 531 1554 598 1585; x_wconf 85' lang='grc' dir='ltr'>ἐκεῖ,</span> <span class='ocrx_word' id='word_1_246' title='bbox 618 1553 666 1584; x_wconf 85' lang='grc' dir='ltr'><strong>ὡς,</strong></span> <span class='ocrx_word' id='word_1_247' title='bbox 686 1554 714 1580; x_wconf 81' lang='grc' dir='ltr'><strong>ἐν</strong></span> <span class='ocrx_word' id='word_1_248' title='bbox 743 1552 928 1589; x_wconf 78' lang='grc' dir='ltr'>Ἀλεξανδρείᾳ</span> <span class='ocrx_word' id='word_1_249' title='bbox 942 1569 963 1596; x_wconf 74' lang='lat' dir='ltr'><strong><em>C</em></strong></span> 
     </span>
    </p>
   </div>
   <div class='ocr_carea' id='block_1_35' title="bbox 139 1598 929 1634">
    <p class='ocr_par' dir='ltr' id='par_1_35' title="bbox 139 1598 929 1634">
     <span class='ocr_line' id='line_1_35' title="bbox 139 1598 929 1634; baseline 0.001 -9"><span class='ocrx_word' id='word_1_250' title='bbox 139 1598 293 1634; x_wconf 71' lang='grc' dir='ltr'>εὐχομένων</span> <span class='ocrx_word' id='word_1_251' title='bbox 307 1598 362 1625; x_wconf 88' lang='grc' dir='ltr'>τῶν</span> <span class='ocrx_word' id='word_1_252' title='bbox 379 1599 500 1633; x_wconf 68' lang='grc' dir='ltr'>ἀδελφῶν</span> <span class='ocrx_word' id='word_1_253' title='bbox 516 1600 545 1625; x_wconf 78' lang='grc' dir='ltr'><strong>ἐν</strong></span> <span class='ocrx_word' id='word_1_254' title='bbox 561 1598 599 1634; x_wconf 86' lang='grc' dir='ltr'>τῷ</span> <span class='ocrx_word' id='word_1_255' title='bbox 613 1599 709 1634; x_wconf 71' lang='grc' dir='ltr'>Πάσχα</span> <span class='ocrx_word' id='word_1_256' title='bbox 729 1599 776 1625; x_wconf 70' lang='grc' dir='ltr'>καὶ</span> <span class='ocrx_word' id='word_1_257' title='bbox 795 1601 855 1631; x_wconf 88' lang='grc' dir='ltr'>ταῖς</span> <span class='ocrx_word' id='word_1_258' title='bbox 872 1601 929 1626; x_wconf 84' lang='grc' dir='ltr'><strong>Κυ-</strong></span> 
     </span>
    </p>
   </div>
   <div class='ocr_carea' id='block_1_36' title="bbox 141 1644 928 1681">
    <p class='ocr_par' dir='ltr' id='par_1_36' title="bbox 141 1644 928 1681">
     <span class='ocr_line' id='line_1_36' title="bbox 141 1644 928 1681; baseline 0.003 -11"><span class='ocrx_word' id='word_1_259' title='bbox 141 1645 250 1680; x_wconf 82' lang='grc' dir='ltr'>ριακαῖς</span> <span class='ocrx_word' id='word_1_260' title='bbox 264 1645 292 1670; x_wconf 85' lang='grc' dir='ltr'>ὲν</span> <span class='ocrx_word' id='word_1_261' title='bbox 306 1644 402 1679; x_wconf 87' lang='grc' dir='ltr'>ἐρήμῳ</span> <span class='ocrx_word' id='word_1_262' title='bbox 413 1644 488 1679; x_wconf 83' lang='grc' dir='ltr'>τόπῳ</span> <span class='ocrx_word' id='word_1_263' title='bbox 502 1644 615 1679; x_wconf 83' lang='grc' dir='ltr'>πλησίον</span> <span class='ocrx_word' id='word_1_264' title='bbox 627 1644 672 1670; x_wconf 80' lang='grc' dir='ltr'>τοῦ</span> <span class='ocrx_word' id='word_1_265' title='bbox 685 1646 863 1681; x_wconf 76' lang='grc' dir='ltr'>κοιμητηρίου</span> <span class='ocrx_word' id='word_1_266' title='bbox 879 1646 928 1681; x_wconf 89' lang='grc'>(8),</span> 
     </span>
    </p>
   </div>
   <div class='ocr_carea' id='block_1_37' title="bbox 140 1689 929 1725">
    <p class='ocr_par' dir='ltr' id='par_1_37' title="bbox 140 1689 929 1725">
     <span class='ocr_line' id='line_1_37' title="bbox 140 1689 929 1725; baseline 0.004 -9"><span class='ocrx_word' id='word_1_267' title='bbox 140 1690 186 1716; x_wconf 75' lang='grc' dir='ltr'><strong>τὺν</strong></span> <span class='ocrx_word' id='word_1_268' title='bbox 203 1689 389 1725; x_wconf 80' lang='grc' dir='ltr'>στρατηλάτην</span> <span class='ocrx_word' id='word_1_269' title='bbox 408 1690 476 1725; x_wconf 78' lang='grc' dir='ltr'>μετὰ</span> <span class='ocrx_word' id='word_1_270' title='bbox 498 1689 617 1725; x_wconf 81' lang='grc' dir='ltr'><strong>πλήθους</strong></span> <span class='ocrx_word' id='word_1_271' title='bbox 640 1691 814 1725; x_wconf 83' lang='grc' dir='ltr'>στρατιωτῶν</span> <span class='ocrx_word' id='word_1_272' title='bbox 839 1692 929 1720; x_wconf 85' lang='grc' dir='ltr'>πλεῖον</span> 
     </span>
    </p>
   </div>
   <div class='ocr_carea' id='block_1_38' title="bbox 140 1735 930 1774">
    <p class='ocr_par' dir='ltr' id='par_1_38' title="bbox 140 1735 930 1774">
     <span class='ocr_line' id='line_1_38' title="bbox 140 1735 930 1774; baseline -0.001 -13"><span class='ocrx_word' id='word_1_273' title='bbox 140 1735 314 1770; x_wconf 71' lang='grc' dir='ltr'>τρισχιλίων,</span> <span class='ocrx_word' id='word_1_274' title='bbox 330 1735 399 1761; x_wconf 83' lang='grc' dir='ltr'>ὅπλα</span> <span class='ocrx_word' id='word_1_275' title='bbox 416 1735 462 1762; x_wconf 77' lang='grc' dir='ltr'>καὶ</span> <span class='ocrx_word' id='word_1_276' title='bbox 483 1735 547 1771; x_wconf 83' lang='grc' dir='ltr'>ξίφη</span> <span class='ocrx_word' id='word_1_277' title='bbox 566 1736 658 1771; x_wconf 77' lang='grc' dir='ltr'>γυμνὰ</span> <span class='ocrx_word' id='word_1_278' title='bbox 677 1736 724 1763; x_wconf 77' lang='grc' dir='ltr'>καὶ</span> <span class='ocrx_word' id='word_1_279' title='bbox 749 1736 812 1773; x_wconf 87' lang='grc' dir='ltr'>βέλη</span> <span class='ocrx_word' id='word_1_280' title='bbox 833 1739 930 1774; x_wconf 71' lang='grc' dir='ltr'>φερόν-</span> 
     </span>
    </p>
   </div>
   <div class='ocr_carea' id='block_1_39' title="bbox 141 1780 930 1818">
    <p class='ocr_par' dir='ltr' id='par_1_39' title="bbox 141 1780 930 1818">
     <span class='ocr_line' id='line_1_39' title="bbox 141 1780 930 1818; baseline 0.006 -12"><span class='ocrx_word' id='word_1_281' title='bbox 141 1788 205 1812; x_wconf 81' lang='grc' dir='ltr'>των,</span> <span class='ocrx_word' id='word_1_282' title='bbox 229 1780 351 1807; x_wconf 77' lang='grc' dir='ltr'>ἐπελθεῖν</span> <span class='ocrx_word' id='word_1_283' title='bbox 378 1781 449 1807; x_wconf 84' lang='grc' dir='ltr'>κατὰ</span> <span class='ocrx_word' id='word_1_284' title='bbox 475 1781 529 1809; x_wconf 82' lang='grc' dir='ltr'>τῶν</span> <span class='ocrx_word' id='word_1_285' title='bbox 554 1782 736 1818; x_wconf 80' lang='grc' dir='ltr'>Χριστιανῶν,</span> <span class='ocrx_word' id='word_1_286' title='bbox 764 1783 812 1809; x_wconf 75' lang='grc' dir='ltr'><strong>καὶ</strong></span> <span class='ocrx_word' id='word_1_287' title='bbox 837 1783 930 1811; x_wconf 85' lang='grc' dir='ltr'>λοιπὸν</span> 
     </span>
    </p>
   </div>
   <div class='ocr_carea' id='block_1_40' title="bbox 140 1823 932 1863">
    <p class='ocr_par' dir='ltr' id='par_1_40' title="bbox 140 1823 932 1863">
     <span class='ocr_line' id='line_1_40' title="bbox 140 1823 932 1863; baseline 0.003 -11"><span class='ocrx_word' id='word_1_288' title='bbox 140 1826 253 1853; x_wconf 78' lang='grc' dir='ltr'>τοιαῦτα</span> <span class='ocrx_word' id='word_1_289' title='bbox 276 1825 420 1860; x_wconf 86' lang='grc' dir='ltr'>γενέσθαι,</span> <span class='ocrx_word' id='word_1_290' title='bbox 436 1823 480 1853; x_wconf 77' lang='grc' dir='ltr'>οἷα</span> <span class='ocrx_word' id='word_1_291' title='bbox 496 1826 529 1853; x_wconf 72' lang='grc' dir='ltr'>ἂν</span> <span class='ocrx_word' id='word_1_292' title='bbox 550 1827 656 1862; x_wconf 82' lang='grc' dir='ltr'>γένοιτο</span> <span class='ocrx_word' id='word_1_293' title='bbox 675 1828 706 1853; x_wconf 80' lang='grc' dir='ltr'><strong>ἐκ</strong></span> <span class='ocrx_word' id='word_1_294' title='bbox 726 1827 853 1863; x_wconf 78' lang='grc' dir='ltr'>τοιαύτης</span> <span class='ocrx_word' id='word_1_295' title='bbox 872 1829 932 1855; x_wconf 80' lang='grc' dir='ltr'>ἐπι-</span> 
     </span>
    </p>
   </div>
   <div class='ocr_carea' id='block_1_41' title="bbox 141 1871 930 1907">
    <p class='ocr_par' dir='ltr' id='par_1_41' title="bbox 141 1871 930 1907">
     <span class='ocr_line' id='line_1_41' title="bbox 141 1871 930 1907; baseline 0.001 -9"><span class='ocrx_word' id='word_1_296' title='bbox 141 1871 256 1907; x_wconf 83' lang='grc' dir='ltr'>δρομῆς,</span> <span class='ocrx_word' id='word_1_297' title='bbox 278 1871 348 1898; x_wconf 83' lang='grc' dir='ltr'>κατὰ</span> <span class='ocrx_word' id='word_1_298' title='bbox 365 1871 504 1905; x_wconf 84' lang='grc' dir='ltr'>γυναικῶν</span> <span class='ocrx_word' id='word_1_299' title='bbox 534 1872 582 1898; x_wconf 78' lang='grc' dir='ltr'>καὶ</span> <span class='ocrx_word' id='word_1_300' title='bbox 607 1872 725 1904; x_wconf 85' lang='grc' dir='ltr'>παίδων,</span> <span class='ocrx_word' id='word_1_301' title='bbox 750 1873 825 1899; x_wconf 75' lang='grc' dir='ltr'>οὐδὲν</span> <span class='ocrx_word' id='word_1_302' title='bbox 850 1872 930 1899; x_wconf 80' lang='grc' dir='ltr'>πλέον</span> 
     </span>
    </p>
   </div>
   <div class='ocr_carea' id='block_1_42' title="bbox 143 1917 931 1954">
    <p class='ocr_par' dir='ltr' id='par_1_42' title="bbox 143 1917 931 1954">
     <span class='ocr_line' id='line_1_42' title="bbox 143 1917 931 1954; baseline 0.003 -10"><span class='ocrx_word' id='word_1_303' title='bbox 143 1918 292 1945; x_wconf 80' lang='grc' dir='ltr'>ποιούντων</span> <span class='ocrx_word' id='word_1_304' title='bbox 307 1918 323 1953; x_wconf 88' lang='grc' dir='ltr'>ἢ</span> <span class='ocrx_word' id='word_1_305' title='bbox 340 1918 494 1953; x_wconf 79' lang='grc' dir='ltr'>εὐχομένων</span> <span class='ocrx_word' id='word_1_306' title='bbox 509 1917 547 1953; x_wconf 84' lang='grc' dir='ltr'><strong>τῷ</strong></span> <span class='ocrx_word' id='word_1_307' title='bbox 562 1918 631 1954; x_wconf 81' lang='grc' dir='ltr'>Θεῷ.</span> <span class='ocrx_word' id='word_1_308' title='bbox 645 1919 802 1954; x_wconf 83' lang='grc' dir='ltr'>Διηγεῖσθαι</span> <span class='ocrx_word' id='word_1_309' title='bbox 816 1919 845 1946; x_wconf 82' lang='grc' dir='ltr'>δὲ</span> <span class='ocrx_word' id='word_1_310' title='bbox 862 1919 931 1946; x_wconf 78' lang='grc' dir='ltr'>αὐτὰ</span> 
     </span>
    </p>
   </div>
   <div class='ocr_carea' id='block_1_43' title="bbox 142 1963 930 2000">
    <p class='ocr_par' dir='ltr' id='par_1_43' title="bbox 142 1963 930 2000">
     <span class='ocr_line' id='line_1_43' title="bbox 142 1963 930 2000; baseline 0 -9"><span class='ocrx_word' id='word_1_311' title='bbox 142 1963 190 1991; x_wconf 81' lang='grc' dir='ltr'><strong>νῠν</strong></span> <span class='ocrx_word' id='word_1_312' title='bbox 218 1963 282 1996; x_wconf 79' lang='grc' dir='ltr'>ἴσως</span> <span class='ocrx_word' id='word_1_313' title='bbox 308 1964 440 2000; x_wconf 79' lang='grc' dir='ltr'>ἀπρεπὲς,</span> <span class='ocrx_word' id='word_1_314' title='bbox 461 1964 497 1999; x_wconf 79' lang='grc' dir='ltr'>μὴ</span> <span class='ocrx_word' id='word_1_315' title='bbox 522 1964 575 1999; x_wconf 81' lang='grc' dir='ltr'>ἄρα</span> <span class='ocrx_word' id='word_1_316' title='bbox 602 1965 648 1991; x_wconf 78' lang='grc' dir='ltr'><strong>καὶ</strong></span> <span class='ocrx_word' id='word_1_317' title='bbox 676 1965 755 2000; x_wconf 85' lang='grc' dir='ltr'>μόνον</span> <span class='ocrx_word' id='word_1_318' title='bbox 779 1965 882 1992; x_wconf 82' lang='grc' dir='ltr'>τούτων</span> <span class='ocrx_word' id='word_1_319' title='bbox 913 1966 930 2000; x_wconf 93' lang='grc' dir='ltr'><strong>ή</strong></span> 
     </span>
    </p>
   </div>
   <div class='ocr_carea' id='block_1_44' title="bbox 144 2009 930 2047">
    <p class='ocr_par' dir='ltr' id='par_1_44' title="bbox 144 2009 930 2047">
     <span class='ocr_line' id='line_1_44' title="bbox 144 2009 930 2047; baseline 0.001 -10"><span class='ocrx_word' id='word_1_320' title='bbox 144 2011 237 2046; x_wconf 84' lang='grc' dir='ltr'>μνήμη</span> <span class='ocrx_word' id='word_1_321' title='bbox 253 2010 358 2046; x_wconf 81' lang='grc' dir='ltr'>δάκρυα</span> <span class='ocrx_word' id='word_1_322' title='bbox 372 2011 439 2037; x_wconf 79' lang='grc' dir='ltr'>πᾶσι</span> <span class='ocrx_word' id='word_1_323' title='bbox 453 2011 562 2047; x_wconf 84' lang='grc' dir='ltr'>κινήσῃ.</span> <span class='ocrx_word' id='word_1_324' title='bbox 579 2011 632 2037; x_wconf 57' lang='grc' dir='ltr'><strong>Καὶ¹</strong></span> <span class='ocrx_word' id='word_1_325' title='bbox 651 2011 705 2047; x_wconf 81' lang='grc' dir='ltr'><strong>γὰρ</strong></span> <span class='ocrx_word' id='word_1_326' title='bbox 725 2011 842 2047; x_wconf 84' lang='grc' dir='ltr'>τοσαύτη</span> <span class='ocrx_word' id='word_1_327' title='bbox 859 2009 892 2047; x_wconf 80' lang='grc' dir='ltr'>ἦν</span> <span class='ocrx_word' id='word_1_328' title='bbox 913 2013 930 2047; x_wconf 88' lang='grc' dir='ltr'><strong>ή</strong></span> 
     </span>
    </p>
   </div>
   <div class='ocr_carea' id='block_1_45' title="bbox 142 2056 932 2092">
    <p class='ocr_par' dir='ltr' id='par_1_45' title="bbox 142 2056 932 2092">
     <span class='ocr_line' id='line_1_45' title="bbox 142 2056 932 2092; baseline 0.003 -10"><span class='ocrx_word' id='word_1_329' title='bbox 142 2056 262 2092; x_wconf 78' lang='grc' dir='ltr'>ὠμότης,</span> <span class='ocrx_word' id='word_1_330' title='bbox 278 2057 316 2088; x_wconf 89' lang='grc' dir='ltr'>ὠς</span> <span class='ocrx_word' id='word_1_331' title='bbox 331 2056 482 2092; x_wconf 83' lang='grc' dir='ltr'>παρθένους</span> <span class='ocrx_word' id='word_1_332' title='bbox 500 2057 549 2092; x_wconf 88' lang='grc' dir='ltr'>μὲν</span> <span class='ocrx_word' id='word_1_333' title='bbox 564 2057 742 2092; x_wconf 78' lang='grc' dir='ltr'>γυμνοῦσθαι,</span> <span class='ocrx_word' id='word_1_334' title='bbox 757 2058 811 2084; x_wconf 88' lang='grc' dir='ltr'>τῶν</span> <span class='ocrx_word' id='word_1_335' title='bbox 823 2058 850 2084; x_wconf 80' lang='grc' dir='ltr'>δὲ</span> <span class='ocrx_word' id='word_1_336' title='bbox 865 2058 932 2085; x_wconf 80' lang='grc' dir='ltr'>ἀπο-</span> 
     </span>
    </p>
   </div>
   <div class='ocr_carea' id='block_1_46' title="bbox 144 2102 960 2140">
    <p class='ocr_par' dir='ltr' id='par_1_46' title="bbox 144 2102 960 2140">
     <span class='ocr_line' id='line_1_46' title="bbox 144 2102 960 2140; baseline 0.001 -10"><span class='ocrx_word' id='word_1_337' title='bbox 144 2102 277 2130; x_wconf 82' lang='grc' dir='ltr'>θανόντων</span> <span class='ocrx_word' id='word_1_338' title='bbox 290 2103 323 2129; x_wconf 77' lang='grc' dir='ltr'>ὲκ</span> <span class='ocrx_word' id='word_1_339' title='bbox 340 2102 393 2130; x_wconf 81' lang='grc' dir='ltr'>τῶν</span> <span class='ocrx_word' id='word_1_340' title='bbox 411 2102 520 2138; x_wconf 85' lang='grc' dir='ltr'>πληγῶν</span> <span class='ocrx_word' id='word_1_341' title='bbox 538 2102 605 2138; x_wconf 85' lang='grc' dir='ltr'>μηδὲ</span> <span class='ocrx_word' id='word_1_342' title='bbox 624 2103 659 2129; x_wconf 84' lang='grc' dir='ltr'>τὰ</span> <span class='ocrx_word' id='word_1_343' title='bbox 676 2103 789 2139; x_wconf 83' lang='grc' dir='ltr'>σώματα</span> <span class='ocrx_word' id='word_1_344' title='bbox 805 2104 932 2140; x_wconf 77' lang='grc' dir='ltr'>παραυτὰ</span> <span class='ocrx_word' id='word_1_345' title='bbox 954 2117 960 2125; x_wconf 82' lang='grc' dir='ltr'><strong>ι</strong></span> 
     </span>
    </p>
   </div>
   <div class='ocr_carea' id='block_1_47' title="bbox 143 2148 932 2186">
    <p class='ocr_par' dir='ltr' id='par_1_47' title="bbox 143 2148 932 2186">
     <span class='ocr_line' id='line_1_47' title="bbox 143 2148 932 2186; baseline 0.003 -11"><span class='ocrx_word' id='word_1_346' title='bbox 143 2148 252 2184; x_wconf 84' lang='grc' dir='ltr'>δοθῆναι</span> <span class='ocrx_word' id='word_1_347' title='bbox 269 2149 308 2180; x_wconf 79' lang='grc' dir='ltr'><strong>είς</strong></span> <span class='ocrx_word' id='word_1_348' title='bbox 330 2148 430 2185; x_wconf 76' lang='grc' dir='ltr'>ταφὴν,</span> <span class='ocrx_word' id='word_1_349' title='bbox 443 2149 500 2175; x_wconf 85' lang='grc' dir='ltr'>ἀλλ’</span> <span class='ocrx_word' id='word_1_350' title='bbox 514 2148 566 2182; x_wconf 78' lang='grc' dir='ltr'><strong>ἔξω</strong></span> <span class='ocrx_word' id='word_1_351' title='bbox 583 2150 737 2184; x_wconf 80' lang='grc' dir='ltr'>ῥιπτεῖσθαι</span> <span class='ocrx_word' id='word_1_352' title='bbox 758 2150 795 2186; x_wconf 89' lang='grc'><strong>(9)</strong></span> <span class='ocrx_word' id='word_1_353' title='bbox 810 2152 866 2182; x_wconf 86' lang='grc' dir='ltr'>τοῖς</span> <span class='ocrx_word' id='word_1_354' title='bbox 885 2159 932 2177; x_wconf 90' lang='grc' dir='ltr'>κυ-</span> 
     </span>
    </p>
   </div>
   <div class='ocr_carea' id='block_1_48' title="bbox 144 2192 932 2230">
    <p class='ocr_par' dir='ltr' id='par_1_48' title="bbox 144 2192 932 2230">
     <span class='ocr_line' id='line_1_48' title="bbox 144 2192 932 2230; baseline 0.004 -11"><span class='ocrx_word' id='word_1_355' title='bbox 144 2193 197 2224; x_wconf 82' lang='grc' dir='ltr'>σὶν,</span> <span class='ocrx_word' id='word_1_356' title='bbox 215 2193 268 2224; x_wconf 76' lang='grc' dir='ltr'>ἕως</span> <span class='ocrx_word' id='word_1_357' title='bbox 286 2192 353 2227; x_wconf 80' lang='grc' dir='ltr'>μετὰ</span> <span class='ocrx_word' id='word_1_358' title='bbox 370 2193 470 2228; x_wconf 82' lang='grc' dir='ltr'>πολλῆς</span> <span class='ocrx_word' id='word_1_359' title='bbox 491 2193 592 2228; x_wconf 81' lang='grc' dir='ltr'>ζημίας</span> <span class='ocrx_word' id='word_1_360' title='bbox 612 2195 811 2230; x_wconf 86' lang='grc' dir='ltr'>κεκρυμμένως</span> <span class='ocrx_word' id='word_1_361' title='bbox 826 2195 932 2230; x_wconf 74' lang='grc' dir='ltr'>κλέψω-</span> 
     </span>
    </p>
   </div>
   <div class='ocr_carea' id='block_1_49' title="bbox 974 266 1754 301">
    <p class='ocr_par' dir='ltr' id='par_1_49' title="bbox 974 266 1754 301">
     <span class='ocr_line' id='line_1_49' title="bbox 974 266 1754 301; baseline -0.001 -8"><span class='ocrx_word' id='word_1_362' title='bbox 974 272 1034 294; x_wconf 82' lang='lat' dir='ltr'><strong>esse</strong></span> <span class='ocrx_word' id='word_1_363' title='bbox 1050 273 1103 294; x_wconf 93' lang='lat' dir='ltr'><strong>non</strong></span> <span class='ocrx_word' id='word_1_364' title='bbox 1123 267 1297 294; x_wconf 87' lang='lat' dir='ltr'><strong>arbitrabar:</strong></span> <span class='ocrx_word' id='word_1_365' title='bbox 1318 267 1364 294; x_wconf 79' lang='lat' dir='ltr'><strong>sed</strong></span> <span class='ocrx_word' id='word_1_366' title='bbox 1395 275 1454 294; x_wconf 85' lang='lat' dir='ltr'><strong>cum</strong></span> <span class='ocrx_word' id='word_1_367' title='bbox 1477 267 1529 294; x_wconf 86' lang='lat' dir='ltr'><strong>hac</strong></span> <span class='ocrx_word' id='word_1_368' title='bbox 1550 266 1676 301; x_wconf 78' lang='lat' dir='ltr'><strong>Apologia</strong></span> <span class='ocrx_word' id='word_1_369' title='bbox 1695 272 1754 292; x_wconf 86' lang='lat' dir='ltr'><strong>mea</strong></span> 
     </span>
    </p>
   </div>
   <div class='ocr_carea' id='block_1_50' title="bbox 970 311 1756 348">
    <p class='ocr_par' dir='ltr' id='par_1_50' title="bbox 970 311 1756 348">
     <span class='ocr_line' id='line_1_50' title="bbox 970 311 1756 348; baseline -0.003 -8"><span class='ocrx_word' id='word_1_370' title='bbox 970 312 1003 340; x_wconf 89' lang='lat' dir='ltr'><strong>ad</strong></span> <span class='ocrx_word' id='word_1_371' title='bbox 1017 316 1089 340; x_wconf 86' lang='lat' dir='ltr'><strong>tuam</strong></span> <span class='ocrx_word' id='word_1_372' title='bbox 1102 313 1229 348; x_wconf 84' lang='lat' dir='ltr'><strong>pietatem</strong></span> <span class='ocrx_word' id='word_1_373' title='bbox 1241 313 1431 348; x_wconf 80' lang='lat' dir='ltr'><strong>properabam,</strong></span> <span class='ocrx_word' id='word_1_374' title='bbox 1444 317 1516 339; x_wconf 91' lang='lat' dir='ltr'><strong>tuam</strong></span> <span class='ocrx_word' id='word_1_375' title='bbox 1529 317 1694 346; x_wconf 83' lang='lat' dir='ltr'><strong>compertam</strong></span> <span class='ocrx_word' id='word_1_376' title='bbox 1705 311 1756 338; x_wconf 86' lang='lat' dir='ltr'><strong>ha-</strong></span> 
     </span>
    </p>
   </div>
   <div class='ocr_carea' id='block_1_51' title="bbox 969 356 1756 394">
    <p class='ocr_par' dir='ltr' id='par_1_51' title="bbox 969 356 1756 394">
     <span class='ocr_line' id='line_1_51' title="bbox 969 356 1756 394; baseline -0.003 -8"><span class='ocrx_word' id='word_1_377' title='bbox 969 359 1037 387; x_wconf 89' lang='lat' dir='ltr'><strong>bens</strong></span> <span class='ocrx_word' id='word_1_378' title='bbox 1053 359 1234 392; x_wconf 87' lang='lat' dir='ltr'><strong>clementiam,</strong></span> <span class='ocrx_word' id='word_1_379' title='bbox 1251 366 1409 394; x_wconf 81' lang='lat' dir='ltr'><strong>memorque</strong></span> <span class='ocrx_word' id='word_1_380' title='bbox 1423 363 1531 386; x_wconf 88' lang='lat' dir='ltr'><strong>tuarum</strong></span> <span class='ocrx_word' id='word_1_381' title='bbox 1542 357 1702 385; x_wconf 75' lang='lat' dir='ltr'><strong>certissimae</strong></span> <span class='ocrx_word' id='word_1_382' title='bbox 1723 356 1756 384; x_wconf 83' lang='lat' dir='ltr'><strong>ii-</strong></span> 
     </span>
    </p>
   </div>
   <div class='ocr_carea' id='block_1_52' title="bbox 971 403 1753 442">
    <p class='ocr_par' dir='ltr' id='par_1_52' title="bbox 971 403 1753 442">
     <span class='ocr_line' id='line_1_52' title="bbox 971 403 1753 442; baseline -0.003 -9"><span class='ocrx_word' id='word_1_383' title='bbox 971 406 1014 433; x_wconf 83' lang='lat' dir='ltr'><strong>dei</strong></span> <span class='ocrx_word' id='word_1_384' title='bbox 1028 405 1248 442; x_wconf 83' lang='lat' dir='ltr'><strong>promissionum,</strong></span> <span class='ocrx_word' id='word_1_385' title='bbox 1266 405 1408 433; x_wconf 85' lang='lat' dir='ltr'><strong>conlidens</strong></span> <span class='ocrx_word' id='word_1_386' title='bbox 1427 405 1491 432; x_wconf 90' lang='lat' dir='ltr'><strong>item</strong></span> <span class='ocrx_word' id='word_1_387' title='bbox 1510 404 1574 432; x_wconf 86' lang='lat' dir='ltr'><strong>huic</strong></span> <span class='ocrx_word' id='word_1_388' title='bbox 1599 403 1753 432; x_wconf 85' lang='lat' dir='ltr'><strong>divinorum</strong></span> 
     </span>
    </p>
   </div>
   <div class='ocr_carea' id='block_1_53' title="bbox 968 450 1759 485">
    <p class='ocr_par' dir='ltr' id='par_1_53' title="bbox 968 450 1759 485">
     <span class='ocr_line' id='line_1_53' title="bbox 968 450 1759 485; baseline -0.004 -6"><span class='ocrx_word' id='word_1_389' title='bbox 968 450 1175 479; x_wconf 84' lang='lat' dir='ltr'><strong>Proverbiorum</strong></span> <span class='ocrx_word' id='word_1_390' title='bbox 1201 452 1343 479; x_wconf 76' lang='lat' dir='ltr'><strong>sententiae</strong></span> <span class='ocrx_word' id='word_1_391' title='bbox 1367 460 1374 478; x_wconf 88' lang='lat'>:</span> <span class='ocrx_word' id='word_1_392' title='bbox 1397 450 1477 485; x_wconf 76' lang='lat' dir='ltr'><strong>Apud</strong></span> <span class='ocrx_word' id='word_1_393' title='bbox 1508 450 1645 485; x_wconf 81' lang='lat' dir='ltr'><strong>benignum</strong></span> <span class='ocrx_word' id='word_1_394' title='bbox 1674 457 1759 485; x_wconf 78' lang='lat' dir='ltr'><strong>regem</strong></span> 
     </span>
    </p>
   </div>
   <div class='ocr_carea' id='block_1_54' title="bbox 971 494 1755 532">
    <p class='ocr_par' dir='ltr' id='par_1_54' title="bbox 971 494 1755 532">
     <span class='ocr_line' id='line_1_54' title="bbox 971 494 1755 532; baseline -0.005 -8"><span class='ocrx_word' id='word_1_395' title='bbox 971 497 1069 528; x_wconf 80' lang='lat' dir='ltr'><strong>accepti</strong></span> <span class='ocrx_word' id='word_1_396' title='bbox 1096 501 1156 524; x_wconf 73' lang='lat' dir='ltr'><strong>sunt</strong></span> <span class='ocrx_word' id='word_1_397' title='bbox 1175 498 1243 532; x_wconf 79' lang='lat' dir='ltr'><strong>juin</strong></span> <span class='ocrx_word' id='word_1_398' title='bbox 1276 504 1407 525; x_wconf 76' lang='lat' dir='ltr'><strong>sermones</strong></span> <span class='ocrx_word' id='word_1_399' title='bbox 1427 496 1462 523; x_wconf 66' lang='grc' dir='ltr'>κ.</span> <span class='ocrx_word' id='word_1_400' title='bbox 1486 494 1545 523; x_wconf 68' lang='lat' dir='ltr'><strong>Iam</strong></span> <span class='ocrx_word' id='word_1_401' title='bbox 1563 502 1606 522; x_wconf 87' lang='lat' dir='ltr'><strong>me</strong></span> <span class='ocrx_word' id='word_1_402' title='bbox 1635 494 1688 522; x_wconf 90' lang='lat' dir='ltr'><strong>iter</strong></span> <span class='ocrx_word' id='word_1_403' title='bbox 1711 495 1755 520; x_wconf 58' lang='lat' dir='ltr'><strong>in-</strong></span> 
     </span>
    </p>
   </div>
   <div class='ocr_carea' id='block_1_55' title="bbox 972 541 1752 579">
    <p class='ocr_par' dir='ltr' id='par_1_55' title="bbox 972 541 1752 579">
     <span class='ocr_line' id='line_1_55' title="bbox 972 541 1752 579; baseline -0.004 -8"><span class='ocrx_word' id='word_1_404' title='bbox 972 543 1109 577; x_wconf 84' lang='lat' dir='ltr'><strong>stituente,</strong></span> <span class='ocrx_word' id='word_1_405' title='bbox 1134 543 1283 579; x_wconf 86' lang='lat' dir='ltr'><strong>relictaque</strong></span> <span class='ocrx_word' id='word_1_406' title='bbox 1312 551 1416 577; x_wconf 91' lang='lat' dir='ltr'><strong>eremo,</strong></span> <span class='ocrx_word' id='word_1_407' title='bbox 1446 542 1519 570; x_wconf 83' lang='lat' dir='ltr'><strong>fama</strong></span> <span class='ocrx_word' id='word_1_408' title='bbox 1534 542 1658 577; x_wconf 81' lang='lat' dir='ltr'><strong>quaedam</strong></span> <span class='ocrx_word' id='word_1_409' title='bbox 1673 541 1752 569; x_wconf 85' lang='lat' dir='ltr'><strong>dere-</strong></span> 
     </span>
    </p>
   </div>
   <div class='ocr_carea' id='block_1_56' title="bbox 971 587 1754 625">
    <p class='ocr_par' dir='ltr' id='par_1_56' title="bbox 971 587 1754 625">
     <span class='ocr_line' id='line_1_56' title="bbox 971 587 1754 625; baseline -0.005 -7"><span class='ocrx_word' id='word_1_410' title='bbox 971 594 1052 625; x_wconf 87' lang='lat' dir='ltr'><strong>pente</strong></span> <span class='ocrx_word' id='word_1_411' title='bbox 1066 590 1241 624; x_wconf 79' lang='lat' dir='ltr'><strong>percrebuit:</strong></span> <span class='ocrx_word' id='word_1_412' title='bbox 1263 597 1323 625; x_wconf 63' lang='lat' dir='ltr'><strong>quae</strong></span> <span class='ocrx_word' id='word_1_413' title='bbox 1337 590 1414 617; x_wconf 92' lang='lat' dir='ltr'><strong>initio</strong></span> <span class='ocrx_word' id='word_1_414' title='bbox 1439 589 1547 624; x_wconf 82' lang='lat' dir='ltr'><strong>quidem</strong></span> <span class='ocrx_word' id='word_1_415' title='bbox 1563 595 1646 623; x_wconf 86' lang='lat' dir='ltr'><strong>supra</strong></span> <span class='ocrx_word' id='word_1_416' title='bbox 1672 587 1754 615; x_wconf 81' lang='lat' dir='ltr'><strong>ﬁdem</strong></span> 
     </span>
    </p>
   </div>
   <div class='ocr_carea' id='block_1_57' title="bbox 972 635 1759 672">
    <p class='ocr_par' dir='ltr' id='par_1_57' title="bbox 972 635 1759 672">
     <span class='ocr_line' id='line_1_57' title="bbox 972 635 1759 672; baseline -0.004 -8"><span class='ocrx_word' id='word_1_417' title='bbox 972 636 1042 670; x_wconf 86' lang='lat' dir='ltr'><strong>visa,</strong></span> <span class='ocrx_word' id='word_1_418' title='bbox 1057 642 1118 672; x_wconf 89' lang='lat' dir='ltr'><strong>post</strong></span> <span class='ocrx_word' id='word_1_419' title='bbox 1130 645 1193 665; x_wconf 81' lang='lat' dir='ltr'><strong>vera</strong></span> <span class='ocrx_word' id='word_1_420' title='bbox 1206 637 1373 672; x_wconf 88' lang='lat' dir='ltr'><strong>deprehensa</strong></span> <span class='ocrx_word' id='word_1_421' title='bbox 1387 641 1439 664; x_wconf 88' lang='lat' dir='ltr'><strong>est.</strong></span> <span class='ocrx_word' id='word_1_422' title='bbox 1451 636 1555 664; x_wconf 76' lang='lat' dir='ltr'><strong>Rumor</strong></span> <span class='ocrx_word' id='word_1_423' title='bbox 1565 635 1684 670; x_wconf 84' lang='lat' dir='ltr'><strong>undique</strong></span> <span class='ocrx_word' id='word_1_424' title='bbox 1696 641 1759 670; x_wconf 90' lang='lat' dir='ltr'><strong>per-</strong></span> 
     </span>
    </p>
   </div>
   <div class='ocr_carea' id='block_1_58' title="bbox 972 681 1759 718">
    <p class='ocr_par' dir='ltr' id='par_1_58' title="bbox 972 681 1759 718">
     <span class='ocr_line' id='line_1_58' title="bbox 972 681 1759 718; baseline -0.004 -9"><span class='ocrx_word' id='word_1_425' title='bbox 972 683 1132 718; x_wconf 75' lang='lat' dir='ltr'><strong>vagabatur,</strong></span> <span class='ocrx_word' id='word_1_426' title='bbox 1161 683 1299 712; x_wconf 84' lang='lat' dir='ltr'><strong>Liberium</strong></span> <span class='ocrx_word' id='word_1_427' title='bbox 1321 683 1474 710; x_wconf 82' lang='lat' dir='ltr'><strong>Romanum</strong></span> <span class='ocrx_word' id='word_1_428' title='bbox 1501 681 1670 716; x_wconf 85' lang='lat' dir='ltr'><strong>episcopum,</strong></span> <span class='ocrx_word' id='word_1_429' title='bbox 1700 686 1759 706; x_wconf 87' lang='lat' dir='ltr'><strong>ma-</strong></span> 
     </span>
    </p>
   </div>
   <div class='ocr_carea' id='block_1_59' title="bbox 973 727 1759 764">
    <p class='ocr_par' dir='ltr' id='par_1_59' title="bbox 973 727 1759 764">
     <span class='ocr_line' id='line_1_59' title="bbox 973 727 1759 764; baseline -0.005 -8"><span class='ocrx_word' id='word_1_430' title='bbox 973 737 1110 764; x_wconf 75' lang='lat' dir='ltr'><strong>gnumque</strong></span> <span class='ocrx_word' id='word_1_431' title='bbox 1130 729 1204 757; x_wconf 91' lang='lat' dir='ltr'><strong>illum</strong></span> <span class='ocrx_word' id='word_1_432' title='bbox 1232 729 1346 757; x_wconf 82' lang='lat' dir='ltr'><strong>Hosium</strong></span> <span class='ocrx_word' id='word_1_433' title='bbox 1374 729 1401 756; x_wconf 91' lang='lat' dir='ltr'><strong>in</strong></span> <span class='ocrx_word' id='word_1_434' title='bbox 1419 727 1557 764; x_wconf 85' lang='lat' dir='ltr'><strong>Hispaniis</strong></span> <span class='ocrx_word' id='word_1_435' title='bbox 1577 727 1735 762; x_wconf 88' lang='lat' dir='ltr'><strong>episcopum</strong></span> <span class='ocrx_word' id='word_1_436' title='bbox 1751 745 1759 757; x_wconf 97' lang='lat'><strong>,</strong></span> 
     </span>
    </p>
   </div>
   <div class='ocr_carea' id='block_1_60' title="bbox 974 770 1762 810">
    <p class='ocr_par' dir='ltr' id='par_1_60' title="bbox 974 770 1762 810">
     <span class='ocr_line' id='line_1_60' title="bbox 974 770 1762 810; baseline -0.006 -7"><span class='ocrx_word' id='word_1_437' title='bbox 974 775 1115 803; x_wconf 88' lang='lat' dir='ltr'><strong>Paulinum</strong></span> <span class='ocrx_word' id='word_1_438' title='bbox 1129 775 1290 808; x_wconf 85' lang='lat' dir='ltr'><strong>Galliarum,</strong></span> <span class='ocrx_word' id='word_1_439' title='bbox 1308 774 1466 810; x_wconf 84' lang='lat' dir='ltr'><strong>Dionysium</strong></span> <span class='ocrx_word' id='word_1_440' title='bbox 1491 780 1599 808; x_wconf 88' lang='lat' dir='ltr'><strong>quoque</strong></span> <span class='ocrx_word' id='word_1_441' title='bbox 1621 776 1648 800; x_wconf 91' lang='lat' dir='ltr'><strong>et</strong></span> <span class='ocrx_word' id='word_1_442' title='bbox 1675 770 1762 798; x_wconf 86' lang='lat' dir='ltr'><strong>Euse-</strong></span> 
     </span>
    </p>
   </div>
   <div class='ocr_carea' id='block_1_61' title="bbox 974 816 1760 854">
    <p class='ocr_par' dir='ltr' id='par_1_61' title="bbox 974 816 1760 854">
     <span class='ocr_line' id='line_1_61' title="bbox 974 816 1760 854; baseline -0.009 -5"><span class='ocrx_word' id='word_1_443' title='bbox 974 820 1061 854; x_wconf 87' lang='lat' dir='ltr'><strong>bium,</strong></span> <span class='ocrx_word' id='word_1_444' title='bbox 1076 821 1172 850; x_wconf 77' lang='lat' dir='ltr'><strong>ltaliae.</strong></span> <span class='ocrx_word' id='word_1_445' title='bbox 1182 820 1337 848; x_wconf 79' lang='lat' dir='ltr'><strong>Luciferum</strong></span> <span class='ocrx_word' id='word_1_446' title='bbox 1352 819 1496 851; x_wconf 79' lang='lat' dir='ltr'><strong>Sardiniae,</strong></span> <span class='ocrx_word' id='word_1_447' title='bbox 1510 822 1538 846; x_wconf 90' lang='lat' dir='ltr'><strong>et</strong></span> <span class='ocrx_word' id='word_1_448' title='bbox 1547 817 1615 845; x_wconf 88' lang='lat' dir='ltr'><strong>alios</strong></span> <span class='ocrx_word' id='word_1_449' title='bbox 1630 816 1760 851; x_wconf 83' lang='lat' dir='ltr'><strong>quosdam</strong></span> 
     </span>
    </p>
   </div>
   <div class='ocr_carea' id='block_1_62' title="bbox 975 862 1761 902">
    <p class='ocr_par' dir='ltr' id='par_1_62' title="bbox 975 862 1761 902">
     <span class='ocr_line' id='line_1_62' title="bbox 975 862 1761 902; baseline -0.008 -8"><span class='ocrx_word' id='word_1_450' title='bbox 975 867 1130 902; x_wconf 87' lang='lat' dir='ltr'><strong>episcopos,</strong></span> <span class='ocrx_word' id='word_1_451' title='bbox 1140 866 1315 902; x_wconf 87' lang='lat' dir='ltr'><strong>presbyteros</strong></span> <span class='ocrx_word' id='word_1_452' title='bbox 1330 869 1358 892; x_wconf 89' lang='lat' dir='ltr'><strong>et</strong></span> <span class='ocrx_word' id='word_1_453' title='bbox 1371 865 1511 896; x_wconf 85' lang='lat' dir='ltr'><strong>diaconos,</strong></span> <span class='ocrx_word' id='word_1_454' title='bbox 1526 863 1597 898; x_wconf 90' lang='lat' dir='ltr'><strong>quod</strong></span> <span class='ocrx_word' id='word_1_455' title='bbox 1615 862 1761 890; x_wconf 80' lang='lat' dir='ltr'><strong>adversum</strong></span> 
     </span>
    </p>
   </div>
   <div class='ocr_carea' id='block_1_63' title="bbox 977 908 1760 944">
    <p class='ocr_par' dir='ltr' id='par_1_63' title="bbox 977 908 1760 944">
     <span class='ocr_line' id='line_1_63' title="bbox 977 908 1760 944; baseline -0.006 -5"><span class='ocrx_word' id='word_1_456' title='bbox 977 920 1027 940; x_wconf 85' lang='lat' dir='ltr'><strong>nos</strong></span> <span class='ocrx_word' id='word_1_457' title='bbox 1052 912 1223 939; x_wconf 81' lang='lat' dir='ltr'><strong>subscribere</strong></span> <span class='ocrx_word' id='word_1_458' title='bbox 1246 912 1413 944; x_wconf 86' lang='lat' dir='ltr'><strong>renuissent,</strong></span> <span class='ocrx_word' id='word_1_459' title='bbox 1435 910 1462 937; x_wconf 93' lang='lat' dir='ltr'><strong>in</strong></span> <span class='ocrx_word' id='word_1_460' title='bbox 1491 909 1617 937; x_wconf 74' lang='lat' dir='ltr'><strong>exsilium</strong></span> <span class='ocrx_word' id='word_1_461' title='bbox 1650 908 1760 935; x_wconf 84' lang='lat' dir='ltr'><strong>missos.</strong></span> 
     </span>
    </p>
   </div>
   <div class='ocr_carea' id='block_1_64' title="bbox 976 953 1761 992">
    <p class='ocr_par' dir='ltr' id='par_1_64' title="bbox 976 953 1761 992">
     <span class='ocr_line' id='line_1_64' title="bbox 976 953 1761 992; baseline -0.006 -7"><span class='ocrx_word' id='word_1_462' title='bbox 976 958 1147 986; x_wconf 83' lang='lat' dir='ltr'><strong>Vincentium</strong></span> <span class='ocrx_word' id='word_1_463' title='bbox 1160 964 1226 984; x_wconf 84' lang='lat' dir='ltr'><strong>vero</strong></span> <span class='ocrx_word' id='word_1_464' title='bbox 1240 955 1410 992; x_wconf 83' lang='lat' dir='ltr'><strong>Capuanum,</strong></span> <span class='ocrx_word' id='word_1_465' title='bbox 1435 955 1660 983; x_wconf 88' lang='lat' dir='ltr'><strong>Fortunatianum</strong></span> <span class='ocrx_word' id='word_1_466' title='bbox 1676 953 1761 988; x_wconf 80' lang='lat' dir='ltr'><strong>Aqui-</strong></span> 
     </span>
    </p>
   </div>
   <div class='ocr_carea' id='block_1_65' title="bbox 974 1000 1762 1035">
    <p class='ocr_par' dir='ltr' id='par_1_65' title="bbox 974 1000 1762 1035">
     <span class='ocr_line' id='line_1_65' title="bbox 974 1000 1762 1035; baseline -0.008 -5"><span class='ocrx_word' id='word_1_467' title='bbox 974 1003 1116 1035; x_wconf 83' lang='lat' dir='ltr'><strong>leiensem,</strong></span> <span class='ocrx_word' id='word_1_468' title='bbox 1132 1002 1287 1029; x_wconf 84' lang='lat' dir='ltr'><strong>Heremium</strong></span> <span class='ocrx_word' id='word_1_469' title='bbox 1305 1000 1587 1029; x_wconf 83' lang='lat' dir='ltr'><strong>Thessalonicensem,</strong></span> <span class='ocrx_word' id='word_1_470' title='bbox 1612 1004 1762 1032; x_wconf 84' lang='lat' dir='ltr'><strong>omnesque</strong></span> 
     </span>
    </p>
   </div>
   <div class='ocr_carea' id='block_1_66' title="bbox 975 1043 1763 1082">
    <p class='ocr_par' dir='ltr' id='par_1_66' title="bbox 975 1043 1763 1082">
     <span class='ocr_line' id='line_1_66' title="bbox 975 1043 1763 1082; baseline -0.009 -6"><span class='ocrx_word' id='word_1_471' title='bbox 975 1047 1163 1078; x_wconf 83' lang='lat' dir='ltr'><strong>Occidentales</strong></span> <span class='ocrx_word' id='word_1_472' title='bbox 1177 1047 1330 1082; x_wconf 86' lang='lat' dir='ltr'><strong>episcopos,</strong></span> <span class='ocrx_word' id='word_1_473' title='bbox 1341 1047 1367 1073; x_wconf 92' lang='lat' dir='ltr'><strong>vi</strong></span> <span class='ocrx_word' id='word_1_474' title='bbox 1383 1053 1437 1073; x_wconf 92' lang='lat' dir='ltr'><strong>non</strong></span> <span class='ocrx_word' id='word_1_475' title='bbox 1448 1045 1569 1078; x_wconf 85' lang='lat' dir='ltr'><strong>minima,</strong></span> <span class='ocrx_word' id='word_1_476' title='bbox 1579 1043 1634 1071; x_wconf 92' lang='lat' dir='ltr'><strong>imo</strong></span> <span class='ocrx_word' id='word_1_477' title='bbox 1644 1043 1763 1070; x_wconf 79' lang='lat' dir='ltr'><strong>maxima</strong></span> 
     </span>
    </p>
   </div>
   <div class='ocr_carea' id='block_1_67' title="bbox 974 1088 1764 1129">
    <p class='ocr_par' dir='ltr' id='par_1_67' title="bbox 974 1088 1764 1129">
     <span class='ocr_line' id='line_1_67' title="bbox 974 1088 1764 1129; baseline -0.009 -8"><span class='ocrx_word' id='word_1_478' title='bbox 974 1094 1115 1126; x_wconf 84' lang='lat' dir='ltr'><strong>violentia,</strong></span> <span class='ocrx_word' id='word_1_479' title='bbox 1132 1093 1314 1129; x_wconf 81' lang='lat' dir='ltr'><strong>gravibusque</strong></span> <span class='ocrx_word' id='word_1_480' title='bbox 1333 1090 1439 1126; x_wconf 78' lang='lat' dir='ltr'><strong>injuriis</strong></span> <span class='ocrx_word' id='word_1_481' title='bbox 1467 1089 1578 1117; x_wconf 83' lang='lat' dir='ltr'><strong>all‘ectos</strong></span> <span class='ocrx_word' id='word_1_482' title='bbox 1592 1095 1663 1121; x_wconf 87' lang='lat' dir='ltr'><strong>esse,</strong></span> <span class='ocrx_word' id='word_1_483' title='bbox 1677 1088 1764 1115; x_wconf 83' lang='lat' dir='ltr'><strong>donec</strong></span> 
     </span>
    </p>
   </div>
   <div class='ocr_carea' id='block_1_68' title="bbox 975 1134 1764 1176">
    <p class='ocr_par' dir='ltr' id='par_1_68' title="bbox 975 1134 1764 1176">
     <span class='ocr_line' id='line_1_68' title="bbox 975 1134 1764 1176; baseline -0.01 -9"><span class='ocrx_word' id='word_1_484' title='bbox 975 1140 1168 1176; x_wconf 88' lang='lat' dir='ltr'><strong>pollicerentur</strong></span> <span class='ocrx_word' id='word_1_485' title='bbox 1195 1145 1224 1165; x_wconf 90' lang='lat' dir='ltr'><strong>se</strong></span> <span class='ocrx_word' id='word_1_486' title='bbox 1252 1137 1280 1164; x_wconf 93' lang='lat' dir='ltr'><strong>in</strong></span> <span class='ocrx_word' id='word_1_487' title='bbox 1298 1140 1435 1171; x_wconf 84' lang='lat' dir='ltr'><strong>posterum</strong></span> <span class='ocrx_word' id='word_1_488' title='bbox 1450 1134 1591 1162; x_wconf 89' lang='lat' dir='ltr'><strong>nobiscum</strong></span> <span class='ocrx_word' id='word_1_489' title='bbox 1610 1141 1664 1161; x_wconf 90' lang='lat' dir='ltr'><strong>non</strong></span> <span class='ocrx_word' id='word_1_490' title='bbox 1689 1140 1764 1160; x_wconf 83' lang='lat' dir='ltr'><strong>com-</strong></span> 
     </span>
    </p>
   </div>
   <div class='ocr_carea' id='block_1_69' title="bbox 977 1180 1764 1216">
    <p class='ocr_par' dir='ltr' id='par_1_69' title="bbox 977 1180 1764 1216">
     <span class='ocr_line' id='line_1_69' title="bbox 977 1180 1764 1216; baseline -0.01 -3"><span class='ocrx_word' id='word_1_491' title='bbox 977 1186 1172 1214; x_wconf 87' lang='lat' dir='ltr'><strong>municaturos.</strong></span> <span class='ocrx_word' id='word_1_492' title='bbox 1184 1183 1254 1211; x_wconf 79' lang='lat' dir='ltr'><strong>llinc</strong></span> <span class='ocrx_word' id='word_1_493' title='bbox 1267 1182 1344 1211; x_wconf 93' lang='lat' dir='ltr'><strong>nobis</strong></span> <span class='ocrx_word' id='word_1_494' title='bbox 1352 1181 1532 1216; x_wconf 83' lang='lat' dir='ltr'><strong>stupentibus,</strong></span> <span class='ocrx_word' id='word_1_495' title='bbox 1545 1187 1576 1208; x_wconf 86' lang='lat' dir='ltr'><strong>ac</strong></span> <span class='ocrx_word' id='word_1_496' title='bbox 1588 1187 1621 1207; x_wconf 88' lang='lat' dir='ltr'><strong>ea</strong></span> <span class='ocrx_word' id='word_1_497' title='bbox 1635 1180 1668 1207; x_wconf 90' lang='lat' dir='ltr'><strong>de</strong></span> <span class='ocrx_word' id='word_1_498' title='bbox 1680 1185 1764 1212; x_wconf 72' lang='lat' dir='ltr'><strong>causa</strong></span> 
     </span>
    </p>
   </div>
   <div class='ocr_carea' id='block_1_70' title="bbox 976 1223 1764 1262">
    <p class='ocr_par' dir='ltr' id='par_1_70' title="bbox 976 1223 1764 1262">
     <span class='ocr_line' id='line_1_70' title="bbox 976 1223 1764 1262; baseline -0.013 -2"><span class='ocrx_word' id='word_1_499' title='bbox 976 1231 1176 1262; x_wconf 64' lang='lat' dir='ltr'><strong>haesitantibus,</strong></span> <span class='ocrx_word' id='word_1_500' title='bbox 1189 1230 1274 1257; x_wconf 89' lang='lat' dir='ltr'><strong>altera</strong></span> <span class='ocrx_word' id='word_1_501' title='bbox 1289 1236 1354 1256; x_wconf 87' lang='lat' dir='ltr'><strong>ecce</strong></span> <span class='ocrx_word' id='word_1_502' title='bbox 1373 1227 1444 1254; x_wconf 80' lang='lat' dir='ltr'><strong>fama</strong></span> <span class='ocrx_word' id='word_1_503' title='bbox 1463 1226 1623 1262; x_wconf 85' lang='lat' dir='ltr'><strong>perlabitur.</strong></span> <span class='ocrx_word' id='word_1_504' title='bbox 1646 1231 1694 1253; x_wconf 91' lang='lat' dir='ltr'><strong>eos</strong></span> <span class='ocrx_word' id='word_1_505' title='bbox 1711 1223 1764 1251; x_wconf 86' lang='lat' dir='ltr'><strong>sci-</strong></span> 
     </span>
    </p>
   </div>
   <div class='ocr_carea' id='block_1_71' title="bbox 976 1273 1763 1312">
    <p class='ocr_par' dir='ltr' id='par_1_71' title="bbox 976 1273 1763 1312">
     <span class='ocr_line' id='line_1_71' title="bbox 976 1273 1763 1312; baseline -0.01 -7"><span class='ocrx_word' id='word_1_506' title='bbox 976 1278 1040 1306; x_wconf 88' lang='lat' dir='ltr'><strong>licet</strong></span> <span class='ocrx_word' id='word_1_507' title='bbox 1051 1277 1095 1312; x_wconf 87' lang='lat' dir='ltr'><strong>qui</strong></span> <span class='ocrx_word' id='word_1_508' title='bbox 1108 1277 1135 1304; x_wconf 88' lang='lat' dir='ltr'><strong>in</strong></span> <span class='ocrx_word' id='word_1_509' title='bbox 1143 1276 1261 1312; x_wconf 64' lang='lat' dir='ltr'><strong>Egypto</strong></span> <span class='ocrx_word' id='word_1_510' title='bbox 1275 1280 1301 1302; x_wconf 86' lang='lat' dir='ltr'><strong>et</strong></span> <span class='ocrx_word' id='word_1_511' title='bbox 1312 1274 1398 1309; x_wconf 85' lang='lat' dir='ltr'><strong>Libya</strong></span> <span class='ocrx_word' id='word_1_512' title='bbox 1411 1277 1513 1306; x_wconf 87' lang='lat' dir='ltr'><strong>essent,</strong></span> <span class='ocrx_word' id='word_1_513' title='bbox 1524 1273 1667 1307; x_wconf 88' lang='lat' dir='ltr'><strong>episcopos</strong></span> <span class='ocrx_word' id='word_1_514' title='bbox 1679 1277 1763 1306; x_wconf 83' lang='lat' dir='ltr'><strong>prope</strong></span> 
     </span>
    </p>
   </div>
   <div class='ocr_carea' id='block_1_72' title="bbox 978 1316 1765 1358">
    <p class='ocr_par' dir='ltr' id='par_1_72' title="bbox 978 1316 1765 1358">
     <span class='ocr_line' id='line_1_72' title="bbox 978 1316 1765 1358; baseline -0.009 -8"><span class='ocrx_word' id='word_1_515' title='bbox 978 1323 1127 1358; x_wconf 75' lang='lat' dir='ltr'><strong>nonaginta</strong></span> <span class='ocrx_word' id='word_1_516' title='bbox 1140 1321 1357 1356; x_wconf 87' lang='lat' dir='ltr'><strong>persecutionem</strong></span> <span class='ocrx_word' id='word_1_517' title='bbox 1373 1327 1484 1355; x_wconf 86' lang='lat' dir='ltr'><strong>passos:</strong></span> <span class='ocrx_word' id='word_1_518' title='bbox 1498 1318 1634 1346; x_wconf 87' lang='lat' dir='ltr'><strong>Ecclesias</strong></span> <span class='ocrx_word' id='word_1_519' title='bbox 1649 1316 1705 1344; x_wconf 82' lang='lat' dir='ltr'><strong>Arii</strong></span> <span class='ocrx_word' id='word_1_520' title='bbox 1718 1323 1765 1344; x_wconf 87' lang='lat' dir='ltr'><strong>se-</strong></span> 
     </span>
    </p>
   </div>
   <div class='ocr_carea' id='block_1_73' title="bbox 977 1363 1766 1404">
    <p class='ocr_par' dir='ltr' id='par_1_73' title="bbox 977 1363 1766 1404">
     <span class='ocr_line' id='line_1_73' title="bbox 977 1363 1766 1404; baseline -0.009 -7"><span class='ocrx_word' id='word_1_521' title='bbox 977 1369 1109 1404; x_wconf 82' lang='lat' dir='ltr'><strong>quacibus</strong></span> <span class='ocrx_word' id='word_1_522' title='bbox 1127 1368 1239 1395; x_wconf 89' lang='lat' dir='ltr'><strong>traditas</strong></span> <span class='ocrx_word' id='word_1_523' title='bbox 1256 1375 1264 1394; x_wconf 89' lang='lat'>:</span> <span class='ocrx_word' id='word_1_524' title='bbox 1287 1367 1314 1394; x_wconf 94' lang='lat' dir='ltr'><strong>in</strong></span> <span class='ocrx_word' id='word_1_525' title='bbox 1328 1367 1453 1394; x_wconf 78' lang='lat' dir='ltr'><strong>exsilium</strong></span> <span class='ocrx_word' id='word_1_526' title='bbox 1467 1365 1560 1401; x_wconf 87' lang='lat' dir='ltr'><strong>pulsos</strong></span> <span class='ocrx_word' id='word_1_527' title='bbox 1574 1364 1691 1392; x_wconf 87' lang='lat' dir='ltr'><strong>sedecim</strong></span> <span class='ocrx_word' id='word_1_528' title='bbox 1708 1363 1766 1398; x_wconf 91' lang='lat' dir='ltr'><strong>epi-</strong></span> 
     </span>
    </p>
   </div>
   <div class='ocr_carea' id='block_1_74' title="bbox 978 1408 1766 1450">
    <p class='ocr_par' dir='ltr' id='par_1_74' title="bbox 978 1408 1766 1450">
     <span class='ocr_line' id='line_1_74' title="bbox 978 1408 1766 1450; baseline -0.01 -7"><span class='ocrx_word' id='word_1_529' title='bbox 978 1423 1074 1450; x_wconf 87' lang='lat' dir='ltr'><strong>scopos</strong></span> <span class='ocrx_word' id='word_1_530' title='bbox 1090 1424 1097 1442; x_wconf 89' lang='lat'><strong>:</strong></span> <span class='ocrx_word' id='word_1_531' title='bbox 1116 1415 1183 1442; x_wconf 89' lang='lat' dir='ltr'><strong>alios</strong></span> <span class='ocrx_word' id='word_1_532' title='bbox 1197 1414 1238 1442; x_wconf 87' lang='lat' dir='ltr'><strong>vel</strong></span> <span class='ocrx_word' id='word_1_533' title='bbox 1259 1418 1356 1448; x_wconf 84' lang='lat' dir='ltr'><strong>sponte</strong></span> <span class='ocrx_word' id='word_1_534' title='bbox 1373 1413 1521 1448; x_wconf 73' lang='lat' dir='ltr'><strong>aufugisse,</strong></span> <span class='ocrx_word' id='word_1_535' title='bbox 1534 1412 1577 1439; x_wconf 86' lang='lat' dir='ltr'><strong>vel</strong></span> <span class='ocrx_word' id='word_1_536' title='bbox 1592 1411 1624 1438; x_wconf 90' lang='lat' dir='ltr'><strong>ad</strong></span> <span class='ocrx_word' id='word_1_537' title='bbox 1638 1408 1766 1437; x_wconf 67' lang='lat' dir='ltr'><strong>simulam</strong></span> 
     </span>
    </p>
   </div>
   <div class='ocr_carea' id='block_1_75' title="bbox 979 1455 1765 1492">
    <p class='ocr_par' dir='ltr' id='par_1_75' title="bbox 979 1455 1765 1492">
     <span class='ocr_line' id='line_1_75' title="bbox 979 1455 1765 1492; baseline -0.01 -3"><span class='ocrx_word' id='word_1_538' title='bbox 979 1462 1041 1490; x_wconf 84' lang='lat' dir='ltr'><strong>dum</strong></span> <span class='ocrx_word' id='word_1_539' title='bbox 1057 1461 1166 1488; x_wconf 88' lang='lat' dir='ltr'><strong>adactos</strong></span> <span class='ocrx_word' id='word_1_540' title='bbox 1179 1468 1249 1488; x_wconf 88' lang='lat' dir='ltr'><strong>esse.</strong></span> <span class='ocrx_word' id='word_1_541' title='bbox 1257 1459 1372 1487; x_wconf 86' lang='lat' dir='ltr'><strong>Tantam</strong></span> <span class='ocrx_word' id='word_1_542' title='bbox 1389 1459 1460 1486; x_wconf 91' lang='lat' dir='ltr'><strong>enim</strong></span> <span class='ocrx_word' id='word_1_543' title='bbox 1475 1458 1530 1485; x_wconf 92' lang='lat' dir='ltr'><strong>illic</strong></span> <span class='ocrx_word' id='word_1_544' title='bbox 1547 1455 1765 1492; x_wconf 87' lang='lat' dir='ltr'><strong>persecutionem</strong></span> 
     </span>
    </p>
   </div>
   <div class='ocr_carea' id='block_1_76' title="bbox 980 1500 1768 1537">
    <p class='ocr_par' dir='ltr' id='par_1_76' title="bbox 980 1500 1768 1537">
     <span class='ocr_line' id='line_1_76' title="bbox 980 1500 1768 1537; baseline -0.01 -2"><span class='ocrx_word' id='word_1_545' title='bbox 980 1508 1065 1536; x_wconf 84' lang='lat' dir='ltr'><strong>fuisse</strong></span> <span class='ocrx_word' id='word_1_546' title='bbox 1083 1507 1242 1537; x_wconf 84' lang='lat' dir='ltr'><strong>narrabant.</strong></span> <span class='ocrx_word' id='word_1_547' title='bbox 1259 1512 1288 1533; x_wconf 93' lang='lat' dir='ltr'><strong>ut</strong></span> <span class='ocrx_word' id='word_1_548' title='bbox 1300 1506 1363 1533; x_wconf 90' lang='lat' dir='ltr'><strong>dum</strong></span> <span class='ocrx_word' id='word_1_549' title='bbox 1378 1503 1553 1532; x_wconf 81' lang='lat' dir='ltr'><strong>Alexandrini</strong></span> <span class='ocrx_word' id='word_1_550' title='bbox 1567 1502 1665 1529; x_wconf 81' lang='lat' dir='ltr'><strong>fratres</strong></span> <span class='ocrx_word' id='word_1_551' title='bbox 1680 1501 1707 1528; x_wconf 91' lang='lat' dir='ltr'><strong>in</strong></span> <span class='ocrx_word' id='word_1_552' title='bbox 1721 1500 1768 1527; x_wconf 77' lang='lat' dir='ltr'><strong>Pa-</strong></span> 
     </span>
    </p>
   </div>
   <div class='ocr_carea' id='block_1_77' title="bbox 980 1548 1768 1582">
    <p class='ocr_par' dir='ltr' id='par_1_77' title="bbox 980 1548 1768 1582">
     <span class='ocr_line' id='line_1_77' title="bbox 980 1548 1768 1582; baseline -0.01 0"><span class='ocrx_word' id='word_1_553' title='bbox 980 1554 1064 1582; x_wconf 88' lang='lat' dir='ltr'><strong>schali</strong></span> <span class='ocrx_word' id='word_1_554' title='bbox 1094 1553 1267 1581; x_wconf 87' lang='lat' dir='ltr'><strong>solemnitate</strong></span> <span class='ocrx_word' id='word_1_555' title='bbox 1285 1557 1313 1580; x_wconf 92' lang='lat' dir='ltr'><strong>et</strong></span> <span class='ocrx_word' id='word_1_556' title='bbox 1333 1551 1483 1579; x_wconf 86' lang='lat' dir='ltr'><strong>Dominicis</strong></span> <span class='ocrx_word' id='word_1_557' title='bbox 1519 1549 1546 1576; x_wconf 91' lang='lat' dir='ltr'><strong>in</strong></span> <span class='ocrx_word' id='word_1_558' title='bbox 1572 1549 1632 1576; x_wconf 89' lang='lat' dir='ltr'><strong>loco</strong></span> <span class='ocrx_word' id='word_1_559' title='bbox 1656 1548 1768 1576; x_wconf 89' lang='lat' dir='ltr'><strong>deserto</strong></span> 
     </span>
    </p>
   </div>
   <div class='ocr_carea' id='block_1_78' title="bbox 980 1593 1766 1635">
    <p class='ocr_par' dir='ltr' id='par_1_78' title="bbox 980 1593 1766 1635">
     <span class='ocr_line' id='line_1_78' title="bbox 980 1593 1766 1635; baseline -0.011 -8"><span class='ocrx_word' id='word_1_560' title='bbox 980 1607 1063 1635; x_wconf 88' lang='lat' dir='ltr'><strong>prope</strong></span> <span class='ocrx_word' id='word_1_561' title='bbox 1080 1598 1266 1627; x_wconf 72' lang='lat' dir='ltr'><strong>cmmeterium</strong></span> <span class='ocrx_word' id='word_1_562' title='bbox 1288 1596 1404 1625; x_wconf 91' lang='lat' dir='ltr'><strong>orationi</strong></span> <span class='ocrx_word' id='word_1_563' title='bbox 1420 1594 1620 1625; x_wconf 86' lang='lat' dir='ltr'><strong>incumberent,</strong></span> <span class='ocrx_word' id='word_1_564' title='bbox 1637 1593 1690 1620; x_wconf 85' lang='lat' dir='ltr'><strong>dux</strong></span> <span class='ocrx_word' id='word_1_565' title='bbox 1705 1599 1766 1620; x_wconf 90' lang='lat' dir='ltr'><strong>cum</strong></span> 
     </span>
    </p>
   </div>
   <div class='ocr_carea' id='block_1_79' title="bbox 981 1638 1768 1680">
    <p class='ocr_par' dir='ltr' id='par_1_79' title="bbox 981 1638 1768 1680">
     <span class='ocr_line' id='line_1_79' title="bbox 981 1638 1768 1680; baseline -0.01 -8"><span class='ocrx_word' id='word_1_566' title='bbox 981 1652 1075 1680; x_wconf 79' lang='lat' dir='ltr'><strong>magna</strong></span> <span class='ocrx_word' id='word_1_567' title='bbox 1091 1651 1170 1671; x_wconf 90' lang='lat' dir='ltr'><strong>manu</strong></span> <span class='ocrx_word' id='word_1_568' title='bbox 1186 1643 1246 1678; x_wconf 91' lang='lat' dir='ltr'><strong>plus</strong></span> <span class='ocrx_word' id='word_1_569' title='bbox 1258 1650 1338 1677; x_wconf 88' lang='lat' dir='ltr'><strong>quam</strong></span> <span class='ocrx_word' id='word_1_570' title='bbox 1352 1641 1433 1668; x_wconf 91' lang='lat' dir='ltr'><strong>trium</strong></span> <span class='ocrx_word' id='word_1_571' title='bbox 1447 1639 1560 1667; x_wconf 92' lang='lat' dir='ltr'><strong>millium</strong></span> <span class='ocrx_word' id='word_1_572' title='bbox 1576 1638 1704 1670; x_wconf 84' lang='lat' dir='ltr'><strong>militum,</strong></span> <span class='ocrx_word' id='word_1_573' title='bbox 1722 1643 1768 1664; x_wconf 84' lang='lat' dir='ltr'><strong>ar-</strong></span> 
     </span>
    </p>
   </div>
   <div class='ocr_carea' id='block_1_80' title="bbox 981 1682 1769 1724">
    <p class='ocr_par' dir='ltr' id='par_1_80' title="bbox 981 1682 1769 1724">
     <span class='ocr_line' id='line_1_80' title="bbox 981 1682 1769 1724; baseline -0.01 -6"><span class='ocrx_word' id='word_1_574' title='bbox 981 1700 1035 1724; x_wconf 78' lang='lat' dir='ltr'><strong>ma,</strong></span> <span class='ocrx_word' id='word_1_575' title='bbox 1050 1690 1186 1717; x_wconf 89' lang='lat' dir='ltr'><strong>districtos</strong></span> <span class='ocrx_word' id='word_1_576' title='bbox 1205 1690 1320 1724; x_wconf 69' lang='lat' dir='ltr'><strong>gladios,</strong></span> <span class='ocrx_word' id='word_1_577' title='bbox 1341 1687 1446 1722; x_wconf 76' lang='lat' dir='ltr'><strong>telaque</strong></span> <span class='ocrx_word' id='word_1_578' title='bbox 1467 1685 1623 1717; x_wconf 81' lang='lat' dir='ltr'><strong>ferentium,</strong></span> <span class='ocrx_word' id='word_1_579' title='bbox 1650 1684 1676 1711; x_wconf 93' lang='lat' dir='ltr'><strong>in</strong></span> <span class='ocrx_word' id='word_1_580' title='bbox 1693 1682 1769 1711; x_wconf 86' lang='lat' dir='ltr'><strong>Chri-</strong></span> 
     </span>
    </p>
   </div>
   <div class='ocr_carea' id='block_1_81' title="bbox 981 1727 1769 1771">
    <p class='ocr_par' dir='ltr' id='par_1_81' title="bbox 981 1727 1769 1771">
     <span class='ocr_line' id='line_1_81' title="bbox 981 1727 1769 1771; baseline -0.013 -6"><span class='ocrx_word' id='word_1_581' title='bbox 981 1738 1086 1765; x_wconf 83' lang='lat' dir='ltr'><strong>stianos</strong></span> <span class='ocrx_word' id='word_1_582' title='bbox 1102 1736 1230 1771; x_wconf 88' lang='lat' dir='ltr'><strong>irruperit</strong></span> <span class='ocrx_word' id='word_1_583' title='bbox 1246 1743 1253 1762; x_wconf 89' lang='lat'>:</span> <span class='ocrx_word' id='word_1_584' title='bbox 1267 1743 1298 1762; x_wconf 92' lang='lat' dir='ltr'><strong>ac</strong></span> <span class='ocrx_word' id='word_1_585' title='bbox 1313 1739 1406 1770; x_wconf 87' lang='lat' dir='ltr'><strong>postea</strong></span> <span class='ocrx_word' id='word_1_586' title='bbox 1423 1733 1485 1760; x_wconf 88' lang='lat' dir='ltr'><strong>talia</strong></span> <span class='ocrx_word' id='word_1_587' title='bbox 1496 1731 1551 1758; x_wconf 89' lang='lat' dir='ltr'><strong>illic</strong></span> <span class='ocrx_word' id='word_1_588' title='bbox 1566 1733 1719 1766; x_wconf 88' lang='lat' dir='ltr'><strong>perpetrata</strong></span> <span class='ocrx_word' id='word_1_589' title='bbox 1732 1727 1769 1755; x_wconf 77' lang='lat' dir='ltr'><strong>fa-</strong></span> 
     </span>
    </p>
   </div>
   <div class='ocr_carea' id='block_1_82' title="bbox 980 1774 1766 1816">
    <p class='ocr_par' dir='ltr' id='par_1_82' title="bbox 980 1774 1766 1816">
     <span class='ocr_line' id='line_1_82' title="bbox 980 1774 1766 1816; baseline -0.014 -5"><span class='ocrx_word' id='word_1_590' title='bbox 980 1784 1073 1811; x_wconf 84' lang='lat' dir='ltr'><strong>cinora</strong></span> <span class='ocrx_word' id='word_1_591' title='bbox 1095 1783 1190 1813; x_wconf 78' lang='lat' dir='ltr'><strong>fuisse,</strong></span> <span class='ocrx_word' id='word_1_592' title='bbox 1202 1781 1291 1816; x_wconf 81' lang='lat' dir='ltr'><strong>qualia</strong></span> <span class='ocrx_word' id='word_1_593' title='bbox 1309 1779 1397 1807; x_wconf 78' lang='lat' dir='ltr'><strong>solent</strong></span> <span class='ocrx_word' id='word_1_594' title='bbox 1412 1778 1437 1804; x_wconf 91' lang='lat' dir='ltr'><strong>in</strong></span> <span class='ocrx_word' id='word_1_595' title='bbox 1451 1776 1581 1810; x_wconf 78' lang='lat' dir='ltr'><strong>ejusmodi</strong></span> <span class='ocrx_word' id='word_1_596' title='bbox 1606 1774 1766 1803; x_wconf 85' lang='lat' dir='ltr'><strong>invasione:</strong></span> 
     </span>
    </p>
   </div>
   <div class='ocr_carea' id='block_1_83' title="bbox 981 1817 1768 1863">
    <p class='ocr_par' dir='ltr' id='par_1_83' title="bbox 981 1817 1768 1863">
     <span class='ocr_line' id='line_1_83' title="bbox 981 1817 1768 1863; baseline -0.014 -7"><span class='ocrx_word' id='word_1_597' title='bbox 981 1836 1066 1863; x_wconf 88' lang='lat' dir='ltr'><strong>eaque</strong></span> <span class='ocrx_word' id='word_1_598' title='bbox 1077 1833 1170 1855; x_wconf 87' lang='lat' dir='ltr'><strong>contra</strong></span> <span class='ocrx_word' id='word_1_599' title='bbox 1197 1827 1323 1854; x_wconf 87' lang='lat' dir='ltr'><strong>mulieres</strong></span> <span class='ocrx_word' id='word_1_600' title='bbox 1337 1829 1364 1853; x_wconf 87' lang='lat' dir='ltr'><strong>et</strong></span> <span class='ocrx_word' id='word_1_601' title='bbox 1385 1823 1513 1859; x_wconf 88' lang='lat' dir='ltr'><strong>parvulos</strong></span> <span class='ocrx_word' id='word_1_602' title='bbox 1533 1826 1626 1857; x_wconf 79' lang='lat' dir='ltr'><strong>gesta,</strong></span> <span class='ocrx_word' id='word_1_603' title='bbox 1641 1820 1685 1855; x_wconf 90' lang='lat' dir='ltr'><strong>qui</strong></span> <span class='ocrx_word' id='word_1_604' title='bbox 1701 1817 1768 1846; x_wconf 90' lang='lat' dir='ltr'><strong>nihil</strong></span> 
     </span>
    </p>
   </div>
   <div class='ocr_carea' id='block_1_84' title="bbox 982 1869 1767 1905">
    <p class='ocr_par' dir='ltr' id='par_1_84' title="bbox 982 1869 1767 1905">
     <span class='ocr_line' id='line_1_84' title="bbox 982 1869 1767 1905; baseline -0.013 -5"><span class='ocrx_word' id='word_1_605' title='bbox 982 1874 1053 1900; x_wconf 84' lang='lat' dir='ltr'><strong>aliud</strong></span> <span class='ocrx_word' id='word_1_606' title='bbox 1070 1873 1132 1900; x_wconf 90' lang='lat' dir='ltr'><strong>mali</strong></span> <span class='ocrx_word' id='word_1_607' title='bbox 1147 1872 1330 1904; x_wconf 83' lang='lat' dir='ltr'><strong>admisissent,</strong></span> <span class='ocrx_word' id='word_1_608' title='bbox 1348 1878 1428 1905; x_wconf 90' lang='lat' dir='ltr'><strong>quam</strong></span> <span class='ocrx_word' id='word_1_609' title='bbox 1443 1870 1514 1905; x_wconf 88' lang='lat' dir='ltr'><strong>quod</strong></span> <span class='ocrx_word' id='word_1_610' title='bbox 1525 1869 1608 1896; x_wconf 89' lang='lat' dir='ltr'><strong>Deum</strong></span> <span class='ocrx_word' id='word_1_611' title='bbox 1621 1872 1767 1901; x_wconf 88' lang='lat' dir='ltr'><strong>precaren-</strong></span> 
     </span>
    </p>
   </div>
   <div class='ocr_carea' id='block_1_85' title="bbox 983 1909 1766 1947">
    <p class='ocr_par' dir='ltr' id='par_1_85' title="bbox 983 1909 1766 1947">
     <span class='ocr_line' id='line_1_85' title="bbox 983 1909 1766 1947; baseline -0.014 0"><span class='ocrx_word' id='word_1_612' title='bbox 983 1924 1035 1947; x_wconf 85' lang='lat' dir='ltr'><strong>tur.</strong></span> <span class='ocrx_word' id='word_1_613' title='bbox 1057 1918 1121 1946; x_wconf 63' lang='lat' dir='ltr'><strong>llrec</strong></span> <span class='ocrx_word' id='word_1_614' title='bbox 1141 1925 1211 1945; x_wconf 91' lang='lat' dir='ltr'><strong>nunc</strong></span> <span class='ocrx_word' id='word_1_615' title='bbox 1225 1924 1354 1945; x_wconf 88' lang='lat' dir='ltr'><strong>enarrare</strong></span> <span class='ocrx_word' id='word_1_616' title='bbox 1372 1916 1443 1943; x_wconf 78' lang='lat' dir='ltr'><strong>forte</strong></span> <span class='ocrx_word' id='word_1_617' title='bbox 1461 1923 1514 1943; x_wconf 94' lang='lat' dir='ltr'><strong>non</strong></span> <span class='ocrx_word' id='word_1_618' title='bbox 1539 1913 1640 1944; x_wconf 87' lang='lat' dir='ltr'><strong>decet;</strong></span> <span class='ocrx_word' id='word_1_619' title='bbox 1658 1917 1691 1938; x_wconf 87' lang='lat' dir='ltr'><strong>ne</strong></span> <span class='ocrx_word' id='word_1_620' title='bbox 1709 1909 1766 1937; x_wconf 86' lang='lat' dir='ltr'><strong>sola</strong></span> 
     </span>
    </p>
   </div>
   <div class='ocr_carea' id='block_1_86' title="bbox 982 1954 1768 1997">
    <p class='ocr_par' dir='ltr' id='par_1_86' title="bbox 982 1954 1768 1997">
     <span class='ocr_line' id='line_1_86' title="bbox 982 1954 1768 1997; baseline -0.015 -5"><span class='ocrx_word' id='word_1_621' title='bbox 982 1965 1078 1993; x_wconf 90' lang='lat' dir='ltr'><strong>horum</strong></span> <span class='ocrx_word' id='word_1_622' title='bbox 1095 1964 1226 1991; x_wconf 86' lang='lat' dir='ltr'><strong>memoria</strong></span> <span class='ocrx_word' id='word_1_623' title='bbox 1242 1963 1369 1991; x_wconf 88' lang='lat' dir='ltr'><strong>omnibus</strong></span> <span class='ocrx_word' id='word_1_624' title='bbox 1388 1962 1523 1997; x_wconf 86' lang='lat' dir='ltr'><strong>lacrymas</strong></span> <span class='ocrx_word' id='word_1_625' title='bbox 1544 1961 1663 1986; x_wconf 90' lang='lat' dir='ltr'><strong>moveat.</strong></span> <span class='ocrx_word' id='word_1_626' title='bbox 1679 1954 1768 1982; x_wconf 85' lang='lat' dir='ltr'><strong>Tanta</strong></span> 
     </span>
    </p>
   </div>
   <div class='ocr_carea' id='block_1_87' title="bbox 982 1999 1768 2045">
    <p class='ocr_par' dir='ltr' id='par_1_87' title="bbox 982 1999 1768 2045">
     <span class='ocr_line' id='line_1_87' title="bbox 982 1999 1768 2045; baseline -0.015 -8"><span class='ocrx_word' id='word_1_627' title='bbox 982 2010 1080 2045; x_wconf 85' lang='lat' dir='ltr'><strong>quippe</strong></span> <span class='ocrx_word' id='word_1_628' title='bbox 1094 2008 1176 2044; x_wconf 62' lang='grc'><strong>248</strong></span> <span class='ocrx_word' id='word_1_629' title='bbox 1193 2008 1238 2035; x_wconf 86' lang='lat' dir='ltr'><strong>illa</strong></span> <span class='ocrx_word' id='word_1_630' title='bbox 1259 2007 1308 2034; x_wconf 82' lang='lat' dir='ltr'><strong>fuit</strong></span> <span class='ocrx_word' id='word_1_631' title='bbox 1328 2005 1491 2038; x_wconf 83' lang='lat' dir='ltr'><strong>immanitas,</strong></span> <span class='ocrx_word' id='word_1_632' title='bbox 1514 2007 1544 2031; x_wconf 92' lang='lat' dir='ltr'><strong>ut</strong></span> <span class='ocrx_word' id='word_1_633' title='bbox 1561 1999 1681 2038; x_wconf 70' lang='lat' dir='ltr'><strong>virgines</strong></span> <span class='ocrx_word' id='word_1_634' title='bbox 1703 2001 1768 2034; x_wconf 68' lang='lat' dir='ltr'><strong>ipsa:</strong></span> 
     </span>
    </p>
   </div>
   <div class='ocr_carea' id='block_1_88' title="bbox 982 2046 1769 2089">
    <p class='ocr_par' dir='ltr' id='par_1_88' title="bbox 982 2046 1769 2089">
     <span class='ocr_line' id='line_1_88' title="bbox 982 2046 1769 2089; baseline -0.014 -6"><span class='ocrx_word' id='word_1_635' title='bbox 982 2058 1165 2087; x_wconf 83' lang='lat' dir='ltr'><strong>nudarentur,</strong></span> <span class='ocrx_word' id='word_1_636' title='bbox 1187 2061 1300 2089; x_wconf 88' lang='lat' dir='ltr'><strong>corpora</strong></span> <span class='ocrx_word' id='word_1_637' title='bbox 1324 2058 1413 2080; x_wconf 90' lang='lat' dir='ltr'><strong>autem</strong></span> <span class='ocrx_word' id='word_1_638' title='bbox 1440 2059 1532 2079; x_wconf 92' lang='lat' dir='ltr'><strong>eorum</strong></span> <span class='ocrx_word' id='word_1_639' title='bbox 1555 2049 1603 2084; x_wconf 88' lang='lat' dir='ltr'><strong>qui</strong></span> <span class='ocrx_word' id='word_1_640' title='bbox 1632 2048 1658 2075; x_wconf 89' lang='lat' dir='ltr'><strong>vi</strong></span> <span class='ocrx_word' id='word_1_641' title='bbox 1678 2046 1769 2082; x_wconf 76' lang='lat' dir='ltr'><strong>plaga-</strong></span> 
     </span>
    </p>
   </div>
   <div class='ocr_carea' id='block_1_89' title="bbox 982 2093 1767 2132">
    <p class='ocr_par' dir='ltr' id='par_1_89' title="bbox 982 2093 1767 2132">
     <span class='ocr_line' id='line_1_89' title="bbox 982 2093 1767 2132; baseline -0.015 -2"><span class='ocrx_word' id='word_1_642' title='bbox 982 2112 1042 2131; x_wconf 90' lang='lat' dir='ltr'><strong>rum</strong></span> <span class='ocrx_word' id='word_1_643' title='bbox 1054 2101 1180 2129; x_wconf 78' lang='lat' dir='ltr'><strong>exstincti</strong></span> <span class='ocrx_word' id='word_1_644' title='bbox 1206 2100 1324 2132; x_wconf 80' lang='lat' dir='ltr'><strong>fuerant,</strong></span> <span class='ocrx_word' id='word_1_645' title='bbox 1353 2107 1406 2126; x_wconf 91' lang='lat' dir='ltr'><strong>non</strong></span> <span class='ocrx_word' id='word_1_646' title='bbox 1431 2098 1522 2126; x_wconf 89' lang='lat' dir='ltr'><strong>statim</strong></span> <span class='ocrx_word' id='word_1_647' title='bbox 1539 2096 1571 2123; x_wconf 90' lang='lat' dir='ltr'><strong>ad</strong></span> <span class='ocrx_word' id='word_1_648' title='bbox 1598 2093 1767 2129; x_wconf 84' lang='lat' dir='ltr'><strong>sepulturam</strong></span> 
     </span>
    </p>
   </div>
   <div class='ocr_carea' id='block_1_90' title="bbox 983 2140 1768 2179">
    <p class='ocr_par' dir='ltr' id='par_1_90' title="bbox 983 2140 1768 2179">
     <span class='ocr_line' id='line_1_90' title="bbox 983 2140 1768 2179; baseline -0.015 -3"><span class='ocrx_word' id='word_1_649' title='bbox 983 2150 1167 2179; x_wconf 82' lang='lat' dir='ltr'><strong>traderentur,</strong></span> <span class='ocrx_word' id='word_1_650' title='bbox 1183 2147 1232 2174; x_wconf 89' lang='lat' dir='ltr'><strong>sed</strong></span> <span class='ocrx_word' id='word_1_651' title='bbox 1246 2146 1313 2173; x_wconf 83' lang='lat' dir='ltr'><strong>foris</strong></span> <span class='ocrx_word' id='word_1_652' title='bbox 1332 2145 1445 2172; x_wconf 86' lang='lat' dir='ltr'><strong>canibus</strong></span> <span class='ocrx_word' id='word_1_653' title='bbox 1458 2143 1666 2178; x_wconf 85' lang='lat' dir='ltr'><strong>projicerenlur,</strong></span> <span class='ocrx_word' id='word_1_654' title='bbox 1681 2140 1768 2166; x_wconf 85' lang='lat' dir='ltr'><strong>donec</strong></span> 
     </span>
    </p>
   </div>
   <div class='ocr_carea' id='block_1_91' title="bbox 983 2184 1767 2230">
    <p class='ocr_par' dir='ltr' id='par_1_91' title="bbox 983 2184 1767 2230">
     <span class='ocr_line' id='line_1_91' title="bbox 983 2184 1767 2230; baseline -0.017 -8"><span class='ocrx_word' id='word_1_655' title='bbox 983 2203 1044 2222; x_wconf 85' lang='lat' dir='ltr'><strong>cum</strong></span> <span class='ocrx_word' id='word_1_656' title='bbox 1059 2194 1162 2230; x_wconf 84' lang='lat' dir='ltr'><strong>ingenti</strong></span> <span class='ocrx_word' id='word_1_657' title='bbox 1174 2191 1294 2228; x_wconf 87' lang='lat' dir='ltr'><strong>periculo</strong></span> <span class='ocrx_word' id='word_1_658' title='bbox 1312 2191 1419 2225; x_wconf 70' lang='lat' dir='ltr'><strong>cognati</strong></span> <span class='ocrx_word' id='word_1_659' title='bbox 1438 2197 1549 2217; x_wconf 90' lang='lat' dir='ltr'><strong>suorum</strong></span> <span class='ocrx_word' id='word_1_660' title='bbox 1567 2193 1682 2221; x_wconf 88' lang='lat' dir='ltr'><strong>corpora</strong></span> <span class='ocrx_word' id='word_1_661' title='bbox 1696 2184 1767 2211; x_wconf 85' lang='lat' dir='ltr'><strong>clam</strong></span> 
     </span>
    </p>
   </div>
   <div class='ocr_carea' id='block_1_92' title="bbox 144 2234 928 2280">
    <p class='ocr_par' dir='ltr' id='par_1_92' title="bbox 144 2239 928 2276">
     <span class='ocr_line' id='line_1_92' title="bbox 144 2239 928 2276; baseline 0.004 -10"><span class='ocrx_word' id='word_1_662' title='bbox 144 2248 186 2266; x_wconf 89' lang='grc' dir='ltr'><strong>σιν</strong></span> <span class='ocrx_word' id='word_1_663' title='bbox 199 2239 224 2266; x_wconf 85' lang='grc' dir='ltr'>οἱ</span> <span class='ocrx_word' id='word_1_664' title='bbox 239 2240 332 2265; x_wconf 86' lang='grc' dir='ltr'>οἰκεῖοι</span> <span class='ocrx_word' id='word_1_665' title='bbox 348 2239 382 2265; x_wconf 84' lang='grc' dir='ltr'><strong>τὰ</strong></span> <span class='ocrx_word' id='word_1_666' title='bbox 403 2239 456 2266; x_wconf 81' lang='grc' dir='ltr'>τῶν</span> <span class='ocrx_word' id='word_1_667' title='bbox 479 2240 551 2266; x_wconf 86' lang='grc' dir='ltr'>ἰδίων</span> <span class='ocrx_word' id='word_1_668' title='bbox 571 2240 696 2276; x_wconf 76' lang='grc' dir='ltr'>σώματα,</span> <span class='ocrx_word' id='word_1_669' title='bbox 714 2242 760 2268; x_wconf 75' lang='grc' dir='ltr'><strong>καὶ</strong></span> <span class='ocrx_word' id='word_1_670' title='bbox 781 2242 864 2274; x_wconf 81' lang='grc' dir='ltr'>πολὺς</span> <span class='ocrx_word' id='word_1_671' title='bbox 882 2243 928 2270; x_wconf 82' lang='grc' dir='ltr'>κά-</span> 
     </span>
    </p>
   </div>
   <div class='ocr_carea' id='block_1_93' title="bbox 977 2234 1768 2280">
    <p class='ocr_par' dir='ltr' id='par_1_93' title="bbox 984 2234 1768 2274">
     <span class='ocr_line' id='line_1_93' title="bbox 984 2234 1768 2274; baseline -0.015 -5"><span class='ocrx_word' id='word_1_672' title='bbox 984 2241 1182 2270; x_wconf 87' lang='lat' dir='ltr'><strong>subducerent:</strong></span> <span class='ocrx_word' id='word_1_673' title='bbox 1196 2239 1242 2274; x_wconf 93' lang='lat' dir='ltr'><strong>qui</strong></span> <span class='ocrx_word' id='word_1_674' title='bbox 1259 2238 1328 2266; x_wconf 89' lang='lat' dir='ltr'><strong>haud</strong></span> <span class='ocrx_word' id='word_1_675' title='bbox 1341 2238 1401 2265; x_wconf 90' lang='lat' dir='ltr'><strong>sine</strong></span> <span class='ocrx_word' id='word_1_676' title='bbox 1415 2243 1511 2271; x_wconf 80' lang='lat' dir='ltr'><strong>magno</strong></span> <span class='ocrx_word' id='word_1_677' title='bbox 1523 2234 1616 2262; x_wconf 90' lang='lat' dir='ltr'><strong>labore</strong></span> <span class='ocrx_word' id='word_1_678' title='bbox 1628 2234 1768 2263; x_wconf 89' lang='lat' dir='ltr'><strong>curarunt,</strong></span> 
     </span>
    </p>
   </div>
   <div class='ocr_carea' id='block_1_94' title="bbox 144 2284 881 2324">
    <p class='ocr_par' dir='ltr' id='par_1_94' title="bbox 144 2284 881 2324">
     <span class='ocr_line' id='line_1_94' title="bbox 144 2284 881 2324; baseline 0.008 -15"><span class='ocrx_word' id='word_1_679' title='bbox 144 2293 228 2320; x_wconf 88' lang='grc' dir='ltr'>ματος</span> <span class='ocrx_word' id='word_1_680' title='bbox 248 2284 359 2319; x_wconf 88' lang='grc' dir='ltr'>γένηται</span> <span class='ocrx_word' id='word_1_681' title='bbox 378 2285 424 2312; x_wconf 77' lang='grc' dir='ltr'>τοῦ</span> <span class='ocrx_word' id='word_1_682' title='bbox 442 2286 543 2322; x_wconf 81' lang='grc' dir='ltr'>μηδένα</span> <span class='ocrx_word' id='word_1_683' title='bbox 564 2287 665 2321; x_wconf 85' lang='grc' dir='ltr'>γνῶναι</span> <span class='ocrx_word' id='word_1_684' title='bbox 686 2288 749 2324; x_wconf 76' lang='grc' dir='ltr'>περὶ</span> <span class='ocrx_word' id='word_1_685' title='bbox 770 2288 881 2315; x_wconf 77' lang='grc' dir='ltr'>τούτων.</span> 
     </span>
    </p>
   </div>
   <div class='ocr_carea' id='block_1_95' title="bbox 178 2330 931 2370">
    <p class='ocr_par' dir='ltr' id='par_1_95' title="bbox 178 2330 931 2370">
     <span class='ocr_line' id='line_1_95' title="bbox 178 2330 931 2370; baseline 0.005 -13"><span class='ocrx_word' id='word_1_686' title='bbox 178 2331 221 2357; x_wconf 76' lang='grc'><strong>28.</strong></span> <span class='ocrx_word' id='word_1_687' title='bbox 242 2330 321 2358; x_wconf 80' lang='grc' dir='ltr'>Τὰ.δὲ</span> <span class='ocrx_word' id='word_1_688' title='bbox 335 2331 401 2358; x_wconf 77' lang='grc' dir='ltr'>ἄλλα</span> <span class='ocrx_word' id='word_1_689' title='bbox 415 2331 449 2359; x_wconf 81' lang='grc' dir='ltr'><strong>τὰ</strong></span> <span class='ocrx_word' id='word_1_690' title='bbox 471 2333 604 2369; x_wconf 83' lang='grc' dir='ltr'>γενόμενα</span> <span class='ocrx_word' id='word_1_691' title='bbox 621 2333 685 2365; x_wconf 74' lang='grc' dir='ltr'>ἴσως</span> <span class='ocrx_word' id='word_1_692' title='bbox 704 2334 754 2370; x_wconf 80' lang='grc' dir='ltr'>μὲν</span> <span class='ocrx_word' id='word_1_693' title='bbox 773 2334 874 2361; x_wconf 81' lang='grc' dir='ltr'>ἄπιστα</span> <span class='ocrx_word' id='word_1_694' title='bbox 889 2343 931 2361; x_wconf 90' lang='grc' dir='ltr'>νο-</span> 
     </span>
    </p>
   </div>
   <div class='ocr_carea' id='block_1_96' title="bbox 145 2377 931 2416">
    <p class='ocr_par' dir='ltr' id='par_1_96' title="bbox 145 2377 931 2416">
     <span class='ocr_line' id='line_1_96' title="bbox 145 2377 931 2416; baseline 0.005 -13"><span class='ocrx_word' id='word_1_695' title='bbox 145 2377 315 2412; x_wconf 84' lang='grc' dir='ltr'>μισθήσεται,</span> <span class='ocrx_word' id='word_1_696' title='bbox 332 2378 378 2404; x_wconf 78' lang='grc' dir='ltr'><strong>καὶ</strong></span> <span class='ocrx_word' id='word_1_697' title='bbox 395 2378 498 2410; x_wconf 79' lang='grc' dir='ltr'>πάντας</span> <span class='ocrx_word' id='word_1_698' title='bbox 514 2379 645 2415; x_wconf 78' lang='grc' dir='ltr'>ἐκπλήξει</span> <span class='ocrx_word' id='word_1_699' title='bbox 658 2379 702 2406; x_wconf 83' lang='grc' dir='ltr'><strong>διὰ</strong></span> <span class='ocrx_word' id='word_1_700' title='bbox 718 2380 766 2416; x_wconf 82' lang='grc' dir='ltr'>τὴν</span> <span class='ocrx_word' id='word_1_701' title='bbox 779 2380 931 2416; x_wconf 83' lang='grc' dir='ltr'>ὑπερϐολὴν</span> 
     </span>
    </p>
   </div>
   <div class='ocr_carea' id='block_1_97' title="bbox 142 2423 930 2463">
    <p class='ocr_par' dir='ltr' id='par_1_97' title="bbox 142 2423 930 2463">
     <span class='ocr_line' id='line_1_97' title="bbox 142 2423 930 2463; baseline 0.006 -14"><span class='ocrx_word' id='word_1_702' title='bbox 142 2423 190 2449; x_wconf 84' lang='grc' dir='ltr'>τοῦ</span> <span class='ocrx_word' id='word_1_703' title='bbox 208 2423 317 2459; x_wconf 84' lang='grc' dir='ltr'>μύσους.</span> <span class='ocrx_word' id='word_1_704' title='bbox 350 2424 508 2460; x_wconf 82' lang='grc' dir='ltr'>Ἀναγκαῖον</span> <span class='ocrx_word' id='word_1_705' title='bbox 530 2425 559 2452; x_wconf 81' lang='grc' dir='ltr'><strong>δέ</strong></span> <span class='ocrx_word' id='word_1_706' title='bbox 578 2426 653 2461; x_wconf 79' lang='grc' dir='ltr'>ὅμως</span> <span class='ocrx_word' id='word_1_707' title='bbox 677 2427 776 2458; x_wconf 82' lang='grc' dir='ltr'>εἰπεῖν,</span> <span class='ocrx_word' id='word_1_708' title='bbox 794 2427 838 2453; x_wconf 78' lang='grc' dir='ltr'>ἵνα</span> <span class='ocrx_word' id='word_1_709' title='bbox 857 2428 874 2462; x_wconf 86' lang='grc' dir='ltr'>ἡ</span> <span class='ocrx_word' id='word_1_710' title='bbox 897 2427 930 2463; x_wconf 85' lang='grc' dir='ltr'>σὴ</span> 
     </span>
    </p>
   </div>
   <div class='ocr_carea' id='block_1_98' title="bbox 143 2468 931 2506">
    <p class='ocr_par' dir='ltr' id='par_1_98' title="bbox 143 2468 931 2506">
     <span class='ocr_line' id='line_1_98' title="bbox 143 2468 931 2506; baseline 0.003 -11"><span class='ocrx_word' id='word_1_711' title='bbox 143 2468 314 2504; x_wconf 77' lang='grc' dir='ltr'>φιλόχριστος</span> <span class='ocrx_word' id='word_1_712' title='bbox 329 2468 430 2505; x_wconf 80' lang='grc' dir='ltr'>σπουδὴ</span> <span class='ocrx_word' id='word_1_713' title='bbox 445 2469 492 2496; x_wconf 69' lang='grc' dir='ltr'>καὶ</span> <span class='ocrx_word' id='word_1_714' title='bbox 509 2469 650 2497; x_wconf 85' lang='grc' dir='ltr'>θεοσέϐεια</span> <span class='ocrx_word' id='word_1_715' title='bbox 671 2471 754 2506; x_wconf 81' lang='grc' dir='ltr'>μάθῃ,</span> <span class='ocrx_word' id='word_1_716' title='bbox 771 2470 809 2502; x_wconf 85' lang='grc' dir='ltr'>ὡς</span> <span class='ocrx_word' id='word_1_717' title='bbox 823 2470 850 2497; x_wconf 85' lang='grc' dir='ltr'><strong>αί</strong></span> <span class='ocrx_word' id='word_1_718' title='bbox 868 2470 931 2497; x_wconf 77' lang='grc' dir='ltr'>καθ’</span> 
     </span>
    </p>
   </div>
   <div class='ocr_carea' id='block_1_99' title="bbox 142 2514 932 2551">
    <p class='ocr_par' dir='ltr' id='par_1_99' title="bbox 142 2514 932 2551">
     <span class='ocr_line' id='line_1_99' title="bbox 142 2514 932 2551; baseline 0.003 -10"><span class='ocrx_word' id='word_1_719' title='bbox 142 2514 222 2550; x_wconf 84' lang='grc' dir='ltr'>ἡμῶν</span> <span class='ocrx_word' id='word_1_720' title='bbox 235 2514 356 2542; x_wconf 76' lang='grc' dir='ltr'>διαϐολαὶ</span> <span class='ocrx_word' id='word_1_721' title='bbox 375 2515 422 2542; x_wconf 67' lang='grc' dir='ltr'>καὶ</span> <span class='ocrx_word' id='word_1_722' title='bbox 438 2516 615 2551; x_wconf 82' lang='grc' dir='ltr'>συκοφαντίαι</span> <span class='ocrx_word' id='word_1_723' title='bbox 634 2516 668 2543; x_wconf 83' lang='grc' dir='ltr'>δι’</span> <span class='ocrx_word' id='word_1_724' title='bbox 688 2517 763 2543; x_wconf 80' lang='grc' dir='ltr'>οὐδὲν</span> <span class='ocrx_word' id='word_1_725' title='bbox 779 2515 872 2551; x_wconf 73' lang='grc' dir='ltr'>ἕτερον</span> <span class='ocrx_word' id='word_1_726' title='bbox 887 2524 932 2551; x_wconf 90' lang='grc' dir='ltr'>γε-</span> 
     </span>
    </p>
   </div>
   <div class='ocr_carea' id='block_1_100' title="bbox 143 2560 930 2598">
    <p class='ocr_par' dir='ltr' id='par_1_100' title="bbox 143 2560 930 2598">
     <span class='ocr_line' id='line_1_100' title="bbox 143 2560 930 2598; baseline 0.003 -11"><span class='ocrx_word' id='word_1_727' title='bbox 143 2560 282 2597; x_wconf 84' lang='grc' dir='ltr'>γόνασινῆ</span> <span class='ocrx_word' id='word_1_728' title='bbox 304 2561 348 2588; x_wconf 79' lang='grc' dir='ltr'><strong>ἵνα</strong></span> <span class='ocrx_word' id='word_1_729' title='bbox 362 2562 437 2597; x_wconf 83' lang='grc' dir='ltr'>ἡμᾶς</span> <span class='ocrx_word' id='word_1_730' title='bbox 458 2562 506 2598; x_wconf 83' lang='grc' dir='ltr'>μὲν</span> <span class='ocrx_word' id='word_1_731' title='bbox 520 2562 655 2590; x_wconf 83' lang='grc' dir='ltr'>ἐκϐάλωσι</span> <span class='ocrx_word' id='word_1_732' title='bbox 675 2562 729 2590; x_wconf 84' lang='grc' dir='ltr'><strong>τῶν</strong></span> <span class='ocrx_word' id='word_1_733' title='bbox 751 2561 930 2598; x_wconf 84' lang='grc' dir='ltr'>Ἑκκλησιῶν,</span> 
     </span>
    </p>
   </div>
   <div class='ocr_carea' id='block_1_101' title="bbox 144 2607 932 2646">
    <p class='ocr_par' dir='ltr' id='par_1_101' title="bbox 144 2607 932 2646">
     <span class='ocr_line' id='line_1_101' title="bbox 144 2607 932 2646; baseline 0.005 -12"><span class='ocrx_word' id='word_1_734' title='bbox 144 2607 194 2643; x_wconf 82' lang='grc' dir='ltr'><strong>τὴν</strong></span> <span class='ocrx_word' id='word_1_735' title='bbox 206 2607 234 2635; x_wconf 79' lang='grc' dir='ltr'>δὲ</span> <span class='ocrx_word' id='word_1_736' title='bbox 257 2607 323 2635; x_wconf 77' lang='grc' dir='ltr'>ἰδίαν</span> <span class='ocrx_word' id='word_1_737' title='bbox 337 2608 464 2636; x_wconf 83' lang='grc' dir='ltr'>ἀσέϐειαν</span> <span class='ocrx_word' id='word_1_738' title='bbox 482 2610 694 2645; x_wconf 80' lang='grc' dir='ltr'>ἀντεισενεγκεῖν</span> <span class='ocrx_word' id='word_1_739' title='bbox 710 2609 853 2646; x_wconf 85' lang='grc' dir='ltr'>δυνηθῶσι.</span> <span class='ocrx_word' id='word_1_740' title='bbox 871 2609 932 2638; x_wconf 87' lang='grc' dir='ltr'>Τῶν</span> 
     </span>
    </p>
   </div>
   <div class='ocr_carea' id='block_1_102' title="bbox 173 2668 418 2703">
    <p class='ocr_par' dir='ltr' id='par_1_102' title="bbox 173 2668 418 2703">
     <span class='ocr_line' id='line_1_102' title="bbox 173 2668 418 2703; baseline 0 -7"><span class='ocrx_word' id='word_1_741' title='bbox 173 2668 197 2685; x_wconf 80' lang='grc'><strong>’⁸</strong></span> <span class='ocrx_word' id='word_1_742' title='bbox 208 2668 289 2698; x_wconf 85' lang='lat' dir='ltr'><strong>Prov.</strong></span> <span class='ocrx_word' id='word_1_743' title='bbox 301 2676 360 2703; x_wconf 79' lang='lat' dir='ltr'><strong>xvr,</strong></span> <span class='ocrx_word' id='word_1_744' title='bbox 373 2669 418 2697; x_wconf 70' lang='grc'><strong>13.</strong></span> 
     </span>
    </p>
   </div>
   <div class='ocr_carea' id='block_1_103' title="bbox 173 2725 715 2796">
    <p class='ocr_par' dir='ltr' id='par_1_103' title="bbox 173 2725 715 2796">
     <span class='ocr_line' id='line_1_103' title="bbox 173 2725 715 2796; baseline 0.002 -43"><span class='ocrx_word' id='word_1_745' title='bbox 173 2725 219 2796; x_wconf 32' lang='lat' dir='ltr'><strong>id;</strong></span> <span class='ocrx_word' id='word_1_746' title='bbox 236 2725 274 2753; x_wconf 84' lang='lat' dir='ltr'><strong>tta</strong></span> <span class='ocrx_word' id='word_1_747' title='bbox 292 2725 360 2761; x_wconf 75' lang='lat' dir='ltr'><strong>Reg.</strong></span> <span class='ocrx_word' id='word_1_748' title='bbox 372 2726 401 2754; x_wconf 79' lang='grc' dir='ltr'><strong>ιιι</strong></span> <span class='ocrx_word' id='word_1_749' title='bbox 411 2725 492 2753; x_wconf 85' lang='lat' dir='ltr'><strong>editis</strong></span> <span class='ocrx_word' id='word_1_750' title='bbox 507 2732 573 2754; x_wconf 86' lang='lat' dir='ltr'><strong>vero</strong></span> <span class='ocrx_word' id='word_1_751' title='bbox 586 2725 616 2753; x_wconf 88' lang='grc' dir='ltr'><strong>ἐν</strong></span> <span class='ocrx_word' id='word_1_752' title='bbox 630 2725 715 2754; x_wconf 86' lang='lat' dir='ltr'><strong>deest.</strong></span> 
     </span>
     <span class='ocr_line' id='line_1_104' title="bbox 193 2761 715 2796; baseline 0.002 -8"><span class='ocrx_word' id='word_1_753' title='bbox 193 2762 207 2788; x_wconf 77' lang='lat'><strong>5</strong></span> <span class='ocrx_word' id='word_1_754' title='bbox 232 2761 313 2796; x_wconf 56' lang='grc' dir='ltr'>[ἰείη</span> <span class='ocrx_word' id='word_1_755' title='bbox 336 2761 386 2796; x_wconf 85' lang='grc' dir='ltr'><strong>τῆς</strong></span> <span class='ocrx_word' id='word_1_756' title='bbox 409 2761 563 2796; x_wconf 82' lang='grc' dir='ltr'>Ἀκυληίας.</span> <span class='ocrx_word' id='word_1_757' title='bbox 587 2762 658 2790; x_wconf 84' lang='lat' dir='ltr'><strong>Editi</strong></span> <span class='ocrx_word' id='word_1_758' title='bbox 684 2770 715 2789; x_wconf 91' lang='lat' dir='ltr'><strong>ve</strong></span> 
     </span>
    </p>
   </div>
   <div class='ocr_carea' id='block_1_104' title="bbox 143 2725 930 2833">
    <p class='ocr_par' dir='ltr' id='par_1_104' title="bbox 143 2725 930 2833">
     <span class='ocr_line' id='line_1_105' title="bbox 173 2725 715 2796; baseline 0.004 -44"><span class='ocrx_word' id='word_1_759' title='bbox 173 2741 178 2759; x_wconf 69' lang='grc' dir='ltr'>ι</span> <span class='ocrx_word' id='word_1_760' title='bbox 236 2725 274 2753; x_wconf 86' lang='lat' dir='ltr'><strong>Ita</strong></span> <span class='ocrx_word' id='word_1_761' title='bbox 292 2725 401 2768; x_wconf 41' lang='lat' dir='ltr'><strong>Regzln</strong></span> <span class='ocrx_word' id='word_1_762' title='bbox 411 2725 492 2753; x_wconf 88' lang='lat' dir='ltr'><strong>editis</strong></span> <span class='ocrx_word' id='word_1_763' title='bbox 507 2732 573 2754; x_wconf 88' lang='lat' dir='ltr'><strong>vero</strong></span> <span class='ocrx_word' id='word_1_764' title='bbox 586 2725 616 2753; x_wconf 84' lang='grc' dir='ltr'><strong>ἐν</strong></span> <span class='ocrx_word' id='word_1_765' title='bbox 630 2725 715 2754; x_wconf 86' lang='lat' dir='ltr'><strong>deest.</strong></span> 
     </span>
     <span class='ocr_line' id='line_1_106' title="bbox 143 2725 930 2833; baseline 0 -45"><span class='ocrx_word' id='word_1_766' title='bbox 143 2725 313 2833; x_wconf 41' lang='lat' dir='ltr'><strong>lnggcdleg&quot;</strong></span> <span class='ocrx_word' id='word_1_767' title='bbox 336 2770 386 2797; x_wconf 85' lang='grc' dir='ltr'><strong>της</strong></span> <span class='ocrx_word' id='word_1_768' title='bbox 409 2761 563 2797; x_wconf 82' lang='grc' dir='ltr'>Ἀκυληίας.</span> <span class='ocrx_word' id='word_1_769' title='bbox 587 2762 658 2790; x_wconf 84' lang='lat' dir='ltr'><strong>Editi</strong></span> <span class='ocrx_word' id='word_1_770' title='bbox 684 2769 759 2795; x_wconf 91' lang='lat' dir='ltr'><strong>vero,</strong></span> <span class='ocrx_word' id='word_1_771' title='bbox 776 2760 831 2791; x_wconf 84' lang='grc' dir='ltr'><strong>τῶν</strong></span> <span class='ocrx_word' id='word_1_772' title='bbox 849 2761 930 2788; x_wconf 82' lang='grc' dir='ltr'>Ἀκυ-</span> 
     </span>
    </p>
   </div>
   <div class='ocr_carea' id='block_1_105' title="bbox 144 2816 931 2873">
    <p class='ocr_par' dir='ltr' id='par_1_105' title="bbox 144 2816 931 2873">
     <span class='ocr_line' id='line_1_107' title="bbox 144 2816 931 2873; baseline 0 -14"><span class='ocrx_word' id='word_1_773' title='bbox 144 2816 262 2873; x_wconf 39' lang='lat' dir='ltr'><strong>fulgida</strong></span> <span class='ocrx_word' id='word_1_774' title='bbox 276 2831 356 2873; x_wconf 76' lang='lat' dir='ltr'><strong>editis</strong></span> <span class='ocrx_word' id='word_1_775' title='bbox 368 2837 429 2867; x_wconf 82' lang='lat' dir='ltr'><strong>post</strong></span> <span class='ocrx_word' id='word_1_776' title='bbox 448 2829 516 2861; x_wconf 75' lang='grc' dir='ltr'>Εἶτα</span> <span class='ocrx_word' id='word_1_777' title='bbox 528 2832 626 2869; x_wconf 72' lang='lat' dir='ltr'><strong>legitur</strong></span> <span class='ocrx_word' id='word_1_778' title='bbox 641 2832 687 2860; x_wconf 83' lang='grc' dir='ltr'><strong>καί</strong></span> <span class='ocrx_word' id='word_1_779' title='bbox 701 2852 708 2868; x_wconf 87' lang='grc'><strong>,</strong></span> <span class='ocrx_word' id='word_1_780' title='bbox 725 2832 772 2863; x_wconf 85' lang='lat' dir='ltr'><strong>sed</strong></span> <span class='ocrx_word' id='word_1_781' title='bbox 787 2840 847 2861; x_wconf 84' lang='lat' dir='ltr'><strong>cum</strong></span> <span class='ocrx_word' id='word_1_782' title='bbox 861 2831 931 2860; x_wconf 85' lang='lat' dir='ltr'><strong>desit</strong></span> 
     </span>
    </p>
   </div>
   <div class='ocr_carea' id='block_1_106' title="bbox 144 2867 465 2907">
    <p class='ocr_par' dir='ltr' id='par_1_106' title="bbox 144 2867 465 2907">
     <span class='ocr_line' id='line_1_108' title="bbox 144 2867 465 2907; baseline -0.006 -10"><span class='ocrx_word' id='word_1_783' title='bbox 144 2867 173 2907; x_wconf 73' lang='lat' dir='ltr'><strong>in</strong></span> <span class='ocrx_word' id='word_1_784' title='bbox 188 2867 254 2903; x_wconf 73' lang='lat' dir='ltr'><strong>Heg.</strong></span> <span class='ocrx_word' id='word_1_785' title='bbox 269 2867 399 2897; x_wconf 87' lang='lat' dir='ltr'><strong>omissum</strong></span> <span class='ocrx_word' id='word_1_786' title='bbox 415 2873 465 2896; x_wconf 87' lang='lat' dir='ltr'><strong>est.</strong></span> 
     </span>
    </p>
   </div>
   <div class='ocr_carea' id='block_1_107' title="bbox 985 2285 1376 2320">
    <p class='ocr_par' dir='ltr' id='par_1_107' title="bbox 985 2285 1376 2320">
     <span class='ocr_line' id='line_1_109' title="bbox 985 2285 1376 2320; baseline -0.013 -6"><span class='ocrx_word' id='word_1_787' title='bbox 985 2293 1019 2314; x_wconf 90' lang='lat' dir='ltr'><strong>ne</strong></span> <span class='ocrx_word' id='word_1_788' title='bbox 1032 2285 1148 2320; x_wconf 84' lang='lat' dir='ltr'><strong>cuipiam</strong></span> <span class='ocrx_word' id='word_1_789' title='bbox 1165 2289 1228 2312; x_wconf 86' lang='lat' dir='ltr'><strong>nota</strong></span> <span class='ocrx_word' id='word_1_790' title='bbox 1241 2291 1285 2311; x_wconf 86' lang='lat' dir='ltr'><strong>res</strong></span> <span class='ocrx_word' id='word_1_791' title='bbox 1295 2288 1376 2310; x_wconf 90' lang='lat' dir='ltr'><strong>esset.</strong></span> 
     </span>
    </p>
   </div>
   <div class='ocr_carea' id='block_1_108' title="bbox 1021 2321 1767 2364">
    <p class='ocr_par' dir='ltr' id='par_1_108' title="bbox 1021 2321 1767 2364">
     <span class='ocr_line' id='line_1_110' title="bbox 1021 2321 1767 2364; baseline -0.015 -6"><span class='ocrx_word' id='word_1_792' title='bbox 1021 2331 1067 2358; x_wconf 68' lang='lat'><strong>28.</strong></span> <span class='ocrx_word' id='word_1_793' title='bbox 1088 2330 1201 2364; x_wconf 79' lang='lat' dir='ltr'><strong>Reliqua</strong></span> <span class='ocrx_word' id='word_1_794' title='bbox 1222 2334 1310 2356; x_wconf 88' lang='lat' dir='ltr'><strong>autem</strong></span> <span class='ocrx_word' id='word_1_795' title='bbox 1335 2325 1434 2361; x_wconf 81' lang='lat' dir='ltr'><strong>ﬂagitia</strong></span> <span class='ocrx_word' id='word_1_796' title='bbox 1452 2324 1581 2361; x_wconf 83' lang='lat' dir='ltr'><strong>ejusmodi</strong></span> <span class='ocrx_word' id='word_1_797' title='bbox 1605 2326 1666 2351; x_wconf 90' lang='lat' dir='ltr'><strong>sunt</strong></span> <span class='ocrx_word' id='word_1_798' title='bbox 1681 2327 1710 2349; x_wconf 90' lang='lat' dir='ltr'><strong>ut</strong></span> <span class='ocrx_word' id='word_1_799' title='bbox 1724 2321 1767 2348; x_wconf 91' lang='lat' dir='ltr'><strong>in-</strong></span> 
     </span>
    </p>
   </div>
   <div class='ocr_carea' id='block_1_109' title="bbox 984 2367 1769 2406">
    <p class='ocr_par' dir='ltr' id='par_1_109' title="bbox 984 2367 1769 2406">
     <span class='ocr_line' id='line_1_111' title="bbox 984 2367 1769 2406; baseline -0.017 -2"><span class='ocrx_word' id='word_1_800' title='bbox 984 2376 1123 2404; x_wconf 87' lang='lat' dir='ltr'><strong>credibilia</strong></span> <span class='ocrx_word' id='word_1_801' title='bbox 1146 2375 1216 2402; x_wconf 82' lang='lat' dir='ltr'><strong>forte</strong></span> <span class='ocrx_word' id='word_1_802' title='bbox 1235 2375 1389 2406; x_wconf 84' lang='lat' dir='ltr'><strong>videantur,</strong></span> <span class='ocrx_word' id='word_1_803' title='bbox 1407 2372 1587 2404; x_wconf 87' lang='lat' dir='ltr'><strong>omnibusque</strong></span> <span class='ocrx_word' id='word_1_804' title='bbox 1610 2369 1645 2396; x_wconf 91' lang='lat' dir='ltr'><strong>ob</strong></span> <span class='ocrx_word' id='word_1_805' title='bbox 1665 2367 1769 2394; x_wconf 81' lang='lat' dir='ltr'><strong>facino-</strong></span> 
     </span>
    </p>
   </div>
   <div class='ocr_carea' id='block_1_110' title="bbox 984 2414 1767 2453">
    <p class='ocr_par' dir='ltr' id='par_1_110' title="bbox 984 2414 1767 2453">
     <span class='ocr_line' id='line_1_112' title="bbox 984 2414 1767 2453; baseline -0.015 -3"><span class='ocrx_word' id='word_1_806' title='bbox 984 2430 1043 2450; x_wconf 88' lang='lat' dir='ltr'><strong>rum</strong></span> <span class='ocrx_word' id='word_1_807' title='bbox 1061 2421 1230 2449; x_wconf 86' lang='lat' dir='ltr'><strong>atrocilatcm</strong></span> <span class='ocrx_word' id='word_1_808' title='bbox 1244 2425 1378 2453; x_wconf 86' lang='lat' dir='ltr'><strong>stuporem</strong></span> <span class='ocrx_word' id='word_1_809' title='bbox 1398 2418 1520 2445; x_wconf 83' lang='lat' dir='ltr'><strong>ail&#39;crant.</strong></span> <span class='ocrx_word' id='word_1_810' title='bbox 1546 2414 1661 2442; x_wconf 87' lang='lat' dir='ltr'><strong>Necesse</strong></span> <span class='ocrx_word' id='word_1_811' title='bbox 1679 2417 1767 2440; x_wconf 83' lang='lat' dir='ltr'><strong>tamen</strong></span> 
     </span>
    </p>
   </div>
   <div class='ocr_carea' id='block_1_111' title="bbox 985 2457 1768 2498">
    <p class='ocr_par' dir='ltr' id='par_1_111' title="bbox 985 2457 1768 2498">
     <span class='ocr_line' id='line_1_113' title="bbox 985 2457 1768 2498; baseline -0.017 -1"><span class='ocrx_word' id='word_1_812' title='bbox 985 2474 1026 2498; x_wconf 87' lang='lat' dir='ltr'><strong>est</strong></span> <span class='ocrx_word' id='word_1_813' title='bbox 1040 2476 1071 2496; x_wconf 85' lang='lat' dir='ltr'><strong>ea</strong></span> <span class='ocrx_word' id='word_1_814' title='bbox 1087 2474 1226 2498; x_wconf 85' lang='lat' dir='ltr'><strong>enarrare,</strong></span> <span class='ocrx_word' id='word_1_815' title='bbox 1243 2471 1272 2493; x_wconf 88' lang='lat' dir='ltr'><strong>ut</strong></span> <span class='ocrx_word' id='word_1_816' title='bbox 1291 2470 1336 2492; x_wconf 86' lang='lat' dir='ltr'><strong>tua</strong></span> <span class='ocrx_word' id='word_1_817' title='bbox 1352 2464 1460 2492; x_wconf 88' lang='lat' dir='ltr'><strong>Christo</strong></span> <span class='ocrx_word' id='word_1_818' title='bbox 1480 2461 1585 2490; x_wconf 83' lang='lat' dir='ltr'><strong>addicta</strong></span> <span class='ocrx_word' id='word_1_819' title='bbox 1612 2467 1676 2488; x_wconf 90' lang='lat' dir='ltr'><strong>cura</strong></span> <span class='ocrx_word' id='word_1_820' title='bbox 1704 2457 1768 2485; x_wconf 88' lang='lat' dir='ltr'><strong>reli-</strong></span> 
     </span>
    </p>
   </div>
   <div class='ocr_carea' id='block_1_112' title="bbox 985 2507 1768 2552">
    <p class='ocr_par' dir='ltr' id='par_1_112' title="bbox 985 2507 1768 2552">
     <span class='ocr_line' id='line_1_114' title="bbox 985 2507 1768 2552; baseline -0.019 -8"><span class='ocrx_word' id='word_1_821' title='bbox 985 2517 1083 2552; x_wconf 75' lang='lat' dir='ltr'><strong>gioque</strong></span> <span class='ocrx_word' id='word_1_822' title='bbox 1111 2515 1218 2545; x_wconf 84' lang='lat' dir='ltr'><strong>discat,</strong></span> <span class='ocrx_word' id='word_1_823' title='bbox 1244 2511 1449 2539; x_wconf 87' lang='lat' dir='ltr'><strong>criminationes</strong></span> <span class='ocrx_word' id='word_1_824' title='bbox 1481 2507 1684 2549; x_wconf 81' lang='lat' dir='ltr'><strong>calumniasque</strong></span> <span class='ocrx_word' id='word_1_825' title='bbox 1714 2511 1768 2531; x_wconf 90' lang='lat' dir='ltr'><strong>non</strong></span> 
     </span>
    </p>
   </div>
   <div class='ocr_carea' id='block_1_113' title="bbox 987 2549 1767 2596">
    <p class='ocr_par' dir='ltr' id='par_1_113' title="bbox 987 2549 1767 2596">
     <span class='ocr_line' id='line_1_115' title="bbox 987 2549 1767 2596; baseline -0.018 -6"><span class='ocrx_word' id='word_1_826' title='bbox 987 2549 1191 2596; x_wconf 48' lang='lat' dir='ltr'><strong>alio—spectare,</strong></span> <span class='ocrx_word' id='word_1_827' title='bbox 1206 2566 1286 2594; x_wconf 86' lang='lat' dir='ltr'><strong>quam</strong></span> <span class='ocrx_word' id='word_1_828' title='bbox 1301 2562 1329 2585; x_wconf 92' lang='lat' dir='ltr'><strong>ut</strong></span> <span class='ocrx_word' id='word_1_829' title='bbox 1343 2563 1391 2584; x_wconf 91' lang='lat' dir='ltr'><strong>nos</strong></span> <span class='ocrx_word' id='word_1_830' title='bbox 1411 2563 1444 2583; x_wconf 84' lang='lat' dir='ltr'><strong>ex</strong></span> <span class='ocrx_word' id='word_1_831' title='bbox 1466 2553 1595 2582; x_wconf 89' lang='lat' dir='ltr'><strong>Ecclesiis</strong></span> <span class='ocrx_word' id='word_1_832' title='bbox 1612 2549 1767 2596; x_wconf 71' lang='lat' dir='ltr'><strong>deturbem,</strong></span> 
     </span>
    </p>
   </div>
   <div class='ocr_carea' id='block_1_114' title="bbox 985 2592 1765 2642">
    <p class='ocr_par' dir='ltr' id='par_1_114' title="bbox 985 2592 1765 2642">
     <span class='ocr_line' id='line_1_116' title="bbox 985 2592 1765 2642; baseline -0.021 -6"><span class='ocrx_word' id='word_1_833' title='bbox 985 2592 1116 2642; x_wconf 76' lang='lat' dir='ltr'><strong>suamque</strong></span> <span class='ocrx_word' id='word_1_834' title='bbox 1145 2592 1313 2640; x_wconf 75' lang='lat' dir='ltr'><strong>impietatem</strong></span> <span class='ocrx_word' id='word_1_835' title='bbox 1346 2601 1516 2629; x_wconf 87' lang='lat' dir='ltr'><strong>introducere</strong></span> <span class='ocrx_word' id='word_1_836' title='bbox 1546 2597 1663 2625; x_wconf 87' lang='lat' dir='ltr'><strong>valeant.</strong></span> <span class='ocrx_word' id='word_1_837' title='bbox 1695 2592 1765 2621; x_wconf 85' lang='lat' dir='ltr'><strong>Nam</strong></span> 
     </span>
    </p>
   </div>
   <div class='ocr_carea' id='block_1_115' title="bbox 1034 2713 1766 2757">
    <p class='ocr_par' dir='ltr' id='par_1_115' title="bbox 1034 2713 1766 2757">
     <span class='ocr_line' id='line_1_117' title="bbox 1034 2713 1766 2757; baseline -0.014 -7"><span class='ocrx_word' id='word_1_838' title='bbox 1034 2722 1062 2757; x_wconf 87' lang='lat'><strong>7)</strong></span> <span class='ocrx_word' id='word_1_839' title='bbox 1078 2721 1143 2749; x_wconf 69' lang='lat' dir='ltr'><strong>Haec</strong></span> <span class='ocrx_word' id='word_1_840' title='bbox 1160 2718 1424 2757; x_wconf 78' lang='lat' dir='ltr'><strong>cn_arrantur_etiam_</strong></span> <span class='ocrx_word' id='word_1_841' title='bbox 1441 2717 1469 2746; x_wconf 91' lang='lat' dir='ltr'><strong>in</strong></span> <span class='ocrx_word' id='word_1_842' title='bbox 1486 2716 1606 2757; x_wconf 75' lang='lat' dir='ltr'><strong>sequenti</strong></span> <span class='ocrx_word' id='word_1_843' title='bbox 1615 2713 1766 2757; x_wconf 67' lang='lat' dir='ltr'><strong>Apologia.</strong></span> 
     </span>
    </p>
   </div>
   <div class='ocr_carea' id='block_1_116' title="bbox 984 2751 1770 2791">
    <p class='ocr_par' dir='ltr' id='par_1_116' title="bbox 984 2751 1770 2791">
     <span class='ocr_line' id='line_1_118' title="bbox 984 2751 1770 2791; baseline -0.011 -5"><span class='ocrx_word' id='word_1_844' title='bbox 984 2751 1155 2791; x_wconf 74' lang='lat' dir='ltr'><strong>sedecimque</strong></span> <span class='ocrx_word' id='word_1_845' title='bbox 1171 2755 1207 2782; x_wconf 94' lang='lat' dir='ltr'><strong>illi</strong></span> <span class='ocrx_word' id='word_1_846' title='bbox 1220 2754 1336 2791; x_wconf 80' lang='lat' dir='ltr'><strong>episcopi</strong></span> <span class='ocrx_word' id='word_1_847' title='bbox 1351 2753 1466 2791; x_wconf 61' lang='lat' dir='ltr'><strong>casulas,</strong></span> <span class='ocrx_word' id='word_1_848' title='bbox 1482 2751 1663 2782; x_wconf 81' lang='lat' dir='ltr'><strong>nominantur.</strong></span> <span class='ocrx_word' id='word_1_849' title='bbox 1768 2756 1770 2759; x_wconf 81' lang='lat'>&#39;</span> 
     </span>
    </p>
   </div>
   <div class='ocr_carea' id='block_1_117' title="bbox 1002 2789 1453 2828">
    <p class='ocr_par' dir='ltr' id='par_1_117' title="bbox 1002 2789 1453 2828">
     <span class='ocr_line' id='line_1_119' title="bbox 1002 2789 1453 2828; baseline -0.007 -9"><span class='ocrx_word' id='word_1_850' title='bbox 1002 2797 1007 2803; x_wconf 96' lang='lat'>&#39;</span> <span class='ocrx_word' id='word_1_851' title='bbox 1022 2792 1060 2828; x_wconf 84' lang='lat'><strong>(8)</strong></span> <span class='ocrx_word' id='word_1_852' title='bbox 1072 2789 1194 2828; x_wconf 34' lang='grc' dir='ltr'>Πλησίον,</span> <span class='ocrx_word' id='word_1_853' title='bbox 1204 2790 1252 2817; x_wconf 84' lang='grc' dir='ltr'>τοῦ</span> <span class='ocrx_word' id='word_1_854' title='bbox 1265 2789 1453 2828; x_wconf 73' lang='grc' dir='ltr'>κοιμητηρίου.</span> 
     </span>
    </p>
   </div>
   <div class='ocr_carea' id='block_1_118' title="bbox 1022 2797 1320 2864">
    <p class='ocr_par' dir='ltr' id='par_1_118' title="bbox 1022 2797 1320 2864">
     <span class='ocr_line' id='line_1_120' title="bbox 1022 2797 1320 2864; baseline -0.01 -45"><span class='ocrx_word' id='word_1_855' title='bbox 1022 2797 1061 2864; x_wconf 67' lang='grc' dir='ltr'>(ὅ)</span> <span class='ocrx_word' id='word_1_856' title='bbox 1074 2797 1190 2828; x_wconf 75' lang='grc' dir='ltr'>Πλησίον</span> <span class='ocrx_word' id='word_1_857' title='bbox 1204 2799 1252 2817; x_wconf 83' lang='grc' dir='ltr'><strong>του</strong></span> <span class='ocrx_word' id='word_1_858' title='bbox 1265 2799 1320 2825; x_wconf 77' lang='grc' dir='ltr'>κοιι.</span> 
     </span>
     <span class='ocr_line' id='line_1_121' title="bbox 1034 2825 1320 2864; baseline -0.014 -8"><span class='ocrx_word' id='word_1_859' title='bbox 1034 2829 1050 2855; x_wconf 84' lang='grc'>9</span> <span class='ocrx_word' id='word_1_860' title='bbox 1072 2827 1152 2864; x_wconf 78' lang='lat' dir='ltr'><strong>Reg.,</strong></span> <span class='ocrx_word' id='word_1_861' title='bbox 1168 2825 1320 2863; x_wconf 78' lang='grc' dir='ltr'>ῥίπτεσθαι.</span> 
     </span>
    </p>
   </div>
  </div>
