2007 3044
259 139 310 170 851

542 139 571 167 S.
591 137 776 166 ATHANASII
793 137 869 166 OPP.
889 136 980 165 PARS
1000 137 1020 164 l.

1095 135 1282 165 HISTORICA
1297 134 1340 162 ET
1359 132 1572 162 DOGBHTICA.

1829 129 1885 158 632

258 203 400 235 postquam
424 199 481 227 veri
503 203 530 226 et
550 199 684 233 grandaevi
705 199 833 233 episcopi,
849 199 894 226 alii
915 199 941 226 in
962 201 1034 227 exsi-

1091 196 1139 232 γᾶρ
1151 196 1283 232 ἀληθινῶν
1298 195 1346 222 καὶ
1367 193 1503 222 πολυετῶν
1523 192 1680 220 ἐπισκόπων
1698 191 1751 218 τῶν
1767 191 1817 226 μὲν
1838 190 1885 235 εξ-

258 243 323 271 lium
341 241 419 278 pulsi,
437 243 481 271 alii
495 243 523 270 in
539 244 630 278 fugam
644 244 714 271 versi
729 249 831 277 essent,
844 245 944 272 ethnici
961 246 1040 273 dein-

259 296 333 324 ceps,
350 289 546 321 catechumeni,
567 294 594 316 et
615 289 659 323 qui
680 289 782 324 primas
802 289 828 316 in
853 295 946 317 senatu
963 292 1041 319 sedes

258 339 434 369 occuparent,
461 342 494 362 ac
518 335 564 370 qui
587 335 744 363 divitiarum
773 335 845 362 fama
864 336 985 364 celebres
997 345 1041 365 es-

257 385 328 412 sent.
341 380 560 408 Christianorum
573 381 643 413 vice,
653 380 784 415 iubentur
799 381 870 415 piam
884 382 918 409 ab
933 382 1041 410 Arianis

257 426 336 453 fidem
353 427 486 456 ediscere.
510 427 565 455 Nec
586 427 667 461 ultra,
692 428 766 461 iuxta
791 428 912 462 Apostoli
938 436 1040 463 prame-

257 473 376 507 ptum”,
409 474 592 508 quaerebatur,
621 481 686 500 num
718 474 779 509 quis
804 474 1040 508 irreprehensibilis

256 522 338 545 esset.
369 518 432 550 Sed,
466 526 541 546 more
576 518 728 554 itnpiissimi
758 519 914 546 Jeroboami
943 519 978 551 ’⁸,
995 519 1040 554 qui

257 562 316 596 plus
334 563 393 590 auri
410 563 543 598 penderet
558 563 581 590 is
595 563 787 590 nominabatur
799 563 952 598 episcopus.
967 562 1041 590 Nihil

256 608 390 636 curabant
413 608 499 643 impii,
523 609 546 635 si
572 608 614 636 vel
641 609 766 636 ethnicus
782 608 828 636 ille
843 613 925 640 esset,
943 616 1040 636 anrum

256 653 337 681 modo
360 654 448 682 daret.
468 653 541 682 Pulsi
566 654 659 688 itaque
689 658 752 681 sunt
785 654 831 688 qui
858 654 975 689 episcopi
1005 654 1040 682 ab

255 698 412 726 Alexandro
433 699 553 726 ordinati
577 699 698 731 fuerant,
724 699 849 726 monachi
874 704 902 726 et
930 705 1038 727 ascetaz.

256 743 298 770 Illi
313 748 414 776 autem,
427 744 518 772 callidi
531 751 596 772 sane
610 745 808 772 calumniarum
829 744 962 777 artiﬁces,
976 753 1041 780 apo-

256 789 379 816 stolicam
399 790 620 817 constitutionem
641 795 771 824 quantum
795 789 872 818 licuit
892 790 1039 823 violarunt,

255 832 441 868 ecclesiasque
463 834 696 862 contaminavere.
723 834 805 870 quue
835 835 892 863 suis
925 835 1040 864 effecere

1092 241 1267 277 ορισθέντων,
1287 240 1342 266 τῶν
1363 239 1392 266 δὲ
1412 237 1644 273 φυγαδευθέντων,
1658 235 1758 263 ἐθνικοὶ
1777 234 1883 266 λοιπὸν,

1091 286 1304 322 κατηχούμενοι,
1323 286 1370 312 καὶ
1383 285 1408 312 οἱ
1424 283 1459 311 τὰ
1475 283 1572 319 πρῶτα
1586 282 1636 317 τῆς
1653 280 1748 317 βουλῆς
1763 280 1883 316 ἔχοντες,

1091 334 1138 360 καὶ
1156 334 1180 359 οι
1198 334 1226 359 ὲν
1241 331 1347 367 πλούτῳ
1367 331 1504 366 διαϐόητοι
1518 330 1579 357 άντὶ
1595 328 1766 364 Χριστιανῶν
1782 327 1882 361 εὐσεϐῆ

1091 378 1182 404 πίστιν
1204 377 1436 413 παραγγέλλονται
1453 375 1528 412 παρὰ
1545 374 1599 401 τῶν
1619 373 1764 409 Ἀρειανῶν
1786 372 1884 407 ὁμιλὴ-

1091 433 1167 451 σωσι.
1181 424 1236 450 Καὶ
1249 425 1340 450 οὐκέτι
1358 423 1418 458 μὲν,
1431 422 1468 454 ὡς
1481 420 1662 457 παρήγγειλεν
1678 421 1693 446 ὁ
1710 419 1881 450 ’Λπόστολος,

1090 469 1117 496 εἴ
1138 470 1180 501 τίς
1202 470 1275 496 ἐστιν
1290 469 1510 502 ἀνεπίληπτος,
1527 467 1648 502 ἐζητεῖτο
1670 464 1741 501 (10)’
1761 464 1800 496 ὡς
1816 464 1844 490 δὲ
1866 464 1882 490 ὁ

1091 515 1271 548 ἀσεϐέστατος
1302 513 1442 551 Ἰεροδοὰμ
1461 512 1625 548 πεποίηκεν,
1646 513 1660 538 ὁ
1680 511 1771 537 πλεῖον
1792 510 1882 541 διδοὺς

1091 561 1203 597 χρυσίον
1225 560 1370 596 ὠνομάσθη
1387 559 1547 591 ἐπίσκοπος.
1566 558 1622 585 Καὶ
1644 557 1674 584 οὺ
1694 557 1818 592 διέφερεν
1833 557 1884 583 αὑ-

1090 608 1156 639 τοῖς,
1170 608 1194 633 εἰ
1210 607 1262 633 κᾶν
1276 606 1382 638 ἐθνικὸς
1398 606 1539 640 ἐτύγχανε,
1556 604 1635 640 μόνον
1645 605 1670 630 et
1688 603 1800 640 χρυσίον
1810 611 1882 638 παρ-

1090 655 1157 688 εῖχε.
1177 653 1231 679 Καὶ
1249 653 1274 678 οἱ
1301 652 1356 687 (Η)
1374 652 1423 687 μὲν
1445 651 1499 678 ἀπὸ
1524 650 1699 685 Ἀλεξάνδρου
1722 649 1879 680 ἐπίσκοποι,

1092 699 1253 735 μονάζοντες
1276 698 1322 725 καὶ
1341 698 1469 733 ἀσκηταὶ,
1494 696 1695 734 ὲξωρίσθηειαν⁵
1712 696 1737 722 oi.
1752 695 1781 722 δὲ
1802 695 1882 729 σοφοὶ

1091 745 1155 780 περὶ
1171 744 1220 776 τὰς
1243 743 1369 775 διαϐολὰς
1392 743 1562 778 διέφθειραν,
1584 743 1616 769 τὸ
1637 742 1697 769 ὅσον
1716 741 1759 768 ἐπ’
1775 741 1879 772 αὐτοῖς,

1089 792 1139 827 τὴν
1174 790 1356 825 ἀποστολικὴν
1388 789 1525 822 διάταξιν,
1562 788 1610 815 καὶ
1643 787 1694 819 τὰς
1731 786 1881 825 ἐκκλησίας

1090 838 1215 873 ἐμίαναν.
1237 837 1350 871 Μεγάλα
1365 845 1398 871 γε
1415 836 1564 872 ἐκέρδησαν
1585 834 1676 862 αὐτῶν
1698 834 1727 860 αι
1744 841 1879 867 συκοφαν-

257 878 412 911 calumniis,
437 884 467 905 ut
492 879 533 907 vel
553 880 617 914 ipsis
638 881 692 908 tuis
713 881 880 915 temporibus
896 881 967 916 leges
981 881 1039 909 vio-

1091 882 1157 915 τίαι,
1174 883 1217 909 ῖνα
1232 882 1278 918 ἐξῇ
1300 883 1390 914 αὐτοῖς
1407 883 1584 917 παρανομεῖν,
1599 881 1646 908 καὶ
1661 879 1771 907 τοιαῦτα
1792 879 1880 915 πράτ-

256 923 323 955 lare.
342 929 424 959 atque
447 923 578 959 ejusmodi
602 925 725 953 facinora
755 927 899 954 admittere
925 927 1041 954 facultas

254 973 344 997 esset:
358 974 386 997 ut
400 977 448 998 eos
466 977 590 1006 spectare
606 971 731 999 videatur
746 972 810 999 illud
828 972 976 1007 Scriptura
999 973 1041 1000 di-

255 1018 351 1042 ctum:
372 1015 418 1042 γε
438 1024 484 1050 per
505 1025 571 1052 quos
596 1025 688 1044 nomen
703 1026 789 1045 meum
804 1018 1001 1053 blasphematur
1013 1019 1041 1046 in

255 1061 373 1095 gentibus
390 1061 424 1088 ".

294 1104 337 1132 29.
358 1105 452 1140 itaque
479 1107 506 1134 hi
529 1114 590 1134 eum
614 1115 738 1135 rumores
765 1113 866 1141 essent,
883 1115 915 1136 ac
930 1116 977 1136 sus
990 1109 1039 1136 de-

257 1155 310 1183 que
329 1150 419 1178 omnia
446 1151 562 1184 abirent,
591 1159 625 1179 ue
648 1152 689 1179 sic
712 1151 822 1186 quidem
847 1160 933 1179 meam
955 1152 1039 1180 tniuui

257 1194 436 1228 alacritatem,
453 1196 499 1224 sed
520 1196 664 1231 pergebam
680 1196 713 1224 ad
737 1201 808 1224 tuam
825 1197 972 1231 pietatem:
993 1205 1041 1225 eo-

256 1247 308 1274 quo
322 1241 477 1277 diligentius
501 1249 555 1276 quo
578 1243 744 1270 conﬁderem
765 1251 795 1270 ea
814 1249 912 1278 praeter
933 1243 1040 1278 pietatis

257 1290 310 1314 tuae
330 1288 492 1314 sententiain
515 1289 692 1323 perpetrari:
717 1294 799 1323 atque
822 1289 866 1316 ubi
891 1297 935 1317 res
957 1294 1041 1325 gesta:

257 1332 418 1360 humanitati
433 1337 486 1360 tu:e
498 1339 645 1369 comperta:
659 1334 757 1367 forent,
774 1339 798 1361 te
814 1342 848 1362 ne
860 1335 886 1362 in
902 1340 1040 1370 posterum

255 1385 288 1406 ea
301 1379 397 1406 fierent
412 1385 587 1407 curaturum:
607 1385 682 1408 ratus
694 1387 865 1416 nequaquam
882 1382 907 1409 id
922 1382 1039 1417 religiosi

255 1431 316 1452 esse
337 1425 519 1460 imperatoris,
543 1430 572 1453 ut
591 1426 734 1461 episcopos
760 1427 897 1460 exsulare,
921 1428 1040 1463 virgines

257 1470 364 1502 nudari,
386 1475 432 1498 aut
456 1471 509 1498 ullo
526 1472 606 1499 modo
629 1472 759 1500 ecclesias
782 1473 884 1500 turbari
910 1473 1038 1508 patiatur.

255 1516 309 1544 Sed
332 1518 391 1546 lucc
403 1519 481 1546 nobis
501 1518 593 1546 animo
611 1519 795 1552 versantibus,
808 1524 889 1553 atque
908 1520 959 1547 iter
972 1527 1039 1554 per-

253 1569 335 1598 agere
355 1563 567 1596 festinantibus,
590 1570 654 1592 ecce
672 1565 754 1592 tertio
777 1565 887 1600 quidam
906 1566 1039 1593 iucreboit

255 1615 358 1640 rumor,
383 1609 490 1637 litteras
509 1609 666 1637 Auxumeos
691 1611 816 1644 tyrannis
831 1619 893 1639 esse
905 1611 994 1643 datas,
1011 1615 1041 1638 ut

255 1660 382 1683 curarent
397 1655 583 1684 Frumentium
608 1657 766 1685 Auxumeos
784 1659 941 1693 episcopum
963 1658 1038 1686 illinc

256 1699 369 1728 abduci:
383 1709 426 1729 me
441 1709 549 1737 quoque
563 1703 754 1738 perquirerent
776 1711 862 1739 usque
882 1704 916 1731 ad
940 1704 1039 1731 barba-

255 1753 348 1773 rorum
364 1753 460 1779 terras,
476 1753 504 1775 et.
518 1748 551 1775 ad
568 1749 757 1782 praefectorum
779 1750 986 1783 commentaria,
1011 1754 1042 1777 ut

255 1797 362 1823 vocant.
382 1793 618 1822 transmitterem:
635 1795 747 1830 populos
769 1802 802 1822 ac
814 1795 928 1823 clericos
945 1803 1040 1823 omnes

256 1837 396 1872 adigercnt
409 1839 442 1866 ad
457 1840 711 1867 cotnmunicamluin
727 1848 790 1868 cum
801 1840 902 1868 Ariana
917 1841 1013 1868 haeresi
1030 1849 1039 1870 :

257 1883 280 1910 si
292 1883 337 1918 qni
354 1892 406 1911 non
424 1892 527 1912 morem
541 1891 677 1921 gererent,
689 1887 749 1914 illos
768 1887 970 1914 interficiendos
982 1891 1040 1915 sat-

255 1934 379 1963 agerent.
411 1929 447 1957 Ut
472 1936 562 1957 autem
587 1931 677 1965 palam
703 1931 748 1964 sit,
770 1932 841 1960 hanc
861 1933 971 1966 famam,
986 1941 1038 1962 non

257 1973 341 2001 verbo
361 1979 475 2007 tantum,
491 1976 539 2002 sed
556 1975 636 2003 rebus
651 1977 736 2011 gestis
748 1979 948 2013 comprobatam
963 1987 1039 2012 esse;

255 2025 318 2046 cum
336 2018 405 2046 bona
420 2020 596 2049 humanitatis
608 2025 660 2049 tute
675 2023 765 2056 venia,
778 2032 811 2051 eu
827 2024 913 2060 ipsam
932 2026 1040 2059 profero

255 2064 409 2100 epistolam,
430 2074 510 2100 quam
526 2067 563 2095 illi
581 2075 674 2106 pecem
691 2070 838 2106 unicuique
859 2072 1039 2100 intermittan-

256 2115 298 2138 tes
313 2110 472 2147 frequenter
486 2112 653 2141 lectitarunt.

289 2200 335 2228 50.
354 2200 500 2236 Exemplar
517 2201 650 2236 epistola:

280 2245 366 2274 Victor
388 2246 559 2275 Constantius
577 2247 711 2310 Μῖτίιζιιη
737 2249 871 2284 Angustus
892 2250 1008 2277 Alexan-

620 2292 695 2310 νιιιιι.

620 2292 695 2311 illi".

291 2326 360 2354 Urbs
372 2328 480 2362 quidem
495 2333 597 2362 vestra,
612 2329 700 2364 patrio
719 2337 805 2364 more,
826 2338 879 2359 non
894 2331 1034 2359 immemor

254 2373 363 2402 virtutis
376 2375 545 2403 conditorutn
568 2383 689 2409 suorum,
711 2383 741 2404 se
762 2377 968 2412 obsequentem,
995 2378 1034 2405 uti

255 2419 370 2452 solebat,
392 2421 538 2448 etiamnum
561 2416 695 2449 exhibuit.
714 2421 768 2450 Nos
791 2430 856 2450 vero
880 2423 931 2450 nisi
947 2423 1034 2458 ipsum

254 2464 437 2493 Alexandrum
453 2467 637 2494 benevolentia
657 2467 682 2494 in
695 2474 811 2495 vestram
835 2468 929 2495 urbem
953 2476 1033 2502 snpe-

255 2519 455 2545 raremus,.non
469 2512 642 2540 mediocriter
653 2512 730 2540 nobis
744 2520 856 2548 peccare
869 2513 1033 2540 videremur.

254 2557 332 2584 Sicut
343 2557 414 2584 enim
428 2558 612 2591 temperantiae
622 2557 760 2592 proprium
772 2563 824 2587 est.
841 2565 872 2585 se
882 2558 1033 2586 tuodestum

255 2601 280 2627 in
290 2601 370 2637 249
380 2602 505 2629 omnibus
514 2604 634 2637 praebere
646 2611 652 2629 :
665 2604 704 2630 sic
713 2603 891 2638 imperatoriae
899 2603 1037 2638 dignitatis

253 2652 304 2681 est,
318 2648 442 2676 virtutem
453 2649 556 2683 (sinite,
569 2657 672 2684 quaeso,
682 2649 783 2685 dicere)
792 2649 908 2677 maxime
917 2650 1035 2678 omnium

1090 937 1148 956 τειν
1168 930 1197 955 ὲν
1213 929 1269 960 τοῖς
1285 929 1341 960 σοῖς
1363 929 1484 963 καιροῖς·
1501 927 1570 954 ὥστε
1585 927 1645 953 κατ’
1661 925 1750 952 αὐτῶν
1766 923 1833 951 εἶναι
1848 924 1879 950 τὸ

1091 974 1296 1010 γεγραμμένον*
1315 973 1387 1000 Οὐαὶ
1401 973 1438 1000 δι’
1455 973 1509 1006 οὓς
1519 972 1553 999 τὸ
1566 972 1659 1007 ὄνομά
1669 981 1730 1007 μου
1739 971 1879 1005 βλασφη-

1087 1019 1185 1055 μεῖται
1200 1020 1234 1047 ἐν
1249 1019 1311 1053 τοῖς
1323 1019 1456 1047 ἔθνεσιν.

1125 1107 1170 1134 29.
1189 1107 1323 1134 Τοιούτων
1348 1104 1394 1134 οὖν
1417 1107 1503 1134 ὄντων
1526 1106 1581 1134 τῶν
1607 1106 1804 1143 θρυλουμένων,
1831 1104 1878 1131 καὶ

1090 1153 1145 1180 τῶν
1169 1153 1340 1188 πραγμάτων
1355 1152 1411 1179 ἄνω
1432 1152 1480 1178 καὶ
1495 1151 1571 1178 κάτω
1590 1151 1696 1178 πάντων
1710 1151 1878 1186 ἀνατετραμ-

1092 1199 1191 1235 μένων,
1205 1199 1279 1234 ὅμως
1294 1199 1344 1224 οὐκ
1361 1197 1484 1233 ἀπέστην
1501 1197 1556 1232 ἐγὼ
1570 1198 1619 1232 τῆς
1634 1197 1797 1232 προθυμίας,

1091 1244 1172 1271 πάλιν
1187 1244 1300 1279 εἰχόμην
1312 1243 1362 1278 τῆς
1375 1242 1437 1270 ὁδοῦ
1453 1242 1520 1278 πρὸς
1532 1242 1581 1278 τὴν
1594 1242 1644 1277 σὴν
1661 1242 1800 1269 εὐσέὸειαν
1812 1249 1818 1256 ·
1834 1242 1879 1268 καὶ

1090 1290 1170 1317 τοῦτο
1189 1289 1288 1325 μᾶλλον
1310 1288 1518 1324 σπουδαιότερον
1540 1288 1682 1324 ἔπραττον,
1700 1287 1818 1323 θαρρῶν,
1838 1287 1878 1313 ὅτι

1090 1336 1166 1372 παρὰ
1194 1335 1307 1371 γνώμην
1337 1335 1386 1371 μὲν
1411 1336 1459 1370 τῆς
1486 1335 1535 1370 σῆς
1561 1334 1702 1366 εὐσεϐείας
1730 1333 1878 1368 ἐπράττετο

1090 1382 1192 1409 ταῦτα·
1207 1383 1231 1408 si
1256 1381 1336 1417 μάθοι
1350 1380 1379 1407 δὲ
1397 1381 1414 1416 ἠ
1430 1380 1463 1415 σὴ
1479 1379 1666 1414 φιλανθρωπία
1680 1379 1714 1406 τὰ
1734 1379 1877 1414 γενόμενα,

1091 1427 1208 1454 κωλύσει
1229 1426 1276 1453 τοῦ
1295 1426 1387 1453 λοιποῦ
1407 1425 1549 1460 γενέσθαι·
1572 1425 1610 1460 μὴ
1626 1425 1680 1461 γὰρ
1699 1423 1769 1451 εἶναι
1789 1424 1880 1451 θεοσε-

1091 1473 1155 1505 ϐοῦς
1181 1473 1313 1508 βασιλέως
1333 1472 1420 1499 θέλειν
1442 1471 1611 1506 ὲξορίζεσθαι
1632 1471 1813 1502 ἐπισκόπους,
1832 1470 1879 1496 καὶ

1091 1519 1258 1556 γυμνοῦσθαι
1281 1518 1449 1554 παρθένους,
1471 1518 1488 1554 ἢ
1509 1518 1577 1549 ὅλως
1595 1517 1644 1549 τὰς
1667 1517 1813 1552 ἐκκλησίας
1831 1526 1880 1544 τα-

1092 1564 1247 1602 ράττεσθαι.
1279 1564 1359 1591 Ἀλλὰ
1382 1564 1494 1590 τοιαῦτα
1522 1563 1712 1598 λογιζομένους
1736 1563 1809 1598 ἡμᾶς
1832 1564 1880 1590 καὶ

1091 1610 1253 1642 σπεύδοντας
1267 1611 1296 1637 ἐν
1313 1611 1371 1642 ταῖς
1387 1609 1472 1642 ὁδοῖς,
1490 1609 1544 1636 ἰδοὺ
1561 1609 1642 1635 πάλιν
1659 1608 1737 1644 τρίτη
1754 1617 1795 1640 τις
1813 1617 1880 1635 κατ-

1091 1657 1185 1684 έλαϐεν
1199 1656 1277 1692 ἀκοὴ,
1290 1657 1330 1684 ὅτι
1341 1657 1494 1693 γέγραπται
1508 1658 1563 1688 τοῖς
1576 1657 1604 1683 ὲν
1619 1655 1754 1690 Αὺξούμει
1766 1655 1820 1690 (l2)
1834 1664 1880 1682 τυ-

1093 1704 1208 1740 ράννοις,
1223 1703 1294 1730 ὥστε
1307 1703 1488 1738 Φρουμέντιον
1501 1702 1546 1729 τδν
1559 1702 1708 1729 ἐπίσκοπον
1718 1702 1768 1737 τῆς
1779 1701 1880 1734 Δι’)ξοὺ-

1092 1759 1165 1785 μεως
1182 1749 1287 1777 ἐκεῖθεν
1305 1749 1431 1784 ἀχθῆναι,
1451 1749 1498 1775 καὶ
1516 1748 1566 1784 ὲμὲ
1586 1748 1636 1782 μὲν
1652 1748 1731 1784 μέχρι
1746 1748 1796 1783 τῆς
1812 1747 1879 1783 βαρο

1091 1794 1184 1830 δάρων
1200 1793 1358 1830 ζητεῖσθαι,
1381 1793 1427 1820 καὶ
1449 1794 1489 1825 εὶς
1506 1792 1541 1820 τὰ
1555 1793 1690 1828 λεγόμενα
1707 1793 1880 1828 Κομεντάρια

1089 1840 1144 1867 τῶν
1172 1840 1300 1876 ἐπάρχων
1328 1839 1578 1876 παραπέμπεσθαι,
1594 1840 1657 1871 τοὺς
1679 1839 1708 1866 δὲ
1725 1839 1806 1871 λαοὺς
1832 1839 1880 1865 καὶ

1089 1887 1154 1918 τοὺς
1177 1886 1325 1922 κληρικοὺς
1345 1885 1449 1917 πάντας
1463 1884 1666 1920 ἀναγκάζεσθαι
1687 1886 1825 1912 κοινωνεῖν
1844 1885 1878 1921 τῇ

1097 1933 1221 1968 Ἀρειανῇ
1237 1931 1360 1967 αἱρέσει·
1381 1931 1428 1958 ὲὰν
1439 1931 1467 1958 δὲ
1483 1931 1520 1966 μὴ
1533 1930 1723 1958 ὑπακούσωσιν
1733 1951 1741 1964 ,
1760 1930 1880 1966 ἀποθνή-

1091 1986 1165 2004 σκειν
1181 1977 1245 2008 τοὺς
1260 1975 1406 2008 τοιούτους.
1428 1975 1484 2003 Καὶ
1504 1976 1545 2002 ὅτι
1564 1976 1594 2002 οὺ
1611 1976 1682 2011 λόγῳ
1706 1975 1784 2011 μόνον
1800 1975 1881 2011 ἐθρυ-

1089 2023 1162 2050 λεῖτο
1175 2023 1271 2056 ταῦτα,
1289 2023 1358 2050 ἀλλὰ
1371 2022 1399 2049 δὲ
1411 2022 1502 2053 αὐτοῖς
1514 2021 1606 2056 ἔργοις
1621 2021 1770 2048 ἐδείκνυτο·
1785 2021 1879 2056 ἐπειδὴ

1068 2067 1073 2075 '
1091 2069 1278 2105 συνεχώρησεν
1290 2069 1306 2104 ἡ
1319 2069 1354 2104 σὴ
1368 2068 1567 2104 φιλανθρωπία,
1584 2068 1638 2094 ἰδοὺ
1651 2068 1697 2094 καὶ
1710 2068 1727 2102 ὴ
1738 2067 1877 2102 ἐπιστολή-

1089 2115 1192 2150 ταύτην
1205 2115 1260 2150 γὰρ
1275 2116 1373 2142 ἐκεῖνον.
1394 2113 1514 2149 συνεχῶς
1529 2113 1720 2148 ἀνεγίνωσκον,
1735 2111 1878 2140 ἀπειλοῦν-

1090 2169 1135 2192 τες
1152 2161 1260 2196 ἑκάστῳ
1275 2160 1397 2188 θάνατον.

1052 2210 1076 2238 D
1124 2207 1169 2235 50.
1196 2206 1373 2242 Ἀντίγραφον
1387 2206 1544 2242 ἐπιπολῆς·

1141 2253 1275 2288 Νικητὴς
1289 2252 1497 2288 Κωνστάντιος
1515 2251 1662 2286 Μέγιστος
1677 2250 1826 2283 Σεϐαστὸς

1344 2287 1598 2322 Ἀλεξανδρεῦσιν.

1129 2334 1161 2361 Ἦ
1179 2334 1228 2370 μὲν
1247 2334 1324 2366 πόλις
1344 2333 1374 2361 τὸ
1396 2334 1510 2369 πάτριον
1522 2333 1614 2369 σχῆμα
1633 2331 1813 2366 φυλάττουσα,
1833 2339 1881 2358 και

1087 2379 1137 2414 τῆς
1150 2380 1204 2406 τῶν
1218 2379 1345 2406 οἰκιστῶν
1361 2379 1462 2415 ἀρετῆς
1477 2378 1648 2414 μεμνημένη,
1661 2377 1800 2412 πειθηνίαν
1817 2377 1881 2403 ἐαυ-

1087 2426 1137 2461 τὴν
1154 2425 1276 2461 συνήθως
1296 2425 1343 2452 καὶ
1366 2426 1413 2453 νῦν
1433 2425 1605 2460 παρέσχηκεν
1617 2433 1624 2439 ·
1644 2424 1723 2459 ἡμεῖς
1738 2423 1776 2454 δὲ,
1792 2423 1817 2449 εἰ
1841 2422 1879 2458 μὴ

1087 2472 1135 2497 καὶ
1156 2471 1202 2498 τὸν
1234 2471 1406 2507 Ἀλέξανδρον
1429 2470 1639 2506 ἀποκρύψαιμεν
1652 2469 1744 2504 εὐνοίᾳ
1762 2470 1797 2504 τῇ
1813 2469 1879 2504 περὶ

1087 2517 1137 2552 τὴν
1156 2517 1233 2543 πόλιν
1249 2517 1297 2553 τὴν
1314 2517 1461 2552 ὑμετέραν,
1474 2517 1504 2543 οὺ
1524 2516 1559 2543 τὰ
1576 2515 1691 2551 τυχόντα
1708 2514 1882 2550 πλημμελεῖν

1089 2562 1277 2597 συνεισόμεθα.
1300 2563 1344 2594 Ὠς
1359 2563 1408 2599 μὲν
1421 2562 1475 2598 γὰρ
1485 2561 1659 2598 σωφροσύνης
1671 2560 1746 2592 ἴδιον,
1761 2559 1878 2594 κοσμίαν

1089 2608 1178 2643 ἐαυτῷ
1195 2608 1238 2636 διὰ
1257 2609 1365 2636 πάντων
1388 2609 1480 2644 ἄγειν·
1501 2607 1637 2644 βασιλείας
1659 2606 1688 2633 δὲ
1708 2606 1757 2641 τῆς
1775 2605 1877 2640 ἀρετῆς

1090 2654 1169 2689 (δότε
1182 2654 1211 2681 δὲ
1229 2654 1335 2690 εἰπεῖν)
1357 2655 1407 2691 τῆς
1431 2654 1566 2690 ὑμετέρας
1579 2652 1631 2690 πρὸ
1644 2651 1771 2680 ἁπάντων
1788 2650 1879 2679 ἀσπάρ-

288 2705 333 2732 "l
347 2704 418 2733 Tim.
435 2713 475 2738 tu,
487 2706 516 2733 2.
553 2706 576 2722 ’⁸
588 2706 620 2733 Ill
635 2706 702 2741 Reg.
720 2714 768 2738 xu,
783 2706 828 2734 5i.
865 2707 887 2722 ’⁷
905 2707 982 2734 Rom.
999 2716 1029 2741 tt,
1043 2708 1088 2738 24.

290 2771 346 2806 (10)
360 2771 430 2809 Edit.
445 2769 534 2801 Paris.
554 2773 688 2809 etColou.
709 2773 836 2802 mendose
851 2773 968 2809 ὲζητείν.
986 2773 1038 2801 Alii

253 2813 347 2844 omnes
357 2807 421 2844 editi
437 2812 464 2844 et
476 2816 541 2834 mss.
558 2808 696 2844 ἐζητεῖτο.

289 2843 311 2876 μ
320 2841 344 2876 Ι)
356 2840 435 2869 Forte
443 2842 482 2870 sic
498 2840 664 2879 intelligatur
676 2853 683 2871 ;
697 2844 743 2878 qui
758 2851 773 2872 a
792 2848 910 2879 tempore
919 2843 1038 2872 Alexan-

1089 2776 1130 2804 dri
1149 2777 1268 2811 episeopi
1281 2781 1370 2804 crant.

1125 2812 1181 2847 (l2)
1198 2812 1275 2849 Πειρη
1296 2811 1434 2848 ’Λξιούμῃ.
