2007 3044
111 145 164 173 655

625 145 798 175 APOLOGIA
815 145 861 174 AD
879 146 1131 175 CONSTANTIUM
1150 147 1221 175 IMP.

1691 147 1744 175 (ἰδέ

111 201 220 234 ξεσθαι·
237 199 362 237 πρώτους
376 201 424 237 μὲν
440 201 537 236 σοφίας
551 202 686 239 ἐξηγητὰς
703 204 900 238 καταστάντας,

955 210 1072 232 vestram
1086 205 1211 240 amplecti
1227 213 1234 232 :
1255 204 1327 240 quod
1342 205 1422 240 primi
1438 205 1578 240 sapientiae
1599 206 1744 240 magistros

111 248 235 283 πρώτους
244 247 272 274 δὲ
280 247 345 274 Θεὸν
353 248 398 274 τὸν
407 248 473 284 (12⁸)
481 249 620 281 συνιέντας
628 249 696 285 (15),
704 250 728 276 οἳ
742 250 850 276 καὶτῶν
860 250 904 283 ἐξ-

111 294 222 329 ηγητῶν
234 294 297 325 τοὺς
306 293 407 329 ἄκρους
416 294 530 326 εἵλεσθε,
544 294 590 321 καὶ
599 295 647 330 τὴν
661 296 798 332 ἡμετέραν
813 295 903 332 ψῆφον

112 340 220 371 ἑκόντες
241 339 402 375 ἐστέρξατε,
418 339 462 365 τὸν
489 340 549 375 μὲν,
560 340 706 366 ἀπατεῶνα
730 341 777 367 καὶ
798 341 904 376 φένακα

111 383 222 415 δικαίως
236 383 455 419 ἀποστραφέντες
466 403 473 415 ,
488 385 550 416 τοῖς·
560 384 588 411 δὲ
608 386 717 420 σεμνοῖς
738 386 786 413 καὶ
802 386 904 419 παντὸς

111 430 239 457 ἐπέκεινα
256 430 394 465 θαύματος
407 429 521 462 δεόντως
540 430 730 466 προσθέμενοι.
747 431 842 459 Καίτοι
862 433 904 464 τίς

110 478 202 511 ἀγνοεῖ
216 476 264 503 καὶ
282 476 336 503 τῶν
349 476 399 508 τὰς
415 476 543 511 ἐσχατιὰς
556 476 702 503 οἰκούντων
721 478 771 512 τὴν
784 478 830 505 ἐπὶ
845 480 902 511 τοῖς

111 522 256 558 πραχθεῖσι
273 521 444 556 φιλοτιμίαν;
462 519 502 553 οἷς
518 522 569 548 οὐκ
589 522 668 557 ἴσμεν
687 523 734 549 καὶ
749 523 775 549 τί
792 523 833 550 δεῖ
851 533 904 550 πα-

111 564 335 604 ραϐάλλεσθαιῶν
348 567 535 603 συμϐέϐηκεν.
554 568 740 604 Ἐτύφλωττον
753 570 802 606 μὲν
814 570 868 607 γὰρ
879 573 902 598 οἱ

111 614 231 640 πλεῖστοι
255 613 309 640 τῶν
333 613 403 640 κατὰ
425 613 475 649 τὴν
497 613 590 640 πόλιν-
609 615 756 650 ἐπεκράτει
781 616 810 642 δὲ
832 617 902 653 ἀνὴρ

112 660 255 696 βαράθρων
270 660 323 686 ἀπὸ
337 659 459 694 ἐσχάτων
471 659 641 696 ὁρμώμενος,
657 660 752 697 ὥσπερ
771 662 800 689 ἐν
814 663 903 698 σκότῳ

110 707 173 738 τοὺς
189 707 238 742 τῆς
261 705 315 741 (14)
340 705 467 741 ἀληθείας
484 706 645 741 ἐφιεμένους
662 708 730 743 πρὸς
756 708 785 735 τὸ
806 708 902 743 ψεῦδος

110 752 232 785 ἀπατῶν,
251 751 329 786 λόγον
349 752 399 788 μὲν
421 752 559 788 ἔγκαρπον
576 753 704 780 οὐδέποτε
727 755 903 791 παρασχόμε-

109 808 164 831 νος,
180 798 324 835 τερθρείας
340 798 368 825 δὲ
383 798 429 825 καὶ
447 798 586 833 τηνάλλως
601 799 650 830 τὰς
665 799 753 835 ψυχὰς
775 800 830 835 (l5)
856 801 903 828 λυ-

111 845 290 881 μαινόμενοςο
317 845 341 871 οἱ
367 845 416 881 μὲν
439 845 554 876 κόλακες
572 845 655 872 ἐϐόων
681 847 728 872 καὶ
753 847 900 882 ἐκρότουν,

110 891 314 927 ἐξεπλήττοντο,
332 890 379 922 οὓς
396 890 435 916 ἔτι
453 890 564 926 γρύζειν
584 890 658 923 εἰκὸς
676 891 728 917 ὑπὸ
748 892 842 920 ὀδόντα
854 902 860 908 ·
876 894 901 920 οἱ

108 938 137 965 δὲ
153 937 274 965 πλεῖστοι
293 937 348 964 τῶν
369 937 570 973 ἀφελεστέρων,
588 937 656 972 πρὸς
672 937 702 964 τὸ
717 937 819 966 τούτων
834 938 903 972 ἔζων

111 984 250 1020 σύνθημα·
267 984 300 1011 τὰ
316 984 344 1010 δὲ
355 984 507 1019 πράγματα
520 983 591 1010 κατὰ
605 984 667 1019 ῥοῦν
681 985 792 1020 ἐφέρετο
808 985 903 1022 ὥσπερ

109 1031 142 1058 ὲν
170 1030 373 1066 κατακλυσμῷ,
403 1031 513 1057 πάντων
545 1030 630 1066 ἄρδην
665 1030 900 1067 ὀλιγωρουμένων.

115 1078 222 1113 Ἦγεῖτο
242 1079 269 1105 δὲ
284 1079 354 1114 ἀνὴρ
375 1077 423 1104 τοῦ
441 1077 559 1113 πλήθους
573 1077 583 1112 (
592 1077 650 1108 πῶς
672 1077 704 1104 ἂν
723 1076 902 1112 ἀληθέστερον

110 1124 176 1151 αὐτὸ
190 1125 294 1159 εἴποιμι
306 1124 334 1159 ς)
349 1123 424 1150 οὐδὲν
438 1123 493 1150 τῶν
508 1123 648 1158 βαναύσων
663 1123 809 1158 διαφέρων,
824 1122 903 1149 τοῦτο

111 1170 191 1206 μόνον
206 1172 239 1206 τῇ
255 1170 332 1196 πόλει
348 1170 545 1205 συναράμενος,
562 1169 592 1195 τὸ
611 1168 648 1204 μὴ
668 1168 739 1195 κατὰ
756 1168 902 1204 βαράθρων

108 1226 179 1243 torrat
196 1217 258 1248 τοὺς
273 1217 303 1243 ὲν
329 1216 408 1252 αὐτῇ.
437 1215 506 1242 Ἀλλ’
532 1216 546 1241 ὁ
570 1216 693 1249 γενναῖος
710 1215 756 1241 καὶ
777 1214 902 1250 λαμπρδς

109 1263 169 1289 οὐδὲ
194 1263 285 1298 κρίσιν
307 1262 397 1298 ἔμεινε
418 1262 478 1289 κατ’
503 1261 596 1293 αὐτοῦ,
618 1261 707 1296 φυγὴν
728 1260 783 1295 (16)
798 1261 826 1286 ἐν
840 1260 902 1297 δίκῃ

108 1309 271 1344 καταγνούς
286 1309 322 1340 ὡς
338 1308 396 1335 ἔστι
412 1317 443 1343 γε
459 1309 505 1334 καὶ
519 1307 589 1344 ὑπὲρ
605 1307 659 1334 τῶν
676 1307 822 1343 βαρϐάρων
851 1307 902 1341 ὑφ-

108 1355 229 1385 ελέσθαι.
242 1356 278 1391 μή
285 1363 360 1386 τινας
370 1354 460 1381 αὐτῶν
468 1354 498 1380 δυ
503 1354 608 1380 σσεὸεῐν
619 1353 764 1388 ἀναπείσῃ,
777 1351 902 1387 καθάπερ

108 1402 137 1428 ἐν
153 1401 271 1438 δράματι
295 1403 364 1438 πρὸς
384 1402 447 1432 τοὺς
470 1400 596 1436 πρώτους
617 1399 829 1434 ἐντυγχάνοντας
845 1398 901 1434 (17)

108 1447 316 1484 ὀλοφυρόμενος.
335 1446 429 1482 Τούτῳ
448 1446 498 1482 μὲν
515 1444 561 1473 οὖν
578 1445 688 1482 μακράν
703 1445 809 1481 χαίρειν
823 1445 901 1481 εἰρή-

110 1502 186 1520 σεται
197 1502 203 1508 ·
221 1494 292 1530 ὑμᾶς
309 1493 337 1520 δέ
360 1502 393 1529 με
410 1493 461 1529 χρὴ
478 1493 535 1528 μετ’
553 1492 650 1526 ὀλίγων
664 1492 781 1524 τάττειν,
801 1491 901 1527 μᾶλλον

106 1538 136 1566 δὲ.
161 1539 259 1575 μόνους
285 1539 338 1574 πρὸ
366 1539 420 1565 τῶν
441 1538 529 1565 ἄλλων
549 1538 700 1574 σεμνύνειν,
722 1535 761 1570 οἷς
777 1537 902 1564 τοσοῦτον

107 1585 209 1621 ἀρετῆς
232 1585 280 1612 καὶ
301 1587 346 1612 νοῦ
367 1585 517 1620 περίεστιν,
534 1585 595 1611 ὅσον
613 1585 641 1611 αἱ
663 1584 775 1619 πράξεις
797 1584 901 1619 κηρύτ-

108 1639 199 1676 τουσι,Ι
219 1630 318 1666 μικροῦ
344 1631 434 1656 πᾶσαν
452 1630 501 1665 τὴν
526 1627 608 1656 οὖσαν
627 1630 806 1665 ὑμνούμεναι.
830 1628 901 1664 Εὖγε

105 1677 159 1713 τῆς
168 1676 343 1712 σωφροσύνης
354 1677 359 1703 !
371 1677 400 1703 Ei
409 1676 463 1712 γὰρ
472 1676 594 1711 ἀγγέλων
602 1676 791 1712 άκροασαίμην
805 1676 901 1703 τοσού-

108 1733 163 1751 των
184 1725 230 1751 καὶ
259 1724 384 1760 δεύτερον
404 1724 554 1757 διεξιόντων
575 1724 608 1750 τὰ
625 1724 746 1759 ὑμέτερα
767 1724 812 1750 καὶ
834 1732 901 1760 σεμ-

107 1770 252 1802 νυνόντων,
266 1770 288 1797 ὦ
305 1771 352 1797 καὶ
367 1771 429 1801 τοὺς
449 1770 581 1806 πρότερον
597 1770 806 1806 ἀποκρύψαντες
826 1771 901 1805 φιλο-

109 1816 197 1852 τιμίᾳ,
213 1817 260 1843 καὶ
274 1818 330 1848 τοῖς
344 1816 392 1842 νῦν
403 1825 432 1842 τε
445 1816 492 1842 καὶ
504 1815 616 1851 ὕστερον
631 1815 807 1852 παράδειγμα
819 1817 900 1844 καλὸν

108 1862 248 1898 ἐσόμενοι·
266 1862 341 1898 μόνοι
359 1871 387 1888 τε
404 1862 450 1889 καὶ
466 1864 522 1894 τοῖς
542 1862 615 1889 ἔθεσι
635 1862 721 1897 λόγων
741 1862 789 1889 καὶ
811 1863 899 1899 ἔργων

109 1909 231 1944 ἡγεμόνα
249 1909 295 1936 τὸν
316 1908 484 1935 τελειότατον
508 1908 563 1935 τῶν
586 1908 671 1935 ὄντων
697 1908 830 1944 ἑλόμενοι,
853 1909 900 1936 καὶ

109 1955 170 1981 οὐδὲ
184 1954 252 1991 πρὸς
267 1954 354 1990 βραχὺ
371 1954 555 1986 διστάσαντες,
571 1954 628 1981 ἀλλ’
642 1954 771 1990 ἀνδρείως
784 1954 901 1990 μεταθέ-

111 2009 185 2036 μενοι
198 2001 245 2028 καὶ
259 2002 313 2033 τοῖς
329 2001 418 2032 ἄλλοις
434 2000 614 2037 προσθέμενοι
630 2001 697 2036 (18),
713 2001 768 2028 ἀπὸ
781 2001 834 2028 τῶν
849 2010 900 2037 χα-

110 2047 159 2081 μαὶ
175 2046 277 2072 τούτων
297 2047 344 2073 καὶ
359 2046 505 2081 περιγείων
520 2046 588 2081 πρὸς
606 2046 641 2073 τά
660 2047 827 2081 κατουράνια
843 2046 898 2081 (19)

108 2092 296 2128 ἐπειχθέντες,
321 2091 498 2126 ξεναγοῦντος
518 2092 563 2118 ἐπ’
581 2092 651 2120 αὐτὰ
664 2092 712 2119 τοῦ
732 2092 898 2128 σεμνοτάτου

107 2138 258 2174 Γεωργίου,
275 2138 370 2174 ἀνδρὸς
391 2138 501 2165 τοιαῦτα
517 2138 616 2170 παντὸς
630 2138 729 2174 μᾶλλον
744 2139 900 2175 ἡκριϐωκό-

107 2192 168 2215 τος·
190 2184 223 2210 δι’
244 2183 274 2210 ὂν
292 2184 427 2210 καὶκατὰ
449 2184 494 2211 τὸν
518 2184 629 2221 ὕστερον
647 2183 703 2219 βίον
728 2184 796 2219 (20),
828 2185 897 2220 μετὰ

108 2230 193 2266 καλῆς
209 2229 315 2261 ἐλπίδος
333 2229 448 2263 διάξετε,
465 2230 513 2257 καὶ
531 2230 575 2257 τὸν
595 2231 623 2257 ὲν
641 2229 681 2265 τῷ
694 2229 807 2266 παρόντι
826 2231 895 2265 μετὰ

109 2276 250 2312 ῥᾳστώνης
266 2276 407 2311 βιώσεσθε.
420 2276 470 2312 Εῖη
485 2277 513 2303 δὲ
535 2277 610 2312 κοινῇ
630 2276 733 2308 πάντας
749 2276 812 2307 τοὺς
825 2275 896 2303 κατὰ

107 2323 157 2358 τὴν
172 2322 258 2354 πόλιν,
273 2322 367 2358 ὥσπερ
381 2323 457 2358 ἱερᾶς
469 2322 603 2359 ἀγκύρας,
620 2322 670 2358 τῆς
687 2322 783 2349 τούτου
803 2322 896 2358 φωνῆς

106 2367 283 2403 ἐξηρτῆσθαι,
300 2368 345 2395 ἵνα
369 2368 405 2404 μὴ
428 2369 519 2403 τομῶν
545 2369 561 2404 ἢ
589 2367 712 2396 καύσεων
737 2369 895 2405 δεηθῶμεν,

105 2413 178 2440 κατὰ
200 2413 254 2440 τῶν
278 2414 327 2446 τὰς
347 2414 403 2450 (2|)
428 2413 517 2449 ψυχάς
543 2414 757 2451 λελωϐημένων·
788 2412 828 2447 οἷς
853 2415 894 2442 ὅτι

108 2459 225 2494 μάλιστα
250 2459 434 2496 παραινοῦμεν
463 2460 628 2494 ἀφίστασθαι
653 2461 703 2496 τῆς
732 2460 893 2496 Ἀθανασιου

107 2506 235 2542 σπουδῆς,
250 2506 298 2533 καὶ
317 2505 383 2541 μηδὲ
398 2505 554 2541 μεμνῆσθαι
574 2507 624 2542 τῆς
640 2506 771 2542 περιττῆς
785 2507 893 2543 ἐκείνης

142 2595 316 2632 (12⁸)Ἐοτιε,
330 2595 403 2632 τούς.
421 2596 500 2625 Εοιτ.

144 2631 201 2666 (15)
216 2631 294 2664 its-gn,
307 2639 339 2657 συ
346 2631 444 2663 θέντας.

143 2667 200 2738 ilél

104 2739 193 2777 καῖςι.
217 2772 235 2777 μ
378 2773 389 2777 -
431 2771 454 2777 ..
551 2771 557 2777 ,
655 2771 661 2777 .
695 2771 702 2777 .
743 2771 748 2777 .

142 2772 207 2809 (16)-
217 2772 413 2809 Πεε.,-φυγεῖν.
431 2771 491 2809 Mos
510 2771 635 2809 mirante
651 2771 721 2807 ὺπέρ
742 2771 768 2798 iu
795 2771 890 2798 eodem

105 2815 133 2837 et
147 2807 173 2836 in
193 2807 273 2834 Basil.
288 2808 393 2842 legitur.
411 2808 436 2834 in
450 2807 530 2833 editis
549 2807 728 2833 desideratur.

143 2843 198 2877 (l7)
214 2843 250 2870 lta
263 2843 328 2878 lieg.
341 2842 412 2870 Editi
432 2849 503 2874 vero,
522 2842 590 2877 πρὸς
607 2842 730 2877 πρώτους
759 2841 891 2875 ἐντυγχά-

105 2887 194 2906 νοντα.

215 2667 271 2702 Τῆς
288 2667 381 2702 deerat
396 2668 422 2693 in
441 2666 530 2695 editis.
549 2665 577 2693 ln
592 2665 666 2702 Reg._
675 2674 740 2694 vero
755 2666 862 2702 legitur.

221 2700 300 2737 Reg.,
321 2701 448 2738 τερθρίας
467 2702 496 2728 δὲ
517 2701 564 2728 καὶ
591 2700 730 2737 τηνάλλως
753 2702 812 2732 ταῖς
840 2701 893 2736 ψυ-

918 884 938 912 Β

916 1537 937 1567 C

913 2213 935 2240 D

954 251 1152 279 constituerilis
1166 258 1173 277 :
1191 250 1270 286 primi
1288 250 1371 278 Deum
1386 251 1432 286 qui
1444 256 1485 279 est
1495 252 1657 286 agnoveritis
1674 259 1682 279 :
1697 252 1744 287 qui

954 297 1099 331 magistros
1117 297 1195 332 longe
1213 297 1448 333 praestantissimos
1460 297 1592 332 elegistis,
1605 298 1743 326 decretum

955 348 1075 371 nostrum
1095 343 1209 372 libenter
1229 344 1388 378 excepistis;
1408 349 1435 371 et
1458 345 1492 371 ab
1518 344 1662 379 deceptore
1683 345 1745 379 qui-

953 389 1013 417 dem
1032 389 1078 417 illo
1092 394 1120 416 et
1130 389 1277 423 impostore
1287 389 1350 423 jure
1361 391 1462 422 aversi,
1477 390 1511 418 iis
1529 391 1575 425 qui
1597 398 1678 425 supra
1693 392 1744 418 mi-

954 435 1074 462 raculum
1089 435 1258 463 venerabiles
1277 440 1304 463 et
1322 436 1411 463 ornati
1425 441 1512 468 erant.
1532 442 1562 463 ut
1581 437 1681 470 decuit,
1698 438 1745 464 ad-

953 481 1088 508 lucsistis.
1115 481 1180 515 Quis
1198 482 1269 508 enim
1287 482 1329 509 vel
1343 482 1456 510 extremi
1472 483 1545 510 orbis
1569 483 1656 511 incola
1680 491 1746 511 con-

955 528 1098 556 tcutiosam
1124 529 1149 555 iu
1169 528 1248 556 rebus
1262 536 1347 564 nuper
1361 530 1444 564 gestis
1457 530 1623 558 simultatem
1636 530 1745 565 ignora-

954 575 1026 602 verit
1045 575 1057 602 i
1078 575 1177 609 quibus
1206 575 1299 602 nescio
1323 575 1387 610 quid
1416 583 1449 603 ex
1477 576 1510 604 iis
1539 584 1598 611 qua:
1625 584 1744 612 unquam

954 621 1116 656 cnutigerint
1140 622 1294 656 comparari
1311 622 1407 657 possit.
1423 622 1560 657 Siquidem
1585 622 1707 658 plerique
1718 623 1744 651 in

953 668 1021 694 urbe
1038 668 1240 695 caacutiebant:
1258 668 1421 703 praevalebat
1441 668 1483 695 vir
1495 675 1528 696 ex
1549 669 1649 696 intimis
1670 669 1747 696 bara-

953 712 1022 740 tbris
1032 720 1166 746 emersus,
1183 713 1228 747 qui
1243 713 1315 740 velut
1332 713 1359 740 in
1381 713 1512 746 tenebris,
1532 714 1655 742 veritatis
1669 715 1746 750 cupi-

953 757 1002 784 dos
1027 757 1061 785 ad
1089 758 1261 785 mendacium
1285 758 1440 792 abducens,
1459 765 1613 786 sermonem
1634 759 1744 794 quidem

953 803 1120 832 fructuosum
1133 812 1269 839 nunquam
1288 805 1433 839 tribuebat,
1450 806 1496 833 sed
1506 806 1651 841 praestigiis
1661 811 1746 834 teme-

954 858 983 878 rc
1001 850 1105 878 animas
1114 851 1314 886 corrumpebat.
1330 852 1520 880 Assentatores
1533 853 1642 887 quidem
1657 853 1746 881 accla-

955 905 1050 931 mare,
1068 897 1249 933 applaudere.
1275 898 1449 934 obstupeﬁeri
1471 908 1479 927 :
1503 907 1571 934 quos
1595 900 1745 928 etiamnum

953 944 1100 971 verisimile
1126 948 1166 971 est
1186 944 1237 972 sub
1257 944 1383 973 dentibus
1403 946 1559 973 mussitare.
1575 945 1746 982 Plurimique

953 998 968 1018 e
985 990 1216 1026 simplicioribus.
1240 990 1305 1025 ipsis
1329 992 1545 1019 consentiebant.
1573 992 1627 1020 Res
1654 998 1744 1019 autem

952 1035 1024 1062 ﬂuxu
1060 1036 1176 1070 quodam
1206 1036 1362 1064 ferebantur
1386 1038 1462 1072 quasi
1486 1037 1512 1064 in
1538 1038 1657 1071 diluvio,
1681 1046 1744 1066 cum

952 1090 1046 1109 omnes
1061 1083 1087 1109 id
1114 1090 1224 1118 prorsus
1250 1083 1427 1118 negligerent.
1441 1083 1561 1112 Praeerat
1574 1089 1663 1112 autem
1676 1085 1716 1112 vir
1730 1094 1746 1113 ο

954 1129 1030 1156 turba
1046 1128 1121 1164 (quid
1136 1129 1228 1157 verius
1244 1130 1334 1157 dicere
1348 1130 1478 1166 possint?)
1494 1132 1539 1166 qui
1554 1131 1620 1159 nihil
1631 1140 1646 1159 a
1663 1132 1746 1160 sellu-

953 1175 1028 1202 lariis
1045 1175 1197 1209 diﬂerebat,
1217 1176 1317 1212 quique
1335 1176 1362 1203 in
1383 1177 1435 1204 hoc
1448 1177 1534 1204 solum
1550 1178 1653 1206 civitati
1666 1186 1744 1213 opem

954 1222 1070 1255 ferebat,
1084 1223 1155 1257 qttod
1169 1223 1243 1250 cives
1255 1223 1313 1258 ejus
1329 1223 1355 1250 in
1368 1223 1494 1251 barathra
1514 1231 1566 1251 non
1585 1224 1744 1259 impelleret.

953 1268 1007 1296 Sed
1021 1276 1168 1302 generosus
1184 1274 1211 1296 et
1229 1269 1375 1304 praaclarus
1389 1270 1432 1298 ille
1453 1271 1496 1297 vir
1513 1270 1645 1306 judicium
1659 1271 1692 1298 de
1714 1278 1745 1299 se

952 1315 1092 1344 ferendum
1108 1323 1160 1343 non
1179 1317 1367 1350 exspectavit:
1381 1317 1428 1344 sed
1446 1318 1473 1344 in
1486 1317 1536 1344 hac
1556 1325 1637 1344 causa
1649 1317 1745 1344 existi-

953 1361 1036 1389 mavit
1049 1361 1099 1389 sibi
1116 1362 1176 1397 luga
1200 1362 1394 1389 consulendum
1418 1369 1424 1386 :
1441 1369 1525 1397 quem“
1539 1370 1554 1390 e
1579 1363 1666 1390 medio
1685 1364 1744 1390 tolli

958 1415 973 1435 e
992 1416 1021 1435 re
1032 1408 1208 1436 barbarorum
1228 1409 1346 1443 ipsorum
1363 1414 1417 1437 est:
1429 1417 1461 1437 ne
1477 1411 1637 1445 quibusdam
1652 1418 1745 1438 eorum

953 1454 1117 1489 impietatem
1133 1455 1257 1487 suadeat,
1274 1457 1337 1483 dum
1351 1456 1428 1490 quasi
1450 1457 1476 1483 in
1496 1464 1576 1484 scena
1599 1457 1669 1492 apud
1693 1457 1746 1492 pri-

952 1507 1025 1527 mum
1037 1506 1213 1528 occurrentes
1232 1501 1319 1528 vicem
1345 1509 1422 1529 suam
1436 1502 1517 1529 dolet.
1535 1503 1581 1530 lllc
1599 1503 1681 1538 igitur
1697 1503 1742 1530 fa-

953 1553 1060 1574 cessere
1073 1546 1209 1581 jubeatur.
1224 1546 1266 1574 Me
1281 1552 1370 1574 autem
1389 1549 1526 1581 convenit,
1539 1556 1585 1576 vos
1599 1557 1661 1576 cum
1676 1556 1745 1584 pau-

952 1592 992 1620 cis
1007 1593 1133 1625 sociare;
1148 1593 1211 1627 quin
1223 1598 1250 1620 et
1264 1593 1335 1621 solos
1350 1602 1404 1629 prae
1420 1594 1479 1622 aliis
1493 1595 1628 1624 honorare
1646 1596 1745 1630 quibus

952 1643 1028 1666 tanta
1043 1639 1140 1672 virtus,
1154 1643 1229 1666 tanta
1250 1647 1327 1667 mens
1349 1640 1435 1672 inest.
1454 1646 1581 1674 quantam
1601 1648 1644 1668 res
1663 1647 1745 1676 gesta:

950 1685 1109 1720 praedicant,
1124 1692 1183 1719 qua:
1198 1692 1246 1720 per
1257 1687 1411 1713 universum
1427 1686 1484 1714 fere
1498 1687 1590 1714 orbem
1603 1687 1743 1714 celebran-

952 1735 1004 1758 tur.
1020 1730 1106 1758 Macte
1132 1731 1317 1766 prudentiam!
1337 1732 1413 1765 Quod
1427 1732 1450 1759 si
1469 1733 1556 1759 denuo
1578 1737 1616 1760 tot
1634 1734 1744 1761 nuntios

950 1777 1081 1803 audierim
1095 1777 1140 1811 qui
1155 1784 1199 1804 res
1215 1784 1230 1804 a
1243 1777 1319 1804 vobis
1331 1782 1421 1812 gestas
1435 1782 1563 1805 enarrent
1576 1784 1603 1805 et
1615 1778 1741 1806 laudibus

950 1822 1109 1850 celebrent:
1131 1822 1153 1850 0
1176 1823 1221 1857 qui
1244 1823 1363 1858 majores
1386 1828 1490 1851 vestros
1518 1824 1627 1851 virtutis
1653 1825 1743 1852 studio

949 1867 1027 1902 longe
1041 1868 1187 1903 superatis,
1197 1868 1297 1903 quique
1309 1869 1406 1897 coacvis
1417 1875 1443 1897 ct
1457 1871 1572 1905 posteris
1583 1871 1742 1905 praclarum

949 1912 1102 1947 exemplum
1131 1913 1214 1940 futuri
1230 1913 1298 1941 estis
1311 1913 1319 1941 ι
1334 1914 1383 1941 soli
1407 1914 1479 1941 enim
1498 1914 1525 1941 in
1548 1922 1666 1947 morum,
1680 1923 1743 1943 ver-

948 1959 1044 1986 borum
1061 1963 1089 1986 et
1104 1967 1215 1992 operum
1227 1959 1333 1991 ducem.
1349 1960 1604 1994 praestantissimum
1620 1961 1741 1989 virorum

949 2002 1107 2036 cooptastis.
1115 2000 1170 2029 Nec
1179 2001 1311 2029 tantillum
1319 2003 1427 2037 quidem
1441 2003 1741 2037 temporisbaesitautes,

948 2048 1064 2075 viriliter
1077 2052 1182 2075 mutata
1195 2048 1341 2080 sententia,
1360 2048 1463 2083 reliquo
1479 2049 1561 2076 coetui
1584 2056 1633 2076 vos
1652 2049 1741 2077 socia-

949 2093 1018 2120 stis:
1034 2098 1061 2120 et.
1081 2094 1114 2121 ab
1128 2093 1229 2121 intimis
1246 2093 1305 2122 istis
1320 2098 1347 2121 et
1369 2094 1483 2121 terrenis
1500 2102 1548 2121 vos
1565 2095 1690 2123 erexistis
1707 2095 1741 2123 ad

949 2139 1081 2169 ccelestia.
1101 2139 1278 2175 antesignano
1305 2140 1346 2167 usi
1369 2141 1595 2175 praestantissimo
1611 2141 1739 2176 Georgio,

949 2185 1008 2213 viro
1024 2185 1049 2212 in
1067 2185 1220 2220 bujusmodi
1240 2186 1320 2213 rebus
1334 2186 1455 2213 onmium
1483 2186 1639 2214 mortalium
1659 2194 1739 2213 exer-

950 2230 1109 2258 citatissimo
1135 2230 1231 2264 :cujus
1247 2237 1329 2265 opera
1351 2230 1377 2257 in
1396 2229 1487 2258 futuro
1508 2238 1568 2258 cum
1594 2231 1664 2258 bona
1690 2237 1739 2265 spe

949 2276 1053 2312 degetis
1073 2285 1080 2308 ;
1100 2280 1128 2303 et
1142 2276 1169 2303 iu
1194 2276 1320 2310 praesenti
1339 2277 1511 2310 tranquillam
1539 2277 1624 2312 agetis
1643 2277 1738 2305 vitam.

950 2322 1056 2350 Utinam
1069 2330 1164 2350 omnes
1173 2323 1252 2350 simul
1267 2323 1312 2358 qui
1326 2323 1351 2351 in
1369 2323 1420 2351 ista
1436 2323 1502 2350 urbe
1513 2323 1624 2356 degunt,
1634 2323 1668 2350 ab
1679 2323 1739 2358 ejus

947 2377 1024 2403 voce,
1046 2374 1171 2404 tanquam
1188 2377 1202 2396 a
1218 2378 1294 2397 sacra
1318 2371 1449 2404 anchora,
1469 2371 1623 2405 pendeant:
1642 2378 1676 2398 ne
1694 2379 1738 2399 se-

947 2416 1084 2444 ctionibus
1101 2420 1129 2443 et
1142 2415 1328 2444 adustionibus
1347 2417 1527 2452 indigeamus,
1544 2417 1674 2444 adversus
1687 2425 1734 2444 eos

947 2469 1060 2497 quorum
1080 2461 1177 2488 anima:
1203 2465 1336 2496 corruptze
1359 2467 1422 2489 sunt
1441 2469 1449 2489 2
1469 2469 1537 2496 quos
1565 2469 1738 2494 summopere

948 2507 1089 2534 hortamur
1109 2511 1138 2534 ut
1158 2514 1173 2534 a
1187 2507 1277 2534 studio
1299 2514 1362 2542 erga
1386 2507 1565 2534 Athanasium
1590 2507 1736 2540 absistam.

981 2595 1036 2630 (18)
1055 2594 1128 2627 Haec,
1143 2595 1189 2622 καὶ
1203 2596 1259 2626 τοῖς
1275 2595 1364 2627 ἄλλοις
1375 2595 1565 2631 προσθέμενοι,
1579 2596 1690 2622 deerant
1709 2595 1734 2623 in

944 2631 1024 2658 editis
1042 2636 1152 2665 propter
1171 2630 1382 2666 ὁμοιοτέλὶυτον.
1399 2630 1456 2658 Sed
1486 2633 1513 2658 iu
1536 2631 1603 2666 Heg.
1632 2631 1735 2658 haben-

946 2671 1036 2736 ll"(19)
1066 2700 1150 2736 Reg.,
1180 2700 1322 2728 κατούσια.
1344 2700 1416 2728 Idem
1448 2709 1520 2734 mox,
1543 2701 1731 2736 ξεναγοῦντες,

944 2737 1024 2764 male.

981 2770 1036 2807 (20)
1054 2770 1115 2797 Biov
1145 2771 1237 2799 deerat
1258 2771 1284 2798 in
1297 2771 1377 2798 editis
1405 2781 1412 2799 :

945 2812 1036 2877 ωἳὲξι)
1053 2842 1097 2870 Sic
1110 2843 1188 2878 lii-3.,
1203 2841 1252 2873 τάς
1267 2842 1292 2869 in
1306 2841 1385 2870 editis
1405 2842 1491 2872 deest.

1441 2772 1487 2799 scd
1516 2773 1542 2799 in
1572 2771 1640 2809 Reg.
1666 2772 1732 2808 legi-
