  <div class='ocr_page' id='page_1' title='image "/cluster/home/n/w/nwhite01/storage/ocr_20150623/25/njp.32101010944591/603.png"; bbox 0 0 2007 3044; ppageno 0'>
   <div class='ocr_carea' id='block_1_1' title="bbox 251 136 304 164">
    <p class='ocr_par' dir='ltr' id='par_1_1' title="bbox 251 136 304 164">
     <span class='ocr_line' id='line_1_1' title="bbox 251 136 304 164; baseline 0 -1"><span class='ocrx_word' id='word_1_1' title='bbox 251 136 304 164; x_wconf 80' lang='lat'><strong>635</strong></span> 
     </span>
    </p>
   </div>
   <div class='ocr_carea' id='block_1_2' title="bbox 527 122 1557 162">
    <p class='ocr_par' dir='ltr' id='par_1_2' title="bbox 527 122 1557 162">
     <span class='ocr_line' id='line_1_2' title="bbox 527 122 1557 162; baseline -0.013 -1"><span class='ocrx_word' id='word_1_2' title='bbox 527 134 555 162; x_wconf 88' lang='lat' dir='ltr'><strong>S.</strong></span> <span class='ocrx_word' id='word_1_3' title='bbox 577 131 760 161; x_wconf 73' lang='lat' dir='ltr'><strong>A&#39;i‘l‘lANASll</strong></span> <span class='ocrx_word' id='word_1_4' title='bbox 777 130 851 158; x_wconf 72' lang='lat' dir='ltr'><strong>0P9.</strong></span> <span class='ocrx_word' id='word_1_5' title='bbox 872 128 961 157; x_wconf 76' lang='lat' dir='ltr'><strong>PARS</strong></span> <span class='ocrx_word' id='word_1_6' title='bbox 980 128 1001 155; x_wconf 88' lang='grc' dir='ltr'>ι.</span> <span class='ocrx_word' id='word_1_7' title='bbox 1021 142 1056 148; x_wconf 89' lang='lat'><strong>-—-</strong></span> <span class='ocrx_word' id='word_1_8' title='bbox 1074 125 1262 154; x_wconf 79' lang='lat' dir='ltr'><strong>HISTORICA</strong></span> <span class='ocrx_word' id='word_1_9' title='bbox 1282 123 1326 151; x_wconf 82' lang='grc' dir='ltr'>ΕΤ</span> <span class='ocrx_word' id='word_1_10' title='bbox 1346 122 1557 151; x_wconf 77' lang='lat' dir='ltr'><strong>DOGMATICA.</strong></span> 
     </span>
    </p>
   </div>
   <div class='ocr_carea' id='block_1_3' title="bbox 1814 123 1869 146">
    <p class='ocr_par' dir='ltr' id='par_1_3' title="bbox 1814 123 1869 146">
     <span class='ocr_line' id='line_1_3' title="bbox 1814 123 1869 146; baseline 0 0"><span class='ocrx_word' id='word_1_11' title='bbox 1814 123 1869 146; x_wconf 60' lang='grc' dir='ltr'><strong>δὺο</strong></span> 
     </span>
    </p>
   </div>
   <div class='ocr_carea' id='block_1_4' title="bbox 253 178 1044 227">
    <p class='ocr_par' dir='ltr' id='par_1_4' title="bbox 253 188 1034 227">
     <span class='ocr_line' id='line_1_4' title="bbox 253 188 1034 227; baseline -0.008 -7"><span class='ocrx_word' id='word_1_12' title='bbox 253 201 304 221; x_wconf 87' lang='lat' dir='ltr'><strong>nec</strong></span> <span class='ocrx_word' id='word_1_13' title='bbox 327 193 502 220; x_wconf 78' lang='lat' dir='ltr'><strong>recordentur</strong></span> <span class='ocrx_word' id='word_1_14' title='bbox 519 191 662 227; x_wconf 67' lang='lat' dir='ltr'><strong>superﬂuas</strong></span> <span class='ocrx_word' id='word_1_15' title='bbox 684 189 755 217; x_wconf 89' lang='lat' dir='ltr'><strong>illius</strong></span> <span class='ocrx_word' id='word_1_16' title='bbox 785 188 960 224; x_wconf 69' lang='lat' dir='ltr'><strong>garrulitatis,</strong></span> <span class='ocrx_word' id='word_1_17' title='bbox 988 191 1034 214; x_wconf 90' lang='lat' dir='ltr'><strong>aut</strong></span> 
     </span>
    </p>
   </div>
   <div class='ocr_carea' id='block_1_5' title="bbox 1095 178 1869 227">
    <p class='ocr_par' dir='ltr' id='par_1_5' title="bbox 1095 178 1869 219">
     <span class='ocr_line' id='line_1_5' title="bbox 1095 178 1869 219; baseline -0.01 -7"><span class='ocrx_word' id='word_1_18' title='bbox 1095 184 1256 219; x_wconf 79' lang='grc' dir='ltr'>ιδολεσχίας,</span> <span class='ocrx_word' id='word_1_19' title='bbox 1277 183 1293 218; x_wconf 79' lang='grc' dir='ltr'>ἢ</span> <span class='ocrx_word' id='word_1_20' title='bbox 1316 182 1426 218; x_wconf 85' lang='grc' dir='ltr'>λήσουσι</span> <span class='ocrx_word' id='word_1_21' title='bbox 1449 182 1504 212; x_wconf 88' lang='grc' dir='ltr'>τοῖς</span> <span class='ocrx_word' id='word_1_22' title='bbox 1531 180 1655 215; x_wconf 75' lang='grc' dir='ltr'><strong>ἐσχάτοις</strong></span> <span class='ocrx_word' id='word_1_23' title='bbox 1681 179 1766 214; x_wconf 71' lang='grc' dir='ltr'>ἔνοχοι</span> <span class='ocrx_word' id='word_1_24' title='bbox 1792 178 1869 210; x_wconf 59' lang='lat' dir='ltr'><strong>om;</strong></span> 
     </span>
    </p>
   </div>
   <div class='ocr_carea' id='block_1_6' title="bbox 253 234 1033 269">
    <p class='ocr_par' dir='ltr' id='par_1_6' title="bbox 253 234 1033 269">
     <span class='ocr_line' id='line_1_6' title="bbox 253 234 1033 269; baseline -0.006 -3"><span class='ocrx_word' id='word_1_25' title='bbox 253 246 314 266; x_wconf 88' lang='lat' dir='ltr'><strong>sero</strong></span> <span class='ocrx_word' id='word_1_26' title='bbox 328 239 539 266; x_wconf 79' lang='lat' dir='ltr'><strong>animadvertent</strong></span> <span class='ocrx_word' id='word_1_27' title='bbox 557 245 587 265; x_wconf 88' lang='lat' dir='ltr'><strong>se</strong></span> <span class='ocrx_word' id='word_1_28' title='bbox 607 239 635 265; x_wconf 90' lang='lat' dir='ltr'><strong>in</strong></span> <span class='ocrx_word' id='word_1_29' title='bbox 656 237 786 265; x_wconf 83' lang='lat' dir='ltr'><strong>extremis</strong></span> <span class='ocrx_word' id='word_1_30' title='bbox 803 235 903 263; x_wconf 87' lang='lat' dir='ltr'><strong>versari</strong></span> <span class='ocrx_word' id='word_1_31' title='bbox 927 234 1033 269; x_wconf 88' lang='lat' dir='ltr'><strong>pericu-</strong></span> 
     </span>
    </p>
   </div>
   <div class='ocr_carea' id='block_1_7' title="bbox 253 279 1034 317">
    <p class='ocr_par' dir='ltr' id='par_1_7' title="bbox 253 279 1034 317">
     <span class='ocr_line' id='line_1_7' title="bbox 253 279 1034 317; baseline -0.005 -7"><span class='ocrx_word' id='word_1_32' title='bbox 253 283 305 310; x_wconf 84' lang='lat' dir='ltr'><strong>lis:</strong></span> <span class='ocrx_word' id='word_1_33' title='bbox 323 291 355 310; x_wconf 76' lang='lat' dir='ltr'><strong>ea</strong></span> <span class='ocrx_word' id='word_1_34' title='bbox 368 283 464 317; x_wconf 84' lang='lat' dir='ltr'><strong>quibus</strong></span> <span class='ocrx_word' id='word_1_35' title='bbox 484 283 619 310; x_wconf 83' lang='lat' dir='ltr'><strong>nescimus</strong></span> <span class='ocrx_word' id='word_1_36' title='bbox 638 289 671 309; x_wconf 86' lang='lat' dir='ltr'><strong>an</strong></span> <span class='ocrx_word' id='word_1_37' title='bbox 686 282 747 316; x_wconf 90' lang='lat' dir='ltr'><strong>quis</strong></span> <span class='ocrx_word' id='word_1_38' title='bbox 768 288 801 308; x_wconf 82' lang='lat' dir='ltr'><strong>ex</strong></span> <span class='ocrx_word' id='word_1_39' title='bbox 815 279 980 315; x_wconf 75' lang='lat' dir='ltr'><strong>gravissimis</strong></span> <span class='ocrx_word' id='word_1_40' title='bbox 993 279 1034 306; x_wconf 78' lang='lat' dir='ltr'><strong>vi—</strong></span> 
     </span>
    </p>
   </div>
   <div class='ocr_carea' id='block_1_8' title="bbox 253 325 1034 362">
    <p class='ocr_par' dir='ltr' id='par_1_8' title="bbox 253 325 1034 362">
     <span class='ocr_line' id='line_1_8' title="bbox 253 325 1034 362; baseline -0.005 -7"><span class='ocrx_word' id='word_1_41' title='bbox 253 329 292 355; x_wconf 83' lang='lat' dir='ltr'><strong>ris</strong></span> <span class='ocrx_word' id='word_1_42' title='bbox 304 327 446 355; x_wconf 74' lang='lat' dir='ltr'><strong>seditiosos</strong></span> <span class='ocrx_word' id='word_1_43' title='bbox 461 327 557 362; x_wconf 89' lang='lat' dir='ltr'><strong>eripiet</strong></span> <span class='ocrx_word' id='word_1_44' title='bbox 569 327 576 353; x_wconf 96' lang='lat' dir='ltr'><strong>l</strong></span> <span class='ocrx_word' id='word_1_45' title='bbox 589 327 742 355; x_wconf 87' lang='lat' dir='ltr'><strong>Absurdum</strong></span> <span class='ocrx_word' id='word_1_46' title='bbox 761 326 859 361; x_wconf 87' lang='lat' dir='ltr'><strong>quippe</strong></span> <span class='ocrx_word' id='word_1_47' title='bbox 872 330 924 357; x_wconf 83' lang='lat' dir='ltr'><strong>est,</strong></span> <span class='ocrx_word' id='word_1_48' title='bbox 943 325 1034 360; x_wconf 83' lang='lat' dir='ltr'><strong>perdi-</strong></span> 
     </span>
    </p>
   </div>
   <div class='ocr_carea' id='block_1_9' title="bbox 255 371 1033 407">
    <p class='ocr_par' dir='ltr' id='par_1_9' title="bbox 255 371 1033 407">
     <span class='ocr_line' id='line_1_9' title="bbox 255 371 1033 407; baseline -0.004 -6"><span class='ocrx_word' id='word_1_49' title='bbox 255 374 387 401; x_wconf 87' lang='lat' dir='ltr'><strong>tissimum</strong></span> <span class='ocrx_word' id='word_1_50' title='bbox 402 373 589 405; x_wconf 76' lang='lat' dir='ltr'><strong>Athanasium,</strong></span> <span class='ocrx_word' id='word_1_51' title='bbox 602 374 629 401; x_wconf 92' lang='lat' dir='ltr'><strong>in</strong></span> <span class='ocrx_word' id='word_1_52' title='bbox 643 373 805 407; x_wconf 79' lang='lat' dir='ltr'><strong>turpissimis</strong></span> <span class='ocrx_word' id='word_1_53' title='bbox 824 372 971 399; x_wconf 77' lang='lat' dir='ltr'><strong>sceleribus</strong></span> <span class='ocrx_word' id='word_1_54' title='bbox 987 371 1033 398; x_wconf 88' lang='lat' dir='ltr'><strong>de-</strong></span> 
     </span>
    </p>
   </div>
   <div class='ocr_carea' id='block_1_10' title="bbox 254 415 1036 454">
    <p class='ocr_par' dir='ltr' id='par_1_10' title="bbox 254 415 1036 454">
     <span class='ocr_line' id='line_1_10' title="bbox 254 415 1036 454; baseline -0.005 -8"><span class='ocrx_word' id='word_1_55' title='bbox 254 418 438 453; x_wconf 76' lang='lat' dir='ltr'><strong>prehensum,</strong></span> <span class='ocrx_word' id='word_1_56' title='bbox 468 425 483 445; x_wconf 74' lang='grc' dir='ltr'><strong>ο</strong></span> <span class='ocrx_word' id='word_1_57' title='bbox 510 418 619 454; x_wconf 82' lang='lat' dir='ltr'><strong>regione</strong></span> <span class='ocrx_word' id='word_1_58' title='bbox 644 418 671 445; x_wconf 91' lang='lat' dir='ltr'><strong>in</strong></span> <span class='ocrx_word' id='word_1_59' title='bbox 698 418 833 453; x_wconf 74' lang='lat' dir='ltr'><strong>regionem</strong></span> <span class='ocrx_word' id='word_1_60' title='bbox 861 415 978 451; x_wconf 76' lang='lat' dir='ltr'><strong>expelli,</strong></span> <span class='ocrx_word' id='word_1_61' title='bbox 1007 421 1036 443; x_wconf 87' lang='lat' dir='ltr'><strong>ut</strong></span> 
     </span>
    </p>
   </div>
   <div class='ocr_carea' id='block_1_11' title="bbox 254 461 1036 498">
    <p class='ocr_par' dir='ltr' id='par_1_11' title="bbox 254 461 1036 498">
     <span class='ocr_line' id='line_1_11' title="bbox 254 461 1036 498; baseline -0.004 -7"><span class='ocrx_word' id='word_1_62' title='bbox 254 463 398 498; x_wconf 77' lang='lat' dir='ltr'><strong>aliquando</strong></span> <span class='ocrx_word' id='word_1_63' title='bbox 420 463 537 490; x_wconf 82' lang='lat' dir='ltr'><strong>debitum</strong></span> <span class='ocrx_word' id='word_1_64' title='bbox 571 463 731 498; x_wconf 89' lang='lat' dir='ltr'><strong>supplicium</strong></span> <span class='ocrx_word' id='word_1_65' title='bbox 755 462 833 489; x_wconf 88' lang='lat' dir='ltr'><strong>luat:</strong></span> <span class='ocrx_word' id='word_1_66' title='bbox 853 462 877 489; x_wconf 82' lang='lat' dir='ltr'><strong>si</strong></span> <span class='ocrx_word' id='word_1_67' title='bbox 899 467 987 489; x_wconf 89' lang='lat' dir='ltr'><strong>tamen</strong></span> <span class='ocrx_word' id='word_1_68' title='bbox 1010 461 1036 488; x_wconf 90' lang='lat' dir='ltr'><strong>id</strong></span> 
     </span>
    </p>
   </div>
   <div class='ocr_carea' id='block_1_12' title="bbox 254 507 1034 544">
    <p class='ocr_par' dir='ltr' id='par_1_12' title="bbox 254 507 1034 544">
     <span class='ocr_line' id='line_1_12' title="bbox 254 507 1034 544; baseline -0.003 -8"><span class='ocrx_word' id='word_1_69' title='bbox 254 509 376 544; x_wconf 63' lang='lat' dir='ltr'><strong>praestari</strong></span> <span class='ocrx_word' id='word_1_70' title='bbox 390 509 484 544; x_wconf 83' lang='lat' dir='ltr'><strong>possit,</strong></span> <span class='ocrx_word' id='word_1_71' title='bbox 502 509 609 536; x_wconf 85' lang='lat' dir='ltr'><strong>etiamsi</strong></span> <span class='ocrx_word' id='word_1_72' title='bbox 629 508 691 542; x_wconf 83' lang='lat' dir='ltr'><strong>quis</strong></span> <span class='ocrx_word' id='word_1_73' title='bbox 711 508 787 535; x_wconf 93' lang='lat' dir='ltr'><strong>illum</strong></span> <span class='ocrx_word' id='word_1_74' title='bbox 808 507 898 535; x_wconf 79' lang='lat' dir='ltr'><strong>decies</strong></span> <span class='ocrx_word' id='word_1_75' title='bbox 911 507 1034 534; x_wconf 87' lang='lat' dir='ltr'><strong>occidat:</strong></span> 
     </span>
    </p>
   </div>
   <div class='ocr_carea' id='block_1_13' title="bbox 255 552 1036 586">
    <p class='ocr_par' dir='ltr' id='par_1_13' title="bbox 255 552 1036 586">
     <span class='ocr_line' id='line_1_13' title="bbox 255 552 1036 586; baseline 0 -8"><span class='ocrx_word' id='word_1_76' title='bbox 255 557 435 579; x_wconf 71' lang='lat' dir='ltr'><strong>assentatores</strong></span> <span class='ocrx_word' id='word_1_77' title='bbox 459 556 548 578; x_wconf 84' lang='lat' dir='ltr'><strong>autem</strong></span> <span class='ocrx_word' id='word_1_78' title='bbox 566 552 624 585; x_wconf 88' lang='lat' dir='ltr'><strong>ejus</strong></span> <span class='ocrx_word' id='word_1_79' title='bbox 640 556 667 579; x_wconf 87' lang='lat' dir='ltr'><strong>et</strong></span> <span class='ocrx_word' id='word_1_80' title='bbox 690 552 837 584; x_wconf 82' lang='lat' dir='ltr'><strong>ministros,</strong></span> <span class='ocrx_word' id='word_1_81' title='bbox 861 552 1036 586; x_wconf 63' lang='lat' dir='ltr'><strong>praestigiato-</strong></span> 
     </span>
    </p>
   </div>
   <div class='ocr_carea' id='block_1_14' title="bbox 255 596 1038 632">
    <p class='ocr_par' dir='ltr' id='par_1_14' title="bbox 255 596 1038 632">
     <span class='ocr_line' id='line_1_14' title="bbox 255 596 1038 632; baseline -0.001 -8"><span class='ocrx_word' id='word_1_82' title='bbox 255 604 311 630; x_wconf 79' lang='lat' dir='ltr'><strong>res,</strong></span> <span class='ocrx_word' id='word_1_83' title='bbox 329 597 450 632; x_wconf 85' lang='lat' dir='ltr'><strong>talesque</strong></span> <span class='ocrx_word' id='word_1_84' title='bbox 477 597 611 631; x_wconf 81' lang='lat' dir='ltr'><strong>homines,</strong></span> <span class='ocrx_word' id='word_1_85' title='bbox 632 601 660 624; x_wconf 92' lang='lat' dir='ltr'><strong>ut</strong></span> <span class='ocrx_word' id='word_1_86' title='bbox 679 604 726 624; x_wconf 71' lang='grc' dir='ltr'><strong>θος</strong></span> <span class='ocrx_word' id='word_1_87' title='bbox 743 596 784 624; x_wconf 86' lang='lat' dir='ltr'><strong>vel</strong></span> <span class='ocrx_word' id='word_1_88' title='bbox 803 598 942 624; x_wconf 84' lang='lat' dir='ltr'><strong>nominare</strong></span> <span class='ocrx_word' id='word_1_89' title='bbox 961 601 1038 631; x_wconf 84' lang='lat' dir='ltr'><strong>turpe</strong></span> 
     </span>
    </p>
   </div>
   <div class='ocr_carea' id='block_1_15' title="bbox 255 642 1038 678">
    <p class='ocr_par' dir='ltr' id='par_1_15' title="bbox 255 642 1038 678">
     <span class='ocr_line' id='line_1_15' title="bbox 255 642 1038 678; baseline -0.004 -7"><span class='ocrx_word' id='word_1_90' title='bbox 255 644 301 676; x_wconf 80' lang='lat' dir='ltr'><strong>sit,</strong></span> <span class='ocrx_word' id='word_1_91' title='bbox 309 643 475 670; x_wconf 80' lang='lat' dir='ltr'><strong>exsultantes</strong></span> <span class='ocrx_word' id='word_1_92' title='bbox 490 643 626 678; x_wconf 75' lang='lat' dir='ltr'><strong>negligere</strong></span> <span class='ocrx_word' id='word_1_93' title='bbox 641 652 648 670; x_wconf 88' lang='lat'><strong>:</strong></span> <span class='ocrx_word' id='word_1_94' title='bbox 661 650 729 677; x_wconf 91' lang='lat' dir='ltr'><strong>quos</strong></span> <span class='ocrx_word' id='word_1_95' title='bbox 752 643 838 670; x_wconf 86' lang='lat' dir='ltr'><strong>occidi</strong></span> <span class='ocrx_word' id='word_1_96' title='bbox 854 642 955 678; x_wconf 81' lang='lat' dir='ltr'><strong>jamdiu</strong></span> <span class='ocrx_word' id='word_1_97' title='bbox 966 643 1038 678; x_wconf 78' lang='lat' dir='ltr'><strong>judi-</strong></span> 
     </span>
    </p>
   </div>
   <div class='ocr_carea' id='block_1_16' title="bbox 256 688 1037 723">
    <p class='ocr_par' dir='ltr' id='par_1_16' title="bbox 256 688 1037 723">
     <span class='ocr_line' id='line_1_16' title="bbox 256 688 1037 723; baseline -0.001 -7"><span class='ocrx_word' id='word_1_98' title='bbox 256 689 332 716; x_wconf 87' lang='lat' dir='ltr'><strong>cibus</strong></span> <span class='ocrx_word' id='word_1_99' title='bbox 348 694 508 723; x_wconf 65' lang='lat' dir='ltr'><strong>praeceptum</strong></span> <span class='ocrx_word' id='word_1_100' title='bbox 522 693 573 715; x_wconf 83' lang='lat' dir='ltr'><strong>est.</strong></span> <span class='ocrx_word' id='word_1_101' title='bbox 585 688 617 715; x_wconf 86' lang='lat' dir='ltr'><strong>Et</strong></span> <span class='ocrx_word' id='word_1_102' title='bbox 632 688 745 715; x_wconf 77' lang='lat' dir='ltr'><strong>fortasse</strong></span> <span class='ocrx_word' id='word_1_103' title='bbox 760 689 880 715; x_wconf 90' lang='lat' dir='ltr'><strong>morituri</strong></span> <span class='ocrx_word' id='word_1_104' title='bbox 894 688 975 723; x_wconf 75' lang='lat'><strong>250</strong></span> <span class='ocrx_word' id='word_1_105' title='bbox 986 697 1037 715; x_wconf 93' lang='lat' dir='ltr'><strong>non</strong></span> 
     </span>
    </p>
   </div>
   <div class='ocr_carea' id='block_1_17' title="bbox 256 734 1038 770">
    <p class='ocr_par' dir='ltr' id='par_1_17' title="bbox 256 734 1038 770">
     <span class='ocr_line' id='line_1_17' title="bbox 256 734 1038 770; baseline 0 -9"><span class='ocrx_word' id='word_1_106' title='bbox 256 739 329 766; x_wconf 82' lang='lat' dir='ltr'><strong>sunt,</strong></span> <span class='ocrx_word' id='word_1_107' title='bbox 340 735 362 762; x_wconf 91' lang='lat' dir='ltr'><strong>si</strong></span> <span class='ocrx_word' id='word_1_108' title='bbox 380 742 395 761; x_wconf 93' lang='lat' dir='ltr'><strong>a</strong></span> <span class='ocrx_word' id='word_1_109' title='bbox 412 735 548 769; x_wconf 87' lang='lat' dir='ltr'><strong>prioribus</strong></span> <span class='ocrx_word' id='word_1_110' title='bbox 559 735 663 761; x_wconf 79' lang='lat' dir='ltr'><strong>delictis</strong></span> <span class='ocrx_word' id='word_1_111' title='bbox 677 742 738 762; x_wconf 90' lang='lat' dir='ltr'><strong>sero</strong></span> <span class='ocrx_word' id='word_1_112' title='bbox 753 734 858 762; x_wconf 84' lang='lat' dir='ltr'><strong>tandem</strong></span> <span class='ocrx_word' id='word_1_113' title='bbox 871 736 1038 770; x_wconf 83' lang='lat' dir='ltr'><strong>resipiscam.</strong></span> 
     </span>
    </p>
   </div>
   <div class='ocr_carea' id='block_1_18' title="bbox 256 781 1039 815">
    <p class='ocr_par' dir='ltr' id='par_1_18' title="bbox 256 781 1039 815">
     <span class='ocr_line' id='line_1_18' title="bbox 256 781 1039 815; baseline 0 -7"><span class='ocrx_word' id='word_1_114' title='bbox 256 781 358 814; x_wconf 85' lang='lat' dir='ltr'><strong>Quibus</strong></span> <span class='ocrx_word' id='word_1_115' title='bbox 375 781 599 809; x_wconf 82' lang='lat' dir='ltr'><strong>sceleratissimus</strong></span> <span class='ocrx_word' id='word_1_116' title='bbox 627 781 790 808; x_wconf 79' lang='lat' dir='ltr'><strong>Athanasius</strong></span> <span class='ocrx_word' id='word_1_117' title='bbox 810 788 839 808; x_wconf 90' lang='lat' dir='ltr'><strong>se</strong></span> <span class='ocrx_word' id='word_1_118' title='bbox 856 781 950 808; x_wconf 87' lang='lat' dir='ltr'><strong>ducem</strong></span> <span class='ocrx_word' id='word_1_119' title='bbox 970 788 1039 815; x_wconf 69' lang='lat' dir='ltr'><strong>prae-</strong></span> 
     </span>
    </p>
   </div>
   <div class='ocr_carea' id='block_1_19' title="bbox 257 824 1038 860">
    <p class='ocr_par' dir='ltr' id='par_1_19' title="bbox 257 824 1038 860">
     <span class='ocr_line' id='line_1_19' title="bbox 257 824 1038 860; baseline 0.001 -8"><span class='ocrx_word' id='word_1_120' title='bbox 257 825 324 858; x_wconf 87' lang='lat' dir='ltr'><strong>buit,</strong></span> <span class='ocrx_word' id='word_1_121' title='bbox 341 833 402 852; x_wconf 91' lang='lat' dir='ltr'><strong>nam</strong></span> <span class='ocrx_word' id='word_1_122' title='bbox 419 829 445 852; x_wconf 89' lang='lat' dir='ltr'><strong>et</strong></span> <span class='ocrx_word' id='word_1_123' title='bbox 458 833 512 852; x_wconf 84' lang='lat' dir='ltr'><strong>rem</strong></span> <span class='ocrx_word' id='word_1_124' title='bbox 529 825 663 860; x_wconf 86' lang='lat' dir='ltr'><strong>publicam</strong></span> <span class='ocrx_word' id='word_1_125' title='bbox 683 824 864 858; x_wconf 79' lang='lat' dir='ltr'><strong>labefactavit,</strong></span> <span class='ocrx_word' id='word_1_126' title='bbox 879 833 910 853; x_wconf 84' lang='lat' dir='ltr'><strong>ac</strong></span> <span class='ocrx_word' id='word_1_127' title='bbox 925 826 1038 853; x_wconf 87' lang='lat' dir='ltr'><strong>sanctis—</strong></span> 
     </span>
    </p>
   </div>
   <div class='ocr_carea' id='block_1_20' title="bbox 257 871 932 906">
    <p class='ocr_par' dir='ltr' id='par_1_20' title="bbox 257 871 932 906">
     <span class='ocr_line' id='line_1_20' title="bbox 257 871 932 906; baseline -0.001 -7"><span class='ocrx_word' id='word_1_128' title='bbox 257 872 332 899; x_wconf 81' lang='lat' dir='ltr'><strong>simis</strong></span> <span class='ocrx_word' id='word_1_129' title='bbox 346 871 411 899; x_wconf 87' lang='lat' dir='ltr'><strong>viris</strong></span> <span class='ocrx_word' id='word_1_130' title='bbox 426 872 522 906; x_wconf 86' lang='lat' dir='ltr'><strong>impias</strong></span> <span class='ocrx_word' id='word_1_131' title='bbox 540 876 567 899; x_wconf 87' lang='lat' dir='ltr'><strong>et</strong></span> <span class='ocrx_word' id='word_1_132' title='bbox 585 871 704 899; x_wconf 81' lang='lat' dir='ltr'><strong>nefarias</strong></span> <span class='ocrx_word' id='word_1_133' title='bbox 724 879 818 899; x_wconf 91' lang='lat' dir='ltr'><strong>manus</strong></span> <span class='ocrx_word' id='word_1_134' title='bbox 833 872 932 899; x_wconf 88' lang='lat' dir='ltr'><strong>intulit.</strong></span> 
     </span>
    </p>
   </div>
   <div class='ocr_carea' id='block_1_21' title="bbox 291 917 1041 953">
    <p class='ocr_par' dir='ltr' id='par_1_21' title="bbox 291 917 1041 953">
     <span class='ocr_line' id='line_1_21' title="bbox 291 917 1041 953; baseline 0 -8"><span class='ocrx_word' id='word_1_135' title='bbox 291 917 336 945; x_wconf 73' lang='lat' dir='ltr'><strong>3L</strong></span> <span class='ocrx_word' id='word_1_136' title='bbox 357 917 394 945; x_wconf 87' lang='lat' dir='ltr'><strong>De</strong></span> <span class='ocrx_word' id='word_1_137' title='bbox 406 917 564 945; x_wconf 80' lang='lat' dir='ltr'><strong>Frumentio</strong></span> <span class='ocrx_word' id='word_1_138' title='bbox 580 923 668 945; x_wconf 88' lang='lat' dir='ltr'><strong>autem</strong></span> <span class='ocrx_word' id='word_1_139' title='bbox 687 917 819 946; x_wconf 80' lang='lat' dir='ltr'><strong>Auxumis</strong></span> <span class='ocrx_word' id='word_1_140' title='bbox 837 919 971 953; x_wconf 82' lang='lat' dir='ltr'><strong>episcopo,</strong></span> <span class='ocrx_word' id='word_1_141' title='bbox 985 917 1041 945; x_wconf 70' lang='lat' dir='ltr'><strong>haec</strong></span> 
     </span>
    </p>
   </div>
   <div class='ocr_carea' id='block_1_22' title="bbox 257 963 865 998">
    <p class='ocr_par' dir='ltr' id='par_1_22' title="bbox 257 963 865 998">
     <span class='ocr_line' id='line_1_22' title="bbox 257 963 865 998; baseline 0 -7"><span class='ocrx_word' id='word_1_142' title='bbox 257 964 291 991; x_wconf 86' lang='lat' dir='ltr'><strong>ad</strong></span> <span class='ocrx_word' id='word_1_143' title='bbox 303 963 423 998; x_wconf 85' lang='lat' dir='ltr'><strong>ejusdem</strong></span> <span class='ocrx_word' id='word_1_144' title='bbox 438 964 512 991; x_wconf 84' lang='lat' dir='ltr'><strong>urbis</strong></span> <span class='ocrx_word' id='word_1_145' title='bbox 529 968 656 998; x_wconf 81' lang='lat' dir='ltr'><strong>tyrannos</strong></span> <span class='ocrx_word' id='word_1_146' title='bbox 667 963 767 998; x_wconf 86' lang='lat' dir='ltr'><strong>scripta</strong></span> <span class='ocrx_word' id='word_1_147' title='bbox 781 968 843 991; x_wconf 88' lang='lat' dir='ltr'><strong>sunt</strong></span> <span class='ocrx_word' id='word_1_148' title='bbox 857 972 865 990; x_wconf 84' lang='lat'><strong>:</strong></span> 
     </span>
    </p>
   </div>
   <div class='ocr_carea' id='block_1_23' title="bbox 263 1051 1042 1115">
    <p class='ocr_par' dir='ltr' id='par_1_23' title="bbox 263 1051 1042 1115">
     <span class='ocr_line' id='line_1_23' title="bbox 263 1051 1042 1115; baseline 0.003 -36"><span class='ocrx_word' id='word_1_149' title='bbox 263 1051 351 1080; x_wconf 67' lang='lat' dir='ltr'><strong>Victor</strong></span> <span class='ocrx_word' id='word_1_150' title='bbox 377 1052 544 1080; x_wconf 72' lang='lat' dir='ltr'><strong>Constantius</strong></span> <span class='ocrx_word' id='word_1_151' title='bbox 562 1052 695 1115; x_wconf 60' lang='lat' dir='ltr'><strong>liga-imus</strong></span> <span class='ocrx_word' id='word_1_152' title='bbox 722 1053 852 1088; x_wconf 70' lang='lat' dir='ltr'><strong>Augustus</strong></span> <span class='ocrx_word' id='word_1_153' title='bbox 878 1053 990 1081; x_wconf 73' lang='grc' dir='ltr'>Αὲιιαηοε</span> <span class='ocrx_word' id='word_1_154' title='bbox 1017 1058 1042 1081; x_wconf 74' lang='lat' dir='ltr'><strong>et</strong></span> 
     </span>
     <span class='ocr_line' id='line_1_24' title="bbox 611 1096 715 1115; baseline 0.01 -1"><span class='ocrx_word' id='word_1_155' title='bbox 611 1096 715 1115; x_wconf 73' lang='lat' dir='ltr'><strong>azunw.</strong></span> 
     </span>
    </p>
   </div>
   <div class='ocr_carea' id='block_1_24' title="bbox 611 1096 715 1115">
    <p class='ocr_par' dir='ltr' id='par_1_24' title="bbox 611 1096 715 1115">
     <span class='ocr_line' id='line_1_25' title="bbox 611 1096 715 1115; baseline 0.01 -1"><span class='ocrx_word' id='word_1_156' title='bbox 611 1096 715 1115; x_wconf 73' lang='lat' dir='ltr'><strong>azunw.</strong></span> 
     </span>
    </p>
   </div>
   <div class='ocr_carea' id='block_1_25' title="bbox 294 1133 1041 1166">
    <p class='ocr_par' dir='ltr' id='par_1_25' title="bbox 294 1133 1041 1166">
     <span class='ocr_line' id='line_1_26' title="bbox 294 1133 1041 1166; baseline 0.003 -6"><span class='ocrx_word' id='word_1_157' title='bbox 294 1133 417 1161; x_wconf 76' lang='lat' dir='ltr'><strong>Maxime</strong></span> <span class='ocrx_word' id='word_1_158' title='bbox 433 1133 510 1161; x_wconf 91' lang='lat' dir='ltr'><strong>nobis</strong></span> <span class='ocrx_word' id='word_1_159' title='bbox 526 1137 598 1161; x_wconf 69' lang='lat' dir='ltr'><strong>cura:</strong></span> <span class='ocrx_word' id='word_1_160' title='bbox 613 1141 645 1160; x_wconf 85' lang='lat' dir='ltr'><strong>ac</strong></span> <span class='ocrx_word' id='word_1_161' title='bbox 667 1133 756 1161; x_wconf 87' lang='lat' dir='ltr'><strong>studio</strong></span> <span class='ocrx_word' id='word_1_162' title='bbox 779 1138 831 1166; x_wconf 86' lang='lat' dir='ltr'><strong>est,</strong></span> <span class='ocrx_word' id='word_1_163' title='bbox 847 1140 877 1161; x_wconf 92' lang='lat' dir='ltr'><strong>ut</strong></span> <span class='ocrx_word' id='word_1_164' title='bbox 897 1135 966 1162; x_wconf 87' lang='lat' dir='ltr'><strong>Deus</strong></span> <span class='ocrx_word' id='word_1_165' title='bbox 994 1143 1041 1163; x_wconf 88' lang='lat' dir='ltr'><strong>co-</strong></span> 
     </span>
    </p>
   </div>
   <div class='ocr_carea' id='block_1_26' title="bbox 257 1179 1043 1215">
    <p class='ocr_par' dir='ltr' id='par_1_26' title="bbox 257 1179 1043 1215">
     <span class='ocr_line' id='line_1_27' title="bbox 257 1179 1043 1215; baseline 0.001 -9"><span class='ocrx_word' id='word_1_166' title='bbox 257 1184 419 1215; x_wconf 82' lang='lat' dir='ltr'><strong>gnoscatur;</strong></span> <span class='ocrx_word' id='word_1_167' title='bbox 432 1179 485 1206; x_wconf 89' lang='lat' dir='ltr'><strong>hoc</strong></span> <span class='ocrx_word' id='word_1_168' title='bbox 501 1179 528 1206; x_wconf 92' lang='lat' dir='ltr'><strong>in</strong></span> <span class='ocrx_word' id='word_1_169' title='bbox 544 1179 650 1214; x_wconf 80' lang='lat' dir='ltr'><strong>negotio</strong></span> <span class='ocrx_word' id='word_1_170' title='bbox 661 1179 732 1206; x_wconf 85' lang='lat' dir='ltr'><strong>enim</strong></span> <span class='ocrx_word' id='word_1_171' title='bbox 753 1179 880 1212; x_wconf 75' lang='lat' dir='ltr'><strong>arbitror,</strong></span> <span class='ocrx_word' id='word_1_172' title='bbox 890 1187 980 1214; x_wconf 90' lang='lat' dir='ltr'><strong>parem</strong></span> <span class='ocrx_word' id='word_1_173' title='bbox 995 1188 1043 1214; x_wconf 93' lang='lat' dir='ltr'><strong>pro</strong></span> 
     </span>
    </p>
   </div>
   <div class='ocr_carea' id='block_1_27' title="bbox 257 1223 1042 1261">
    <p class='ocr_par' dir='ltr' id='par_1_27' title="bbox 257 1223 1042 1261">
     <span class='ocr_line' id='line_1_28' title="bbox 257 1223 1042 1261; baseline 0.001 -9"><span class='ocrx_word' id='word_1_174' title='bbox 257 1225 395 1252; x_wconf 86' lang='lat' dir='ltr'><strong>communi</strong></span> <span class='ocrx_word' id='word_1_175' title='bbox 409 1224 549 1252; x_wconf 87' lang='lat' dir='ltr'><strong>hominum</strong></span> <span class='ocrx_word' id='word_1_176' title='bbox 565 1232 662 1260; x_wconf 90' lang='lat' dir='ltr'><strong>genere</strong></span> <span class='ocrx_word' id='word_1_177' title='bbox 679 1224 886 1253; x_wconf 86' lang='lat' dir='ltr'><strong>sollicitudinem</strong></span> <span class='ocrx_word' id='word_1_178' title='bbox 899 1223 1042 1261; x_wconf 77' lang='lat' dir='ltr'><strong>gerendam</strong></span> 
     </span>
    </p>
   </div>
   <div class='ocr_carea' id='block_1_28' title="bbox 257 1269 1044 1307">
    <p class='ocr_par' dir='ltr' id='par_1_28' title="bbox 257 1269 1044 1307">
     <span class='ocr_line' id='line_1_29' title="bbox 257 1269 1044 1307; baseline 0.004 -11"><span class='ocrx_word' id='word_1_179' title='bbox 257 1277 329 1302; x_wconf 86' lang='lat' dir='ltr'><strong>esse,</strong></span> <span class='ocrx_word' id='word_1_180' title='bbox 357 1274 385 1297; x_wconf 92' lang='lat' dir='ltr'><strong>ut</strong></span> <span class='ocrx_word' id='word_1_181' title='bbox 407 1270 441 1297; x_wconf 91' lang='lat' dir='ltr'><strong>ad</strong></span> <span class='ocrx_word' id='word_1_182' title='bbox 467 1269 513 1297; x_wconf 87' lang='lat' dir='ltr'><strong>Dei</strong></span> <span class='ocrx_word' id='word_1_183' title='bbox 541 1271 664 1297; x_wconf 87' lang='lat' dir='ltr'><strong>notitiam</strong></span> <span class='ocrx_word' id='word_1_184' title='bbox 682 1271 800 1302; x_wconf 88' lang='lat' dir='ltr'><strong>deducti,</strong></span> <span class='ocrx_word' id='word_1_185' title='bbox 818 1271 900 1298; x_wconf 89' lang='lat' dir='ltr'><strong>vitam</strong></span> <span class='ocrx_word' id='word_1_186' title='bbox 917 1279 978 1299; x_wconf 89' lang='lat' dir='ltr'><strong>cum</strong></span> <span class='ocrx_word' id='word_1_187' title='bbox 996 1279 1044 1307; x_wconf 89' lang='lat' dir='ltr'><strong>spe</strong></span> 
     </span>
    </p>
   </div>
   <div class='ocr_carea' id='block_1_29' title="bbox 259 1314 1044 1351">
    <p class='ocr_par' dir='ltr' id='par_1_29' title="bbox 259 1314 1044 1351">
     <span class='ocr_line' id='line_1_30' title="bbox 259 1314 1044 1351; baseline 0.004 -10"><span class='ocrx_word' id='word_1_188' title='bbox 259 1314 419 1350; x_wconf 80' lang='lat' dir='ltr'><strong>transigant,</strong></span> <span class='ocrx_word' id='word_1_189' title='bbox 431 1315 457 1342; x_wconf 90' lang='lat' dir='ltr'><strong>in</strong></span> <span class='ocrx_word' id='word_1_190' title='bbox 471 1315 598 1350; x_wconf 89' lang='lat' dir='ltr'><strong>nulloque</strong></span> <span class='ocrx_word' id='word_1_191' title='bbox 611 1316 763 1350; x_wconf 84' lang='lat' dir='ltr'><strong>discrepent</strong></span> <span class='ocrx_word' id='word_1_192' title='bbox 777 1316 850 1343; x_wconf 92' lang='lat' dir='ltr'><strong>circa</strong></span> <span class='ocrx_word' id='word_1_193' title='bbox 863 1316 928 1351; x_wconf 80' lang='lat' dir='ltr'><strong>justi</strong></span> <span class='ocrx_word' id='word_1_194' title='bbox 943 1324 975 1344; x_wconf 91' lang='lat' dir='ltr'><strong>ac</strong></span> <span class='ocrx_word' id='word_1_195' title='bbox 988 1317 1044 1344; x_wconf 87' lang='lat' dir='ltr'><strong>veri</strong></span> 
     </span>
    </p>
   </div>
   <div class='ocr_carea' id='block_1_30' title="bbox 259 1361 1045 1397">
    <p class='ocr_par' dir='ltr' id='par_1_30' title="bbox 259 1361 1045 1397">
     <span class='ocr_line' id='line_1_31' title="bbox 259 1361 1045 1397; baseline 0.001 -9"><span class='ocrx_word' id='word_1_196' title='bbox 259 1361 485 1395; x_wconf 80' lang='lat' dir='ltr'><strong>disquisitionem.</strong></span> <span class='ocrx_word' id='word_1_197' title='bbox 505 1361 572 1388; x_wconf 89' lang='lat' dir='ltr'><strong>Cum</strong></span> <span class='ocrx_word' id='word_1_198' title='bbox 590 1361 635 1388; x_wconf 89' lang='lat' dir='ltr'><strong>tali</strong></span> <span class='ocrx_word' id='word_1_199' title='bbox 655 1362 801 1397; x_wconf 85' lang='lat' dir='ltr'><strong>igitur&#39;vos</strong></span> <span class='ocrx_word' id='word_1_200' title='bbox 824 1363 989 1396; x_wconf 83' lang='lat' dir='ltr'><strong>providentia</strong></span> <span class='ocrx_word' id='word_1_201' title='bbox 1004 1363 1045 1389; x_wconf 91' lang='lat' dir='ltr'><strong>di-</strong></span> 
     </span>
    </p>
   </div>
   <div class='ocr_carea' id='block_1_31' title="bbox 258 1405 1043 1442">
    <p class='ocr_par' dir='ltr' id='par_1_31' title="bbox 258 1405 1043 1442">
     <span class='ocr_line' id='line_1_32' title="bbox 258 1405 1043 1442; baseline 0.003 -9"><span class='ocrx_word' id='word_1_202' title='bbox 258 1414 328 1441; x_wconf 79' lang='lat' dir='ltr'><strong>gnos</strong></span> <span class='ocrx_word' id='word_1_203' title='bbox 349 1406 510 1439; x_wconf 75' lang='lat' dir='ltr'><strong>habeamus,</strong></span> <span class='ocrx_word' id='word_1_204' title='bbox 524 1406 651 1441; x_wconf 88' lang='lat' dir='ltr'><strong>pariaque</strong></span> <span class='ocrx_word' id='word_1_205' title='bbox 673 1405 749 1434; x_wconf 87' lang='lat' dir='ltr'><strong>vobis</strong></span> <span class='ocrx_word' id='word_1_206' title='bbox 773 1412 801 1434; x_wconf 89' lang='lat' dir='ltr'><strong>et</strong></span> <span class='ocrx_word' id='word_1_207' title='bbox 822 1407 951 1436; x_wconf 83' lang='lat' dir='ltr'><strong>Romanis</strong></span> <span class='ocrx_word' id='word_1_208' title='bbox 974 1415 1043 1442; x_wconf 67' lang='lat' dir='ltr'><strong>pra:-</strong></span> 
     </span>
    </p>
   </div>
   <div class='ocr_carea' id='block_1_32' title="bbox 260 1452 1046 1487">
    <p class='ocr_par' dir='ltr' id='par_1_32' title="bbox 260 1452 1046 1487">
     <span class='ocr_line' id='line_1_33' title="bbox 260 1452 1046 1487; baseline 0.001 -8"><span class='ocrx_word' id='word_1_209' title='bbox 260 1452 387 1484; x_wconf 82' lang='lat' dir='ltr'><strong>beamus,</strong></span> <span class='ocrx_word' id='word_1_210' title='bbox 402 1459 483 1479; x_wconf 84' lang='lat' dir='ltr'><strong>unam</strong></span> <span class='ocrx_word' id='word_1_211' title='bbox 500 1453 676 1487; x_wconf 88' lang='lat' dir='ltr'><strong>eamdemque</strong></span> <span class='ocrx_word' id='word_1_212' title='bbox 698 1453 849 1480; x_wconf 84' lang='lat' dir='ltr'><strong>doctrinam</strong></span> <span class='ocrx_word' id='word_1_213' title='bbox 870 1454 940 1487; x_wconf 91' lang='lat' dir='ltr'><strong>apud</strong></span> <span class='ocrx_word' id='word_1_214' title='bbox 956 1457 1046 1481; x_wconf 84' lang='lat' dir='ltr'><strong>utros-</strong></span> 
     </span>
    </p>
   </div>
   <div class='ocr_carea' id='block_1_33' title="bbox 260 1497 1044 1533">
    <p class='ocr_par' dir='ltr' id='par_1_33' title="bbox 260 1497 1044 1533">
     <span class='ocr_line' id='line_1_34' title="bbox 260 1497 1044 1533; baseline 0.004 -10"><span class='ocrx_word' id='word_1_215' title='bbox 260 1504 313 1531; x_wconf 90' lang='lat' dir='ltr'><strong>que</strong></span> <span class='ocrx_word' id='word_1_216' title='bbox 330 1497 355 1524; x_wconf 90' lang='lat' dir='ltr'><strong>in</strong></span> <span class='ocrx_word' id='word_1_217' title='bbox 370 1497 497 1525; x_wconf 83' lang='lat' dir='ltr'><strong>Ecclesiis</strong></span> <span class='ocrx_word' id='word_1_218' title='bbox 514 1498 606 1533; x_wconf 86' lang='lat' dir='ltr'><strong>vigere</strong></span> <span class='ocrx_word' id='word_1_219' title='bbox 621 1499 800 1533; x_wconf 62' lang='lat' dir='ltr'><strong>praecipimus.</strong></span> <span class='ocrx_word' id='word_1_220' title='bbox 812 1498 900 1531; x_wconf 86' lang='lat' dir='ltr'><strong>Quare</strong></span> <span class='ocrx_word' id='word_1_221' title='bbox 914 1499 1044 1526; x_wconf 81' lang='lat' dir='ltr'><strong>Frumen-</strong></span> 
     </span>
    </p>
   </div>
   <div class='ocr_carea' id='block_1_34' title="bbox 261 1543 1042 1579">
    <p class='ocr_par' dir='ltr' id='par_1_34' title="bbox 261 1543 1042 1579">
     <span class='ocr_line' id='line_1_35' title="bbox 261 1543 1042 1579; baseline 0.001 -10"><span class='ocrx_word' id='word_1_222' title='bbox 261 1543 327 1569; x_wconf 90' lang='lat' dir='ltr'><strong>tium</strong></span> <span class='ocrx_word' id='word_1_223' title='bbox 342 1543 495 1577; x_wconf 86' lang='lat' dir='ltr'><strong>episcopum</strong></span> <span class='ocrx_word' id='word_1_224' title='bbox 512 1544 713 1578; x_wconf 85' lang='lat' dir='ltr'><strong>quamprimum</strong></span> <span class='ocrx_word' id='word_1_225' title='bbox 729 1544 829 1571; x_wconf 89' lang='lat' dir='ltr'><strong>mittite</strong></span> <span class='ocrx_word' id='word_1_226' title='bbox 848 1544 875 1571; x_wconf 91' lang='lat' dir='ltr'><strong>in</strong></span> <span class='ocrx_word' id='word_1_227' title='bbox 887 1543 1042 1579; x_wconf 68' lang='lat' dir='ltr'><strong>Egyptum,</strong></span> 
     </span>
    </p>
   </div>
   <div class='ocr_carea' id='block_1_35' title="bbox 261 1587 1044 1623">
    <p class='ocr_par' dir='ltr' id='par_1_35' title="bbox 261 1587 1044 1623">
     <span class='ocr_line' id='line_1_36' title="bbox 261 1587 1044 1623; baseline 0.003 -9"><span class='ocrx_word' id='word_1_228' title='bbox 261 1587 332 1622; x_wconf 86' lang='lat' dir='ltr'><strong>apud</strong></span> <span class='ocrx_word' id='word_1_229' title='bbox 350 1588 587 1615; x_wconf 88' lang='lat' dir='ltr'><strong>honoratissitunm</strong></span> <span class='ocrx_word' id='word_1_230' title='bbox 609 1587 753 1623; x_wconf 86' lang='lat' dir='ltr'><strong>Georgium</strong></span> <span class='ocrx_word' id='word_1_231' title='bbox 770 1589 923 1623; x_wconf 88' lang='lat' dir='ltr'><strong>episcopqu</strong></span> <span class='ocrx_word' id='word_1_232' title='bbox 937 1594 964 1616; x_wconf 89' lang='lat' dir='ltr'><strong>et</strong></span> <span class='ocrx_word' id='word_1_233' title='bbox 977 1588 1044 1616; x_wconf 88' lang='lat' dir='ltr'><strong>alios</strong></span> 
     </span>
    </p>
   </div>
   <div class='ocr_carea' id='block_1_36' title="bbox 261 1632 1044 1669">
    <p class='ocr_par' dir='ltr' id='par_1_36' title="bbox 261 1632 1044 1669">
     <span class='ocr_line' id='line_1_37' title="bbox 261 1632 1044 1669; baseline 0.003 -9"><span class='ocrx_word' id='word_1_234' title='bbox 261 1632 370 1668; x_wconf 62' lang='grc' dir='ltr'><strong>ΕΒΗ)ιί</strong></span> <span class='ocrx_word' id='word_1_235' title='bbox 388 1633 539 1668; x_wconf 86' lang='lat' dir='ltr'><strong>episcopos.</strong></span> <span class='ocrx_word' id='word_1_236' title='bbox 559 1634 656 1668; x_wconf 91' lang='lat' dir='ltr'><strong>quibus</strong></span> <span class='ocrx_word' id='word_1_237' title='bbox 679 1635 705 1661; x_wconf 93' lang='lat' dir='ltr'><strong>in</strong></span> <span class='ocrx_word' id='word_1_238' title='bbox 728 1635 822 1669; x_wconf 88' lang='lat' dir='ltr'><strong>primis</strong></span> <span class='ocrx_word' id='word_1_239' title='bbox 846 1635 998 1668; x_wconf 84' lang='lat' dir='ltr'><strong>ordinandi,</strong></span> <span class='ocrx_word' id='word_1_240' title='bbox 1011 1643 1044 1663; x_wconf 84' lang='lat' dir='ltr'><strong>ac</strong></span> 
     </span>
    </p>
   </div>
   <div class='ocr_carea' id='block_1_37' title="bbox 262 1681 1045 1717">
    <p class='ocr_par' dir='ltr' id='par_1_37' title="bbox 262 1681 1045 1717">
     <span class='ocr_line' id='line_1_38' title="bbox 262 1681 1045 1717; baseline 0.001 -8"><span class='ocrx_word' id='word_1_241' title='bbox 262 1682 391 1717; x_wconf 87' lang='lat' dir='ltr'><strong>ejusmodi</strong></span> <span class='ocrx_word' id='word_1_242' title='bbox 416 1690 461 1710; x_wconf 86' lang='lat' dir='ltr'><strong>res</strong></span> <span class='ocrx_word' id='word_1_243' title='bbox 487 1681 649 1717; x_wconf 87' lang='lat' dir='ltr'><strong>dijudicandi</strong></span> <span class='ocrx_word' id='word_1_244' title='bbox 679 1683 826 1710; x_wconf 84' lang='lat' dir='ltr'><strong>auctoritas</strong></span> <span class='ocrx_word' id='word_1_245' title='bbox 855 1683 934 1710; x_wconf 86' lang='lat' dir='ltr'><strong>inest.</strong></span> <span class='ocrx_word' id='word_1_246' title='bbox 956 1682 1045 1710; x_wconf 85' lang='lat' dir='ltr'><strong>Nostis</strong></span> 
     </span>
    </p>
   </div>
   <div class='ocr_carea' id='block_1_38' title="bbox 263 1727 1044 1762">
    <p class='ocr_par' dir='ltr' id='par_1_38' title="bbox 263 1727 1044 1762">
     <span class='ocr_line' id='line_1_39' title="bbox 263 1727 1044 1762; baseline 0 -7"><span class='ocrx_word' id='word_1_247' title='bbox 263 1728 333 1755; x_wconf 87' lang='lat' dir='ltr'><strong>enim</strong></span> <span class='ocrx_word' id='word_1_248' title='bbox 350 1732 378 1756; x_wconf 87' lang='lat' dir='ltr'><strong>et</strong></span> <span class='ocrx_word' id='word_1_249' title='bbox 397 1727 567 1761; x_wconf 85' lang='lat' dir='ltr'><strong>meministis,</strong></span> <span class='ocrx_word' id='word_1_250' title='bbox 582 1728 637 1755; x_wconf 82' lang='lat' dir='ltr'><strong>nisi</strong></span> <span class='ocrx_word' id='word_1_251' title='bbox 662 1735 721 1762; x_wconf 64' lang='lat' dir='ltr'><strong>quae</strong></span> <span class='ocrx_word' id='word_1_252' title='bbox 741 1728 810 1762; x_wconf 87' lang='lat' dir='ltr'><strong>apud</strong></span> <span class='ocrx_word' id='word_1_253' title='bbox 829 1735 923 1756; x_wconf 89' lang='lat' dir='ltr'><strong>omnes</strong></span> <span class='ocrx_word' id='word_1_254' title='bbox 937 1727 963 1754; x_wconf 92' lang='lat' dir='ltr'><strong>in</strong></span> <span class='ocrx_word' id='word_1_255' title='bbox 978 1735 1044 1755; x_wconf 89' lang='lat' dir='ltr'><strong>con-</strong></span> 
     </span>
    </p>
   </div>
   <div class='ocr_carea' id='block_1_39' title="bbox 263 1772 1044 1809">
    <p class='ocr_par' dir='ltr' id='par_1_39' title="bbox 263 1772 1044 1809">
     <span class='ocr_line' id='line_1_40' title="bbox 263 1772 1044 1809; baseline 0.001 -9"><span class='ocrx_word' id='word_1_256' title='bbox 263 1772 335 1800; x_wconf 80' lang='lat' dir='ltr'><strong>fesso</strong></span> <span class='ocrx_word' id='word_1_257' title='bbox 352 1777 424 1806; x_wconf 87' lang='lat' dir='ltr'><strong>sunt,</strong></span> <span class='ocrx_word' id='word_1_258' title='bbox 442 1773 493 1801; x_wconf 92' lang='lat' dir='ltr'><strong>soli</strong></span> <span class='ocrx_word' id='word_1_259' title='bbox 514 1773 642 1809; x_wconf 88' lang='lat' dir='ltr'><strong>ignorare</strong></span> <span class='ocrx_word' id='word_1_260' title='bbox 654 1773 800 1804; x_wconf 86' lang='lat' dir='ltr'><strong>simuletis,</strong></span> <span class='ocrx_word' id='word_1_261' title='bbox 820 1773 1006 1801; x_wconf 86' lang='lat' dir='ltr'><strong>Frumentium</strong></span> <span class='ocrx_word' id='word_1_262' title='bbox 1018 1774 1044 1801; x_wconf 93' lang='lat' dir='ltr'><strong>in</strong></span> 
     </span>
    </p>
   </div>
   <div class='ocr_carea' id='block_1_40' title="bbox 263 1819 1046 1854">
    <p class='ocr_par' dir='ltr' id='par_1_40' title="bbox 263 1819 1046 1854">
     <span class='ocr_line' id='line_1_41' title="bbox 263 1819 1046 1854; baseline 0 -8"><span class='ocrx_word' id='word_1_263' title='bbox 263 1819 336 1847; x_wconf 86' lang='lat' dir='ltr'><strong>hunc</strong></span> <span class='ocrx_word' id='word_1_264' title='bbox 347 1819 408 1847; x_wconf 69' lang='lat' dir='ltr'><strong>vita:</strong></span> <span class='ocrx_word' id='word_1_265' title='bbox 422 1819 534 1852; x_wconf 81' lang='lat' dir='ltr'><strong>gradum</strong></span> <span class='ocrx_word' id='word_1_266' title='bbox 549 1823 701 1854; x_wconf 90' lang='lat' dir='ltr'><strong>promotum</strong></span> <span class='ocrx_word' id='word_1_267' title='bbox 714 1826 774 1847; x_wconf 85' lang='lat' dir='ltr'><strong>esse</strong></span> <span class='ocrx_word' id='word_1_268' title='bbox 787 1820 821 1846; x_wconf 90' lang='lat' dir='ltr'><strong>ab</strong></span> <span class='ocrx_word' id='word_1_269' title='bbox 830 1820 977 1847; x_wconf 85' lang='lat' dir='ltr'><strong>Athanasio</strong></span> <span class='ocrx_word' id='word_1_270' title='bbox 989 1827 1046 1847; x_wconf 86' lang='lat' dir='ltr'><strong>sex-</strong></span> 
     </span>
    </p>
   </div>
   <div class='ocr_carea' id='block_1_41' title="bbox 264 1864 1045 1899">
    <p class='ocr_par' dir='ltr' id='par_1_41' title="bbox 264 1864 1045 1899">
     <span class='ocr_line' id='line_1_42' title="bbox 264 1864 1045 1899; baseline 0.001 -8"><span class='ocrx_word' id='word_1_271' title='bbox 264 1864 351 1892; x_wconf 88' lang='lat' dir='ltr'><strong>centis</strong></span> <span class='ocrx_word' id='word_1_272' title='bbox 366 1864 523 1892; x_wconf 85' lang='lat' dir='ltr'><strong>criminibus</strong></span> <span class='ocrx_word' id='word_1_273' title='bbox 548 1864 682 1898; x_wconf 86' lang='lat' dir='ltr'><strong>obnoxio;</strong></span> <span class='ocrx_word' id='word_1_274' title='bbox 698 1865 744 1899; x_wconf 94' lang='lat' dir='ltr'><strong>qui</strong></span> <span class='ocrx_word' id='word_1_275' title='bbox 765 1871 826 1892; x_wconf 89' lang='lat' dir='ltr'><strong>cum</strong></span> <span class='ocrx_word' id='word_1_276' title='bbox 843 1864 942 1892; x_wconf 86' lang='lat' dir='ltr'><strong>nullam</strong></span> <span class='ocrx_word' id='word_1_277' title='bbox 961 1872 977 1892; x_wconf 95' lang='lat' dir='ltr'><strong>e</strong></span> <span class='ocrx_word' id='word_1_278' title='bbox 995 1865 1045 1892; x_wconf 90' lang='lat' dir='ltr'><strong>sibi</strong></span> 
     </span>
    </p>
   </div>
   <div class='ocr_carea' id='block_1_42' title="bbox 265 1912 1045 1947">
    <p class='ocr_par' dir='ltr' id='par_1_42' title="bbox 265 1912 1045 1947">
     <span class='ocr_line' id='line_1_43' title="bbox 265 1912 1045 1947; baseline 0.001 -8"><span class='ocrx_word' id='word_1_279' title='bbox 265 1913 347 1940; x_wconf 82' lang='lat' dir='ltr'><strong>iilatis</strong></span> <span class='ocrx_word' id='word_1_280' title='bbox 361 1913 578 1940; x_wconf 82' lang='lat' dir='ltr'><strong>accusationibus</strong></span> <span class='ocrx_word' id='word_1_281' title='bbox 604 1912 688 1947; x_wconf 84' lang='lat' dir='ltr'><strong>probe</strong></span> <span class='ocrx_word' id='word_1_282' title='bbox 705 1913 808 1940; x_wconf 87' lang='lat' dir='ltr'><strong>diluere</strong></span> <span class='ocrx_word' id='word_1_283' title='bbox 829 1913 970 1947; x_wconf 86' lang='lat' dir='ltr'><strong>potuisset,</strong></span> <span class='ocrx_word' id='word_1_284' title='bbox 988 1918 1045 1940; x_wconf 90' lang='lat' dir='ltr'><strong>sta-</strong></span> 
     </span>
    </p>
   </div>
   <div class='ocr_carea' id='block_1_43' title="bbox 266 1958 1046 1993">
    <p class='ocr_par' dir='ltr' id='par_1_43' title="bbox 266 1958 1046 1993">
     <span class='ocr_line' id='line_1_44' title="bbox 266 1958 1046 1993; baseline 0 -7"><span class='ocrx_word' id='word_1_285' title='bbox 266 1959 313 1986; x_wconf 87' lang='lat' dir='ltr'><strong>tim</strong></span> <span class='ocrx_word' id='word_1_286' title='bbox 330 1959 437 1993; x_wconf 85' lang='lat' dir='ltr'><strong>quidem</strong></span> <span class='ocrx_word' id='word_1_287' title='bbox 449 1959 577 1986; x_wconf 85' lang='lat' dir='ltr'><strong>cathedra</strong></span> <span class='ocrx_word' id='word_1_288' title='bbox 594 1958 694 1986; x_wconf 80' lang='lat' dir='ltr'><strong>excidit</strong></span> <span class='ocrx_word' id='word_1_289' title='bbox 707 1966 714 1984; x_wconf 93' lang='lat'><strong>:</strong></span> <span class='ocrx_word' id='word_1_290' title='bbox 731 1966 763 1986; x_wconf 91' lang='lat' dir='ltr'><strong>ac</strong></span> <span class='ocrx_word' id='word_1_291' title='bbox 777 1966 838 1986; x_wconf 90' lang='lat' dir='ltr'><strong>cum</strong></span> <span class='ocrx_word' id='word_1_292' title='bbox 849 1959 942 1986; x_wconf 92' lang='lat' dir='ltr'><strong>nullibi</strong></span> <span class='ocrx_word' id='word_1_293' title='bbox 953 1960 1046 1986; x_wconf 85' lang='lat' dir='ltr'><strong>viven-</strong></span> 
     </span>
    </p>
   </div>
   <div class='ocr_carea' id='block_1_44' title="bbox 266 2004 1048 2039">
    <p class='ocr_par' dir='ltr' id='par_1_44' title="bbox 266 2004 1048 2039">
     <span class='ocr_line' id='line_1_45' title="bbox 266 2004 1048 2039; baseline -0.001 -7"><span class='ocrx_word' id='word_1_294' title='bbox 266 2005 292 2032; x_wconf 92' lang='lat' dir='ltr'><strong>di</strong></span> <span class='ocrx_word' id='word_1_295' title='bbox 308 2004 395 2032; x_wconf 87' lang='lat' dir='ltr'><strong>locum</strong></span> <span class='ocrx_word' id='word_1_296' title='bbox 416 2004 544 2039; x_wconf 86' lang='lat' dir='ltr'><strong>reperiat,</strong></span> <span class='ocrx_word' id='word_1_297' title='bbox 559 2004 728 2031; x_wconf 85' lang='lat' dir='ltr'><strong>errabundus</strong></span> <span class='ocrx_word' id='word_1_298' title='bbox 747 2004 781 2031; x_wconf 79' lang='lat' dir='ltr'><strong>ab</strong></span> <span class='ocrx_word' id='word_1_299' title='bbox 794 2004 845 2031; x_wconf 88' lang='lat' dir='ltr'><strong>alia</strong></span> <span class='ocrx_word' id='word_1_300' title='bbox 865 2004 892 2031; x_wconf 90' lang='lat' dir='ltr'><strong>in</strong></span> <span class='ocrx_word' id='word_1_301' title='bbox 910 2004 990 2031; x_wconf 86' lang='lat' dir='ltr'><strong>aliam</strong></span> <span class='ocrx_word' id='word_1_302' title='bbox 1005 2011 1048 2031; x_wconf 86' lang='lat' dir='ltr'><strong>re-</strong></span> 
     </span>
    </p>
   </div>
   <div class='ocr_carea' id='block_1_45' title="bbox 266 2048 1048 2084">
    <p class='ocr_par' dir='ltr' id='par_1_45' title="bbox 266 2048 1048 2084">
     <span class='ocr_line' id='line_1_46' title="bbox 266 2048 1048 2084; baseline 0 -8"><span class='ocrx_word' id='word_1_303' title='bbox 266 2049 373 2084; x_wconf 86' lang='lat' dir='ltr'><strong>gionem</strong></span> <span class='ocrx_word' id='word_1_304' title='bbox 399 2052 529 2082; x_wconf 78' lang='lat' dir='ltr'><strong>vagatur.</strong></span> <span class='ocrx_word' id='word_1_305' title='bbox 552 2048 629 2082; x_wconf 85' lang='lat' dir='ltr'><strong>quasi</strong></span> <span class='ocrx_word' id='word_1_306' title='bbox 653 2055 686 2075; x_wconf 91' lang='lat' dir='ltr'><strong>eo</strong></span> <span class='ocrx_word' id='word_1_307' title='bbox 710 2053 787 2083; x_wconf 89' lang='lat' dir='ltr'><strong>pacto</strong></span> <span class='ocrx_word' id='word_1_308' title='bbox 806 2055 835 2075; x_wconf 87' lang='lat' dir='ltr'><strong>se</strong></span> <span class='ocrx_word' id='word_1_309' title='bbox 862 2048 961 2078; x_wconf 88' lang='lat' dir='ltr'><strong>malum</strong></span> <span class='ocrx_word' id='word_1_310' title='bbox 988 2055 1048 2076; x_wconf 85' lang='lat' dir='ltr'><strong>esse</strong></span> 
     </span>
    </p>
   </div>
   <div class='ocr_carea' id='block_1_46' title="bbox 266 2092 1048 2129">
    <p class='ocr_par' dir='ltr' id='par_1_46' title="bbox 266 2092 1048 2129">
     <span class='ocr_line' id='line_1_47' title="bbox 266 2092 1048 2129; baseline 0 -8"><span class='ocrx_word' id='word_1_311' title='bbox 266 2094 384 2129; x_wconf 68' lang='lat' dir='ltr'><strong>effugere</strong></span> <span class='ocrx_word' id='word_1_312' title='bbox 409 2093 504 2128; x_wconf 84' lang='lat' dir='ltr'><strong>possit.</strong></span> <span class='ocrx_word' id='word_1_313' title='bbox 518 2092 546 2120; x_wconf 90' lang='lat' dir='ltr'><strong>Si</strong></span> <span class='ocrx_word' id='word_1_314' title='bbox 558 2093 641 2127; x_wconf 84' lang='lat' dir='ltr'><strong>igitur</strong></span> <span class='ocrx_word' id='word_1_315' title='bbox 651 2099 746 2127; x_wconf 87' lang='lat' dir='ltr'><strong>sponte</strong></span> <span class='ocrx_word' id='word_1_316' title='bbox 761 2093 932 2121; x_wconf 84' lang='lat' dir='ltr'><strong>Frumentius</strong></span> <span class='ocrx_word' id='word_1_317' title='bbox 945 2094 1048 2121; x_wconf 81' lang='lat' dir='ltr'><strong>obtem~</strong></span> 
     </span>
    </p>
   </div>
   <div class='ocr_carea' id='block_1_47' title="bbox 266 2132 1046 2173">
    <p class='ocr_par' dir='ltr' id='par_1_47' title="bbox 266 2132 1046 2173">
     <span class='ocr_line' id='line_1_48' title="bbox 266 2132 1046 2173; baseline 0 -7"><span class='ocrx_word' id='word_1_318' title='bbox 266 2144 343 2173; x_wconf 71' lang='lat' dir='ltr'><strong>perat</strong></span> <span class='ocrx_word' id='word_1_319' title='bbox 364 2138 481 2165; x_wconf 84' lang='lat' dir='ltr'><strong>universi</strong></span> <span class='ocrx_word' id='word_1_320' title='bbox 511 2145 602 2165; x_wconf 89' lang='lat' dir='ltr'><strong>rerum</strong></span> <span class='ocrx_word' id='word_1_321' title='bbox 625 2142 713 2165; x_wconf 85' lang='lat' dir='ltr'><strong>status</strong></span> <span class='ocrx_word' id='word_1_322' title='bbox 737 2138 857 2165; x_wconf 89' lang='lat' dir='ltr'><strong>rationes</strong></span> <span class='ocrx_word' id='word_1_323' title='bbox 878 2132 1046 2171; x_wconf 62' lang='lat' dir='ltr'><strong>reddit&#39;uius,</strong></span> 
     </span>
    </p>
   </div>
   <div class='ocr_carea' id='block_1_48' title="bbox 267 2183 1087 2229">
    <p class='ocr_par' dir='ltr' id='par_1_48' title="bbox 267 2183 1087 2229">
     <span class='ocr_line' id='line_1_49' title="bbox 267 2183 1087 2229; baseline 0 -18"><span class='ocrx_word' id='word_1_324' title='bbox 267 2188 434 2218; x_wconf 89' lang='lat' dir='ltr'><strong>compertum</strong></span> <span class='ocrx_word' id='word_1_325' title='bbox 451 2183 577 2211; x_wconf 85' lang='lat' dir='ltr'><strong>omnibus</strong></span> <span class='ocrx_word' id='word_1_326' title='bbox 591 2184 644 2210; x_wconf 87' lang='lat' dir='ltr'><strong>erit</strong></span> <span class='ocrx_word' id='word_1_327' title='bbox 658 2190 720 2210; x_wconf 91' lang='lat' dir='ltr'><strong>eum</strong></span> <span class='ocrx_word' id='word_1_328' title='bbox 739 2184 773 2210; x_wconf 86' lang='lat' dir='ltr'><strong>ab</strong></span> <span class='ocrx_word' id='word_1_329' title='bbox 792 2183 921 2211; x_wconf 74' lang='lat' dir='ltr'><strong>Ecclesiae</strong></span> <span class='ocrx_word' id='word_1_330' title='bbox 934 2183 1048 2218; x_wconf 84' lang='lat' dir='ltr'><strong>legibus,</strong></span> <span class='ocrx_word' id='word_1_331' title='bbox 1066 2201 1087 2229; x_wconf 62' lang='grc' dir='ltr'>ο</span> 
     </span>
    </p>
   </div>
   <div class='ocr_carea' id='block_1_49' title="bbox 268 2228 1048 2265">
    <p class='ocr_par' dir='ltr' id='par_1_49' title="bbox 268 2228 1048 2265">
     <span class='ocr_line' id='line_1_50' title="bbox 268 2228 1048 2265; baseline 0 -8"><span class='ocrx_word' id='word_1_332' title='bbox 268 2234 296 2258; x_wconf 90' lang='lat' dir='ltr'><strong>et</strong></span> <span class='ocrx_word' id='word_1_333' title='bbox 310 2237 324 2257; x_wconf 89' lang='lat' dir='ltr'><strong>a</strong></span> <span class='ocrx_word' id='word_1_334' title='bbox 343 2230 394 2257; x_wconf 81' lang='lat' dir='ltr'><strong>ﬁde</strong></span> <span class='ocrx_word' id='word_1_335' title='bbox 407 2236 467 2264; x_wconf 65' lang='lat' dir='ltr'><strong>quae</strong></span> <span class='ocrx_word' id='word_1_336' title='bbox 485 2229 541 2264; x_wconf 85' lang='lat' dir='ltr'><strong>jam</strong></span> <span class='ocrx_word' id='word_1_337' title='bbox 560 2229 682 2261; x_wconf 84' lang='lat' dir='ltr'><strong>obtinet,</strong></span> <span class='ocrx_word' id='word_1_338' title='bbox 703 2228 854 2256; x_wconf 86' lang='lat' dir='ltr'><strong>nullatenus</strong></span> <span class='ocrx_word' id='word_1_339' title='bbox 874 2230 1048 2265; x_wconf 83' lang='lat' dir='ltr'><strong>discrepare;</strong></span> 
     </span>
    </p>
   </div>
   <div class='ocr_carea' id='block_1_50' title="bbox 268 2274 1052 2310">
    <p class='ocr_par' dir='ltr' id='par_1_50' title="bbox 268 2274 1052 2310">
     <span class='ocr_line' id='line_1_51' title="bbox 268 2274 1052 2310; baseline 0.001 -8"><span class='ocrx_word' id='word_1_340' title='bbox 268 2282 383 2310; x_wconf 88' lang='lat' dir='ltr'><strong>cumque</strong></span> <span class='ocrx_word' id='word_1_341' title='bbox 407 2274 540 2310; x_wconf 83' lang='lat' dir='ltr'><strong>judicatus</strong></span> <span class='ocrx_word' id='word_1_342' title='bbox 556 2274 647 2308; x_wconf 82' lang='lat' dir='ltr'><strong>fuerit,</strong></span> <span class='ocrx_word' id='word_1_343' title='bbox 661 2275 794 2309; x_wconf 84' lang='lat' dir='ltr'><strong>totiusque</strong></span> <span class='ocrx_word' id='word_1_344' title='bbox 812 2275 872 2302; x_wconf 69' lang='lat' dir='ltr'><strong>vine</strong></span> <span class='ocrx_word' id='word_1_345' title='bbox 882 2283 937 2303; x_wconf 84' lang='lat' dir='ltr'><strong>suae</strong></span> <span class='ocrx_word' id='word_1_346' title='bbox 948 2276 1052 2310; x_wconf 75' lang='lat' dir='ltr'><strong>experi-</strong></span> 
     </span>
    </p>
   </div>
   <div class='ocr_carea' id='block_1_51' title="bbox 268 2321 1052 2356">
    <p class='ocr_par' dir='ltr' id='par_1_51' title="bbox 268 2321 1052 2356">
     <span class='ocr_line' id='line_1_52' title="bbox 268 2321 1052 2356; baseline 0.001 -8"><span class='ocrx_word' id='word_1_347' title='bbox 268 2326 388 2349; x_wconf 89' lang='lat' dir='ltr'><strong>mentum</strong></span> <span class='ocrx_word' id='word_1_348' title='bbox 403 2321 517 2353; x_wconf 88' lang='lat' dir='ltr'><strong>dederit,</strong></span> <span class='ocrx_word' id='word_1_349' title='bbox 532 2321 644 2356; x_wconf 86' lang='lat' dir='ltr'><strong>ejusque</strong></span> <span class='ocrx_word' id='word_1_350' title='bbox 664 2321 795 2348; x_wconf 84' lang='lat' dir='ltr'><strong>rationem</strong></span> <span class='ocrx_word' id='word_1_351' title='bbox 813 2321 882 2355; x_wconf 92' lang='lat' dir='ltr'><strong>apud</strong></span> <span class='ocrx_word' id='word_1_352' title='bbox 904 2329 950 2349; x_wconf 81' lang='lat' dir='ltr'><strong>eos</strong></span> <span class='ocrx_word' id='word_1_353' title='bbox 965 2322 1052 2349; x_wconf 88' lang='lat' dir='ltr'><strong>reddi-</strong></span> 
     </span>
    </p>
   </div>
   <div class='ocr_carea' id='block_1_52' title="bbox 269 2364 1051 2400">
    <p class='ocr_par' dir='ltr' id='par_1_52' title="bbox 269 2364 1051 2400">
     <span class='ocr_line' id='line_1_53' title="bbox 269 2364 1051 2400; baseline -0.003 -7"><span class='ocrx_word' id='word_1_354' title='bbox 269 2366 341 2394; x_wconf 84' lang='lat' dir='ltr'><strong>derit</strong></span> <span class='ocrx_word' id='word_1_355' title='bbox 359 2365 391 2393; x_wconf 90' lang='lat' dir='ltr'><strong>ad</strong></span> <span class='ocrx_word' id='word_1_356' title='bbox 404 2372 473 2400; x_wconf 88' lang='lat' dir='ltr'><strong>quos</strong></span> <span class='ocrx_word' id='word_1_357' title='bbox 484 2365 602 2399; x_wconf 87' lang='lat' dir='ltr'><strong>pertinet</strong></span> <span class='ocrx_word' id='word_1_358' title='bbox 615 2364 770 2398; x_wconf 80' lang='lat' dir='ltr'><strong>huiusmodi</strong></span> <span class='ocrx_word' id='word_1_359' title='bbox 793 2364 900 2400; x_wconf 87' lang='lat' dir='ltr'><strong>negotia</strong></span> <span class='ocrx_word' id='word_1_360' title='bbox 917 2364 1051 2398; x_wconf 87' lang='lat' dir='ltr'><strong>judicare,</strong></span> 
     </span>
    </p>
   </div>
   <div class='ocr_carea' id='block_1_53' title="bbox 269 2410 1052 2446">
    <p class='ocr_par' dir='ltr' id='par_1_53' title="bbox 269 2410 1052 2446">
     <span class='ocr_line' id='line_1_54' title="bbox 269 2410 1052 2446; baseline -0.003 -7"><span class='ocrx_word' id='word_1_361' title='bbox 269 2412 304 2439; x_wconf 83' lang='lat' dir='ltr'><strong>ab</strong></span> <span class='ocrx_word' id='word_1_362' title='bbox 318 2411 358 2439; x_wconf 89' lang='lat' dir='ltr'><strong>eis</strong></span> <span class='ocrx_word' id='word_1_363' title='bbox 377 2411 573 2443; x_wconf 87' lang='lat' dir='ltr'><strong>constituetur;</strong></span> <span class='ocrx_word' id='word_1_364' title='bbox 591 2411 614 2438; x_wconf 92' lang='lat' dir='ltr'><strong>si</strong></span> <span class='ocrx_word' id='word_1_365' title='bbox 635 2415 724 2438; x_wconf 84' lang='lat' dir='ltr'><strong>tamen</strong></span> <span class='ocrx_word' id='word_1_366' title='bbox 744 2417 824 2438; x_wconf 88' lang='lat' dir='ltr'><strong>verus</strong></span> <span class='ocrx_word' id='word_1_367' title='bbox 838 2411 978 2446; x_wconf 87' lang='lat' dir='ltr'><strong>episcopus</strong></span> <span class='ocrx_word' id='word_1_368' title='bbox 987 2410 1052 2444; x_wconf 79' lang='lat' dir='ltr'><strong>jux-</strong></span> 
     </span>
    </p>
   </div>
   <div class='ocr_carea' id='block_1_54' title="bbox 270 2455 1052 2492">
    <p class='ocr_par' dir='ltr' id='par_1_54' title="bbox 270 2455 1052 2492">
     <span class='ocr_line' id='line_1_55' title="bbox 270 2455 1052 2492; baseline 0 -9"><span class='ocrx_word' id='word_1_369' title='bbox 270 2461 351 2492; x_wconf 89' lang='lat' dir='ltr'><strong>taque</strong></span> <span class='ocrx_word' id='word_1_370' title='bbox 363 2457 436 2491; x_wconf 88' lang='lat' dir='ltr'><strong>leges</strong></span> <span class='ocrx_word' id='word_1_371' title='bbox 450 2457 592 2483; x_wconf 85' lang='lat' dir='ltr'><strong>ordinatus</strong></span> <span class='ocrx_word' id='word_1_372' title='bbox 604 2456 696 2483; x_wconf 86' lang='lat' dir='ltr'><strong>haberi</strong></span> <span class='ocrx_word' id='word_1_373' title='bbox 714 2455 787 2483; x_wconf 87' lang='lat' dir='ltr'><strong>velit.</strong></span> <span class='ocrx_word' id='word_1_374' title='bbox 802 2455 879 2489; x_wconf 85' lang='lat' dir='ltr'><strong>Quod</strong></span> <span class='ocrx_word' id='word_1_375' title='bbox 898 2456 921 2483; x_wconf 84' lang='lat' dir='ltr'><strong>si</strong></span> <span class='ocrx_word' id='word_1_376' title='bbox 940 2463 1052 2490; x_wconf 87' lang='lat' dir='ltr'><strong>procra-</strong></span> 
     </span>
    </p>
   </div>
   <div class='ocr_carea' id='block_1_55' title="bbox 271 2501 1054 2537">
    <p class='ocr_par' dir='ltr' id='par_1_55' title="bbox 271 2501 1054 2537">
     <span class='ocr_line' id='line_1_56' title="bbox 271 2501 1054 2537; baseline 0.001 -8"><span class='ocrx_word' id='word_1_377' title='bbox 271 2502 426 2535; x_wconf 82' lang='lat' dir='ltr'><strong>stinaverit,</strong></span> <span class='ocrx_word' id='word_1_378' title='bbox 443 2509 476 2529; x_wconf 90' lang='lat' dir='ltr'><strong>ac</strong></span> <span class='ocrx_word' id='word_1_379' title='bbox 493 2502 624 2536; x_wconf 87' lang='lat' dir='ltr'><strong>judicium</strong></span> <span class='ocrx_word' id='word_1_380' title='bbox 644 2501 852 2537; x_wconf 81' lang='lat' dir='ltr'><strong>subterfugerit,</strong></span> <span class='ocrx_word' id='word_1_381' title='bbox 870 2502 958 2536; x_wconf 84' lang='lat' dir='ltr'><strong>palam</strong></span> <span class='ocrx_word' id='word_1_382' title='bbox 980 2506 1054 2530; x_wconf 88' lang='lat' dir='ltr'><strong>certe</strong></span> 
     </span>
    </p>
   </div>
   <div class='ocr_carea' id='block_1_56' title="bbox 272 2547 1054 2583">
    <p class='ocr_par' dir='ltr' id='par_1_56' title="bbox 272 2547 1054 2583">
     <span class='ocr_line' id='line_1_57' title="bbox 272 2547 1054 2583; baseline 0.001 -8"><span class='ocrx_word' id='word_1_383' title='bbox 272 2548 325 2576; x_wconf 92' lang='lat' dir='ltr'><strong>erit</strong></span> <span class='ocrx_word' id='word_1_384' title='bbox 350 2547 436 2583; x_wconf 88' lang='lat' dir='ltr'><strong>ipsum</strong></span> <span class='ocrx_word' id='word_1_385' title='bbox 464 2547 648 2576; x_wconf 85' lang='lat' dir='ltr'><strong>scelestissimi</strong></span> <span class='ocrx_word' id='word_1_386' title='bbox 663 2547 804 2576; x_wconf 81' lang='lat' dir='ltr'><strong>Athanasii</strong></span> <span class='ocrx_word' id='word_1_387' title='bbox 820 2548 990 2575; x_wconf 85' lang='lat' dir='ltr'><strong>sermonibus</strong></span> <span class='ocrx_word' id='word_1_388' title='bbox 1010 2554 1054 2576; x_wconf 77' lang='lat' dir='ltr'><strong>8e-</strong></span> 
     </span>
    </p>
   </div>
   <div class='ocr_carea' id='block_1_57' title="bbox 309 2658 1005 2696">
    <p class='ocr_par' dir='ltr' id='par_1_57' title="bbox 309 2658 1005 2696">
     <span class='ocr_line' id='line_1_58' title="bbox 309 2658 1005 2696; baseline 0.004 -10"><span class='ocrx_word' id='word_1_389' title='bbox 309 2658 362 2696; x_wconf 59' lang='lat' dir='ltr'><strong>Q‘Z)</strong></span> <span class='ocrx_word' id='word_1_390' title='bbox 373 2659 411 2696; x_wconf 86' lang='lat' dir='ltr'><strong>Ita</strong></span> <span class='ocrx_word' id='word_1_391' title='bbox 424 2659 488 2696; x_wconf 66' lang='lat' dir='ltr'><strong>Reg.</strong></span> <span class='ocrx_word' id='word_1_392' title='bbox 509 2664 537 2688; x_wconf 87' lang='lat' dir='ltr'><strong>et</strong></span> <span class='ocrx_word' id='word_1_393' title='bbox 546 2660 757 2696; x_wconf 22' lang='lat' dir='ltr'><strong>sicilegendum,</strong></span> <span class='ocrx_word' id='word_1_394' title='bbox 766 2660 847 2694; x_wconf 87' lang='lat' dir='ltr'><strong>Editi,</strong></span> <span class='ocrx_word' id='word_1_395' title='bbox 862 2660 912 2696; x_wconf 85' lang='grc' dir='ltr'>τῆς</span> <span class='ocrx_word' id='word_1_396' title='bbox 924 2661 1005 2689; x_wconf 85' lang='grc' dir='ltr'>πάνυ.</span> 
     </span>
    </p>
   </div>
   <div class='ocr_carea' id='block_1_58' title="bbox 307 2694 1056 2729">
    <p class='ocr_par' dir='ltr' id='par_1_58' title="bbox 307 2694 1056 2729">
     <span class='ocr_line' id='line_1_59' title="bbox 307 2694 1056 2729; baseline 0.003 -8"><span class='ocrx_word' id='word_1_397' title='bbox 307 2694 362 2729; x_wconf 72' lang='grc'><strong>(25)</strong></span> <span class='ocrx_word' id='word_1_398' title='bbox 377 2695 424 2722; x_wconf 78' lang='lat' dir='ltr'><strong>Sic</strong></span> <span class='ocrx_word' id='word_1_399' title='bbox 440 2695 539 2729; x_wconf 78' lang='lat' dir='ltr'><strong>Regius</strong></span> <span class='ocrx_word' id='word_1_400' title='bbox 547 2700 574 2722; x_wconf 86' lang='lat' dir='ltr'><strong>et</strong></span> <span class='ocrx_word' id='word_1_401' title='bbox 585 2695 728 2723; x_wconf 80' lang='lat' dir='ltr'><strong>Basilicus.</strong></span> <span class='ocrx_word' id='word_1_402' title='bbox 740 2695 821 2729; x_wconf 85' lang='lat' dir='ltr'><strong>Editi,</strong></span> <span class='ocrx_word' id='word_1_403' title='bbox 834 2694 972 2729; x_wconf 83' lang='lat' dir='ltr'><strong>mendose,</strong></span> <span class='ocrx_word' id='word_1_404' title='bbox 987 2697 1056 2723; x_wconf 85' lang='grc' dir='ltr'>ἀπε-</span> 
     </span>
    </p>
   </div>
   <div class='ocr_carea' id='block_1_59' title="bbox 274 2728 688 2765">
    <p class='ocr_par' dir='ltr' id='par_1_59' title="bbox 274 2728 688 2765">
     <span class='ocr_line' id='line_1_60' title="bbox 274 2728 688 2765; baseline 0.005 -10"><span class='ocrx_word' id='word_1_405' title='bbox 274 2728 436 2765; x_wconf 77' lang='grc' dir='ltr'>πληλᾶσθαι,</span> <span class='ocrx_word' id='word_1_406' title='bbox 449 2735 476 2756; x_wconf 89' lang='lat' dir='ltr'><strong>et</strong></span> <span class='ocrx_word' id='word_1_407' title='bbox 484 2728 688 2765; x_wconf 77' lang='grc' dir='ltr'>ἀπεπηλᾱσθαι.</span> 
     </span>
    </p>
   </div>
   <div class='ocr_carea' id='block_1_60' title="bbox 310 2764 1053 2800">
    <p class='ocr_par' dir='ltr' id='par_1_60' title="bbox 310 2764 1053 2800">
     <span class='ocr_line' id='line_1_61' title="bbox 310 2764 1053 2800; baseline 0.004 -10"><span class='ocrx_word' id='word_1_408' title='bbox 310 2764 365 2800; x_wconf 57' lang='lat'><strong>(24)</strong></span> <span class='ocrx_word' id='word_1_409' title='bbox 391 2765 488 2800; x_wconf 36' lang='lat' dir='ltr'><strong>Editit</strong></span> <span class='ocrx_word' id='word_1_410' title='bbox 501 2764 627 2791; x_wconf 81' lang='grc' dir='ltr'>οὐδέποτε</span> <span class='ocrx_word' id='word_1_411' title='bbox 648 2764 798 2800; x_wconf 81' lang='grc' dir='ltr'>θνήξονται.</span> <span class='ocrx_word' id='word_1_412' title='bbox 821 2765 887 2797; x_wconf 74' lang='lat' dir='ltr'><strong>Reg.</strong></span> <span class='ocrx_word' id='word_1_413' title='bbox 915 2771 941 2793; x_wconf 87' lang='lat' dir='ltr'><strong>et</strong></span> <span class='ocrx_word' id='word_1_414' title='bbox 960 2766 1053 2798; x_wconf 81' lang='lat' dir='ltr'><strong>Basil.,</strong></span> 
     </span>
    </p>
   </div>
   <div class='ocr_carea' id='block_1_61' title="bbox 275 2798 1053 2836">
    <p class='ocr_par' dir='ltr' id='par_1_61' title="bbox 275 2798 1053 2836">
     <span class='ocr_line' id='line_1_62' title="bbox 275 2798 1053 2836; baseline 0.006 -12"><span class='ocrx_word' id='word_1_415' title='bbox 275 2798 378 2836; x_wconf 63' lang='grc' dir='ltr'>οὐδέπω</span> <span class='ocrx_word' id='word_1_416' title='bbox 396 2799 586 2836; x_wconf 63' lang='grc' dir='ltr'>τεθνήξονται,</span> <span class='ocrx_word' id='word_1_417' title='bbox 616 2798 696 2828; x_wconf 80' lang='lat' dir='ltr'><strong>dubia</strong></span> <span class='ocrx_word' id='word_1_418' title='bbox 726 2801 817 2828; x_wconf 83' lang='lat' dir='ltr'><strong>lectio.</strong></span> <span class='ocrx_word' id='word_1_419' title='bbox 843 2800 904 2828; x_wconf 78' lang='lat' dir='ltr'><strong>Mox</strong></span> <span class='ocrx_word' id='word_1_420' title='bbox 930 2802 967 2836; x_wconf 90' lang='grc' dir='ltr'>μή</span> <span class='ocrx_word' id='word_1_421' title='bbox 994 2806 1053 2836; x_wconf 81' lang='lat' dir='ltr'><strong>post</strong></span> 
     </span>
    </p>
   </div>
   <div class='ocr_carea' id='block_1_62' title="bbox 276 2833 615 2863">
    <p class='ocr_par' dir='ltr' id='par_1_62' title="bbox 276 2833 615 2863">
     <span class='ocr_line' id='line_1_63' title="bbox 276 2833 615 2863; baseline 0.009 -4"><span class='ocrx_word' id='word_1_422' title='bbox 276 2833 308 2863; x_wconf 77' lang='grc' dir='ltr'>ἢν</span> <span class='ocrx_word' id='word_1_423' title='bbox 323 2833 486 2863; x_wconf 76' lang='lat' dir='ltr'><strong>superﬂuum</strong></span> <span class='ocrx_word' id='word_1_424' title='bbox 501 2835 615 2862; x_wconf 86' lang='lat' dir='ltr'><strong>videtur.</strong></span> 
     </span>
    </p>
   </div>
   <div class='ocr_carea' id='block_1_63' title="bbox 1084 224 1869 262">
    <p class='ocr_par' dir='ltr' id='par_1_63' title="bbox 1084 224 1869 262">
     <span class='ocr_line' id='line_1_64' title="bbox 1084 224 1869 262; baseline -0.006 -6"><span class='ocrx_word' id='word_1_425' title='bbox 1084 230 1225 260; x_wconf 79' lang='grc' dir='ltr'><strong>κινδύνοις,</strong></span> <span class='ocrx_word' id='word_1_426' title='bbox 1241 225 1277 255; x_wconf 83' lang='grc' dir='ltr'>ὧν</span> <span class='ocrx_word' id='word_1_427' title='bbox 1290 228 1341 254; x_wconf 77' lang='grc' dir='ltr'><strong>οὐκ</strong></span> <span class='ocrx_word' id='word_1_428' title='bbox 1358 227 1435 262; x_wconf 85' lang='grc' dir='ltr'>ῐσμεν</span> <span class='ocrx_word' id='word_1_429' title='bbox 1452 227 1478 252; x_wconf 66' lang='lat' dir='ltr'><strong>ei</strong></span> <span class='ocrx_word' id='word_1_430' title='bbox 1490 235 1532 258; x_wconf 87' lang='grc' dir='ltr'><strong>τις</strong></span> <span class='ocrx_word' id='word_1_431' title='bbox 1548 225 1601 252; x_wconf 82' lang='grc' dir='ltr'>τῶν</span> <span class='ocrx_word' id='word_1_432' title='bbox 1617 225 1686 252; x_wconf 88' lang='grc' dir='ltr'>πάνυ</span> <span class='ocrx_word' id='word_1_433' title='bbox 1705 225 1760 259; x_wconf 70' lang='grc'>(22)</span> <span class='ocrx_word' id='word_1_434' title='bbox 1775 224 1869 251; x_wconf 79' lang='grc' dir='ltr'>δεινῶν</span> 
     </span>
    </p>
   </div>
   <div class='ocr_carea' id='block_1_64' title="bbox 1084 270 1870 311">
    <p class='ocr_par' dir='ltr' id='par_1_64' title="bbox 1084 270 1870 311">
     <span class='ocr_line' id='line_1_65' title="bbox 1084 270 1870 311; baseline -0.005 -9"><span class='ocrx_word' id='word_1_435' title='bbox 1084 275 1255 311; x_wconf 75' lang='grc' dir='ltr'><strong>ἐξαιρήσεται</strong></span> <span class='ocrx_word' id='word_1_436' title='bbox 1271 274 1333 306; x_wconf 78' lang='grc' dir='ltr'>τοὺς</span> <span class='ocrx_word' id='word_1_437' title='bbox 1349 272 1552 304; x_wconf 81' lang='grc' dir='ltr'>στασιάζοντας.</span> <span class='ocrx_word' id='word_1_438' title='bbox 1569 271 1624 298; x_wconf 74' lang='grc' dir='ltr'><strong>Καὶ</strong></span> <span class='ocrx_word' id='word_1_439' title='bbox 1637 271 1690 306; x_wconf 86' lang='grc' dir='ltr'><strong>γὰρ</strong></span> <span class='ocrx_word' id='word_1_440' title='bbox 1705 271 1805 298; x_wconf 84' lang='grc' dir='ltr'>ἄτοπον</span> <span class='ocrx_word' id='word_1_441' title='bbox 1823 270 1870 298; x_wconf 74' lang='grc' dir='ltr'>τὸν</span> 
     </span>
    </p>
   </div>
   <div class='ocr_carea' id='block_1_65' title="bbox 1086 315 1858 357">
    <p class='ocr_par' dir='ltr' id='par_1_65' title="bbox 1086 315 1858 357">
     <span class='ocr_line' id='line_1_66' title="bbox 1086 315 1858 357; baseline -0.008 -10"><span class='ocrx_word' id='word_1_442' title='bbox 1086 322 1135 357; x_wconf 80' lang='grc' dir='ltr'>μὲν</span> <span class='ocrx_word' id='word_1_443' title='bbox 1165 320 1276 356; x_wconf 84' lang='grc' dir='ltr'>δλεθρον</span> <span class='ocrx_word' id='word_1_444' title='bbox 1315 319 1472 346; x_wconf 75' lang='grc' dir='ltr'>Ἀθανάσιον</span> <span class='ocrx_word' id='word_1_445' title='bbox 1500 318 1551 353; x_wconf 77' lang='grc' dir='ltr'>γῆν</span> <span class='ocrx_word' id='word_1_446' title='bbox 1581 317 1634 353; x_wconf 79' lang='grc' dir='ltr'>πρὸ</span> <span class='ocrx_word' id='word_1_447' title='bbox 1665 316 1718 351; x_wconf 78' lang='grc' dir='ltr'>γῆς</span> <span class='ocrx_word' id='word_1_448' title='bbox 1735 315 1858 350; x_wconf 81' lang='grc' dir='ltr'>ἀπεληλᾶ</span> 
     </span>
    </p>
   </div>
   <div class='ocr_carea' id='block_1_66' title="bbox 1085 361 1868 402">
    <p class='ocr_par' dir='ltr' id='par_1_66' title="bbox 1085 361 1868 402">
     <span class='ocr_line' id='line_1_67' title="bbox 1085 361 1868 402; baseline -0.009 -8"><span class='ocrx_word' id='word_1_449' title='bbox 1085 367 1147 394; x_wconf 86' lang='grc' dir='ltr'>σθαι</span> <span class='ocrx_word' id='word_1_450' title='bbox 1167 367 1233 402; x_wconf 74' lang='grc'>(25),</span> <span class='ocrx_word' id='word_1_451' title='bbox 1249 366 1295 393; x_wconf 75' lang='grc' dir='ltr'>καὶ</span> <span class='ocrx_word' id='word_1_452' title='bbox 1321 367 1377 397; x_wconf 86' lang='grc' dir='ltr'>τοῖς</span> <span class='ocrx_word' id='word_1_453' title='bbox 1397 364 1548 399; x_wconf 74' lang='grc' dir='ltr'><strong>αἰσχίστοις</strong></span> <span class='ocrx_word' id='word_1_454' title='bbox 1571 363 1679 394; x_wconf 83' lang='grc' dir='ltr'>ἁλόντα,</span> <span class='ocrx_word' id='word_1_455' title='bbox 1699 362 1737 394; x_wconf 78' lang='grc' dir='ltr'>ὣς</span> <span class='ocrx_word' id='word_1_456' title='bbox 1755 370 1820 388; x_wconf 82' lang='grc' dir='ltr'>ποτε</span> <span class='ocrx_word' id='word_1_457' title='bbox 1836 361 1868 388; x_wconf 79' lang='grc' dir='ltr'>ἂν</span> 
     </span>
    </p>
   </div>
   <div class='ocr_carea' id='block_1_67' title="bbox 1085 408 1869 448">
    <p class='ocr_par' dir='ltr' id='par_1_67' title="bbox 1085 408 1869 448">
     <span class='ocr_line' id='line_1_68' title="bbox 1085 408 1869 448; baseline -0.009 -8"><span class='ocrx_word' id='word_1_458' title='bbox 1085 415 1188 444; x_wconf 85' lang='grc' dir='ltr'>ἐκεῖνος</span> <span class='ocrx_word' id='word_1_459' title='bbox 1206 416 1254 448; x_wconf 81' lang='grc' dir='ltr'>τὴν</span> <span class='ocrx_word' id='word_1_460' title='bbox 1276 412 1354 444; x_wconf 82' lang='grc' dir='ltr'>ἀξίαν</span> <span class='ocrx_word' id='word_1_461' title='bbox 1373 412 1505 441; x_wconf 85' lang='grc' dir='ltr'>ἐκτ-ίσειε,</span> <span class='ocrx_word' id='word_1_462' title='bbox 1528 410 1574 436; x_wconf 81' lang='grc' dir='ltr'>καὶ</span> <span class='ocrx_word' id='word_1_463' title='bbox 1594 410 1618 435; x_wconf 81' lang='grc' dir='ltr'><strong>εί</strong></span> <span class='ocrx_word' id='word_1_464' title='bbox 1640 408 1750 435; x_wconf 83' lang='grc' dir='ltr'>δέκατόν</span> <span class='ocrx_word' id='word_1_465' title='bbox 1766 416 1808 439; x_wconf 85' lang='grc' dir='ltr'><strong>τις</strong></span> <span class='ocrx_word' id='word_1_466' title='bbox 1822 408 1869 434; x_wconf 82' lang='grc' dir='ltr'><strong>τοῦ</strong></span> 
     </span>
    </p>
   </div>
   <div class='ocr_carea' id='block_1_68' title="bbox 1086 454 1869 494">
    <p class='ocr_par' dir='ltr' id='par_1_68' title="bbox 1086 454 1869 494">
     <span class='ocr_line' id='line_1_69' title="bbox 1086 454 1869 494; baseline -0.006 -9"><span class='ocrx_word' id='word_1_467' title='bbox 1086 459 1135 494; x_wconf 79' lang='grc' dir='ltr'><strong>ζῇν</strong></span> <span class='ocrx_word' id='word_1_468' title='bbox 1150 458 1352 494; x_wconf 77' lang='grc' dir='ltr'>προσαφέληται</span> <span class='ocrx_word' id='word_1_469' title='bbox 1364 466 1371 473; x_wconf 93' lang='grc'><strong>·</strong></span> <span class='ocrx_word' id='word_1_470' title='bbox 1387 458 1450 489; x_wconf 75' lang='grc' dir='ltr'>τοὺς</span> <span class='ocrx_word' id='word_1_471' title='bbox 1465 457 1493 483; x_wconf 78' lang='grc' dir='ltr'>δὲ</span> <span class='ocrx_word' id='word_1_472' title='bbox 1508 455 1611 482; x_wconf 80' lang='grc' dir='ltr'>ἐκείνου</span> <span class='ocrx_word' id='word_1_473' title='bbox 1628 455 1745 486; x_wconf 82' lang='grc' dir='ltr'>κόλακας</span> <span class='ocrx_word' id='word_1_474' title='bbox 1763 455 1811 480; x_wconf 77' lang='grc' dir='ltr'>καὶ</span> <span class='ocrx_word' id='word_1_475' title='bbox 1825 454 1869 480; x_wconf 85' lang='grc' dir='ltr'>θε-</span> 
     </span>
    </p>
   </div>
   <div class='ocr_carea' id='block_1_69' title="bbox 1087 499 1870 541">
    <p class='ocr_par' dir='ltr' id='par_1_69' title="bbox 1087 499 1870 541">
     <span class='ocr_line' id='line_1_70' title="bbox 1087 499 1870 541; baseline -0.01 -9"><span class='ocrx_word' id='word_1_476' title='bbox 1087 505 1225 541; x_wconf 79' lang='grc' dir='ltr'>ραπευτὰς</span> <span class='ocrx_word' id='word_1_477' title='bbox 1239 504 1360 540; x_wconf 84' lang='grc' dir='ltr'>ἀγύρτας</span> <span class='ocrx_word' id='word_1_478' title='bbox 1373 503 1464 535; x_wconf 79' lang='grc' dir='ltr'>τινὰς,</span> <span class='ocrx_word' id='word_1_479' title='bbox 1485 502 1532 529; x_wconf 71' lang='grc' dir='ltr'>καὶ</span> <span class='ocrx_word' id='word_1_480' title='bbox 1550 501 1685 532; x_wconf 77' lang='grc' dir='ltr'><strong>τοιούτους</strong></span> <span class='ocrx_word' id='word_1_481' title='bbox 1701 499 1870 535; x_wconf 74' lang='grc' dir='ltr'><strong>ἀνθρώπους,</strong></span> 
     </span>
    </p>
   </div>
   <div class='ocr_carea' id='block_1_70' title="bbox 1086 546 1871 586">
    <p class='ocr_par' dir='ltr' id='par_1_70' title="bbox 1086 546 1871 586">
     <span class='ocr_line' id='line_1_71' title="bbox 1086 546 1871 586; baseline -0.009 -8"><span class='ocrx_word' id='word_1_482' title='bbox 1086 552 1157 583; x_wconf 89' lang='grc' dir='ltr'>οῖους</span> <span class='ocrx_word' id='word_1_483' title='bbox 1177 550 1318 586; x_wconf 77' lang='grc' dir='ltr'>ὀνομάζειν</span> <span class='ocrx_word' id='word_1_484' title='bbox 1338 551 1463 585; x_wconf 83' lang='grc' dir='ltr'>αίσχύνη,</span> <span class='ocrx_word' id='word_1_485' title='bbox 1475 549 1605 584; x_wconf 78' lang='grc' dir='ltr'>περιορᾷν</span> <span class='ocrx_word' id='word_1_486' title='bbox 1618 547 1811 581; x_wconf 66' lang='grc' dir='ltr'>σφαδάζοντας,</span> <span class='ocrx_word' id='word_1_487' title='bbox 1825 546 1871 577; x_wconf 75' lang='grc' dir='ltr'>οὓς</span> 
     </span>
    </p>
   </div>
   <div class='ocr_carea' id='block_1_71' title="bbox 1088 592 1872 632">
    <p class='ocr_par' dir='ltr' id='par_1_71' title="bbox 1088 592 1872 632">
     <span class='ocr_line' id='line_1_72' title="bbox 1088 592 1872 632; baseline -0.01 -7"><span class='ocrx_word' id='word_1_488' title='bbox 1088 598 1171 625; x_wconf 81' lang='grc' dir='ltr'>πάλαι</span> <span class='ocrx_word' id='word_1_489' title='bbox 1183 597 1308 624; x_wconf 81' lang='grc' dir='ltr'>τεθνάναι</span> <span class='ocrx_word' id='word_1_490' title='bbox 1323 596 1492 632; x_wconf 79' lang='grc' dir='ltr'>διηγόρευται</span> <span class='ocrx_word' id='word_1_491' title='bbox 1505 596 1559 626; x_wconf 84' lang='grc' dir='ltr'>τοῖς</span> <span class='ocrx_word' id='word_1_492' title='bbox 1579 594 1728 624; x_wconf 84' lang='grc' dir='ltr'>δικασταῖς.</span> <span class='ocrx_word' id='word_1_493' title='bbox 1740 593 1794 618; x_wconf 72' lang='grc' dir='ltr'><strong>Καὶ</strong></span> <span class='ocrx_word' id='word_1_494' title='bbox 1807 592 1872 623; x_wconf 73' lang='grc' dir='ltr'>ἴσως</span> 
     </span>
    </p>
   </div>
   <div class='ocr_carea' id='block_1_72' title="bbox 1087 637 1873 678">
    <p class='ocr_par' dir='ltr' id='par_1_72' title="bbox 1087 637 1873 678">
     <span class='ocr_line' id='line_1_73' title="bbox 1087 637 1873 678; baseline -0.009 -8"><span class='ocrx_word' id='word_1_495' title='bbox 1087 643 1192 670; x_wconf 75' lang='grc' dir='ltr'>οὐδέπω</span> <span class='ocrx_word' id='word_1_496' title='bbox 1208 642 1377 678; x_wconf 80' lang='grc' dir='ltr'>τεθνήξονται</span> <span class='ocrx_word' id='word_1_497' title='bbox 1405 641 1478 676; x_wconf 71' lang='grc'><strong>(⁵24),</strong></span> <span class='ocrx_word' id='word_1_498' title='bbox 1497 641 1530 676; x_wconf 84' lang='grc' dir='ltr'>ἢν</span> <span class='ocrx_word' id='word_1_499' title='bbox 1560 640 1610 675; x_wconf 85' lang='grc' dir='ltr'>μὴ,</span> <span class='ocrx_word' id='word_1_500' title='bbox 1637 639 1690 665; x_wconf 81' lang='grc' dir='ltr'>τῶν</span> <span class='ocrx_word' id='word_1_501' title='bbox 1712 637 1873 673; x_wconf 76' lang='grc' dir='ltr'>φθασάντων</span> 
     </span>
    </p>
   </div>
   <div class='ocr_carea' id='block_1_73' title="bbox 1089 683 1871 723">
    <p class='ocr_par' dir='ltr' id='par_1_73' title="bbox 1089 683 1871 723">
     <span class='ocr_line' id='line_1_74' title="bbox 1089 683 1871 723; baseline -0.01 -7"><span class='ocrx_word' id='word_1_502' title='bbox 1089 689 1254 720; x_wconf 73' lang='grc' dir='ltr'>ἀποστάντες</span> <span class='ocrx_word' id='word_1_503' title='bbox 1269 687 1528 723; x_wconf 74' lang='grc' dir='ltr'><strong>πλημμελημάτων,</strong></span> <span class='ocrx_word' id='word_1_504' title='bbox 1543 685 1592 720; x_wconf 72' lang='grc' dir='ltr'><strong>ὀψέ</strong></span> <span class='ocrx_word' id='word_1_505' title='bbox 1610 693 1673 710; x_wconf 83' lang='grc' dir='ltr'>ποτε</span> <span class='ocrx_word' id='word_1_506' title='bbox 1692 683 1871 719; x_wconf 84' lang='grc' dir='ltr'>μεταθῶνται·</span> 
     </span>
    </p>
   </div>
   <div class='ocr_carea' id='block_1_74' title="bbox 1088 729 1871 770">
    <p class='ocr_par' dir='ltr' id='par_1_74' title="bbox 1088 729 1871 770">
     <span class='ocr_line' id='line_1_75' title="bbox 1088 729 1871 770; baseline -0.01 -8"><span class='ocrx_word' id='word_1_507' title='bbox 1088 732 1125 762; x_wconf 85' lang='grc' dir='ltr'><strong>ὧν</strong></span> <span class='ocrx_word' id='word_1_508' title='bbox 1142 735 1156 760; x_wconf 84' lang='grc' dir='ltr'>ὁ</span> <span class='ocrx_word' id='word_1_509' title='bbox 1172 734 1372 770; x_wconf 74' lang='grc' dir='ltr'>μοχθηρότατος</span> <span class='ocrx_word' id='word_1_510' title='bbox 1395 732 1551 762; x_wconf 82' lang='grc' dir='ltr'>’Λθανάσιος</span> <span class='ocrx_word' id='word_1_511' title='bbox 1568 731 1670 766; x_wconf 78' lang='grc' dir='ltr'>ἡγεῖτο,</span> <span class='ocrx_word' id='word_1_512' title='bbox 1684 729 1730 756; x_wconf 84' lang='grc' dir='ltr'><strong>καί</strong></span> <span class='ocrx_word' id='word_1_513' title='bbox 1742 730 1775 764; x_wconf 84' lang='grc' dir='ltr'><strong>τῇ</strong></span> <span class='ocrx_word' id='word_1_514' title='bbox 1797 729 1871 763; x_wconf 82' lang='grc' dir='ltr'>κοινῇ</span> 
     </span>
    </p>
   </div>
   <div class='ocr_carea' id='block_1_75' title="bbox 1090 775 1873 815">
    <p class='ocr_par' dir='ltr' id='par_1_75' title="bbox 1090 775 1873 815">
     <span class='ocr_line' id='line_1_76' title="bbox 1090 775 1873 815; baseline -0.008 -9"><span class='ocrx_word' id='word_1_515' title='bbox 1090 780 1219 815; x_wconf 60' lang='grc' dir='ltr'>πολιτείαν</span> <span class='ocrx_word' id='word_1_516' title='bbox 1230 780 1442 814; x_wconf 76' lang='grc' dir='ltr'>λυμαινόμενος,</span> <span class='ocrx_word' id='word_1_517' title='bbox 1457 778 1502 804; x_wconf 79' lang='grc' dir='ltr'>καὶ</span> <span class='ocrx_word' id='word_1_518' title='bbox 1521 778 1577 808; x_wconf 82' lang='grc' dir='ltr'>τοῖς</span> <span class='ocrx_word' id='word_1_519' title='bbox 1599 775 1759 810; x_wconf 77' lang='grc' dir='ltr'>ἁγιωτάτοις</span> <span class='ocrx_word' id='word_1_520' title='bbox 1777 775 1873 801; x_wconf 76' lang='grc' dir='ltr'>δυσσε-</span> 
     </span>
    </p>
   </div>
   <div class='ocr_carea' id='block_1_76' title="bbox 1091 824 1664 861">
    <p class='ocr_par' dir='ltr' id='par_1_76' title="bbox 1091 824 1664 861">
     <span class='ocr_line' id='line_1_77' title="bbox 1091 824 1664 861; baseline -0.009 -8"><span class='ocrx_word' id='word_1_521' title='bbox 1091 826 1147 858; x_wconf 74' lang='grc' dir='ltr'>ϐεῖς</span> <span class='ocrx_word' id='word_1_522' title='bbox 1158 826 1203 853; x_wconf 76' lang='grc' dir='ltr'><strong>καὶ</strong></span> <span class='ocrx_word' id='word_1_523' title='bbox 1215 827 1321 860; x_wconf 79' lang='grc' dir='ltr'><strong>ἐναγεῖς</strong></span> <span class='ocrx_word' id='word_1_524' title='bbox 1336 825 1479 861; x_wconf 81' lang='grc' dir='ltr'>προσάγων</span> <span class='ocrx_word' id='word_1_525' title='bbox 1494 824 1543 854; x_wconf 81' lang='grc' dir='ltr'><strong>τὰς</strong></span> <span class='ocrx_word' id='word_1_526' title='bbox 1561 824 1664 858; x_wconf 83' lang='grc' dir='ltr'>χεῖρας.</span> 
     </span>
    </p>
   </div>
   <div class='ocr_carea' id='block_1_77' title="bbox 1125 909 1874 949">
    <p class='ocr_par' dir='ltr' id='par_1_77' title="bbox 1125 909 1874 949">
     <span class='ocr_line' id='line_1_78' title="bbox 1125 909 1874 949; baseline -0.008 -7"><span class='ocrx_word' id='word_1_527' title='bbox 1125 915 1168 943; x_wconf 75' lang='grc'><strong>51.</strong></span> <span class='ocrx_word' id='word_1_528' title='bbox 1192 915 1226 941; x_wconf 75' lang='grc' dir='ltr'>Ἀ</span> <span class='ocrx_word' id='word_1_529' title='bbox 1240 915 1267 942; x_wconf 84' lang='grc' dir='ltr'>δὲ</span> <span class='ocrx_word' id='word_1_530' title='bbox 1282 914 1327 941; x_wconf 68' lang='grc' dir='ltr'>καὶ</span> <span class='ocrx_word' id='word_1_531' title='bbox 1343 914 1397 949; x_wconf 75' lang='grc'>(25)</span> <span class='ocrx_word' id='word_1_532' title='bbox 1413 913 1593 948; x_wconf 77' lang='grc' dir='ltr'>Φρουμεντῑου</span> <span class='ocrx_word' id='word_1_533' title='bbox 1608 911 1687 947; x_wconf 89' lang='grc' dir='ltr'>χάριν</span> <span class='ocrx_word' id='word_1_534' title='bbox 1700 910 1746 938; x_wconf 81' lang='grc' dir='ltr'>τοῦ</span> <span class='ocrx_word' id='word_1_535' title='bbox 1764 909 1874 937; x_wconf 80' lang='grc' dir='ltr'>ἐπισκό-</span> 
     </span>
    </p>
   </div>
   <div class='ocr_carea' id='block_1_78' title="bbox 1090 956 1874 996">
    <p class='ocr_par' dir='ltr' id='par_1_78' title="bbox 1090 956 1874 996">
     <span class='ocr_line' id='line_1_79' title="bbox 1090 956 1874 996; baseline -0.006 -9"><span class='ocrx_word' id='word_1_536' title='bbox 1090 969 1142 987; x_wconf 83' lang='grc' dir='ltr'><strong>που</strong></span> <span class='ocrx_word' id='word_1_537' title='bbox 1160 960 1209 995; x_wconf 84' lang='grc' dir='ltr'>τῆς</span> <span class='ocrx_word' id='word_1_538' title='bbox 1227 959 1389 996; x_wconf 75' lang='grc' dir='ltr'>Αὑξούμεως</span> <span class='ocrx_word' id='word_1_539' title='bbox 1406 959 1559 994; x_wconf 72' lang='grc' dir='ltr'>γέγραπται</span> <span class='ocrx_word' id='word_1_540' title='bbox 1573 959 1628 989; x_wconf 85' lang='grc' dir='ltr'>τοῖς</span> <span class='ocrx_word' id='word_1_541' title='bbox 1647 958 1705 983; x_wconf 83' lang='grc' dir='ltr'>ἐκεῖ</span> <span class='ocrx_word' id='word_1_542' title='bbox 1723 956 1874 992; x_wconf 84' lang='grc' dir='ltr'>τυράννοις,</span> 
     </span>
    </p>
   </div>
   <div class='ocr_carea' id='block_1_79' title="bbox 1091 1005 1262 1033">
    <p class='ocr_par' dir='ltr' id='par_1_79' title="bbox 1091 1005 1262 1033">
     <span class='ocr_line' id='line_1_80' title="bbox 1091 1005 1262 1033; baseline 0 -1"><span class='ocrx_word' id='word_1_543' title='bbox 1091 1006 1148 1033; x_wconf 78' lang='grc' dir='ltr'>ἔστι</span> <span class='ocrx_word' id='word_1_544' title='bbox 1164 1005 1262 1033; x_wconf 77' lang='grc' dir='ltr'>ταῦτα·</span> 
     </span>
    </p>
   </div>
   <div class='ocr_carea' id='block_1_80' title="bbox 1141 1049 1832 1087">
    <p class='ocr_par' dir='ltr' id='par_1_80' title="bbox 1141 1049 1832 1087">
     <span class='ocr_line' id='line_1_81' title="bbox 1141 1049 1832 1087; baseline -0.007 -7"><span class='ocrx_word' id='word_1_545' title='bbox 1141 1052 1273 1087; x_wconf 79' lang='grc' dir='ltr'>Νικητὴς</span> <span class='ocrx_word' id='word_1_546' title='bbox 1296 1051 1501 1087; x_wconf 53' lang='grc' dir='ltr'>Κωνστάξοτιος</span> <span class='ocrx_word' id='word_1_547' title='bbox 1514 1050 1661 1087; x_wconf 56' lang='grc' dir='ltr'>Μέηστςς</span> <span class='ocrx_word' id='word_1_548' title='bbox 1685 1049 1832 1081; x_wconf 74' lang='grc' dir='ltr'>Σεϐαστὸς</span> 
     </span>
    </p>
   </div>
   <div class='ocr_carea' id='block_1_81' title="bbox 1326 1084 1650 1119">
    <p class='ocr_par' dir='ltr' id='par_1_81' title="bbox 1326 1084 1650 1119">
     <span class='ocr_line' id='line_1_82' title="bbox 1326 1084 1650 1119; baseline -0.012 -5"><span class='ocrx_word' id='word_1_549' title='bbox 1326 1085 1434 1119; x_wconf 80' lang='grc' dir='ltr'><strong>Ἀϊζανᾷ</strong></span> <span class='ocrx_word' id='word_1_550' title='bbox 1455 1086 1503 1112; x_wconf 76' lang='grc' dir='ltr'>καὶ</span> <span class='ocrx_word' id='word_1_551' title='bbox 1525 1084 1650 1118; x_wconf 80' lang='grc' dir='ltr'><strong>Σαζιινᾷ.</strong></span> 
     </span>
    </p>
   </div>
   <div class='ocr_carea' id='block_1_82' title="bbox 1126 1129 1876 1168">
    <p class='ocr_par' dir='ltr' id='par_1_82' title="bbox 1126 1129 1876 1168">
     <span class='ocr_line' id='line_1_83' title="bbox 1126 1129 1876 1168; baseline -0.008 -7"><span class='ocrx_word' id='word_1_552' title='bbox 1126 1134 1200 1161; x_wconf 87' lang='grc' dir='ltr'>Πάνυ</span> <span class='ocrx_word' id='word_1_553' title='bbox 1213 1133 1258 1160; x_wconf 86' lang='grc' dir='ltr'><strong>διὰ</strong></span> <span class='ocrx_word' id='word_1_554' title='bbox 1271 1132 1410 1168; x_wconf 78' lang='grc' dir='ltr'>φροντίδος</span> <span class='ocrx_word' id='word_1_555' title='bbox 1425 1132 1471 1158; x_wconf 76' lang='grc' dir='ltr'>καὶ</span> <span class='ocrx_word' id='word_1_556' title='bbox 1487 1131 1531 1158; x_wconf 78' lang='grc' dir='ltr'><strong>διὰ</strong></span> <span class='ocrx_word' id='word_1_557' title='bbox 1550 1131 1667 1166; x_wconf 81' lang='grc' dir='ltr'>σπουδῆς</span> <span class='ocrx_word' id='word_1_558' title='bbox 1682 1130 1730 1166; x_wconf 83' lang='grc' dir='ltr'>τῆς</span> <span class='ocrx_word' id='word_1_559' title='bbox 1747 1129 1876 1165; x_wconf 75' lang='grc' dir='ltr'>μεγίστης</span> 
     </span>
    </p>
   </div>
   <div class='ocr_carea' id='block_1_83' title="bbox 1092 1174 1877 1217">
    <p class='ocr_par' dir='ltr' id='par_1_83' title="bbox 1092 1174 1877 1217">
     <span class='ocr_line' id='line_1_84' title="bbox 1092 1174 1877 1217; baseline -0.008 -9"><span class='ocrx_word' id='word_1_560' title='bbox 1092 1181 1158 1217; x_wconf 76' lang='grc' dir='ltr'>ἡμῖν</span> <span class='ocrx_word' id='word_1_561' title='bbox 1178 1181 1250 1207; x_wconf 83' lang='grc' dir='ltr'>ἐστιν</span> <span class='ocrx_word' id='word_1_562' title='bbox 1267 1181 1283 1216; x_wconf 83' lang='grc' dir='ltr'>ἡ</span> <span class='ocrx_word' id='word_1_563' title='bbox 1303 1179 1350 1206; x_wconf 75' lang='grc' dir='ltr'><strong>τοῦ</strong></span> <span class='ocrx_word' id='word_1_564' title='bbox 1365 1178 1517 1214; x_wconf 86' lang='grc' dir='ltr'>κρείττονος</span> <span class='ocrx_word' id='word_1_565' title='bbox 1537 1177 1647 1212; x_wconf 84' lang='grc' dir='ltr'>γνῶσις.</span> <span class='ocrx_word' id='word_1_566' title='bbox 1663 1177 1709 1203; x_wconf 86' lang='grc' dir='ltr'>Δεῖ</span> <span class='ocrx_word' id='word_1_567' title='bbox 1731 1176 1783 1212; x_wconf 86' lang='grc' dir='ltr'><strong>γὰρ</strong></span> <span class='ocrx_word' id='word_1_568' title='bbox 1802 1174 1877 1212; x_wconf 75' lang='grc' dir='ltr'>οἶμαι</span> 
     </span>
    </p>
   </div>
   <div class='ocr_carea' id='block_1_84' title="bbox 1093 1222 1877 1260">
    <p class='ocr_par' dir='ltr' id='par_1_84' title="bbox 1093 1222 1877 1260">
     <span class='ocr_line' id='line_1_85' title="bbox 1093 1222 1877 1260; baseline -0.009 -6"><span class='ocrx_word' id='word_1_569' title='bbox 1093 1227 1123 1254; x_wconf 76' lang='grc' dir='ltr'><strong>τὸ</strong></span> <span class='ocrx_word' id='word_1_570' title='bbox 1145 1227 1234 1254; x_wconf 78' lang='grc' dir='ltr'>κοινὸν</span> <span class='ocrx_word' id='word_1_571' title='bbox 1254 1225 1308 1252; x_wconf 87' lang='grc' dir='ltr'>τῶν</span> <span class='ocrx_word' id='word_1_572' title='bbox 1335 1224 1486 1260; x_wconf 87' lang='grc' dir='ltr'>ἀνθρώπων</span> <span class='ocrx_word' id='word_1_573' title='bbox 1509 1224 1587 1258; x_wconf 84' lang='grc' dir='ltr'>γένος</span> <span class='ocrx_word' id='word_1_574' title='bbox 1611 1224 1661 1258; x_wconf 82' lang='grc' dir='ltr'><strong>τῆς</strong></span> <span class='ocrx_word' id='word_1_575' title='bbox 1687 1222 1748 1257; x_wconf 79' lang='grc' dir='ltr'>ἴσης</span> <span class='ocrx_word' id='word_1_576' title='bbox 1771 1222 1800 1248; x_wconf 80' lang='grc' dir='ltr'><strong>ἐν</strong></span> <span class='ocrx_word' id='word_1_577' title='bbox 1823 1223 1877 1253; x_wconf 86' lang='grc' dir='ltr'>τοῖς</span> 
     </span>
    </p>
   </div>
   <div class='ocr_carea' id='block_1_85' title="bbox 1093 1268 1878 1306">
    <p class='ocr_par' dir='ltr' id='par_1_85' title="bbox 1093 1268 1878 1306">
     <span class='ocr_line' id='line_1_86' title="bbox 1093 1268 1878 1306; baseline -0.008 -6"><span class='ocrx_word' id='word_1_578' title='bbox 1093 1272 1224 1304; x_wconf 80' lang='grc' dir='ltr'>τοιούτοις</span> <span class='ocrx_word' id='word_1_579' title='bbox 1238 1271 1376 1304; x_wconf 76' lang='grc' dir='ltr'>ἀξιοῦσθαι</span> <span class='ocrx_word' id='word_1_580' title='bbox 1393 1270 1564 1306; x_wconf 77' lang='grc' dir='ltr'>κηδεμονίας,</span> <span class='ocrx_word' id='word_1_581' title='bbox 1578 1270 1615 1301; x_wconf 87' lang='grc' dir='ltr'>ὼς</span> <span class='ocrx_word' id='word_1_582' title='bbox 1632 1269 1665 1296; x_wconf 75' lang='grc' dir='ltr'>ἂν</span> <span class='ocrx_word' id='word_1_583' title='bbox 1683 1269 1762 1305; x_wconf 85' lang='grc' dir='ltr'>μέχρι</span> <span class='ocrx_word' id='word_1_584' title='bbox 1775 1269 1822 1303; x_wconf 83' lang='grc' dir='ltr'>τῆς</span> <span class='ocrx_word' id='word_1_585' title='bbox 1835 1268 1878 1294; x_wconf 85' lang='grc' dir='ltr'>ἐλ-</span> 
     </span>
    </p>
   </div>
   <div class='ocr_carea' id='block_1_86' title="bbox 1094 1312 1877 1351">
    <p class='ocr_par' dir='ltr' id='par_1_86' title="bbox 1094 1312 1877 1351">
     <span class='ocr_line' id='line_1_87' title="bbox 1094 1312 1877 1351; baseline -0.008 -6"><span class='ocrx_word' id='word_1_586' title='bbox 1094 1318 1169 1349; x_wconf 84' lang='grc' dir='ltr'>πίδος</span> <span class='ocrx_word' id='word_1_587' title='bbox 1190 1317 1235 1344; x_wconf 83' lang='grc' dir='ltr'>τὸν</span> <span class='ocrx_word' id='word_1_588' title='bbox 1259 1317 1314 1351; x_wconf 77' lang='grc' dir='ltr'>βίον</span> <span class='ocrx_word' id='word_1_589' title='bbox 1335 1316 1468 1350; x_wconf 85' lang='grc' dir='ltr'>διάγοιεν,</span> <span class='ocrx_word' id='word_1_590' title='bbox 1488 1315 1522 1342; x_wconf 86' lang='grc' dir='ltr'><strong>τὰ</strong></span> <span class='ocrx_word' id='word_1_591' title='bbox 1540 1315 1651 1342; x_wconf 78' lang='grc' dir='ltr'>τοιαῦτα</span> <span class='ocrx_word' id='word_1_592' title='bbox 1668 1313 1792 1349; x_wconf 75' lang='grc' dir='ltr'>περὶτοῦ</span> <span class='ocrx_word' id='word_1_593' title='bbox 1811 1312 1877 1340; x_wconf 72' lang='grc' dir='ltr'>Θεοῦ</span> 
     </span>
    </p>
   </div>
   <div class='ocr_carea' id='block_1_87' title="bbox 1094 1359 1878 1398">
    <p class='ocr_par' dir='ltr' id='par_1_87' title="bbox 1094 1359 1878 1398">
     <span class='ocr_line' id='line_1_88' title="bbox 1094 1359 1878 1398; baseline -0.006 -7"><span class='ocrx_word' id='word_1_594' title='bbox 1094 1364 1284 1398; x_wconf 75' lang='grc' dir='ltr'>γινώσκοντες,</span> <span class='ocrx_word' id='word_1_595' title='bbox 1307 1363 1355 1390; x_wconf 66' lang='grc' dir='ltr'>καὶ</span> <span class='ocrx_word' id='word_1_596' title='bbox 1373 1362 1456 1398; x_wconf 77' lang='grc' dir='ltr'>μηδὲν</span> <span class='ocrx_word' id='word_1_597' title='bbox 1469 1361 1666 1396; x_wconf 76' lang='grc' dir='ltr'>διαφωνοῦν-τες</span> <span class='ocrx_word' id='word_1_598' title='bbox 1683 1361 1747 1396; x_wconf 76' lang='grc' dir='ltr'>περὶ</span> <span class='ocrx_word' id='word_1_599' title='bbox 1766 1360 1814 1395; x_wconf 80' lang='grc' dir='ltr'>τὴν</span> <span class='ocrx_word' id='word_1_600' title='bbox 1831 1359 1878 1386; x_wconf 83' lang='grc' dir='ltr'><strong>τοῦ</strong></span> 
     </span>
    </p>
   </div>
   <div class='ocr_carea' id='block_1_88' title="bbox 1095 1407 1879 1445">
    <p class='ocr_par' dir='ltr' id='par_1_88' title="bbox 1095 1407 1879 1445">
     <span class='ocr_line' id='line_1_89' title="bbox 1095 1407 1879 1445; baseline -0.006 -8"><span class='ocrx_word' id='word_1_601' title='bbox 1095 1410 1196 1438; x_wconf 84' lang='grc' dir='ltr'>δικαίου</span> <span class='ocrx_word' id='word_1_602' title='bbox 1224 1410 1270 1437; x_wconf 79' lang='grc' dir='ltr'>καὶ</span> <span class='ocrx_word' id='word_1_603' title='bbox 1300 1409 1416 1445; x_wconf 84' lang='grc' dir='ltr'>ἀληθοῦς</span> <span class='ocrx_word' id='word_1_604' title='bbox 1444 1409 1573 1442; x_wconf 75' lang='grc' dir='ltr'>ἐξέτασιν.</span> <span class='ocrx_word' id='word_1_605' title='bbox 1602 1408 1658 1442; x_wconf 84' lang='grc' dir='ltr'><strong>Τῆς</strong></span> <span class='ocrx_word' id='word_1_606' title='bbox 1681 1407 1766 1442; x_wconf 79' lang='grc' dir='ltr'>αὐτῆς</span> <span class='ocrx_word' id='word_1_607' title='bbox 1790 1407 1879 1433; x_wconf 73' lang='grc' dir='ltr'>τοίνυν</span> 
     </span>
    </p>
   </div>
   <div class='ocr_carea' id='block_1_89' title="bbox 1095 1453 1880 1492">
    <p class='ocr_par' dir='ltr' id='par_1_89' title="bbox 1095 1453 1880 1492">
     <span class='ocr_line' id='line_1_90' title="bbox 1095 1453 1880 1492; baseline -0.006 -9"><span class='ocrx_word' id='word_1_608' title='bbox 1095 1456 1223 1492; x_wconf 82' lang='grc' dir='ltr'>προνοίας</span> <span class='ocrx_word' id='word_1_609' title='bbox 1240 1455 1377 1488; x_wconf 79' lang='grc' dir='ltr'>ἀξιοῦντες</span> <span class='ocrx_word' id='word_1_610' title='bbox 1396 1455 1478 1490; x_wconf 83' lang='grc' dir='ltr'>ὑμᾶς,</span> <span class='ocrx_word' id='word_1_611' title='bbox 1503 1455 1551 1481; x_wconf 71' lang='grc' dir='ltr'>καὶ</span> <span class='ocrx_word' id='word_1_612' title='bbox 1570 1454 1624 1480; x_wconf 86' lang='grc' dir='ltr'>τῶν</span> <span class='ocrx_word' id='word_1_613' title='bbox 1648 1453 1713 1480; x_wconf 74' lang='grc' dir='ltr'>ἴσων</span> <span class='ocrx_word' id='word_1_614' title='bbox 1736 1453 1880 1488; x_wconf 81' lang='grc' dir='ltr'>Ῥωμαίοις</span> 
     </span>
    </p>
   </div>
   <div class='ocr_carea' id='block_1_90' title="bbox 1097 1499 1881 1537">
    <p class='ocr_par' dir='ltr' id='par_1_90' title="bbox 1097 1499 1881 1537">
     <span class='ocr_line' id='line_1_91' title="bbox 1097 1499 1881 1537; baseline -0.005 -9"><span class='ocrx_word' id='word_1_615' title='bbox 1097 1501 1291 1537; x_wconf 83' lang='grc' dir='ltr'>μεταδιδόντες,</span> <span class='ocrx_word' id='word_1_616' title='bbox 1306 1500 1334 1526; x_wconf 76' lang='grc' dir='ltr'>ἓν</span> <span class='ocrx_word' id='word_1_617' title='bbox 1344 1509 1370 1526; x_wconf 92' lang='grc' dir='ltr'><strong>τι</strong></span> <span class='ocrx_word' id='word_1_618' title='bbox 1388 1500 1445 1535; x_wconf 67' lang='grc' dir='ltr'>μετ’</span> <span class='ocrx_word' id='word_1_619' title='bbox 1460 1499 1548 1526; x_wconf 80' lang='grc' dir='ltr'>αὐτῶν</span> <span class='ocrx_word' id='word_1_620' title='bbox 1559 1499 1647 1534; x_wconf 85' lang='grc' dir='ltr'>δόγμα</span> <span class='ocrx_word' id='word_1_621' title='bbox 1661 1500 1770 1534; x_wconf 83' lang='grc' dir='ltr'>κρατεῖν</span> <span class='ocrx_word' id='word_1_622' title='bbox 1781 1499 1810 1524; x_wconf 90' lang='grc' dir='ltr'><strong>ἐν</strong></span> <span class='ocrx_word' id='word_1_623' title='bbox 1822 1499 1881 1529; x_wconf 84' lang='grc' dir='ltr'>ταῖς</span> 
     </span>
    </p>
   </div>
   <div class='ocr_carea' id='block_1_91' title="bbox 1101 1543 1880 1581">
    <p class='ocr_par' dir='ltr' id='par_1_91' title="bbox 1101 1543 1880 1581">
     <span class='ocr_line' id='line_1_92' title="bbox 1101 1543 1880 1581; baseline -0.005 -8"><span class='ocrx_word' id='word_1_624' title='bbox 1101 1546 1273 1581; x_wconf 85' lang='grc' dir='ltr'>Ἐκκλησίαις</span> <span class='ocrx_word' id='word_1_625' title='bbox 1308 1545 1464 1580; x_wconf 81' lang='grc' dir='ltr'>κελεύομεν.</span> <span class='ocrx_word' id='word_1_626' title='bbox 1493 1544 1596 1571; x_wconf 72' lang='grc' dir='ltr'>Οὐκοῦν</span> <span class='ocrx_word' id='word_1_627' title='bbox 1615 1543 1793 1579; x_wconf 79' lang='grc' dir='ltr'>Φρουμέντιον</span> <span class='ocrx_word' id='word_1_628' title='bbox 1824 1543 1880 1577; x_wconf 75' lang='grc'><strong>(26)</strong></span> 
     </span>
    </p>
   </div>
   <div class='ocr_carea' id='block_1_92' title="bbox 1094 1590 1881 1626">
    <p class='ocr_par' dir='ltr' id='par_1_92' title="bbox 1094 1590 1881 1626">
     <span class='ocr_line' id='line_1_93' title="bbox 1094 1590 1881 1626; baseline -0.005 -7"><span class='ocrx_word' id='word_1_629' title='bbox 1094 1592 1140 1619; x_wconf 73' lang='grc' dir='ltr'><strong>τὸν</strong></span> <span class='ocrx_word' id='word_1_630' title='bbox 1155 1592 1303 1618; x_wconf 77' lang='grc' dir='ltr'>ἐπίσκοπον</span> <span class='ocrx_word' id='word_1_631' title='bbox 1317 1591 1473 1626; x_wconf 81' lang='grc' dir='ltr'>ἐκπέμπετε</span> <span class='ocrx_word' id='word_1_632' title='bbox 1486 1590 1535 1626; x_wconf 82' lang='grc' dir='ltr'>τὴν</span> <span class='ocrx_word' id='word_1_633' title='bbox 1551 1590 1680 1625; x_wconf 84' lang='grc' dir='ltr'>ταχίστην</span> <span class='ocrx_word' id='word_1_634' title='bbox 1695 1590 1734 1621; x_wconf 83' lang='grc' dir='ltr'><strong>είς</strong></span> <span class='ocrx_word' id='word_1_635' title='bbox 1746 1590 1881 1623; x_wconf 72' lang='grc' dir='ltr'>Αἴγυπτον</span> 
     </span>
    </p>
   </div>
   <div class='ocr_carea' id='block_1_93' title="bbox 1072 1634 1882 1672">
    <p class='ocr_par' dir='ltr' id='par_1_93' title="bbox 1072 1634 1882 1672">
     <span class='ocr_line' id='line_1_94' title="bbox 1072 1634 1882 1672; baseline -0.005 -8"><span class='ocrx_word' id='word_1_636' title='bbox 1072 1664 1076 1665; x_wconf 34' lang='grc' dir='ltr'><strong>ν</strong></span> <span class='ocrx_word' id='word_1_637' title='bbox 1095 1637 1170 1672; x_wconf 80' lang='grc' dir='ltr'><strong>παρά</strong></span> <span class='ocrx_word' id='word_1_638' title='bbox 1191 1637 1236 1663; x_wconf 80' lang='grc' dir='ltr'>τὸν</span> <span class='ocrx_word' id='word_1_639' title='bbox 1258 1637 1420 1672; x_wconf 83' lang='grc' dir='ltr'>σεμνότατον</span> <span class='ocrx_word' id='word_1_640' title='bbox 1441 1635 1575 1671; x_wconf 85' lang='grc' dir='ltr'>Γεώργιον</span> <span class='ocrx_word' id='word_1_641' title='bbox 1596 1636 1643 1662; x_wconf 77' lang='grc' dir='ltr'>τὸν</span> <span class='ocrx_word' id='word_1_642' title='bbox 1666 1635 1814 1662; x_wconf 81' lang='grc' dir='ltr'>ἐπίσκοπον</span> <span class='ocrx_word' id='word_1_643' title='bbox 1834 1634 1882 1661; x_wconf 77' lang='grc' dir='ltr'>καὶ</span> 
     </span>
    </p>
   </div>
   <div class='ocr_carea' id='block_1_94' title="bbox 1095 1680 1882 1715">
    <p class='ocr_par' dir='ltr' id='par_1_94' title="bbox 1095 1680 1882 1715">
     <span class='ocr_line' id='line_1_95' title="bbox 1095 1680 1882 1715; baseline -0.005 -6"><span class='ocrx_word' id='word_1_644' title='bbox 1095 1683 1157 1714; x_wconf 73' lang='grc' dir='ltr'>τοὺς</span> <span class='ocrx_word' id='word_1_645' title='bbox 1172 1682 1266 1714; x_wconf 77' lang='grc' dir='ltr'>ἄλλους</span> <span class='ocrx_word' id='word_1_646' title='bbox 1286 1682 1348 1713; x_wconf 80' lang='grc' dir='ltr'>τοὺς</span> <span class='ocrx_word' id='word_1_647' title='bbox 1365 1682 1425 1708; x_wconf 84' lang='grc' dir='ltr'>κατ’</span> <span class='ocrx_word' id='word_1_648' title='bbox 1446 1681 1591 1715; x_wconf 71' lang='grc' dir='ltr'>Αἴγυπτον,</span> <span class='ocrx_word' id='word_1_649' title='bbox 1611 1680 1636 1707; x_wconf 83' lang='grc' dir='ltr'>οἳ</span> <span class='ocrx_word' id='word_1_650' title='bbox 1652 1680 1699 1706; x_wconf 83' lang='grc' dir='ltr'><strong>τοῦ</strong></span> <span class='ocrx_word' id='word_1_651' title='bbox 1721 1681 1882 1714; x_wconf 84' lang='grc' dir='ltr'>χειροτονεῖν</span> 
     </span>
    </p>
   </div>
   <div class='ocr_carea' id='block_1_95' title="bbox 1096 1723 1882 1764">
    <p class='ocr_par' dir='ltr' id='par_1_95' title="bbox 1096 1723 1882 1764">
     <span class='ocr_line' id='line_1_96' title="bbox 1096 1723 1882 1764; baseline -0.004 -9"><span class='ocrx_word' id='word_1_652' title='bbox 1096 1729 1143 1755; x_wconf 73' lang='grc' dir='ltr'>καὶ</span> <span class='ocrx_word' id='word_1_653' title='bbox 1154 1728 1257 1764; x_wconf 82' lang='grc' dir='ltr'>κρίνειν</span> <span class='ocrx_word' id='word_1_654' title='bbox 1269 1727 1303 1754; x_wconf 82' lang='grc' dir='ltr'><strong>τὰ</strong></span> <span class='ocrx_word' id='word_1_655' title='bbox 1317 1727 1427 1754; x_wconf 81' lang='grc' dir='ltr'>τοιαῦτα</span> <span class='ocrx_word' id='word_1_656' title='bbox 1440 1727 1529 1762; x_wconf 76' lang='grc' dir='ltr'>κύριοι</span> <span class='ocrx_word' id='word_1_657' title='bbox 1542 1726 1639 1761; x_wconf 82' lang='grc' dir='ltr'>μᾶλλόν</span> <span class='ocrx_word' id='word_1_658' title='bbox 1651 1723 1730 1752; x_wconf 72' lang='grc' dir='ltr'>εἰσιν.</span> <span class='ocrx_word' id='word_1_659' title='bbox 1746 1725 1816 1752; x_wconf 87' lang='grc' dir='ltr'>Ἰστε</span> <span class='ocrx_word' id='word_1_660' title='bbox 1828 1725 1882 1760; x_wconf 83' lang='grc' dir='ltr'>γὰρ</span> 
     </span>
    </p>
   </div>
   <div class='ocr_carea' id='block_1_96' title="bbox 1095 1771 1883 1810">
    <p class='ocr_par' dir='ltr' id='par_1_96' title="bbox 1095 1771 1883 1810">
     <span class='ocr_line' id='line_1_97' title="bbox 1095 1771 1883 1810; baseline -0.005 -9"><span class='ocrx_word' id='word_1_661' title='bbox 1095 1774 1181 1810; x_wconf 80' lang='grc' dir='ltr'>δήπου</span> <span class='ocrx_word' id='word_1_662' title='bbox 1198 1774 1244 1800; x_wconf 74' lang='grc' dir='ltr'>καὶ</span> <span class='ocrx_word' id='word_1_663' title='bbox 1263 1772 1412 1808; x_wconf 81' lang='grc' dir='ltr'>μέμνησθε,</span> <span class='ocrx_word' id='word_1_664' title='bbox 1430 1773 1454 1798; x_wconf 80' lang='grc' dir='ltr'>εἰ</span> <span class='ocrx_word' id='word_1_665' title='bbox 1469 1772 1506 1807; x_wconf 84' lang='grc' dir='ltr'>μὴ</span> <span class='ocrx_word' id='word_1_666' title='bbox 1521 1772 1582 1799; x_wconf 88' lang='grc' dir='ltr'>λίαν</span> <span class='ocrx_word' id='word_1_667' title='bbox 1592 1772 1627 1798; x_wconf 88' lang='grc' dir='ltr'>τὰ</span> <span class='ocrx_word' id='word_1_668' title='bbox 1642 1771 1717 1807; x_wconf 83' lang='grc' dir='ltr'><strong>παρά</strong></span> <span class='ocrx_word' id='word_1_669' title='bbox 1724 1772 1805 1798; x_wconf 81' lang='grc' dir='ltr'>πᾶσιν</span> <span class='ocrx_word' id='word_1_670' title='bbox 1819 1773 1883 1806; x_wconf 60' lang='grc' dir='ltr'>ὸμφ</span> 
     </span>
    </p>
   </div>
   <div class='ocr_carea' id='block_1_97' title="bbox 1096 1817 1883 1856">
    <p class='ocr_par' dir='ltr' id='par_1_97' title="bbox 1096 1817 1883 1856">
     <span class='ocr_line' id='line_1_98' title="bbox 1096 1817 1883 1856; baseline -0.005 -9"><span class='ocrx_word' id='word_1_671' title='bbox 1096 1820 1247 1856; x_wconf 86' lang='grc' dir='ltr'>λογούμενα</span> <span class='ocrx_word' id='word_1_672' title='bbox 1269 1819 1343 1855; x_wconf 83' lang='grc' dir='ltr'>μόνοι</span> <span class='ocrx_word' id='word_1_673' title='bbox 1355 1820 1461 1853; x_wconf 86' lang='grc' dir='ltr'>ἀγνοεῖν</span> <span class='ocrx_word' id='word_1_674' title='bbox 1476 1818 1676 1854; x_wconf 85' lang='grc' dir='ltr'>προσποιεῖσθε,</span> <span class='ocrx_word' id='word_1_675' title='bbox 1689 1818 1729 1844; x_wconf 84' lang='grc' dir='ltr'>ὅτι</span> <span class='ocrx_word' id='word_1_676' title='bbox 1742 1817 1786 1844; x_wconf 75' lang='grc' dir='ltr'>τὸν</span> <span class='ocrx_word' id='word_1_677' title='bbox 1798 1818 1883 1852; x_wconf 79' lang='grc' dir='ltr'>Φρου-</span> 
     </span>
    </p>
   </div>
   <div class='ocr_carea' id='block_1_98' title="bbox 1098 1863 1883 1902">
    <p class='ocr_par' dir='ltr' id='par_1_98' title="bbox 1098 1863 1883 1902">
     <span class='ocr_line' id='line_1_99' title="bbox 1098 1863 1883 1902; baseline -0.006 -9"><span class='ocrx_word' id='word_1_678' title='bbox 1098 1867 1203 1902; x_wconf 80' lang='grc' dir='ltr'>μέντιον</span> <span class='ocrx_word' id='word_1_679' title='bbox 1221 1865 1314 1892; x_wconf 80' lang='grc' dir='ltr'>τοῦτον</span> <span class='ocrx_word' id='word_1_680' title='bbox 1332 1867 1370 1897; x_wconf 83' lang='grc' dir='ltr'>εἰς</span> <span class='ocrx_word' id='word_1_681' title='bbox 1386 1865 1486 1900; x_wconf 80' lang='grc' dir='ltr'>ταύτην</span> <span class='ocrx_word' id='word_1_682' title='bbox 1505 1864 1554 1899; x_wconf 83' lang='grc' dir='ltr'>τὴν</span> <span class='ocrx_word' id='word_1_683' title='bbox 1570 1863 1646 1895; x_wconf 83' lang='grc' dir='ltr'>τάξιν</span> <span class='ocrx_word' id='word_1_684' title='bbox 1666 1863 1713 1889; x_wconf 85' lang='grc' dir='ltr'>τοῦ</span> <span class='ocrx_word' id='word_1_685' title='bbox 1737 1863 1794 1898; x_wconf 86' lang='grc' dir='ltr'>βίου</span> <span class='ocrx_word' id='word_1_686' title='bbox 1817 1871 1883 1888; x_wconf 86' lang='grc' dir='ltr'>κατ-</span> 
     </span>
    </p>
   </div>
   <div class='ocr_carea' id='block_1_99' title="bbox 1097 1907 1884 1947">
    <p class='ocr_par' dir='ltr' id='par_1_99' title="bbox 1097 1907 1884 1947">
     <span class='ocr_line' id='line_1_100' title="bbox 1097 1907 1884 1947; baseline -0.008 -8"><span class='ocrx_word' id='word_1_687' title='bbox 1097 1912 1210 1947; x_wconf 80' lang='grc' dir='ltr'>έστησεν</span> <span class='ocrx_word' id='word_1_688' title='bbox 1233 1911 1403 1943; x_wconf 82' lang='grc' dir='ltr'>Ἀθανάσιος,</span> <span class='ocrx_word' id='word_1_689' title='bbox 1429 1910 1536 1946; x_wconf 87' lang='grc' dir='ltr'>μυρίοις</span> <span class='ocrx_word' id='word_1_690' title='bbox 1555 1908 1646 1944; x_wconf 73' lang='grc' dir='ltr'>ἔνοχος</span> <span class='ocrx_word' id='word_1_691' title='bbox 1667 1908 1704 1934; x_wconf 85' lang='grc' dir='ltr'>ὣν</span> <span class='ocrx_word' id='word_1_692' title='bbox 1726 1908 1836 1939; x_wconf 86' lang='grc' dir='ltr'>κακοῖς·</span> <span class='ocrx_word' id='word_1_693' title='bbox 1854 1907 1884 1938; x_wconf 78' lang='grc' dir='ltr'>ὃς</span> 
     </span>
    </p>
   </div>
   <div class='ocr_carea' id='block_1_100' title="bbox 1097 1952 1884 1992">
    <p class='ocr_par' dir='ltr' id='par_1_100' title="bbox 1097 1952 1884 1992">
     <span class='ocr_line' id='line_1_101' title="bbox 1097 1952 1884 1992; baseline -0.008 -8"><span class='ocrx_word' id='word_1_694' title='bbox 1097 1958 1172 1984; x_wconf 77' lang='grc' dir='ltr'>οὐδὲν</span> <span class='ocrx_word' id='word_1_695' title='bbox 1192 1957 1246 1983; x_wconf 86' lang='grc' dir='ltr'><strong>τῶν</strong></span> <span class='ocrx_word' id='word_1_696' title='bbox 1261 1956 1464 1992; x_wconf 75' lang='grc' dir='ltr'>ἐπιφερομένων</span> <span class='ocrx_word' id='word_1_697' title='bbox 1485 1955 1665 1990; x_wconf 72' lang='grc' dir='ltr'>ἐγκλημάτων</span> <span class='ocrx_word' id='word_1_698' title='bbox 1680 1953 1755 1988; x_wconf 79' lang='grc' dir='ltr'>αὐτῷ</span> <span class='ocrx_word' id='word_1_699' title='bbox 1772 1952 1884 1984; x_wconf 83' lang='grc' dir='ltr'>δικαίως</span> 
     </span>
    </p>
   </div>
   <div class='ocr_carea' id='block_1_101' title="bbox 1098 1999 1925 2038">
    <p class='ocr_par' dir='ltr' id='par_1_101' title="bbox 1098 1999 1925 2038">
     <span class='ocr_line' id='line_1_102' title="bbox 1098 1999 1925 2038; baseline -0.006 -9"><span class='ocrx_word' id='word_1_700' title='bbox 1098 2003 1176 2038; x_wconf 77' lang='grc' dir='ltr'>ἔσχεν</span> <span class='ocrx_word' id='word_1_701' title='bbox 1192 2002 1380 2033; x_wconf 79' lang='grc' dir='ltr'>ἐπιλύσασθαι,</span> <span class='ocrx_word' id='word_1_702' title='bbox 1396 2001 1494 2028; x_wconf 78' lang='grc' dir='ltr'>αὺτῑκα</span> <span class='ocrx_word' id='word_1_703' title='bbox 1514 2001 1563 2035; x_wconf 82' lang='grc' dir='ltr'>τῆς</span> <span class='ocrx_word' id='word_1_704' title='bbox 1579 2000 1628 2036; x_wconf 79' lang='grc' dir='ltr'>μὲν</span> <span class='ocrx_word' id='word_1_705' title='bbox 1649 1999 1783 2033; x_wconf 79' lang='grc' dir='ltr'>καθέδρας</span> <span class='ocrx_word' id='word_1_706' title='bbox 1803 1999 1886 2024; x_wconf 82' lang='grc' dir='ltr'>ἐκπέ-</span> <span class='ocrx_word' id='word_1_707' title='bbox 1915 2000 1925 2007; x_wconf 70' lang='grc'><em>⁸</em></span> 
     </span>
    </p>
   </div>
   <div class='ocr_carea' id='block_1_102' title="bbox 1098 2043 1884 2081">
    <p class='ocr_par' dir='ltr' id='par_1_102' title="bbox 1098 2043 1884 2081">
     <span class='ocr_line' id='line_1_103' title="bbox 1098 2043 1884 2081; baseline -0.005 -8"><span class='ocrx_word' id='word_1_708' title='bbox 1098 2055 1206 2078; x_wconf 84' lang='grc' dir='ltr'>πτωκε,</span> <span class='ocrx_word' id='word_1_709' title='bbox 1223 2047 1270 2072; x_wconf 76' lang='grc' dir='ltr'><strong>καὶ</strong></span> <span class='ocrx_word' id='word_1_710' title='bbox 1288 2046 1334 2072; x_wconf 79' lang='grc' dir='ltr'><strong>τοῦ</strong></span> <span class='ocrx_word' id='word_1_711' title='bbox 1357 2046 1413 2081; x_wconf 84' lang='grc' dir='ltr'>βίου</span> <span class='ocrx_word' id='word_1_712' title='bbox 1428 2046 1475 2072; x_wconf 84' lang='grc' dir='ltr'>τοῦ</span> <span class='ocrx_word' id='word_1_713' title='bbox 1491 2046 1578 2079; x_wconf 85' lang='grc' dir='ltr'>πάντη</span> <span class='ocrx_word' id='word_1_714' title='bbox 1599 2043 1756 2080; x_wconf 86' lang='grc' dir='ltr'>διαμαρτὼν</span> <span class='ocrx_word' id='word_1_715' title='bbox 1775 2044 1884 2074; x_wconf 77' lang='grc' dir='ltr'>ἀλᾶται,</span> 
     </span>
    </p>
   </div>
   <div class='ocr_carea' id='block_1_103' title="bbox 1099 2089 1886 2128">
    <p class='ocr_par' dir='ltr' id='par_1_103' title="bbox 1099 2089 1886 2128">
     <span class='ocr_line' id='line_1_104' title="bbox 1099 2089 1886 2128; baseline -0.005 -9"><span class='ocrx_word' id='word_1_716' title='bbox 1099 2093 1145 2119; x_wconf 86' lang='grc' dir='ltr'><strong>ἀπ’</strong></span> <span class='ocrx_word' id='word_1_717' title='bbox 1163 2092 1245 2128; x_wconf 76' lang='grc' dir='ltr'>ἄλλης</span> <span class='ocrx_word' id='word_1_718' title='bbox 1265 2093 1305 2124; x_wconf 84' lang='grc' dir='ltr'><strong>είς</strong></span> <span class='ocrx_word' id='word_1_719' title='bbox 1319 2092 1402 2128; x_wconf 77' lang='grc' dir='ltr'>ἀλλην</span> <span class='ocrx_word' id='word_1_720' title='bbox 1414 2092 1467 2127; x_wconf 85' lang='grc' dir='ltr'>γῆν</span> <span class='ocrx_word' id='word_1_721' title='bbox 1488 2091 1727 2126; x_wconf 84' lang='grc' dir='ltr'>μετανιστάμενος,</span> <span class='ocrx_word' id='word_1_722' title='bbox 1744 2089 1838 2124; x_wconf 80' lang='grc' dir='ltr'>ὥσπερ</span> <span class='ocrx_word' id='word_1_723' title='bbox 1853 2090 1886 2116; x_wconf 80' lang='grc' dir='ltr'>ὲκ</span> 
     </span>
    </p>
   </div>
   <div class='ocr_carea' id='block_1_104' title="bbox 1098 2132 1886 2172">
    <p class='ocr_par' dir='ltr' id='par_1_104' title="bbox 1098 2132 1886 2172">
     <span class='ocr_line' id='line_1_105' title="bbox 1098 2132 1886 2172; baseline -0.005 -8"><span class='ocrx_word' id='word_1_724' title='bbox 1098 2138 1194 2164; x_wconf 88' lang='grc' dir='ltr'>τούτου</span> <span class='ocrx_word' id='word_1_725' title='bbox 1214 2138 1244 2164; x_wconf 86' lang='grc' dir='ltr'><strong>τὺ</strong></span> <span class='ocrx_word' id='word_1_726' title='bbox 1264 2137 1348 2169; x_wconf 80' lang='grc' dir='ltr'>κακὸς</span> <span class='ocrx_word' id='word_1_727' title='bbox 1367 2135 1437 2164; x_wconf 76' lang='grc' dir='ltr'>εἶναι</span> <span class='ocrx_word' id='word_1_728' title='bbox 1462 2136 1681 2172; x_wconf 73' lang='grc' dir='ltr'>διαφευξόμενος.</span> <span class='ocrx_word' id='word_1_729' title='bbox 1708 2136 1744 2165; x_wconf 82' lang='grc' dir='ltr'><strong>Εἰ¹</strong></span> <span class='ocrx_word' id='word_1_730' title='bbox 1765 2135 1814 2170; x_wconf 86' lang='grc' dir='ltr'>μὲν</span> <span class='ocrx_word' id='word_1_731' title='bbox 1838 2132 1886 2160; x_wconf 78' lang='grc' dir='ltr'>οὖν</span> 
     </span>
    </p>
   </div>
   <div class='ocr_carea' id='block_1_105' title="bbox 1100 2180 1887 2220">
    <p class='ocr_par' dir='ltr' id='par_1_105' title="bbox 1100 2180 1887 2220">
     <span class='ocr_line' id='line_1_106' title="bbox 1100 2180 1887 2220; baseline -0.008 -8"><span class='ocrx_word' id='word_1_732' title='bbox 1100 2185 1214 2220; x_wconf 84' lang='grc' dir='ltr'>ἐτοίμως</span> <span class='ocrx_word' id='word_1_733' title='bbox 1239 2184 1419 2212; x_wconf 78' lang='grc' dir='ltr'>ὑπακούσειεν</span> <span class='ocrx_word' id='word_1_734' title='bbox 1444 2185 1458 2210; x_wconf 84' lang='grc' dir='ltr'>ὁ</span> <span class='ocrx_word' id='word_1_735' title='bbox 1480 2183 1675 2219; x_wconf 82' lang='grc' dir='ltr'>Φρουμέντιος,</span> <span class='ocrx_word' id='word_1_736' title='bbox 1700 2180 1814 2211; x_wconf 83' lang='grc' dir='ltr'>εὐθύνας</span> <span class='ocrx_word' id='word_1_737' title='bbox 1836 2180 1887 2215; x_wconf 80' lang='grc' dir='ltr'>τῆς</span> 
     </span>
    </p>
   </div>
   <div class='ocr_carea' id='block_1_106' title="bbox 1101 2225 1924 2266">
    <p class='ocr_par' dir='ltr' id='par_1_106' title="bbox 1101 2225 1924 2266">
     <span class='ocr_line' id='line_1_107' title="bbox 1101 2225 1924 2266; baseline -0.009 -9"><span class='ocrx_word' id='word_1_738' title='bbox 1101 2231 1165 2266; x_wconf 77' lang='grc' dir='ltr'>ὅλης</span> <span class='ocrx_word' id='word_1_739' title='bbox 1181 2230 1371 2261; x_wconf 75' lang='grc' dir='ltr'>καταστάσεως</span> <span class='ocrx_word' id='word_1_740' title='bbox 1385 2229 1487 2261; x_wconf 85' lang='grc' dir='ltr'>δώσων,</span> <span class='ocrx_word' id='word_1_741' title='bbox 1504 2228 1583 2263; x_wconf 80' lang='grc' dir='ltr'>δῆλος</span> <span class='ocrx_word' id='word_1_742' title='bbox 1597 2227 1672 2254; x_wconf 73' lang='grc' dir='ltr'>ἔσται</span> <span class='ocrx_word' id='word_1_743' title='bbox 1688 2226 1764 2262; x_wconf 85' lang='grc' dir='ltr'><strong>παρά</strong></span> <span class='ocrx_word' id='word_1_744' title='bbox 1777 2225 1887 2252; x_wconf 82' lang='grc' dir='ltr'>πάντων</span> <span class='ocrx_word' id='word_1_745' title='bbox 1914 2240 1924 2258; x_wconf 59' lang='grc' dir='ltr'><strong>ρ</strong></span> 
     </span>
    </p>
   </div>
   <div class='ocr_carea' id='block_1_107' title="bbox 1101 2273 1889 2312">
    <p class='ocr_par' dir='ltr' id='par_1_107' title="bbox 1101 2273 1889 2312">
     <span class='ocr_line' id='line_1_108' title="bbox 1101 2273 1889 2312; baseline -0.005 -9"><span class='ocrx_word' id='word_1_746' title='bbox 1101 2276 1140 2312; x_wconf 85' lang='grc' dir='ltr'>τῷ</span> <span class='ocrx_word' id='word_1_747' title='bbox 1157 2276 1208 2310; x_wconf 87' lang='grc' dir='ltr'>τῆς</span> <span class='ocrx_word' id='word_1_748' title='bbox 1235 2275 1396 2311; x_wconf 83' lang='grc' dir='ltr'>Ἐκκλησίας</span> <span class='ocrx_word' id='word_1_749' title='bbox 1418 2275 1492 2310; x_wconf 81' lang='grc' dir='ltr'>νόμῳ</span> <span class='ocrx_word' id='word_1_750' title='bbox 1513 2275 1560 2302; x_wconf 78' lang='grc' dir='ltr'>καὶ</span> <span class='ocrx_word' id='word_1_751' title='bbox 1581 2276 1615 2310; x_wconf 84' lang='grc' dir='ltr'>τῇ</span> <span class='ocrx_word' id='word_1_752' title='bbox 1636 2273 1774 2310; x_wconf 85' lang='grc' dir='ltr'>κρατούσῃ</span> <span class='ocrx_word' id='word_1_753' title='bbox 1797 2273 1889 2300; x_wconf 80' lang='grc' dir='ltr'>πίστει</span> 
     </span>
    </p>
   </div>
   <div class='ocr_carea' id='block_1_108' title="bbox 1103 2320 1888 2356">
    <p class='ocr_par' dir='ltr' id='par_1_108' title="bbox 1103 2320 1888 2356">
     <span class='ocr_line' id='line_1_109' title="bbox 1103 2320 1888 2356; baseline -0.004 -8"><span class='ocrx_word' id='word_1_754' title='bbox 1103 2322 1163 2349; x_wconf 85' lang='grc' dir='ltr'>κατ’</span> <span class='ocrx_word' id='word_1_755' title='bbox 1183 2321 1258 2348; x_wconf 77' lang='grc' dir='ltr'>οὐδὲν</span> <span class='ocrx_word' id='word_1_756' title='bbox 1279 2321 1434 2356; x_wconf 74' lang='grc' dir='ltr'>διαφωνῶν·</span> <span class='ocrx_word' id='word_1_757' title='bbox 1461 2321 1564 2356; x_wconf 81' lang='grc' dir='ltr'>κριθείς</span> <span class='ocrx_word' id='word_1_758' title='bbox 1589 2329 1618 2346; x_wconf 86' lang='grc' dir='ltr'><strong>τε</strong></span> <span class='ocrx_word' id='word_1_759' title='bbox 1641 2320 1688 2347; x_wconf 76' lang='grc' dir='ltr'>καὶ</span> <span class='ocrx_word' id='word_1_760' title='bbox 1706 2320 1768 2351; x_wconf 78' lang='grc' dir='ltr'>δοὺς</span> <span class='ocrx_word' id='word_1_761' title='bbox 1790 2320 1888 2354; x_wconf 80' lang='grc' dir='ltr'>πεῖραν</span> 
     </span>
    </p>
   </div>
   <div class='ocr_carea' id='block_1_109' title="bbox 1104 2364 1888 2401">
    <p class='ocr_par' dir='ltr' id='par_1_109' title="bbox 1104 2364 1888 2401">
     <span class='ocr_line' id='line_1_110' title="bbox 1104 2364 1888 2401; baseline -0.004 -7"><span class='ocrx_word' id='word_1_762' title='bbox 1104 2366 1199 2394; x_wconf 78' lang='grc' dir='ltr'>ἑαυτοῦ</span> <span class='ocrx_word' id='word_1_763' title='bbox 1217 2366 1264 2393; x_wconf 83' lang='grc' dir='ltr'>τοῦ</span> <span class='ocrx_word' id='word_1_764' title='bbox 1279 2367 1377 2398; x_wconf 76' lang='grc' dir='ltr'>παντὸς</span> <span class='ocrx_word' id='word_1_765' title='bbox 1393 2366 1462 2401; x_wconf 75' lang='grc' dir='ltr'>βίου,</span> <span class='ocrx_word' id='word_1_766' title='bbox 1477 2366 1525 2393; x_wconf 81' lang='grc' dir='ltr'>καὶ</span> <span class='ocrx_word' id='word_1_767' title='bbox 1538 2366 1615 2399; x_wconf 83' lang='grc' dir='ltr'>λόγον</span> <span class='ocrx_word' id='word_1_768' title='bbox 1636 2365 1730 2392; x_wconf 85' lang='grc' dir='ltr'>τούτου</span> <span class='ocrx_word' id='word_1_769' title='bbox 1747 2364 1888 2400; x_wconf 79' lang='grc' dir='ltr'>παρασχό-</span> 
     </span>
    </p>
   </div>
   <div class='ocr_carea' id='block_1_110' title="bbox 1107 2411 1889 2449">
    <p class='ocr_par' dir='ltr' id='par_1_110' title="bbox 1107 2411 1889 2449">
     <span class='ocr_line' id='line_1_111' title="bbox 1107 2411 1889 2449; baseline -0.003 -10"><span class='ocrx_word' id='word_1_770' title='bbox 1107 2421 1186 2449; x_wconf 84' lang='grc' dir='ltr'>μενος</span> <span class='ocrx_word' id='word_1_771' title='bbox 1205 2412 1281 2447; x_wconf 78' lang='grc' dir='ltr'><strong>παρά</strong></span> <span class='ocrx_word' id='word_1_772' title='bbox 1299 2412 1353 2438; x_wconf 84' lang='grc' dir='ltr'>τῶν</span> <span class='ocrx_word' id='word_1_773' title='bbox 1368 2411 1403 2438; x_wconf 87' lang='grc' dir='ltr'><strong>τά</strong></span> <span class='ocrx_word' id='word_1_774' title='bbox 1425 2412 1536 2438; x_wconf 82' lang='grc' dir='ltr'>τοιαῦτα</span> <span class='ocrx_word' id='word_1_775' title='bbox 1555 2411 1710 2447; x_wconf 83' lang='grc' dir='ltr'>κρινόντων.</span> <span class='ocrx_word' id='word_1_776' title='bbox 1732 2411 1788 2438; x_wconf 75' lang='grc' dir='ltr'><strong>Καὶ</strong></span> <span class='ocrx_word' id='word_1_777' title='bbox 1803 2419 1889 2438; x_wconf 86' lang='grc' dir='ltr'>κατα-</span> 
     </span>
    </p>
   </div>
   <div class='ocr_carea' id='block_1_111' title="bbox 1105 2456 1889 2494">
    <p class='ocr_par' dir='ltr' id='par_1_111' title="bbox 1105 2456 1889 2494">
     <span class='ocr_line' id='line_1_112' title="bbox 1105 2456 1889 2494; baseline -0.001 -10"><span class='ocrx_word' id='word_1_778' title='bbox 1105 2459 1233 2494; x_wconf 79' lang='grc' dir='ltr'>στήσεται</span> <span class='ocrx_word' id='word_1_779' title='bbox 1254 2457 1317 2494; x_wconf 84' lang='grc' dir='ltr'>παρ’</span> <span class='ocrx_word' id='word_1_780' title='bbox 1334 2457 1433 2489; x_wconf 81' lang='grc' dir='ltr'>αὐτῶν,</span> <span class='ocrx_word' id='word_1_781' title='bbox 1449 2458 1473 2484; x_wconf 82' lang='grc' dir='ltr'><strong>εί</strong></span> <span class='ocrx_word' id='word_1_782' title='bbox 1493 2457 1582 2492; x_wconf 83' lang='grc' dir='ltr'>μέλλοι</span> <span class='ocrx_word' id='word_1_783' title='bbox 1598 2457 1636 2492; x_wconf 81' lang='grc' dir='ltr'><strong>τῷ</strong></span> <span class='ocrx_word' id='word_1_784' title='bbox 1651 2457 1706 2484; x_wconf 76' lang='grc' dir='ltr'>ὄντι</span> <span class='ocrx_word' id='word_1_785' title='bbox 1719 2457 1790 2483; x_wconf 84' lang='grc' dir='ltr'><strong>κατά</strong></span> <span class='ocrx_word' id='word_1_786' title='bbox 1801 2456 1889 2483; x_wconf 78' lang='grc' dir='ltr'>τό-δί-</span> 
     </span>
    </p>
   </div>
   <div class='ocr_carea' id='block_1_112' title="bbox 1105 2501 1889 2534">
    <p class='ocr_par' dir='ltr' id='par_1_112' title="bbox 1105 2501 1889 2534">
     <span class='ocr_line' id='line_1_113' title="bbox 1105 2501 1889 2534; baseline -0.003 -4"><span class='ocrx_word' id='word_1_787' title='bbox 1105 2512 1182 2530; x_wconf 90' lang='grc' dir='ltr'>καιον</span> <span class='ocrx_word' id='word_1_788' title='bbox 1196 2503 1343 2534; x_wconf 78' lang='grc' dir='ltr'>ἐπίσκοπος</span> <span class='ocrx_word' id='word_1_789' title='bbox 1358 2501 1426 2530; x_wconf 84' lang='grc' dir='ltr'>εἶναι</span> <span class='ocrx_word' id='word_1_790' title='bbox 1441 2503 1538 2529; x_wconf 85' lang='grc' dir='ltr'>δοκεῖν.</span> <span class='ocrx_word' id='word_1_791' title='bbox 1555 2503 1587 2529; x_wconf 82' lang='grc' dir='ltr'><strong>Εἰ</strong></span> <span class='ocrx_word' id='word_1_792' title='bbox 1605 2502 1633 2529; x_wconf 82' lang='grc' dir='ltr'>δὲ</span> <span class='ocrx_word' id='word_1_793' title='bbox 1649 2502 1824 2529; x_wconf 79' lang='grc' dir='ltr'>ἀναϐάλλοιτο</span> <span class='ocrx_word' id='word_1_794' title='bbox 1840 2502 1889 2528; x_wconf 80' lang='grc' dir='ltr'>καὶ</span> 
     </span>
    </p>
   </div>
   <div class='ocr_carea' id='block_1_113' title="bbox 1106 2548 1889 2584">
    <p class='ocr_par' dir='ltr' id='par_1_113' title="bbox 1106 2548 1889 2584">
     <span class='ocr_line' id='line_1_114' title="bbox 1106 2548 1889 2584; baseline -0.003 -8"><span class='ocrx_word' id='word_1_795' title='bbox 1106 2549 1201 2584; x_wconf 85' lang='grc' dir='ltr'>φεύγοι</span> <span class='ocrx_word' id='word_1_796' title='bbox 1213 2548 1263 2583; x_wconf 87' lang='grc' dir='ltr'>τὴν</span> <span class='ocrx_word' id='word_1_797' title='bbox 1276 2548 1377 2584; x_wconf 88' lang='grc' dir='ltr'>κρίσιν,</span> <span class='ocrx_word' id='word_1_798' title='bbox 1391 2548 1499 2584; x_wconf 76' lang='grc' dir='ltr'>εὔδηλον</span> <span class='ocrx_word' id='word_1_799' title='bbox 1519 2549 1661 2584; x_wconf 82' lang='grc' dir='ltr'>δήπουθεν,</span> <span class='ocrx_word' id='word_1_800' title='bbox 1678 2550 1718 2575; x_wconf 85' lang='grc' dir='ltr'>ὅτι</span> <span class='ocrx_word' id='word_1_801' title='bbox 1731 2550 1787 2580; x_wconf 89' lang='grc' dir='ltr'>τοῖς</span> <span class='ocrx_word' id='word_1_802' title='bbox 1807 2549 1889 2575; x_wconf 77' lang='grc' dir='ltr'>Ἀθαο</span> 
     </span>
    </p>
   </div>
   <div class='ocr_carea' id='block_1_114' title="bbox 1143 2661 1889 2696">
    <p class='ocr_par' dir='ltr' id='par_1_114' title="bbox 1143 2661 1889 2696">
     <span class='ocr_line' id='line_1_115' title="bbox 1143 2661 1889 2696; baseline 0.001 -8"><span class='ocrx_word' id='word_1_803' title='bbox 1143 2661 1199 2696; x_wconf 73' lang='lat'><strong>(25)</strong></span> <span class='ocrx_word' id='word_1_804' title='bbox 1212 2661 1297 2695; x_wconf 88' lang='lat' dir='ltr'><strong>llujus</strong></span> <span class='ocrx_word' id='word_1_805' title='bbox 1317 2661 1464 2688; x_wconf 85' lang='lat' dir='ltr'><strong>Frumentii</strong></span> <span class='ocrx_word' id='word_1_806' title='bbox 1481 2661 1621 2689; x_wconf 89' lang='lat' dir='ltr'><strong>historiam</strong></span> <span class='ocrx_word' id='word_1_807' title='bbox 1637 2662 1697 2689; x_wconf 87' lang='lat' dir='ltr'><strong>vide</strong></span> <span class='ocrx_word' id='word_1_808' title='bbox 1709 2663 1777 2696; x_wconf 82' lang='lat' dir='ltr'><strong>apud</strong></span> <span class='ocrx_word' id='word_1_809' title='bbox 1797 2661 1889 2690; x_wconf 77' lang='lat' dir='ltr'><strong>Ruﬁn.</strong></span> 
     </span>
    </p>
   </div>
   <div class='ocr_carea' id='block_1_115' title="bbox 1107 2695 1892 2731">
    <p class='ocr_par' dir='ltr' id='par_1_115' title="bbox 1107 2695 1892 2731">
     <span class='ocr_line' id='line_1_116' title="bbox 1107 2695 1892 2731; baseline 0.001 -8"><span class='ocrx_word' id='word_1_810' title='bbox 1107 2696 1132 2731; x_wconf 38' lang='grc' dir='ltr'><strong>Ιχ</strong></span> <span class='ocrx_word' id='word_1_811' title='bbox 1144 2704 1163 2728; x_wconf 89' lang='lat' dir='ltr'><strong>t,</strong></span> <span class='ocrx_word' id='word_1_812' title='bbox 1177 2704 1203 2723; x_wconf 80' lang='grc' dir='ltr'>ο.</span> <span class='ocrx_word' id='word_1_813' title='bbox 1224 2695 1267 2729; x_wconf 83' lang='lat' dir='ltr'><strong>i9,</strong></span> <span class='ocrx_word' id='word_1_814' title='bbox 1281 2701 1307 2723; x_wconf 93' lang='lat' dir='ltr'><strong>et</strong></span> <span class='ocrx_word' id='word_1_815' title='bbox 1324 2695 1458 2724; x_wconf 88' lang='lat' dir='ltr'><strong>Theodor.</strong></span> <span class='ocrx_word' id='word_1_816' title='bbox 1475 2696 1494 2723; x_wconf 91' lang='grc' dir='ltr'><strong>Ι.</strong></span> <span class='ocrx_word' id='word_1_817' title='bbox 1514 2704 1534 2728; x_wconf 89' lang='lat' dir='ltr'><strong>t,</strong></span> <span class='ocrx_word' id='word_1_818' title='bbox 1545 2704 1569 2723; x_wconf 88' lang='lat' dir='ltr'><strong>c.</strong></span> <span class='ocrx_word' id='word_1_819' title='bbox 1585 2696 1630 2728; x_wconf 74' lang='grc'><strong>25,</strong></span> <span class='ocrx_word' id='word_1_820' title='bbox 1646 2702 1674 2724; x_wconf 81' lang='lat' dir='ltr'><strong>et</strong></span> <span class='ocrx_word' id='word_1_821' title='bbox 1696 2695 1732 2724; x_wconf 36' lang='lat' dir='ltr'><strong>in&#39;</strong></span> <span class='ocrx_word' id='word_1_822' title='bbox 1745 2698 1892 2731; x_wconf 74' lang='lat' dir='ltr'><strong>Athanasii</strong></span> 
     </span>
    </p>
   </div>
   <div class='ocr_carea' id='block_1_116' title="bbox 1112 2730 1890 2764">
    <p class='ocr_par' dir='ltr' id='par_1_116' title="bbox 1112 2730 1890 2764">
     <span class='ocr_line' id='line_1_117' title="bbox 1112 2730 1890 2764; baseline 0 -6"><span class='ocrx_word' id='word_1_823' title='bbox 1112 2730 1171 2758; x_wconf 83' lang='lat' dir='ltr'><strong>Vita</strong></span> <span class='ocrx_word' id='word_1_824' title='bbox 1185 2739 1199 2757; x_wconf 89' lang='lat' dir='ltr'><strong>a</strong></span> <span class='ocrx_word' id='word_1_825' title='bbox 1219 2731 1296 2759; x_wconf 89' lang='lat' dir='ltr'><strong>nobis</strong></span> <span class='ocrx_word' id='word_1_826' title='bbox 1313 2731 1462 2764; x_wconf 86' lang='lat' dir='ltr'><strong>adornata;</strong></span> <span class='ocrx_word' id='word_1_827' title='bbox 1477 2731 1523 2758; x_wconf 88' lang='grc' dir='ltr'><strong>τόν</strong></span> <span class='ocrx_word' id='word_1_828' title='bbox 1542 2732 1618 2759; x_wconf 87' lang='lat' dir='ltr'><strong>deest</strong></span> <span class='ocrx_word' id='word_1_829' title='bbox 1634 2731 1661 2759; x_wconf 91' lang='lat' dir='ltr'><strong>iu</strong></span> <span class='ocrx_word' id='word_1_830' title='bbox 1676 2733 1773 2762; x_wconf 88' lang='lat' dir='ltr'><strong>editis.</strong></span> <span class='ocrx_word' id='word_1_831' title='bbox 1791 2733 1838 2759; x_wconf 86' lang='lat' dir='ltr'><strong>sed</strong></span> <span class='ocrx_word' id='word_1_832' title='bbox 1861 2733 1890 2759; x_wconf 86' lang='lat' dir='ltr'><strong>in</strong></span> 
     </span>
    </p>
   </div>
   <div class='ocr_carea' id='block_1_117' title="bbox 1106 2766 1424 2800">
    <p class='ocr_par' dir='ltr' id='par_1_117' title="bbox 1106 2766 1424 2800">
     <span class='ocr_line' id='line_1_118' title="bbox 1106 2766 1424 2800; baseline -0.003 -7"><span class='ocrx_word' id='word_1_833' title='bbox 1106 2766 1173 2800; x_wconf 80' lang='lat' dir='ltr'><strong>Reg.</strong></span> <span class='ocrx_word' id='word_1_834' title='bbox 1189 2766 1294 2800; x_wconf 89' lang='lat' dir='ltr'><strong>legitur.</strong></span> <span class='ocrx_word' id='word_1_835' title='bbox 1418 2766 1424 2769; x_wconf 75' lang='grc'><em>”</em></span> 
     </span>
    </p>
   </div>
   <div class='ocr_carea' id='block_1_118' title="bbox 1141 2800 1894 2838">
    <p class='ocr_par' dir='ltr' id='par_1_118' title="bbox 1141 2800 1894 2838">
     <span class='ocr_line' id='line_1_119' title="bbox 1141 2800 1894 2838; baseline 0.003 -11"><span class='ocrx_word' id='word_1_836' title='bbox 1141 2800 1198 2838; x_wconf 61' lang='grc' dir='ltr'><strong>ῼϐ)</strong></span> <span class='ocrx_word' id='word_1_837' title='bbox 1213 2801 1276 2827; x_wconf 79' lang='lat' dir='ltr'><strong>Post</strong></span> <span class='ocrx_word' id='word_1_838' title='bbox 1290 2801 1359 2838; x_wconf 62' lang='lat' dir='ltr'><strong>haec,</strong></span> <span class='ocrx_word' id='word_1_839' title='bbox 1374 2801 1436 2838; x_wconf 81' lang='lat' dir='ltr'><strong>editi</strong></span> <span class='ocrx_word' id='word_1_840' title='bbox 1450 2801 1647 2838; x_wconf 20' lang='grc' dir='ltr'>ιιιώιξιιιεντὲλος</span> <span class='ocrx_word' id='word_1_841' title='bbox 1665 2801 1716 2836; x_wconf 85' lang='grc' dir='ltr'>τῆς</span> <span class='ocrx_word' id='word_1_842' title='bbox 1742 2801 1894 2838; x_wconf 65' lang='grc' dir='ltr'>ἐπιστολῆς</span> 
     </span>
    </p>
   </div>
   <div class='ocr_carea' id='block_1_119' title="bbox 1105 2835 1758 2868">
    <p class='ocr_par' dir='ltr' id='par_1_119' title="bbox 1105 2835 1758 2868">
     <span class='ocr_line' id='line_1_120' title="bbox 1105 2835 1758 2868; baseline 0.005 -7"><span class='ocrx_word' id='word_1_843' title='bbox 1105 2835 1216 2867; x_wconf 81' lang='grc' dir='ltr'>ταύτης,</span> <span class='ocrx_word' id='word_1_844' title='bbox 1230 2843 1289 2866; x_wconf 61' lang='lat' dir='ltr'><strong>una</strong></span> <span class='ocrx_word' id='word_1_845' title='bbox 1304 2836 1386 2864; x_wconf 85' lang='lat' dir='ltr'><strong>verba</strong></span> <span class='ocrx_word' id='word_1_846' title='bbox 1402 2836 1499 2864; x_wconf 82' lang='lat' dir='ltr'><strong>desunt</strong></span> <span class='ocrx_word' id='word_1_847' title='bbox 1514 2837 1539 2863; x_wconf 88' lang='lat' dir='ltr'><strong>in</strong></span> <span class='ocrx_word' id='word_1_848' title='bbox 1553 2836 1620 2868; x_wconf 70' lang='lat' dir='ltr'><strong>Reg.</strong></span> <span class='ocrx_word' id='word_1_849' title='bbox 1638 2842 1663 2864; x_wconf 86' lang='lat' dir='ltr'><strong>ct</strong></span> <span class='ocrx_word' id='word_1_850' title='bbox 1675 2838 1758 2864; x_wconf 67' lang='lat' dir='ltr'><strong>Basil.</strong></span> 
     </span>
    </p>
   </div>
  </div>
