2007 3044
140 136 190 164 ϐὂἿ

653 132 825 162 APOLOGIA
844 133 890 161 AD
911 132 1158 161 CONSTANTIUM
1182 134 1252 162 1MP.

1718 138 1771 166 638

139 195 232 224 ’δασίου
254 193 309 221 ,τοῦ
338 193 522 230 πονηροτάτου
549 192 638 228 λόγοις
663 193 783 228 ἠγμένος
807 192 923 218 δυσσεϐε

983 191 1093 218 ductum
1110 192 1192 226 impie
1213 192 1246 220 de
1262 191 1318 219 Deo
1339 192 1450 226 sentire,
1473 194 1510 221 ita
1533 199 1630 229 nempe
1643 193 1770 222 affectum

141 243 206 281 περὶ
227 241 257 269 τὸ
280 241 366 274 θεῖον,
385 240 457 267 οὕτω
477 239 670 276 προῃρημένος
685 239 722 271 ὡς
745 239 849 270 ἐκεῖνος
876 238 931 265 ἀπ-

138 288 246 325 εδείχθη
261 287 378 323 πονηρὸς
395 285 441 313 ὥν.
456 286 512 313 Καὶ
522 286 580 318 δέος
594 286 642 321 μὴ,
657 285 752 317 διαϐὰς
772 286 812 317 είς
825 284 930 316 A0500-

140 343 197 370 μιν,
212 332 357 369 διαφθείρῃ
373 332 437 363 τοὺς
459 331 524 366 παρ’
542 331 617 366 ὑμῖν,
643 330 739 364 λόγους
755 330 861 363 ἐναγεῖς
882 329 930 355 καὶ

136 379 275 411 δυσσεϐεῖς
302 379 505 415 παρεχόμενος,
533 377 571 413 μὴ
589 376 669 412 μόνον
693 375 743 408 τὰς
767 374 930 410 Ἐκκλησίας

138 426 259 461 συγχέων
274 425 321 451 καὶ
335 423 468 460 θορυϐῶν,
485 423 533 450 καὶ
548 422 715 458 βλασφημῶν
730 422 770 454 εἰς
779 422 825 448 τὸν
839 421 929 458 κρείτ-

136 481 211 505 τονα,
232 471 299 498 ἀλλὰ
311 470 426 502 καὶτοῖς
441 469 512 496 κατὰ
525 469 555 495 τὸ
567 469 642 500 ἐθνος
656 469 688 495 ἐκ
699 468 802 494 τούτων
816 468 929 503 ἀνατρο-

136 519 191 555 πὴν
211 518 259 545 καὶ
277 517 424 544 ἀνάστασιν
451 515 570 550 παντελῆ
593 514 740 550 προξενῶν,
766 514 861 549 Ἴσμεν
887 513 926 545 δὲ,

135 564 187 597 ὅτι,
208 562 374 599 προσμαθών
390 571 416 588 τι
439 562 485 588 καὶ
508 561 578 596 μέγα.
601 559 648 587 καὶ⁴
667 560 755 587 κοινὸν
777 559 873 594 ὕφελος
896 560 927 586 ἐκ

103 610 185 649 λτῆς
195 609 242 636 τοῦ
257 608 421 645 σεμνοτάτου
434 607 571 644 Γεωργίου
587 606 731 637 συνουσίας
744 605 926 640 ἀπονάμενος,

135 656 183 683 καὶ
201 655 254 682 τῶν
269 654 381 685 λοιπῶν,
404 654 462 680 ὅσοι
484 654 518 680 τὰ
540 652 653 679 τοιαῦτα
676 651 814 678 παιδεύειν
835 651 927 687 ἄκρως

135 704 219 734 ῐσασι,
233 701 283 737 τὴν
300 701 384 736 αὐτὴν
398 699 539 735 ἐπανήξει,
559 699 647 726 πάντα
666 698 700 725 τὰ
714 698 767 724 τῶν
780 697 926 732 ἐκκλησια-

135 747 235 775 στικῶν
250 748 289 779 είς
304 747 389 782 ἄκρον
409 745 583 782 ὴκριϐωκώς.
607 746 636 772 '0
654 745 720 776 Θεὸς
737 744 810 780 ὑμᾶς
831 743 927 779 διαφυ-

134 795 236 827 λάττοι,
254 794 364 828 ἀδελφοὶ
376 793 548 829 τιμιώτατοι.

168 841 213 869 52.
232 840 324 867 Ταῦτα
337 839 444 867 ἀκούων
458 839 524 874 ἐγὼ,
538 838 586 866 καὶ
600 837 692 874 σχεδὸν
706 837 812 873 βλέπων
826 837 872 872 ἀφ’
888 833 925 864 ὧν

982 241 1012 264 ut
1042 236 1088 264 ille
1108 237 1222 265 aﬂ'ectus
1239 239 1394 267 declaratus
1412 244 1466 272 est,
1488 239 1617 268 scelestus
1642 247 1704 268 cum
1722 241 1769 268 sit.

981 281 1193 318 Verendumque
1215 288 1257 312 est
1278 292 1312 312 ne
1333 285 1487 312 Auxumim'
1505 285 1655 320 profectus,
1669 292 1773 314 vestra-

980 334 1021 357 les
1030 329 1142 357 nefariis
1153 335 1181 357 et
1192 330 1282 366 impiis
1292 331 1462 358 sermonibus
1475 335 1644 365 corrumpat;
1660 338 1710 366 nec
1724 339 1771 359 so-

980 375 1034 402 lum
1050 376 1179 404 ecclesias
1193 376 1340 404 confundat
1351 381 1378 404 et
1393 377 1493 410 turbet,
1510 377 1536 404 in
1556 377 1694 412 Deumque
1711 377 1770 404 bla-

979 421 1114 456 sphemet,
1138 422 1185 450 sed
1203 423 1286 450 etiam
1305 423 1417 458 singulis
1435 423 1590 451 nationibus
1602 424 1666 451 hinc
1678 428 1770 451 vasta-

979 467 1061 495 tionis
1076 471 1104 495 et
1128 469 1227 496 excidii
1253 474 1348 496 auctor
1368 469 1414 497 sit.
1437 469 1547 497 Certum
1566 470 1664 505 quippe
1683 471 1769 498 habeo

978 513 1064 547 ipsum
1083 513 1270 542 Frumentinm
1288 523 1341 542 non
1362 522 1448 551 pauca
1472 516 1608 548 edoctum,
1635 524 1771 552 magnaru-

978 565 1030 593 que
1053 559 1080 586 in
1109 560 1246 595 publicum
1275 561 1375 589 bonum
1403 562 1547 589 utilitatem
1574 569 1768 596 consecutum,

978 606 1204 634 venerabilissimi
1232 607 1336 635 scilicet
1363 608 1471 643 Georgii
1490 608 1638 641 consortio.
1664 617 1769 637 necnon

977 651 1141 686 reliquorum
1157 653 1202 687 qui
1221 653 1247 680 in
1260 653 1293 681 iis
1305 653 1434 682 docendis
1450 655 1571 689 apprime
1582 656 1681 683 versati
1694 662 1768 689 sunt,

977 698 1010 725 ad
1027 705 1090 726 suas
1102 699 1180 726 sedes
1192 707 1377 733 reversurum,
1392 700 1417 728 in
1431 701 1557 730 omnibus
1575 702 1770 731 ecclesiasticis

976 743 1057 771 rebus
1070 744 1192 779 apprime
1206 745 1353 774 eruditum.
1367 746 1437 775 Deus
1452 754 1500 775 vos
1514 748 1658 782 custodiat,
1671 748 1770 777 fratres

977 788 1193 819 honoratissimi.

1010 836 1056 864 52.
1072 836 1119 865 His
1136 837 1237 865 auditis
1248 842 1275 865 et
1285 838 1479 873 propemodum
1498 841 1657 875 perspectis,
1671 847 1720 875 per
1735 848 1768 868 ea

133 888 158 914 οἱ
175 886 390 921 ἀπαγγέλλοντες
406 885 551 921 ὠδύροντο,
567 883 699 920 ὁμολογῶ,
715 883 796 910 πάλιν
815 884 854 915 εἰς
875 883 923 918 τὴν

976 890 1035 918 quat
1055 883 1140 911 nuntii
1158 883 1224 911 fusis
1244 884 1374 920 lacrymis
1393 885 1569 918 enarrabaut,
1579 886 1665 914 fateor
1685 893 1727 915 me
1740 887 1768 915 in

134 933 236 970 ἔρημον
250 932 418 969 ὑπέστρεψα,
437 932 516 958 τοῦτο
538 930 734 966 λογισάμενος,
753 930 821 964 ὅπερ
843 929 890 955 καὶ
906 930 923 965 ἡ

134 980 168 1015 σὴ
187 978 325 1006 θεοσέϐεια
347 978 461 1014 συνορᾷ·
479 977 531 1008 ὅτι,
555 977 579 1003 εί
598 974 763 1012 ζητούμεθα,
780 975 824 1001 ἵνα
844 975 923 1010 εὑρε-

134 1023 226 1055 θέντες
243 1022 488 1059 παραπεμφθῶμεν
512 1020 579 1057 πρὸς
605 1021 668 1051 τοὺς
693 1019 846 1055 ἐπάρχους,
871 1019 925 1046 κώ-

133 1068 209 1101 λυσίς
226 1071 284 1096 ἐστι
300 1068 348 1095 τοῦ
368 1068 404 1104 μὴ
421 1067 497 1104 παρὰ
520 1067 570 1102 τὴν
587 1066 636 1102 σὴν
657 1065 863 1101 φιλανθρωπίαν
881 1064 925 1091 ἐλ-

78 1119 80 1121 ’
133 1115 199 1142 θεῖν.
215 1115 270 1142 καὶ
282 1116 306 1141 εἰ
318 1115 342 1141 οἱ
361 1115 398 1150 μὴ
413 1113 574 1149 θελήσαντες
586 1111 742 1147 ὑπογράψαι
761 1111 823 1138 καθ’
834 1109 923 1146 ἡμῶν,

131 1162 244 1190 τοιαῦτα
266 1162 312 1189 καὶ
331 1160 450 1188 τοσαῦτα
466 1158 642 1190 πεπόνθασιν,
655 1158 726 1184 οἵτε
747 1157 783 1193 μὴ
802 1157 924 1188 θέλοντες

130 1209 187 1237 τῶν
199 1208 302 1236 λαῖκῶν
320 1208 458 1235 κοινωνεῖν
473 1207 530 1238 τοῖς
557 1205 705 1240 Ἀρειανοῖς
724 1203 924 1239 ἐκελεύσθησαν

132 1255 329 1290 ἀποθνήσκειν·
351 1253 400 1279 οὐκ
419 1250 586 1287 ἀμφίϐολον,
600 1250 642 1277 ὅτι
657 1250 765 1281 πάντως
780 1249 924 1285 ἑπινοηθής

133 1309 225 1327 σονται
242 1298 318 1334 παρά
331 1295 579 1332 τῶν-συκοφαντῶν
598 1295 750 1331 καινότεροι
767 1295 814 1321 καὶ
832 1295 922 1331 μυρίοι

132 1346 242 1373 θάνατοι
257 1345 317 1372 κατ’
330 1343 398 1379 ἐμοῦ
411 1352 417 1358 ·
432 1343 479 1370 καὶ
499 1342 569 1378 μετά
585 1342 700 1369 θάνατον
715 1341 857 1377 κινήσουσι
872 1341 926 1368 λοι-

130 1389 182 1416 πὸν
208 1385 248 1420 οἷς
269 1387 409 1423 βούλονται
440 1386 488 1414 καὶ
510 1386 529 1413 ἃ.
554 1385 695 1421 βούλονται
719 1386 870 1421 πράγματα
897 1385 923 1411 οἱ

130 1436 233 1472 ἐχθροὶ,
249 1434 409 1470 ψευδόμενοι
428 1433 489 1460 καθ’
514 1431 592 1468 ἡμῶν
614 1431 754 1468 μειζόνως,
767 1431 805 1463 ὡς
824 1431 923 1467 μηκέτι

130 1483 239 1518 ἔχοντες
251 1482 314 1514 τοὺς
329 1481 489 1516 ἐλέγχοντας
508 1479 616 1510 αὐτούς.
629 1479 666 1505 Οὐ
687 1477 741 1514 γὰρ
755 1477 803 1513 τὴν
818 1479 867 1514 σὴν
879 1478 924 1505 εὑ-

131 1528 240 1555 σέϐειαν
259 1526 352 1558 δεδιὼς
367 1527 480 1561 ἔφευγον
498 1521 575 1560 (οῖδα
592 1524 646 1559 γάρ
664 1531 709 1550 σου
734 1524 783 1559 τὴν
798 1523 922 1557 ἀνεξικα-

130 1574 193 1601 κίαν
212 1573 259 1600 καὶ
276 1572 325 1608 τὴν
343 1569 576 1607 φιλανθρωπίαν),
594 1569 650 1596 ἀλλ’
669 1568 739 1604 ὁρῶν
755 1570 786 1595 ἐκ
806 1569 859 1595 τῶν
878 1577 921 1603 γι-
935 1561 957 1590 C

130 1620 250 1656 νομένων
260 1620 306 1646 τὸν
320 1618 405 1654 θυμὸν
419 1617 472 1644 τῶν
486 1615 601 1652 ἐχθρῶν,
615 1615 662 1642 καὶ
681 1615 864 1651 λογιζόμενος,
879 1616 921 1642 ὅτι

130 1667 291 1702 φοϐούμενοι
306 1666 410 1701 μήποτε
427 1663 590 1698 ἐλεγχθῶσιν
606 1663 647 1696 ἐφ’
658 1659 698 1693 οἷς
711 1661 831 1698 ἔπραξαν
847 1662 922 1698 παρὰ

129 1712 242 1748 γνώμην
269 1711 320 1747 τῆς
346 1711 394 1746 σῆς
414 1708 628 1743 καλοκάγαθίας,
655 1708 744 1735 πάντα
772 1708 921 1744 πράξουσιν

129 1759 200 1785 ὥστε
216 1758 263 1785 καὶ⁸
278 1757 447 1784 ἀποκτεῖναι.
470 1755 535 1782 Ἰδοὺ
552 1754 607 1790 γὰρ
624 1755 642 1790 ἡ
658 1754 706 1789 μὲν
722 1753 755 1789 σὴ
770 1754 921 1789 φιλανθρω-

128 1805 180 1831 πία
201 1804 280 1840 μόνον
297 1801 349 1836 ἐξω
361 1801 416 1829 τῶν
436 1801 540 1828 πόλεων
557 1801 605 1828 καί
621 1800 670 1835 τῆς
684 1799 818 1834 ἐπαρχίας
836 1808 921 1835 προσ-

129 1847 424 1884 έταξενζὲκϐάλλεσθαι
452 1846 515 1878 τοὺς
549 1846 730 1877 ἐπισκόπους·
756 1846 780 1871 οἱ
802 1845 829 1871 δὲ
856 1845 921 1871 θαυ-

129 1896 238 1933 μαστοὶ,
261 1894 342 1922 πλέον
363 1902 388 1921 τι
412 1893 461 1929 τῆς
488 1892 538 1928 σῆς
557 1891 731 1928 προστάξεως
755 1890 919 1926 τολμῶντες,

128 1943 198 1979 ὑπὲρ
210 1943 284 1978 τρεῖς
294 1940 428 1976 ἐπαρχίας
443 1941 483 1972 εἰς
497 1940 616 1976 ἐρήμους
635 1938 683 1965 καὶ
699 1938 794 1973 ἀήθεις
811 1937 856 1964 καὶ
872 1946 921 1972 φο-

128 1989 225 2025 ϐεροὺς
248 1988 348 2019 τόπους
374 1985 507 2021 ἐξώρισαν
531 1985 662 2021 γέροντας
689 1984 848 2021 ἀνθρώπους
872 1983 920 2010 καὶ

127 2035 268 2066 πολυετεῖς
287 2033 464 2064 ἐπισκόπους.
482 2032 513 2058 Οἱ
536 2032 585 2067 μὲν
604 2030 659 2067 γὰρ
675 2030 729 2057 ἀπὸ
747 2030 797 2065 τῆς
815 2030 919 2065 Λιϐύης

127 2083 167 2115 είς
187 2082 235 2118 τὴν
251 2081 371 2118 μεγάλην
386 2081 493 2112 Ὄασιν,
513 2080 537 2106 οἱ
550 2078 579 2106 δὲ
596 2078 650 2106 ἀπὸ
663 2080 713 2114 τῆς
727 2078 859 2113 Θηϐαΐδος
879 2078 919 2110 εἰς

127 2130 176 2160 τὴν
195 2128 388 2165 Ἀμμωνιακὴν
409 2128 458 2163 τῆς
474 2126 577 2162 Λιϐύης
593 2125 797 2160 ἀπεστάλησαν.
817 2124 871 2151 Καὶ
887 2124 918 2151 οὐ

126 2176 220 2208 δεδιὼς
242 2174 322 2202 πάλιν
344 2173 501 2206 ἀποθανεῖν,
525 2172 642 2208 ἔφυγον·
667 2171 704 2207 μὴ
728 2171 829 2203 δειλίας
850 2170 917 2207 ἐμοῦ

975 935 1096 955 eremum
1132 928 1259 956 retulisse
1287 929 1400 964 pedem,
1422 929 1449 957 id
1476 930 1566 958 animo
1588 933 1768 965 perpendens,

974 974 1047 1009 quod
1074 978 1126 1002 tua:
1150 981 1258 1010 quoque
1283 975 1407 1010 religioni
1439 981 1609 1011 perspectum
1639 977 1768 1011 arbitror,

976 1021 999 1048 si
1022 1028 1071 1048 nos
1095 1028 1291 1055 quaereremur,
1308 1026 1339 1048 ut
1351 1021 1512 1055 deprehensi
1526 1023 1720 1050 adduceremur
1733 1024 1768 1051 ad

977 1067 1132 1102 praefectos,
1147 1067 1206 1095 fore
1228 1067 1293 1094 illud
1313 1068 1536 1102 impedimentum
1561 1076 1594 1096 ne
1623 1073 1696 1096 tuam
1717 1070 1767 1096 ad-

974 1114 1076 1141 iremus
1097 1113 1304 1149 benignitatem.
1319 1114 1386 1142 Nam
1411 1115 1434 1142 si
1459 1115 1477 1142 ii
1496 1115 1541 1150 qui
1559 1116 1702 1142 adversum
1717 1122 1768 1143 nos

974 1158 1148 1187 Subscribere
1177 1164 1338 1187 recusarunt
1363 1163 1403 1187 tot
1426 1160 1565 1195 tantisque
1596 1160 1674 1188 malis
1704 1166 1768 1189 sunt

974 1204 1063 1233 aﬂ'ecti
1083 1212 1092 1233 ς
1114 1204 1137 1232 si
1163 1204 1226 1232 laici
1253 1205 1299 1240 qui
1331 1213 1393 1233 cum
1424 1205 1535 1234 Arianis
1564 1207 1768 1235 communicare

975 1249 1120 1277 noluerunt
1152 1249 1251 1285 capitis
1288 1250 1409 1278 damnati
1440 1256 1529 1285 sunt;
1553 1251 1620 1279 nihil
1653 1251 1766 1280 dubium

973 1300 1032 1323 erat
1075 1296 1226 1324 recentiora
1265 1303 1298 1324 ac
1338 1301 1464 1325 sexcenta
1494 1297 1579 1326 necis
1622 1305 1720 1333 genera
1751 1306 1766 1325 a

974 1343 1052 1378 25],
1073 1343 1250 1379 sycophantis
1265 1345 1419 1372 .adversum
1442 1351 1486 1372 me
1509 1345 1692 1380 excogitatum
1711 1345 1744 1373 iri
1760 1356 1766 1372 :

974 1397 1071 1425 meque
1091 1391 1253 1418 obtruncato
1275 1391 1446 1419 adversarios
1464 1396 1574 1419 nostros
1589 1392 1720 1426 quidlibet
1736 1391 1764 1419 in

974 1437 1110 1472 quoslibet
1126 1437 1331 1465 machinaturos
1346 1445 1416 1472 esse,
1434 1445 1522 1473 eoque
1538 1438 1665 1466 libentius
1680 1438 1767 1465 auda-

974 1484 1088 1519 ciusque
1108 1484 1281 1516 mentituros,
1305 1491 1359 1518 quo
1377 1483 1443 1511 nulli
1462 1484 1577 1511 aderunt
1594 1485 1639 1519 qui
1657 1491 1687 1512 se
1702 1484 1766 1512 falsi

974 1535 1100 1565 arguant.
1118 1529 1178 1557 Non
1195 1530 1267 1557 enim
1284 1529 1319 1557 ob
1335 1530 1447 1564 pietatis
1462 1534 1515 1557 tute
1531 1529 1702 1557 formidinem
1716 1538 1766 1557 au-

974 1576 1029 1611 fugi
1046 1583 1054 1603 :
1071 1576 1209 1611 explorata
1231 1575 1331 1611 quippe
1352 1575 1419 1603 mihi
1442 1580 1485 1603 est
1508 1580 1552 1602 tua
1575 1575 1718 1612 clemeqtia
1739 1580 1766 1602 et

973 1621 1142 1653 humanitas:
1158 1622 1206 1650 sed
1221 1622 1293 1657 quod
1315 1628 1348 1649 ex
1362 1621 1444 1657 gestis
1458 1621 1625 1649 facinoribus
1639 1622 1766 1649 inimico-

973 1675 1031 1695 rum
1049 1667 1168 1696 furorem
1191 1675 1247 1703 prae
1273 1667 1359 1696 oculis
1385 1668 1513 1695 haberem
1529 1676 1535 1694 :
1549 1674 1710 1702 mecumque
1722 1675 1766 1695 re-

972 1719 1096 1750 putarem
1111 1713 1170 1741 fore
1184 1718 1214 1741 ut
1234 1714 1313 1741 veriti
1332 1713 1369 1741 illi
1389 1721 1422 1741 ne
1435 1714 1469 1741 de
1486 1713 1568 1740 rebus
1583 1718 1683 1748 praeter
1703 1721 1765 1748 pro-

972 1759 1067 1786 bitatis
1089 1763 1141 1786 tuae
1166 1760 1330 1787 sententiam
1349 1759 1431 1795 gestis
1451 1764 1685 1793 coarguerentur;
1711 1759 1764 1786 mei

972 1804 1154 1832 interficiendi
1176 1812 1258 1832 causa
1275 1805 1343 1832 nihil
1359 1799 1412 1833 non
1429 1809 1550 1840 agerent.
1568 1804 1615 1832 Na:
1631 1804 1676 1832 illa
1695 1806 1765 1833 dun-

973 1855 1047 1878 taxat
1070 1850 1121 1878 fuit
1148 1856 1201 1878 tuae.
1223 1851 1401 1879 humanitatis
1424 1850 1524 1885 jussio,
1547 1854 1577 1878 ut
1591 1850 1710 1885 episcopi
1730 1857 1764 1878 ex

971 1897 1084 1924 urbibus
1101 1901 1134 1929 et
1144 1904 1179 1925 ex
1197 1897 1325 1932 eparchia
1343 1897 1507 1931 ejicerentnr
1521 1906 1528 1924 :
1542 1904 1637 1924 verum
1655 1896 1693 1924 illi
1717 1897 1764 1924 ad-

971 1943 1090 1970 mirandi
1105 1943 1169 1976 viri,
1187 1943 1249 1979 plus
1261 1951 1342 1979 quam
1361 1948 1388 1971 tu
1403 1945 1525 1978 iusseras
1539 1943 1609 1975 ausi,
1625 1943 1694 1970 ultra
1709 1947 1765 1971 tres

970 1989 1124 2024 cparchias,
1155 1989 1183 2017 in
1207 1989 1334 2023 deserta,
1358 1989 1458 2017 inculta
1485 1993 1512 2018 et
1540 1989 1681 2017 horribilia
1703 1989 1763 2017 loca

970 2039 1050 2064 senes
1075 2036 1199 2074 homines
1222 2040 1250 2063 et
1273 2037 1433 2072 grandaevos
1456 2036 1597 2071 episcOpns
1622 2035 1762 2070 expulere.

970 2081 1037 2109 Nam
1054 2083 1099 2117 qui
1121 2090 1155 2110 ex
1170 2082 1254 2119 Libya
1269 2087 1358 2116 erant,
1375 2083 1401 2110 in
1416 2089 1540 2116 magnam
1557 2081 1651 2115 Oasin,
1672 2086 1700 2108 et
1714 2082 1762 2116 qui

969 2137 1004 2156 ex
1021 2129 1168 2163 Thebaide,
1182 2130 1208 2158 in
1226 2129 1428 2157 Ammoniacam
1445 2128 1536 2163 Libyae
1559 2133 1620 2156 sunt
1641 2128 1762 2163 relegati.

971 2174 1063 2211 Neque
1080 2184 1186 2204 rursum
1203 2176 1349 2204 formidine
1364 2175 1459 2202 mortis
1473 2173 1564 2208 effugi.
1580 2181 1614 2202 ne
1628 2174 1690 2208 quis
1701 2173 1761 2200 illo-

126 2232 169 2255 τις
191 2222 247 2258 (27)
273 2221 362 2249 αὐτῶν
388 2219 633 2255 κιϊταγινωσκέτω⁸
658 2219 776 2245 ἀλλ’ὅτι
796 2218 843 2245 καὶ
870 2217 916 2244 τοῦ

973 2228 1030 2248 rum
1047 2221 1108 2256 jure
1123 2222 1275 2250 timiditatis
1290 2229 1333 2250 me
1348 2226 1460 2256 arguat;
1478 2221 1525 2249 sed
1541 2221 1604 2255 quia
1618 2220 1684 2248 illud
1701 2219 1761 2247 Sal-

127 2269 255 2305 Σωτῆρός
274 2269 332 2295 ἐστι
351 2266 544 2303 παράγγελμα,
565 2265 746 2301 διωκομένους
773 2265 821 2300 μὲν
844 2265 922 2309 ἡμᾶς

127 2316 249 2352 φεύγειν,
275 2315 457 2351 ζητουμένους
481 2313 511 2340 δὲ
531 2311 713 2349 κρύπτεσθαι,
738 2311 785 2339 καὶ
813 2311 850 2347 μὴ
879 2309 921 2342 ei:

127 2361 266 2400 προῦπτον
284 2362 404 2389 κίνδυνον
418 2360 532 2392 ἑαυτοὺς
548 2359 692 2390 ἐκδιδόναι,
709 2358 776 2394 μηδὲ
788 2357 919 2393 φαινομέ-

127 2419 189 2443 νους
201 2410 281 2436 πλέον
295 2408 416 2436 ἐκκαίειν
436 2407 492 2444 (28)
510 2406 557 2433 τδν
571 2406 656 2442 θυμὸν
676 2405 732 2433 τῶν
753 2405 917 2432 διωκόντων.

128 2457 200 2484 Ἴσον
214 2455 268 2491 γάρ
288 2455 346 2481 ἐστι
357 2454 388 2481 τὸ
401 2453 523 2490 φονεύειν
538 2452 645 2484 ἑαυτὸν,
658 2452 706 2479 καὶ
725 2451 824 2478 διδόναι
836 2451 917 2478 πάλιν

127 2501 222 2529 ἑαυτὸν
238 2501 295 2532 τοῖς
310 2500 417 2536 ἐχθροῖς
430 2500 470 2531 εἰς
484 2499 514 2526 τὸ
536 2498 671 2534 φονεύειν,
691 2497 728 2524 Τὸ
749 2497 778 2524 δὲ
794 2497 916 2532 φεύγειν,

125 2543 164 2580 ib;
178 2546 360 2582 παρήγγειλεν
377 2546 392 2572 ὁ
404 2545 510 2582 Σωτὴρ,
524 2544 670 2580 γινώσκειν
682 2544 741 2570 ἐστὶ
752 2543 798 2571 τὸν
810 2543 917 2579 καιρὸν,

127 2593 172 2621 καὶ
188 2591 295 2627 ἀληθῶς
312 2590 442 2626 κήδεσθαι
465 2590 520 2617 τῶν
540 2590 711 2621 διωκόντων,
734 2588 777 2615 ἴνα
793 2588 847 2624 μὴ,
870 2587 918 2615 καὶ

128 2640 224 2675 μέχρις
243 2639 358 2673 αἵματος
372 2637 539 2672 φθάσαντες,
558 2635 703 2663 ὑπεύθυνοι
719 2636 851 2670 γένωνται
868 2635 916 2670 τῷ,

125 2687 174 2720 Μὴ
187 2685 340 2720 φονεύσῃς
349 2691 357 2699 ·
370 2685 395 2711 εῑ
407 2683 463 2719 (29)
478 2684 525 2711 καὶ
540 2683 574 2710 τὰ
587 2683 706 2719 μάλιστα
719 2683 766 2709 καὶ
775 2682 805 2709 τὸ
819 2682 916 2709 παθεῖν

125 2732 199 2767 ἡμᾶς
214 2730 403 2762 διαϐάλλοντες
421 2729 571 2764 βούλονται.
592 2729 626 2755 Ἀ
643 2729 698 2764 γὰρ
712 2729 757 2755 καὶ
770 2728 818 2755 νῦν
835 2728 916 2755 πάλιν

124 2798 127 2819 γ
161 2779 184 2794 ’⁸
195 2778 281 2806 Exod.
296 2786 342 2812 xx,
359 2777 403 2806 i5.

161 2840 217 2877 (27)
233 2840 320 2877 Regi
334 2848 385 2875 μου
400 2840 451 2871 τίς.

152 2872 218 2912 iis)
242 2872 287 2904 Sic
305 2872 372 2911 Reg.
404 2880 432 2904 et
455 2874 521 2903 edit.
548 2874 652 2903 Comm.
686 2872 755 2900 Edit.
779 2872 866 2900 Paris.
891 2876 919 2899 ct

970 2267 1074 2296 vatoris
1088 2274 1252 2303 praeceptum
1268 2273 1320 2301 est,
1332 2273 1372 2301 ut,
1383 2275 1445 2295 cum
1464 2267 1680 2302 persecutioriem
1693 2267 1763 2300 pati-

968 2319 1038 2345 mur.
1058 2311 1209 2348 fugiamus;
1234 2314 1298 2340 dum
1327 2313 1501 2348 inquirimur,
1532 2320 1581 2339 nos
1607 2311 1760 2340 absconda-

969 2367 1039 2392 ntus,
1057 2366 1106 2387 nec
1126 2359 1154 2387 in
1173 2364 1297 2395 apertum
1323 2368 1373 2388 nos
1389 2359 1540 2395 periculum
1560 2358 1759 2386 immittamus:

969 2414 1015 2440 ne,
1029 2406 1093 2434 dum
1117 2413 1167 2434 nos
1193 2405 1343 2438 oil‘erimus,
1362 2411 1569 2441 persecutorum
1592 2404 1659 2431 iram
1675 2404 1762 2439 magis

968 2454 1157 2481 accendamus.
1171 2452 1224 2480 Par
1237 2452 1335 2488 quippe
1350 2452 1454 2480 crimen
1470 2455 1512 2480 est
1534 2451 1585 2479 sibi
1607 2457 1704 2478 manus
1719 2450 1761 2478 in-

968 2498 1051 2531 ferre,
1070 2503 1098 2526 et
1116 2498 1236 2534 seipsum
1261 2497 1380 2526 inimicis
1402 2497 1620 2525 interficiendum
1640 2496 1759 2523 tradere.

968 2545 1076 2573 Etenim
1094 2545 1199 2580 fugere,
1222 2549 1251 2572 ut
1265 2544 1347 2580 jussit
1360 2544 1498 2577 Salvator,
1517 2543 1582 2571 illud
1596 2546 1638 2571 est
1654 2546 1759 2577 tempus

967 2598 1125 2627 agnOScere,
1143 2599 1175 2619 ac
1189 2598 1284 2620 revera
1307 2595 1510 2626 persecutorum
1532 2596 1624 2617 curam
1647 2595 1756 2624 gerere:

968 2643 996 2664 ut
1013 2644 1047 2665 ne
1064 2637 1101 2665 illi
1119 2638 1153 2665 ad
1167 2637 1327 2672 sanguinem
1343 2642 1428 2671 usque
1439 2635 1626 2666 deszevientes,
1640 2633 1678 2660 rei
1690 2632 1759 2660 fiant

967 2683 1058 2711 violati
1081 2683 1153 2712 illius
1169 2683 1296 2719 praecepti
1312 2691 1320 2710 ε
1338 2681 1399 2709 Non
1415 2681 1561 2709 occidet".
1579 2680 1698 2708 Tametsi
1718 2679 1756 2706 illi

966 2730 1029 2757 dum
1051 2738 1101 2758 nos
1114 2730 1317 2758 calumniantur
1333 2730 1358 2757 id
1377 2728 1494 2756 maxime
1514 2731 1647 2764 spectant,
1663 2730 1693 2754 ut
1709 2732 1759 2754 nos

967 2835 1075 2867 Colom,
1085 2835 1217 2869 ἐγκαίειν.

1011 2870 1066 2906 (29)
1087 2869 1132 2898 Sic
1148 2871 1213 2905 lteg.
1229 2871 1349 2907 ln_editis
1362 2871 1386 2897 εἰ
1398 2871 1482 2899 deest.
