2007 3044
245 133 298 162 639

508 135 537 160 δ.
558 132 743 163 ATHANASII
764 132 841 162 OPP.
859 133 949 162 PARS
969 132 988 161 Ι.
1008 149 1043 155 -
1059 132 1246 161 HISTORICA
1265 132 1309 160 ET
1329 132 1540 161 DOGMATICA.

1818 134 1872 162 640

246 188 317 216 maio
330 187 487 216 aﬂlciamur.
507 188 573 215 Nam
589 195 649 223 quae
665 196 735 216 nunc
755 189 792 216 illi
813 189 901 217 denuo
916 197 1027 225 gessere.

1087 190 1263 225 πεποιήκασι,
1274 189 1409 217 δείκνυσιν
1425 190 1516 217 αὐτῶν
1527 189 1629 226 ταύτην
1640 188 1708 217 εἶναι
1725 190 1776 226 τὴν
1787 198 1872 218 cmu-

246 234 360 269 idipsum
385 241 446 261 esse
469 233 576 261 illorum
606 234 746 265 studium,
774 241 806 261 ac
829 234 1031 269 sanguinarium

246 280 411 314 propositum
428 279 557 307 ostendit.
566 278 632 312 Quae
649 279 671 306 si
684 279 814 312 audieris,
831 279 1033 314 religiosissime

245 327 374 361 Auguste,
399 331 424 353 te
448 325 607 353 miraturnm
633 326 775 353 arbitror:
793 326 894 353 etenim
920 331 1032 360 stupore

245 374 324 407 digna
340 377 382 400 cst
401 372 510 400 illorum
532 372 654 400 audacia.
671 372 778 406 Quanta
801 378 893 400 autem
917 372 962 400 illa
984 372 1030 404 sit,

245 419 336 453 paucis
350 419 482 446 ausculta.

279 465 324 492 53.
343 464 388 492 Dei
405 464 498 497 Filius,
518 464 648 492 Dominus
663 469 690 492 et
705 465 830 492 Salvator
848 469 940 492 noster
951 464 1030 493 Jesus

243 508 378 539 Christus.
402 512 513 543 propter
542 516 592 536 nos
616 509 698 537 homo
716 508 815 541 factus,
841 509 887 544 qui
915 515 1030 536 mortem

243 554 393 588 abrogavit,
408 559 585 589 nostrumque
598 561 682 588 genus
699 562 714 581 a
731 555 863 582 servitute
875 555 1029 589 corruptio-

243 601 286 628 nis
311 601 445 632 liberavit,
469 608 530 628 cum
555 600 617 627 aliis
642 600 767 628 omnibus
787 601 865 628 donis
883 601 940 629 suis
966 601 1029 628 illud

242 653 351 682 quoque
374 645 452 673 nobis
476 646 637 680 impertivit,
653 651 683 674 ut
707 647 863 682 angelorum
883 647 1029 682 imaginem

243 692 270 720 in
286 698 357 720 terra
379 691 552 724 haberemus.
577 699 676 725 nempe
690 691 884 726 virginitatem.
899 691 952 718 Eas
965 697 1030 718 sane

241 746 302 774 qua:
322 739 373 766 hac
389 738 490 765 virtute
503 737 624 772 praedita:
639 742 713 770 sunt,
729 744 843 772 sponsas
857 736 958 764 Christi
980 744 1029 764 vo-

242 791 306 811 care
324 783 465 811 consuevit
482 783 617 811 catholica
634 783 774 811 Ecclesia:
788 782 838 810 bas
851 782 951 810 ethnici
967 789 1028 810 cum

241 829 354 861 vident.
386 833 416 856 ut
442 828 570 864 templum
597 828 680 856 Verbi
707 827 880 855 admirantur
898 836 905 854 :
924 831 1028 855 certum

1081 235 1140 270 δὴν,
1153 236 1199 262 καὶ
1215 236 1356 270 μιαιφόνον
1372 235 1421 271 τὴν
1442 236 1612 272 προαίρεσιν.
1637 235 1768 268 ’Δκηύσας
1785 236 1824 268 δὲ,
1840 235 1872 264 εὖ

1081 279 1129 307 οἶδ’
1147 281 1198 312 ὅτι,
1216 280 1404 315 θεοφιλέστατε
1415 281 1563 316 Αύγουστε,
1576 281 1734 317 θαυμάσεις·
1753 283 1802 309 καὶ
1817 283 1873 318 γὰρ

1081 326 1155 358 ἄξιον
1166 325 1274 362 ἀληθῶς
1291 326 1448 362 ἐκπλήξεως
1461 328 1490 354 τὸ
1503 327 1642 363 τόλμημα.
1661 327 1768 355 Ἦλίκον
1779 328 1800 355 δ’
1812 328 1871 355 ἐστὶ

1080 372 1169 404 τοῦτο,
1186 371 1300 399 ἄκουσον
1313 373 1342 399 ὲν
1357 372 1453 408 βραχεί
1465 372 1547 409 λόγῳ.

1115 461 1159 487 53.
1177 460 1207 486 Ὀ
1229 459 1275 486 τοῦ
1291 459 1358 486 Θεοῦ
1384 459 1448 492 Υἱὸς
1464 460 1479 487 ό
1503 460 1604 496 Κύριος
1631 461 1679 488 καὶ
1705 461 1762 496 (30)
1776 461 1872 497 Σωτὴρ

1080 507 1158 542 ἡμῶν
1174 506 1277 542 Ἰησοῦς
1290 506 1416 543 Χριστὸς,
1432 506 1575 543 ἄνθρωπος
1589 507 1732 542 γενόμενος
1745 507 1778 534 δι’
1787 508 1870 542 ἡμᾶς,

1080 552 1128 579 καὶ
1144 553 1319 588 καταργήσας
1333 552 1378 580 τὸν
1394 552 1519 585 θάνατον,
1538 553 1724 589 ἐλευθερώσας
1737 563 1767 581 τε
1783 554 1814 580 τὸ
1825 555 1874 588 γέ-

1080 608 1125 630 νος
1139 599 1218 635 ἡμῶν
1233 599 1287 626 ἀπὸ
1315 600 1364 636 τῆς
1376 600 1497 632 δουλείας
1523 601 1573 636 τῆς
1595 600 1708 636 φθορᾶς,
1726 601 1873 636 ἐχαρίσατο

1080 645 1149 681 πρὸς
1163 647 1219 677 τοῖς
1235 645 1325 678 ἀλλοις
1351 647 1418 673 πᾶσι
1433 646 1480 672 καὶ
1494 646 1586 673 είκόνα
1601 646 1651 681 τῆς
1670 647 1723 674 τῶν
1745 647 1871 682 ἀγγέλων

1079 691 1222 726 ἁγιότητος
1240 691 1312 726 ἔχειν
1327 691 1401 726 ἡμᾶς
1429 691 1476 718 ἐπὶ
1490 692 1541 727 γῆς
1567 691 1616 727 τὴν
1636 691 1794 728 παρθενίαν.
1815 692 1872 724 Τὰς

1079 737 1144 771 γοῦν
1167 737 1270 772 ταύτην
1289 737 1406 772 ἐχούσας
1430 738 1481 773 τὴν
1497 738 1598 773 ἀρετὴν
1617 737 1726 772 νύμφας
1741 738 1789 765 τοῦ
1806 737 1873 774 Χριο

1079 783 1142 810 στοῦ
1168 783 1260 810 καλεῖν
1281 783 1377 810 είωθεν
1395 784 1412 818 ὴ
1435 783 1565 819 καθολικὴ
1587 781 1742 819 Ἐκκλησία.
1765 784 1873 817 Ταύτας

1078 829 1106 855 δὲ
1119 829 1248 864 Ἕλληνες
1265 829 1392 865 ὁρωντες,
1411 829 1449 862 ὡς
1461 830 1525 856 ναὸν
1537 829 1620 862 οὔσας
1634 830 1680 857 τοῦ
1703 831 1790 865 Λόγου
1808 831 1872 858 θαυ-

242 875 340 908 quippe
352 878 395 901 est
406 881 540 909 nusquam
557 874 627 902 hanc
645 873 827 901 venerandam
842 880 874 901 ac
890 872 1027 901 caelestem

1082 875 1214 910 μάζουσι·
1242 876 1306 911 παρ’
1321 875 1409 902 οὐδενὶ
1428 875 1483 911 γὰρ
1505 875 1613 911 ἀληθῶς
1630 876 1709 902 τοῦτο
1727 877 1759 903 τὸ
1774 877 1872 912 σεμνὸν

241 920 436 955 professionem
459 919 558 951 excoli.
574 919 627 947 nisi
651 919 782 947 duntaxat
797 919 869 954 apud
888 927 938 947 nos
950 918 1030 947 Chri-

242 966 355 994 stianos.
370 965 426 993 Hoc
445 965 516 993 enim
539 965 686 993 niaximum
702 969 744 992 est
757 969 957 1000 argumentum,
971 972 1031 992 cer-

243 1017 297 1040 tam
311 1019 344 1039 ac
364 1019 455 1039 veram
475 1012 546 1046 apud
568 1020 618 1040 nos
641 1019 702 1040 esse
718 1011 890 1046 religionem.
907 1011 963 1038 llas
976 1019 1031 1046 pra:

241 1057 302 1084 aliis
315 1058 400 1085 beatae
416 1057 554 1085 memoria:
572 1057 711 1092 piissimus
724 1062 800 1092 pater
813 1061 877 1085 tuus
896 1057 1030 1085 Constan—

241 1104 314 1131 tinus
327 1103 462 1139 Augustus
481 1103 641 1131 honorabat.
667 1103 721 1131 llas
741 1108 786 1130 tua
808 1110 918 1138 quoque
944 1103 1031 1138 pietas

241 1151 268 1178 in
294 1150 391 1178 litteris
412 1151 468 1178 suis
492 1150 660 1179 venerandas
682 1154 711 1178 et
733 1154 843 1177 sanctas
870 1149 1030 1184 plerumque

240 1196 413 1231 nuncupavit.
431 1196 529 1224 Verum
554 1203 626 1224 nunc
640 1195 779 1223 mirabiles
803 1195 841 1222 illi
862 1195 968 1227 Ariani,
984 1197 1029 1230 qui

239 1250 289 1270 nos
312 1242 471 1270 calumniari
494 1243 606 1275 audent,
637 1249 752 1277 quorum
784 1248 865 1276 opera
893 1241 968 1268 multi
995 1249 1028 1268 ex

239 1287 371 1322 episcopis
388 1288 492 1315 insidiis
510 1287 686 1315 circumventi
697 1290 778 1319 sunt;
798 1286 936 1322 iudicibus
963 1286 1029 1320 ipsis

239 1333 290 1361 sibi
304 1333 354 1361 hac
368 1333 394 1360 iu
419 1341 449 1361 re
469 1333 686 1360 ministrantibus
712 1332 1028 1368 obtemperantibusque,

239 1379 289 1406 bas
317 1379 432 1406 nudatae
458 1380 485 1406 in
511 1378 690 1406 Hermetariis
706 1379 749 1414 (ut
768 1378 875 1413 vocant)
902 1378 1028 1412 suspendi

237 1425 354 1459 iussere,
379 1430 407 1453 et
429 1426 470 1453 sie
491 1425 596 1452 illarum
618 1424 701 1451 latera
719 1424 803 1451 ternis
823 1431 909 1458 usque
925 1423 1028 1451 vicibus

239 1470 401 1504 lacerarunt,
426 1475 456 1498 ut
487 1478 521 1498 ne
544 1470 594 1497 viri
614 1470 724 1504 quidem
751 1469 936 1497 scelestissimi
965 1469 1028 1496 talia

238 1523 358 1550 unquam
377 1517 433 1544 sint
447 1516 563 1551 experti.
580 1515 683 1543 Pilatus
694 1515 758 1543 olim
772 1520 803 1542 ut
817 1514 918 1543 Judmis
931 1523 1027 1542 assen-

239 1567 352 1594 taretur.
367 1562 458 1590 lancea
473 1562 583 1589 unicum
599 1561 750 1588 Salvatoris
771 1561 842 1588 latus
857 1560 1006 1596 perforavit
1019 1570 1027 1595 ;

240 1609 266 1635 bi
283 1616 348 1636 vero
360 1609 446 1643 ipsum
459 1608 537 1635 Pilati
551 1609 669 1635 furorem
684 1614 858 1642 superavere,
873 1615 925 1635 non
946 1615 1029 1635 unum

237 1655 336 1689 quippe
355 1655 435 1686 latus,
457 1654 505 1682 sed
524 1654 604 1681 ambo
623 1653 777 1681 lacerarunt
791 1662 798 1680 :
811 1654 932 1681 membra
953 1655 1026 1682 enim

238 1700 384 1735 virginum,
396 1707 451 1735 pne
463 1700 534 1732 aliis,
546 1699 667 1727 membra
683 1698 834 1726 Salvatoris
845 1704 918 1726 sunt.
927 1699 1029 1728 Omnes

238 1751 312 1774 certe
331 1746 428 1781 quibus
447 1746 599 1781 bujusmodi
620 1745 742 1772 facinora
756 1745 838 1780 252
856 1746 1026 1778 nuntiantur,

239 1793 272 1820 ad
293 1792 378 1820 solum
403 1793 443 1820 rei
464 1792 596 1825 auditum,
621 1792 831 1820 exhorrescunt.
849 1791 880 1818 lli
898 1798 962 1818 vero
978 1792 1027 1819 soli

239 1846 291 1866 non
314 1838 395 1865 modo
418 1838 486 1865 nihil
506 1838 585 1866 veriti
601 1842 664 1865 ευιιῑ
680 1837 820 1874 impolluta
837 1838 958 1865 membra
976 1845 1027 1864 nu-

237 1883 303 1910 dare
316 1886 345 1909 et
360 1883 507 1914 lancinare,
525 1890 586 1918 quae
602 1883 646 1910 uni
665 1881 798 1910 Salvatori
814 1887 907 1909 nostro
918 1882 1027 1910 Christo

237 1929 358 1963 virgines
372 1929 577 1961 dedicaverant;
595 1929 652 1962 sed,
667 1929 740 1964 quod
758 1928 954 1962 nequissimum
972 1932 1025 1961 est,

237 1976 301 2002 dum
320 1975 354 2002 ab
378 1975 514 2007 omnibus,
535 1976 571 2003 ob
595 1979 698 2002 tantam
725 1983 802 2004 suam
828 1976 1024 2004 immanitatem

237 2022 433 2056 vituperantur,
460 2030 522 2050 cum
547 2022 762 2050 erubescendum
788 2028 870 2056 esset,
899 2023 949 2050 hoc
974 2028 1026 2050 tute

237 2067 346 2103 pietatis
375 2068 531 2094 mandatum
554 2075 615 2094 esse
643 2072 797 2101 praetexunt
816 2079 822 2095 :
840 2069 876 2095 ita
905 2074 968 2096 sunt
997 2068 1024 2096 in

237 2114 364 2141 omnibus
383 2115 508 2147 audaces,
526 2114 659 2148 pravique
673 2113 792 2140 consilii.
809 2114 881 2141 Nihil
896 2122 962 2142 sane
976 2115 1026 2142 litt-

235 2159 362 2194 jusmodi,
379 2159 422 2186 vel
443 2159 469 2186 in
491 2158 729 2194 persecutionibus
741 2159 805 2186 olim
826 2164 931 2194 gestum
946 2159 1024 2186 andi-

1081 922 1127 948 καὶ
1141 921 1266 957 οὐράνιον
1282 921 1445 957 ἐπάγγελμα
1463 921 1644 957 κατορθοῦται
1659 921 1675 957 ἢ
1692 922 1769 958 παρὰ
1782 922 1872 958 μόνοις

1080 967 1146 1002 ἡμῖν
1161 967 1218 997 τοῖς
1234 967 1415 1002 Χριπιανοίς.
1434 967 1561 994 Μάλιστα
1579 967 1632 1002 γὰρ
1647 967 1694 993 καὶ
1707 967 1785 994 τούτο
1801 967 1871 1003 μέγα

1079 1012 1229 1047 τεκμήριόν
1257 1013 1314 1038 ἐστι
1341 1011 1388 1038 τοῦ
1412 1012 1478 1047 παρ’
1492 1012 1558 1047 ἡμῖν
1581 1009 1650 1039 εἷναι
1665 1012 1714 1048 τὴν
1727 1012 1811 1045 ὅντως
1823 1013 1871 1040 καὶ

1080 1057 1168 1092 ἀληθῆ
1185 1057 1351 1084 θεοσέὸειαν.
1373 1057 1481 1088 Ταύτας
1499 1056 1552 1092 πρὸ
1568 1057 1622 1083 τῶν
1637 1057 1723 1084 ἄλλων
1737 1057 1784 1084 καὶ
1794 1058 1809 1084 ό
1822 1058 1872 1093 τῆς

1081 1103 1220 1139 μακαρίας
1240 1103 1349 1138 μνήμης
1364 1103 1378 1129 ό
1398 1102 1593 1134 εὐσεϐέστατός
1610 1112 1656 1130 σου
1681 1104 1772 1139 πατὴρ
1793 1104 1872 1130 Κων-

1081 1151 1219 1181 σταντίνος
1230 1149 1245 1175 ό
1261 1149 1414 1183 Αΰγουστος
1431 1148 1513 1184 ἐτίμα
1523 1157 1529 1163 ·
1550 1149 1650 1181 ταύτας
1668 1150 1715 1176 καὶ
1731 1150 1753 1185 ἡ¹
1768 1148 1802 1185 σὴ
1827 1149 1872 1175 εὑ-

1081 1194 1174 1221 σέὸεια
1184 1194 1327 1230 γράφουσα
1341 1193 1473 1225 πολλάκις
1494 1193 1588 1229 τιμίας
1609 1194 1656 1221 καὶ
1671 1194 1752 1228 ἁγίας
1764 1194 1871 1229 ὠνόμα-

1081 1248 1136 1267 σεν.
1157 1239 1236 1265 Ἀλλὰ
1250 1239 1297 1266 νύν
1322 1241 1346 1266 σί
1363 1239 1515 1274 θαυμαστοὶ
1532 1239 1666 1274 ’Λρειανοὶ
1689 1240 1713 1266 οί
1733 1240 1781 1266 καὶ
1797 1241 1871 1275 ἡμᾶς

1079 1286 1278 1318 διαϐάλλοντες,
1303 1285 1336 1312 δι’
1358 1285 1405 1318 οὓς
1429 1285 1475 1312 καὶ
1502 1285 1622 1312 πλεῖστοι
1645 1285 1699 1312 τῶν
1715 1286 1871 1312 ἐπισκόπων

1079 1332 1325 1367 ἐπεϐουλεύθησαν,
1338 1333 1491 1368 ὑπουργοὺς
1503 1333 1610 1368 ἔχοντες
1627 1332 1673 1358 καὶ
1686 1332 1871 1364 ὑπακούοντας

1078 1379 1175 1410 αὐτοὺς
1184 1380 1246 1410 τοὺς
1255 1379 1394 1411 δικαστὰς,
1406 1379 1508 1411 ταύτας
1522 1378 1724 1414 γυμνώσαντες,
1742 1379 1871 1413 ἐποίησαν

1079 1426 1125 1452 ἐπὶ
1140 1426 1195 1452 τῶν
1209 1426 1384 1461 καλουμένων
1399 1426 1574 1462 ἐρμηταρίων
1604 1426 1802 1462 κρεμασθῆναι,
1824 1426 1871 1452 καὶ

1078 1473 1204 1500 τοσοῦτον
1223 1473 1312 1500 αὐτῶν
1323 1474 1414 1508 τρίτον
1425 1473 1520 1506 ἔξεσαν
1531 1473 1579 1505 τὰς
1591 1472 1720 1509 πλευρὰς,
1735 1473 1797 1499 ὅσον
1811 1472 1871 1498 οὐδὲ

1079 1519 1104 1545 οἱ
1114 1518 1221 1554 ἀληθῶς
1235 1510 1384 1553 κακούργοι
1398 1518 1506 1545 πώποτε
1521 1518 1682 1545 πεπόνθασι.
1694 1518 1809 1549 Πιλᾶτος
1823 1518 1871 1553 μὲν

1080 1561 1137 1596 οὖν,
1169 1563 1352 1591 καθικετεύων
1370 1564 1425 1598 (51)
1449 1565 1505 1595 τοῖς
1534 1564 1594 1590 τότε
1617 1563 1764 1595 Ἰουδαίοις,
1788 1563 1871 1598 λόγχῃ

1082 1609 1145 1644 μίαν
1158 1609 1278 1644 πλευρὰν
1298 1608 1345 1635 τοῦ
1363 1608 1489 1644 Σωτῆρος
1512 1609 1619 1640 ἔνυξενο
1635 1607 1708 1635 οὗτοι
1727 1608 1754 1634 δὲ
1764 1608 1811 1635 καλ⁸
1822 1607 1870 1642 τὴν

1081 1655 1179 1689 μανίαν
1194 1654 1310 1681 Πιλάτου
1322 1655 1506 1690 νενικήκασιν,
1519 1655 1559 1680 ὅτι
1576 1654 1613 1690 μὴ
1627 1655 1702 1689 μίαν,
1716 1654 1773 1680 ἀλλ’
1784 1655 1871 1689 ἀμφο-

1079 1701 1159 1736 τέρας
1172 1700 1282 1732 ἔξεσαν·
1302 1701 1336 1727 τὰ
1352 1700 1405 1737 γὰρ
1423 1701 1491 1736 μέλη
1505 1700 1558 1726 τῶν
1575 1700 1716 1735 παρθένων
1726 1700 1871 1736 ἐξαιρέτως

1080 1747 1133 1773 [δια
1143 1747 1190 1773 τοῦ
1209 1747 1333 1782 Σωτῆρός
1348 1748 1405 1773 ἐστι
1423 1747 1490 1782 (52).
1507 1747 1610 1778 Πάντες
1622 1746 1672 1781 μὲν
1686 1743 1743 1778 οὖν,
1760 1746 1804 1772 καὶ
1821 1746 1870 1781 μό-

1078 1801 1122 1819 νον
1135 1793 1359 1827 ἀπαγγελλόντων
1370 1792 1461 1824 τινῶν,
1474 1793 1631 1828 φρίττουσιν
1647 1792 1693 1820 ἐπὶ
1711 1796 1743 1830 τῇ
1759 1792 1869 1828 τοιαύτῃ

1078 1839 1161 1874 ἁκοῇ’
1180 1839 1256 1874 μόνοι
1282 1839 1312 1865 δὲ
1330 1836 1403 1865 οὗτοι
1430 1839 1460 1865 οὺ
1476 1839 1555 1874 μόνον
1577 1838 1627 1865 οὐκ
1640 1839 1811 1874 ἐφοϐήθησαν
1822 1847 1870 1871 γυ-

1079 1885 1207 1920 μνοῦντες
1224 1885 1270 1911 καὶ
1285 1885 1388 1917 ξέοντες
1403 1885 1525 1921 ἂχραντα
1547 1884 1625 1920 μέλη,
1639 1885 1657 1911 ἃ
1677 1885 1750 1920 μόνῳ
1761 1884 1799 1919 τῷ
1810 1884 1869 1910 2w-

1076 1932 1139 1966 τῆρι
1153 1931 1230 1966 ἡμῶν
1243 1931 1283 1966 τῷ
1308 1931 1420 1967 Χριστῷ
1438 1931 1645 1958 ἀνατεθείκασιν
1671 1931 1699 1957 αἱ
1727 1930 1866 1966 παρθένοι,

1076 1975 1143 2002 ἀλλὰ
1156 1977 1202 2002 καὶ
1215 1976 1245 2002 τό
1256 1984 1288 2010 γε
1302 1975 1446 2011 χείριστον,
1461 1975 1651 2011 ὀνειδιζόμενοι
1664 1976 1739 2011 παρὰ
1759 1976 1866 2003 πάντων

1076 2020 1120 2046 διὰ
1138 2021 1186 2057 τὴν
1201 2020 1334 2056 τοσαύτην
1344 2021 1484 2056 ὡμότητα,
1503 2021 1565 2048 ἀντὶ
1580 2020 1628 2047 τοῦ
1643 2021 1781 2057 ὲρυθριᾷν,
1798 2029 1866 2056 προ-

1076 2066 1233 2099 φασίζονται
1244 2066 1322 2092 τοῦτο
1337 2066 1501 2102 πρόσταγμα
1513 2067 1560 2102 τῆς
1572 2067 1621 2101 σῆς
1630 2066 1769 2098 εὐσεϐείας
1781 2063 1850 2092 εἶναι
1858 2074 1864 2079 ·

1075 2110 1161 2143 οὕτως
1175 2112 1228 2137 εἰσὶ
1246 2111 1315 2147 πρὸς
1333 2112 1423 2138 πάντα
1434 2111 1566 2147 τολμηροὶ
1583 2112 1628 2138 καὶ
1646 2111 1695 2147 τὴν
1709 2112 1868 2152 προειίρεσιν

1076 2156 1198 2191 πονηροί.
1216 2152 1283 2182 Οὐδὲ
1303 2156 1357 2192 γὰρ
1373 2157 1433 2183 οὐδὲ
1454 2157 1482 2183 ὲν
1495 2158 1550 2188 τοῖς
1571 2157 1726 2191 γενομένοις
1739 2157 1867 2191 διωγμοῖς

236 2205 342 2232 vimus:
359 2213 391 2233 ac
406 2205 514 2233 etiamsi
529 2204 582 2232 tale
596 2204 736 2240 quidpiam
756 2204 902 2240 aliquando
918 2210 1022 2240 gestum

1079 2202 1193 2229 τοιοῦτον
1208 2201 1329 2237 ἠκούσθη
1358 2201 1489 2237 πραχθέν.
1505 2203 1537 2228 El
1551 2202 1579 2228 δὲ
1604 2203 1651 2228 καὶ
1663 2202 1782 2237 ὲγεγόνει
1802 2202 1866 2228 ποτὲ

236 2251 334 2285 fuerit,
347 2259 399 2279 non
410 2251 501 2279 decuit
516 2256 617 2283 tamen,
631 2255 656 2278 te
673 2251 822 2286 imperante
835 2251 880 2286 qui
890 2251 1019 2278 Christia-

237 2305 288 2326 nus
303 2305 345 2331 es,
364 2298 546 2334 virginitatem
563 2298 608 2325 tali
625 2297 725 2332 injuria
742 2303 771 2325 et
787 2298 918 2325 dedecore
941 2298 1023 2331 allici,

237 2344 350 2378 illosque
371 2351 447 2371 suam
470 2343 656 2371 crudelitatem
682 2348 735 2370 tua:
760 2343 853 2378 pietati
876 2344 1023 2371 ascribere.

237 2388 308 2416 Solis
323 2389 395 2416 enim
416 2388 550 2416 haereticis
573 2387 725 2415 istiusmodi
746 2387 901 2422 malignitas
914 2387 1023 2422 propria

235 2438 287 2466 est,
307 2441 370 2468 erga
385 2433 432 2460 Dei
448 2433 544 2460 Filium
568 2432 651 2468 impie
675 2439 705 2460 se
718 2439 813 2468 gerere
829 2437 857 2460 et
871 2432 897 2460 in
914 2439 1024 2460 sanetas

236 2481 294 2514 ejus
306 2480 424 2515 virgines
440 2479 583 2508 destevire.

272 2547 317 2574 δι.
331 2547 397 2574 Cum
418 2546 509 2582 itaque
523 2551 563 2574 tot
585 2551 613 2574 et
631 2546 695 2573 talia
714 2545 836 2573 facinora
859 2545 893 2572 ab
914 2545 1023 2573 Arianis

237 2592 355 2619 admissa
369 2592 437 2624 sint,
458 2599 511 2618 non
537 2598 595 2618 mea
611 2599 653 2618 me
669 2590 766 2618 fefellit
777 2590 878 2626 opinio,
894 2598 955 2617 cum
980 2590 1023 2617 di-

237 2638 306 2664 vinae
325 2637 471 2671 Scriptura:
489 2637 672 2671 obtemperavi
702 2637 800 2664 dicenti
817 2645 823 2663 τ
839 2635 892 2663 Sed
911 2636 1021 2662 absron-

237 2683 298 2709 dere
312 2683 442 2709 modicum
456 2684 490 2709 ad
510 2688 679 2715 momentum,
695 2682 776 2709 donec
792 2686 957 2716 pertranseat
979 2682 1020 2707 in-

239 2772 263 2799 ]?
276 2738 336 2798 ("a02-
351 2739 405 2765 Καί
420 2744 482 2767 ante
497 2739 594 2774 Σωτήρ
605 2739 680 2767 deest
699 2738 726 2766 in
738 2739 829 2773 editis,
855 2739 900 2766 sed
916 2739 942 2765 in
955 2737 1024 2773 Reg.

266 2782 289 2799 ιιι
305 2782 319 2798 II
339 2793 345 2799 .

250 2780 345 2806 egltltr.

275 2808 328 2838 (3|)
347 2807 424 2844 Βυς..
437 2809 608 2844 καθηκεύων.

273 2843 328 2874 (5‘2)
341 2843 385 2869 Sic
403 2844 466 2875 Reg.
484 2843 563 2875 lidiu.
580 2843 642 2870 είςί.

1076 2247 1206 2280 τοιοῦτον,
1219 2247 1276 2274 ἀλλ’
1286 2247 1336 2273 οὐκ
1348 2246 1467 2282 ἔπρεπεν
1488 2248 1535 2273 ἐπὶ
1556 2247 1602 2273 σοῦ
1618 2247 1780 2283 Χριστιανοῦ
1792 2247 1867 2279 ὄντος

1075 2292 1137 2319 οὔτε
1154 2292 1202 2328 τὴν
1215 2292 1364 2328 παρθενίαν
1383 2292 1518 2327 τοσαύτην
1533 2292 1612 2327 ὓϐριν
1624 2293 1669 2319 καὶ
1684 2293 1796 2328 ἀτιμίαν
1811 2301 1865 2319 πα-

1074 2335 1142 2367 θεῖν,
1158 2335 1220 2361 ούτε
1241 2335 1352 2367 τούτους
1369 2336 1425 2371 (55)
1438 2336 1487 2371 τὴν
1504 2336 1606 2362 ἑαυτῶν
1625 2337 1752 2372 ὠμότητα
1764 2339 1804 2369 εὶς
1817 2339 1866 2373 τὴν

1076 2381 1124 2417 σὴν
1151 2381 1294 2407 εύσέὄειαν
1321 2382 1509 2417 ὲπιρῤίπτειν·
1537 2382 1627 2418 μόνοις
1649 2382 1703 2418 γὰρ
1719 2383 1868 2419 αίρετικοῐς

1073 2429 1170 2454 οἰκεῖον
1186 2428 1216 2454 τὸ
1237 2426 1357 2454 τοιοῦτον
1373 2428 1467 2460 κακὸν,
1488 2429 1596 2456 ἀσεῆεῖν
1619 2430 1659 2461 εἱς
1678 2429 1724 2456 τὸν
1739 2430 1803 2456 Υἰὺν
1818 2430 1865 2457 τοῦ

1073 2473 1151 2505 Θεοῦ,
1159 2473 1205 2500 καὶ
1214 2473 1383 2509 πλημμελεῖν
1393 2474 1461 2500 κατὰ
1467 2474 1521 2501 τῶν
1527 2475 1612 2509 ἁγίων
1621 2475 1703 2502 αὑτοῦ
1713 2475 1864 2512 παρθένων.

1111 2543 1156 2570 54.
1171 2543 1306 2570 Τοιούτων
1329 2543 1357 2569 δὲ
1379 2543 1459 2570 πάλιν
1482 2544 1531 2569 καὶ
1554 2543 1689 2571 τοσούτων
1711 2544 1864 2580 γενομένων

1076 2589 1150 2624 παρὰ
1168 2590 1222 2617 τῶν
1247 2590 1404 2626 Ἀρειανῶν,
1421 2590 1471 2616 οὐκ
1491 2590 1610 2626 ὲσφάλην
1626 2591 1679 2627 ἄρα
1698 2591 1818 2624 πεισθεὶς
1830 2592 1862 2626 τῇ

1077 2635 1137 2672 θείᾳ
1163 2636 1256 2671 Γραφῇ
1281 2635 1413 2672 λεγούσῃ·
1444 2636 1521 2663 Ἀλλ’
1550 2637 1733 2672 ὰποκρύϐηθι
1756 2637 1864 2672 μικρὸν

1073 2681 1148 2710 ὅσον
1158 2682 1234 2710 ὅσον
1247 2682 1314 2718 (54),
1331 2682 1387 2715 ἕως
1405 2682 1538 2717 παρέλθῃ
1557 2684 1576 2717 ὴ
1587 2683 1659 2718 ὀργὴ
1671 2684 1792 2718 Κυρίου.
1810 2684 1864 2710 Καί

1115 2739 1171 2775 (53)
1184 2738 1228 2766 Sic
1243 2739 1309 2775 Reg.
1322 2744 1349 2766 et
1365 2739 1445 2766 Basil.
1464 2739 1545 2772 Editi,
1565 2740 1684 2772 τούτους.

1116 2774 1171 2808 (3t)
1190 2775 1272 2800 Ὅσον
1290 2774 1459 2807 postremum
1478 2775 1554 2802 deest
1579 2776 1605 2803 in
1628 2777 1694 2804 edit.
1721 2775 1809 2806 Paris.
1836 2779 1863 2803 e:

1079 2808 1172 2837 Colon.
1185 2808 1213 2836 lu
1227 2810 1352 2837 omnibus
1368 2809 1427 2836 aliis
1445 2810 1569 2837 habetur.
