2007 3044
141 148 190 179 ειι

648 152 818 182 APOLOGlA
837 154 882 182 AD
900 153 1149 184 CONSTANTIUM
1171 155 1241 183 IMP.

1707 162 1760 190 662

141 209 209 245 αὕτη
221 209 275 246 γάρ
288 217 332 245 μοι
351 211 431 238 πάλιν
447 212 582 247 πρόφασις
601 213 696 247 γέγονε
713 214 763 249 τῆς
779 214 922 250 ἀναχωρή-

973 215 1090 249 dignatio
1107 215 1210 242 Domini
1220 217 1253 243 ".
1271 216 1303 243 Et
1322 217 1379 244 hate
1401 218 1464 246 mihi
1487 228 1594 256 quoque
1616 223 1758 251 secedendi

141 263 219 287 σεως,
237 255 425 290 θεοφιλέστατε
444 257 592 292 Αὔγουστε,
607 259 654 285 καὶ¹
674 259 704 285 οὐ
724 260 925 296 παρῃτησάμην

139 297 200 326 οὗτε
218 301 256 332 εἰς
272 300 320 336 τὴν
332 301 433 336 ἔρημον
449 303 586 335 ἀπελθεῖν,
600 303 671 336 οὔτε,
684 305 708 331 εἱ
723 305 829 339 ἀνάγκη
841 305 927 339 γένοι-

140 353 180 377 το,
193 345 237 371 διὰ
253 346 391 382 σαργάνης
406 348 459 373 ἀπὸ
475 348 529 383 (55)
544 349 649 384 τείχους
665 349 841 385 χαλασθῆναι.
856 351 927 377 Πάν-

139 398 174 417 τα
189 390 243 426 γὰρ
259 391 403 426 ὑπέμεινα,
423 393 469 418 καὶ
486 393 590 428 Θηρίοις
608 393 761 428 συνῴκησα,
783 394 831 420 καὶ
855 394 926 429 ὑμᾶς

140 435 300 469 περιελθεῖν,
318 436 493 472 ἐκδεχόμενος
518 437 619 464 τούτων
635 438 689 464 τῶν
711 438 796 472 λόγων
821 438 924 474 καιρὸν,

140 481 186 507 καὶ
197 481 315 517 θαρρῶν,
328 482 369 508 ὅτι
388 483 412 508 oi
430 482 478 518 μὲν
489 482 674 515 διαϐάλλοντες
687 483 926 519 καταγνωσθήσον-

139 536 195 559 ται,
210 528 226 562 ἡ
241 528 269 554 δὲ
297 528 331 563 σὴ
353 528 542 564 φιλανθρωπία
565 529 742 564 δειχθήσεται.
755 526 790 556 Ὦ
809 529 926 564 μακάριε

140 573 187 600 καὶ
203 573 390 608 θεοφιλέστατε
407 574 554 608 Δῦγουστε,
577 576 603 602 τί
627 575 737 601 ἐϐούλου
751 583 758 608 ;
788 576 876 602 ἐλθεῖν
893 585 926 611 με

139 619 357 654 φλεγμαινόντων
370 621 415 647 καὶ
429 620 580 655 ζητούντων
599 621 757 648 ἀποκτεῖναι
778 621 831 648 τῶν
847 630 924 648 συκο-

139 665 310 700 φαντούντων
325 667 408 702 ἡμᾶς,
425 666 441 702 ἢ
457 667 527 694 κατὰ
541 667 571 693 τδ
588 667 791 703 γεγραμμένον,
803 667 924 702 ἀποκρυ-

138 711 219 746 6ῆναι
236 711 342 747 μικρὸν,
358 711 400 738 ἵνα
414 713 443 738 ἐν
465 712 504 747 τῷ
519 712 637 746 τοσούτῳ
650 711 813 748 διαστήματι
834 713 858 738 οἱ
876 711 924 747 μὲν

139 752 304 791 συκοφάνται
318 757 544 791 καταγνωσθῶσιν
556 759 697 794 αἱρετικοὶ,
715 759 732 793 ἡ
744 758 772 785 δὲ
786 758 819 793 σὴ
832 757 924 791 φιλαν-

137 802 245 838 θρωπία
266 802 452 838 δειχθήσεται;
468 803 500 829 Τί
524 803 562 836 δὲ,
588 800 611 830 ὦ
629 803 747 838 βασιλεῦ,
762 803 871 830 ἐϐούλου
889 811 922 838 με

137 847 251 883 ὀφθῆναι
273 849 328 879 τοῖς
345 849 401 880 σοῖς
417 848 556 879 δικασταῖς
571 848 625 884 (56)
636 869 643 879 ,
661 848 715 879 ἴνα,
728 849 752 875 εἰ
763 848 810 874 καὶ
825 848 856 874 σὺ
877 848 924 883 μέ-

137 902 183 929 χρι
196 894 279 929 μόνης
296 893 408 929 ἀπειλῆς
428 894 559 929 ἔγραψας,
575 895 673 921 ἐκεῖνοι
685 894 722 930 μὴ
738 894 861 927 νοοῦντες
875 896 925 932 τὴν

139 940 187 976 σὴν
198 940 326 972 διάνοιαν,
346 940 451 974 ἔχοντες
467 939 495 966 δὲ
513 941 576 971 τοὺς
593 940 746 976 ’Λρειανοὺς
764 940 926 976 παροξύνον-

137 994 186 1017 τας
199 986 306 1018 αὐτοὺς,
324 987 356 1012 ἐκ
365 985 418 1012 τῶν
434 994 479 1012 σου
490 986 660 1021 γραμμάτων
673 987 863 1019 ἀποκτείνωσι,
877 987 924 1013 καὶ¹

137 1032 177 1064 εἰς
202 1031 231 1058 σὲ
247 1032 292 1058 τὸν
309 1031 387 1065 φόνον
402 1032 554 1058 ἀναθῶνται
572 1031 615 1058 διὰ
628 1031 662 1058 τὰ
689 1033 850 1068 γράμματα;
865 1033 924 1058 Οὐκ

136 1077 255 1112 ἔπρεπεν
269 1076 330 1103 οὔτε
344 1077 393 1112 ἐμὲ
406 1077 573 1112 αὐτομολεῖν,
584 1077 631 1104 καὶ
641 1077 680 1108 εἰς
691 1077 795 1113 αἵματα
806 1077 924 1112 ἐμαυτὸν

136 1123 287 1150 ἀποδιδόναι
305 1123 372 1157 (57),
398 1122 459 1149 οὔτε
486 1131 517 1148 σε
538 1123 708 1158 φιλόχριστον
731 1123 793 1150 ὄντα
813 1123 924 1158 βασιλέα

137 1169 182 1194 ἐπὶ
199 1168 287 1202 φόνοις
300 1167 481 1204 Χριστιανῶν,
502 1167 549 1194 καὶ
569 1167 655 1193 ταῦτα
676 1167 844 1199 ἐπισκόπων,
862 1168 922 1193 ἐπι-

137 1206 300 1248 γράφεσθαι.

172 1259 216 1286 55.
236 1259 339 1286 Οὐκοῦν
357 1259 460 1294 βέλτιον
477 1259 572 1293 γέγονε
586 1259 616 1285 τὸ
635 1257 778 1294 κρυϐῆναι.
798 1258 845 1284 καὶ
860 1257 923 1284 τοῦ-

135 1314 180 1331 τον
195 1305 351 1336 ἐκδέξασθαι
362 1305 407 1331 τὸν
423 1305 527 1340 καιρόν.
543 1305 597 1332 Ναὶ
616 1305 669 1340 (58)
685 1302 752 1335 οἶδα,
774 1304 814 1330 ὅτι
828 1304 874 1330 καὶ
889 1305 921 1331 σὺ

134 1349 276 1385 γινώσκων
290 1350 339 1382 τὰς
356 1350 429 1382 θείας
446 1350 567 1386 Γραφὰς,
580 1351 724 1382 ἐπινεύεις,
744 1350 789 1376 καὶ
802 1349 921 1386 ἀποδέχῃ

137 1406 170 1432 με
191 1397 269 1424 τοῦτο
292 1397 441 1433 πράξαντα.
463 1398 527 1424 Ἰδοὺ
554 1398 628 1432 γοῦν,
645 1397 698 1424 τῶν
717 1397 920 1433 παροξυνόντων

135 1443 326 1479 πεπαυμένων,
339 1444 455 1479 πέφηνεν
469 1445 484 1479 ἠ
504 1444 537 1479 σὴ
551 1443 676 1478 θεοσεϐὴς
687 1442 854 1476 ἀνεξικακία,
873 1443 920 1468 καὶ

135 1489 266 1516 δέδεικται
279 1491 372 1522 πᾶσιν,
387 1490 427 1516 ὃτι
445 1490 512 1526 μηδέ
528 1490 576 1525 τὴν
588 1490 673 1526 ἀρχὴν
686 1489 795 1520 ἐδίωκες
812 1489 843 1514 σὺ
856 1489 918 1520 τοὺς

939 884 962 915 Β

135 1535 313 1571 Χριστιανούς
322 1544 329 1552 ο
347 1536 404 1562 ἀλλ’
418 1538 513 1562 ἐκεῖνοι
523 1534 591 1571 ἦσαν
607 1537 631 1562 οι
641 1535 690 1567 τὰς
701 1535 845 1570 ἐκκλησίας
854 1535 918 1570 ὲρη-
932 1551 953 1580 c

138 1581 287 1617 μώσαντες,
301 1582 344 1608 ἵνα
357 1583 406 1617 τὴν
422 1582 486 1608 ἰδίαν
507 1582 632 1608 ἀσέϐειαν
658 1581 837 1616 ἐπισπείρωσι
851 1589 918 1607 παν-

133 1628 228 1662 ταχοῦ,
244 1628 277 1654 δι’
295 1628 328 1663 ἣν
351 1628 397 1654 καὶ
413 1629 503 1663 ἡμεῖς,
515 1629 538 1653 εἰ
553 1627 589 1662 μὴ
599 1625 670 1662 ἦμεν
684 1626 822 1661 φυγόντες,
834 1627 916 1654 πάλαι

134 1672 168 1699 ἃν
182 1673 414 1708 ὲπεϐουλεύθημεν
427 1673 491 1708 παρ’
504 1671 602 1698 αὐτῶν.
617 1672 648 1697 Οὶ
663 1671 716 1706 γὰρ
728 1671 853 1702 τοιαύτας
863 1671 920 1697 δια-

134 1715 213 1747 ϐολὰς
225 1717 310 1743 εἰπεῖν
327 1716 386 1743 κατ’
399 1716 466 1751 ἐμοῦ
482 1716 518 1751 μὴ
533 1715 764 1751 παραιτησάμενοι
783 1716 856 1751 παρὰ
868 1724 917 1750 τη-

133 1762 248 1797 λικούτῳ
265 1762 419 1797 Αὐγούστῳ,
439 1763 464 1788 οἱ
477 1761 590 1788 τοιαῦτα
615 1761 674 1787 κατ’
689 1761 843 1787 ἐπισκόπων
868 1761 915 1788 καὶ

133 1806 275 1842 παρθένων
297 1807 518 1842 ἐπιχειρήσαντες
527 1826 534 1838 ,
548 1805 656 1841 εὔδηλον
673 1806 710 1838 ὡς
725 1806 825 1832 καὶτὸν
839 1806 916 1841 ἡμῶν

133 1852 246 1879 θάνατον
261 1852 400 1888 ἐθήρευον.
430 1851 510 1878 Ἀλλὰ
537 1851 616 1887 χάρις
636 1851 675 1887 τῷ
696 1852 791 1888 Κυρίῳ
810 1851 848 1887 τῷ
867 1852 916 1887 τὴν

133 1897 268 1932 βασιλείαν
283 1906 323 1924 σοι
340 1898 464 1924 δεδωκότι
476 1907 482 1913 ·
499 1898 596 1930 πάντες
609 1898 661 1934 γὰρ
673 1898 856 1925 ἐπιστώσαντο
867 1907 915 1924 πε-

132 1943 159 1979 ρί
172 1952 202 1970 τε
215 1944 264 1979 τῆς
289 1944 336 1978 σῆς
353 1943 553 1979 φιλανθρωπίας
569 1944 616 1970 καὶ
634 1944 683 1978 τῆς
703 1944 813 1970 ἐκείνων
830 1952 913 1979 πονη-

132 1989 202 2025 ρίας,
213 1986 246 2025 ἦς
259 1988 338 2015 ἕνεκα
353 1989 398 2015 καὶ
409 1988 478 2015 κατὰ
491 1988 541 2024 τὴν
553 1989 637 2024 ἀρχὴν
648 1988 756 2023 ἔφυγον,
774 1989 817 2015 ἵνα
828 1988 914 2015 ταῦτα

131 2035 187 2069 ἐγὼ
204 2035 252 2070 μέν
266 2044 305 2062 τοι
322 2036 376 2070 (59)
396 2035 590 2070 προσφωνήσω,
606 2035 638 2061 σὺ
651 2034 678 2061 δὲ
691 2035 773 2070 εὕρῃς
785 2035 844 2062 τίνα
856 2035 914 2069 φιλ-

130 2080 318 2117 ανθρωπεύσῃ.
341 2081 493 2117 Παρακαλῶ
519 2080 618 2112 τοίνυν,
636 2081 729 2116 ἐπειδὴ
748 2082 794 2107 καὶ
812 2081 914 2116 γέγρα-

130 2135 211 2154 πται·
236 2127 401 2160 Ἀπόκρισις
427 2127 641 2160 uacuatoan
663 2126 842 2160 ἀποστρέφει
866 2127 912 2160 ὀρ-

129 2173 186 2207 γήν
197 2182 204 2188 ·
223 2174 279 2205 καὶ,
292 2173 389 2200 Δεκτοὶ
405 2172 530 2204 ,βασιλεῖ
538 2173 675 2207 ,λογισμοὶ
693 2172 801 2199 δίκαιοι
812 2181 818 2187 ·
836 2173 912 2205 δεξά-

977 261 1083 288 occasio
1096 260 1155 294 fuit,
1182 261 1388 296 religiosissime
1401 264 1532 299 Auguste,
1550 274 1600 294 nec
1617 268 1702 302 piguit
1715 277 1758 297 me

976 305 1018 332 vel
1043 306 1068 332 in
1084 306 1218 334 desertum
1235 308 1381 342 proﬁcisci,
1405 309 1448 336 vel
1471 311 1493 338 si
1517 318 1585 346 opus
1609 312 1715 347 fuisset,
1731 315 1758 342 in

977 356 1069 385 sporta
1087 359 1101 378 a
1120 353 1254 380 moenibus
1271 355 1403 382 demitli‘.
1418 355 1513 384 Omnia
1536 358 1608 385 enim
1631 360 1757 393 sustinui,

976 402 1074 425 etcum
1086 398 1152 426 feris
1167 399 1295 433 habitari,
1311 402 1395 429 donec
1406 409 1454 430 vos
1466 405 1666 438 pertransiretis
1678 415 1684 433 :
1695 414 1757 433 nam

976 448 1155 478 opportunttm
1178 449 1283 480 tetnpus
1305 449 1505 482 exspectabam,
1521 457 1574 484 quo
1600 450 1657 478 haec
1675 453 1757 479 verba

978 489 1066 516 facere
1087 490 1192 522 liceret,
1216 492 1437 528 conlldebamque
1460 494 1668 524 calumniatores
1690 505 1756 525 con-

976 535 1123 563 vincendos
1138 543 1207 568 esse,
1225 537 1449 573 manifestamque
1465 539 1523 567 fore
1543 545 1614 568 tuain
1629 543 1756 570 humani-

978 585 1071 608 tatem.
1087 580 1109 608 0
1124 582 1201 609 beate
1222 590 1254 610 ac
1278 583 1332 611 Deo
1355 584 1530 614 dilectissime
1547 587 1674 622 Auguste,
1692 591 1755 624 quid

977 626 1135 655 maluisses?
1150 636 1229 656 mene
1249 628 1282 655 ad
1306 633 1332 656 te
1350 631 1479 658 accedere
1503 632 1661 661 ardentibus
1678 642 1758 671 syco-

977 672 1085 707 phantis
1103 674 1180 706 meis,
1201 681 1234 700 ac
1254 681 1297 701 me
1314 676 1437 703 occidere
1448 679 1637 711 quaerentibus,
1657 687 1701 712 an,
1718 681 1756 708 uti

977 718 1104 752 scriptum
1117 723 1169 752 est,
1186 726 1227 746 me
1240 720 1370 754 tantisper
1384 720 1526 754 abscondi,
1542 729 1571 750 ut
1588 724 1695 752 interim
1712 734 1757 762 sy-

976 764 1116 797 cophanta:
1140 760 1246 799 quidem
1263 765 1383 794 haeretici
1407 768 1683 803 deprehenderentur,
1707 760 1757 799 liu-

977 809 1092 836 inanitas
1105 817 1169 837 vero
1186 813 1230 836 tua
1247 811 1442 839 innotesceret?
1458 812 1526 840 Num
1543 814 1660 848 voluisti,
1677 823 1693 843 ο
1707 817 1758 844 im-

976 860 1096 888 perator,
1113 859 1143 882 ut
1164 856 1218 883 tuis
1240 863 1283 884 me
1302 857 1439 892 iudicibus
1453 859 1587 892 sisterem,
1607 866 1636 888 ut
1651 862 1713 890 licet
1729 868 1757 890 ttt

975 899 1183 928 comminatorie
1198 905 1299 928 tantttm
1317 902 1470 937 scripseris,
1488 903 1525 931 illi
1543 910 1631 933 tamen
1645 912 1756 936 senten-

975 946 1019 973 tiis
1040 951 1092 974 tua;
1114 948 1210 982 ignari,
1224 952 1251 975 et
1269 948 1303 975 ab
1323 948 1433 977 Arionis
1453 951 1591 984 concitati,
1609 958 1641 979 ex
1659 953 1757 982 litteris

976 993 1028 1019 tuis
1043 1000 1084 1020 me
1101 993 1306 1026 interﬁecrent,
1332 995 1559 1031 homicidiumque
1575 998 1639 1026 illud
1655 999 1701 1026 tibi
1719 1001 1756 1028 ob

974 1037 1076 1065 litteras
1089 1038 1165 1066 datas
1187 1039 1368 1074 imputarent?
1381 1040 1438 1068 Non
1452 1042 1541 1070 decuit
1549 1049 1634 1075 certe.
1650 1045 1691 1072 vel
1709 1053 1752 1074 me

974 1088 1070 1117 sponte
1092 1084 1150 1111 illos
1168 1084 1253 1115 adire,
1270 1089 1297 1112 et
1320 1086 1352 1111 ad
1371 1093 1464 1113 necem
1489 1089 1677 1124 memetipsum
1697 1095 1756 1118 tra-

973 1127 1056 1154 dere:
1070 1128 1110 1155 vel
1133 1129 1180 1156 tibi
1196 1129 1304 1156 Christo
1320 1130 1416 1157 devoto
1431 1131 1600 1167 imperatori,
1617 1135 1754 1163 Christia-

973 1180 1080 1206 norum,
1095 1176 1243 1209 praesertim
1257 1177 1455 1212 episcoporum,
1469 1179 1557 1206 caedes
1573 1180 1683 1208 ascribi.

1007 1263 1051 1290 35.
1068 1262 1158 1290 Satius
1174 1263 1264 1299 itaque
1281 1265 1329 1293 fuit
1348 1271 1378 1293 ut
1393 1274 1434 1295 me
1448 1268 1623 1301 occultarent,
1639 1274 1666 1297 et
1682 1270 1753 1299 hanc

972 1310 1099 1342 temporis
1115 1311 1340 1345 opportunitatem
1363 1318 1557 1348 exspectarem.
1583 1315 1661 1343 Certe
1685 1316 1747 1343 novi

973 1358 1008 1386 te,
1031 1355 1180 1383 divinarum
1201 1356 1402 1392 Scripturarum
1427 1360 1529 1394 peritus
1549 1368 1609 1387 cum
1628 1360 1676 1393 sis,
1700 1369 1751 1388 au-

970 1407 1062 1433 nuere,
1076 1400 1229 1436 factumque
1244 1411 1332 1431 meum
1354 1405 1478 1440 probare.
1494 1405 1560 1433 Nam
1583 1407 1649 1434 viris
1662 1407 1706 1441 qui
1724 1413 1750 1435 te

970 1447 1142 1474 concitabant
1165 1448 1366 1482 desistentibus,
1392 1451 1516 1484 apparuit
1546 1451 1671 1486 religiosa
1705 1457 1750 1480 tua

970 1492 1111 1520 clementia
1125 1501 1132 1519 z
1145 1493 1324 1528 omnibusque
1337 1499 1427 1522 notum
1441 1495 1501 1528 fuit,
1513 1501 1538 1523 te
1551 1503 1585 1524 ne
1596 1502 1675 1524 antea
1688 1499 1750 1532 qui-

970 1537 1028 1564 dem
1048 1537 1218 1565 Cbristianos
1232 1544 1401 1573 persecutum
1422 1539 1518 1574 fuisse,
1541 1542 1587 1568 sed
1605 1542 1664 1570 illos
1678 1543 1749 1577 ipsos

970 1581 1105 1610 Ecclesias
1127 1582 1291 1616 devast'asse,
1312 1588 1342 1611 ut
1356 1591 1431 1612 suam
1466 1585 1629 1619 impietatem
1651 1588 1750 1622 ubique

968 1628 1176 1656 disseminarent
1186 1638 1193 1656 :
1204 1630 1280 1663 cujus
1290 1637 1371 1657 causa
1382 1631 1462 1657 etiam
1473 1638 1521 1659 nos
1532 1633 1582 1659 nisi
1596 1632 1749 1668 aufugisse-

967 1681 1038 1705 mus,
1052 1673 1154 1708 jamdiu
1173 1682 1292 1702 essemus
1315 1675 1418 1703 insidiis
1442 1684 1533 1704 eorum
1560 1679 1748 1707 circumventi.

968 1719 1018 1752 Qui
1032 1720 1103 1746 enim
1120 1720 1251 1752 ejusmodi
1264 1721 1412 1749 calumnias
1430 1724 1498 1757 apud
1518 1729 1620 1752 tantum
1634 1725 1750 1760 impera-

969 1770 1052 1792 torem
1076 1766 1217 1793 adversum
1244 1774 1286 1794 me
1308 1768 1429 1802 proferre
1458 1777 1510 1796 non
1536 1769 1670 1804 dubitant,
1700 1773 1748 1806 qui

968 1815 1023 1837 tam
1035 1810 1138 1838 nefaria
1147 1812 1275 1840 adversus
1286 1813 1425 1848 episcopos
1438 1819 1465 1841 et
1472 1815 1587 1850 virgines
1597 1817 1657 1844 ausi
1668 1822 1729 1845 sunt
1737 1834 1757 1850 ,ι

969 1856 1039 1883 haud
1058 1856 1168 1884 dubium
1183 1858 1247 1891 quin
1263 1863 1380 1885 nostram
1404 1867 1512 1895 quoque
1526 1861 1683 1889 molirentur
1698 1871 1747 1890 ne-

967 1908 1035 1928 cem.
1056 1901 1108 1928 Sed
1128 1902 1214 1936 gratia
1239 1901 1363 1936 Domino,
1380 1906 1424 1938 qui
1442 1906 1488 1932 tibi
1509 1905 1648 1940 imperium
1664 1909 1748 1936 tradi—

967 1946 1015 1979 dit,
1031 1948 1101 1981 quod
1116 1955 1210 1975 omnes
1222 1949 1352 1976 certiores
1366 1949 1429 1977 facti
1443 1951 1508 1985 sint,
1523 1959 1583 1979 cttm
1596 1953 1629 1981 de
1640 1959 1685 1981 tua
1701 1955 1747 1982 be-

965 1992 1107 2026 nignitate,
1133 1998 1187 2020 tum
1205 1994 1238 2021 de
1254 1994 1359 2021 illorum
1384 1996 1494 2029 malitia,
1517 1997 1594 2031 cujus
1613 2006 1694 2027 causa
1712 2002 1746 2028 ab

965 2038 1041 2066 initio
1058 2039 1148 2074 fugam
1163 2039 1230 2073 feci,
1251 2045 1280 2067 ut
1295 2041 1359 2068 mibi
1373 2048 1466 2076 postea
1485 2047 1510 2071 te
1527 2044 1683 2080 alloquendi
1704 2047 1745 2072 fa—

963 2085 1050 2111 cultas
1064 2091 1146 2118 esset,
1163 2089 1244 2120 tuque
1260 2087 1394 2115 invenires
1411 2096 1489 2122 quem
1504 2090 1657 2119 humaniter
1668 2095 1744 2121 exci—

963 2137 1050 2164 peres.
1063 2130 1182 2158 Obsecro
1209 2132 1302 2166 igitur.
1325 2137 1354 2160 ut
1375 2135 1588 2170 quandoquidem
1613 2140 1742 2172 scriptum

962 2176 1003 2199 est
1017 2182 1024 2200 :
1042 2172 1187 2207 Responsio
1205 2174 1313 2201 humilis
1329 2177 1421 2202 avertit
1439 2177 1539 2210 irom',
1561 2185 1588 2205 et
1603 2187 1610 2205 :
1625 2179 1744 2214 Acoeptw

130 2226 208 2253 μενος
223 2218 269 2244 καὶ
278 2218 377 2253 ταύτην
394 2217 441 2253 τὴν
452 2217 605 2251 ἀπολογίαν,
616 2217 713 2248 ἀπόδος
726 2219 785 2249 ταῖς
802 2218 912 2253 πατρίσι
928 2227 931 2254 ς

969 2223 1025 2246 Iunt
1041 2221 1094 2254 regi
1104 2220 1186 2254 justw
1201 2222 1371 2255 cogitationes
1380 2223 1402 2255 ³,
1424 2223 1492 2250 hanc
1507 2225 1632 2252 admittas
1657 2226 1744 2259 apolo-

128 2264 174 2290 xal.
187 2265 245 2295 ταῖς
253 2264 422 2298 Ἐκκλησίαις
433 2264 534 2295 πάντας
546 2264 606 2295 τοὺς
615 2263 778 2295 ἐπισκόπους
791 2264 837 2290 καὶ
850 2264 926 2300 τοὺςρ

969 2265 1044 2298 ζίιιιιι,
1067 2271 1213 2298 omnesque
1226 2266 1366 2299 episcopos
1378 2272 1404 2293 et
1420 2267 1487 2294 alios
1513 2269 1624 2297 clericos
1650 2272 1742 2304 patria:

126 2310 221 2342 ἄλλους
235 2310 389 2345 κληρικοὺς,
402 2310 445 2336 ἵνα
458 2310 511 2336 τῶν
528 2310 576 2345 μὲν
591 2309 785 2336 διαϐαλλόντων
798 2311 814 2344 ὴ
827 2312 918 2345 πονη-’

127 2355 172 2391 ρέα
195 2356 296 2390 δειχθῇ,
316 2350 347 2381 σΰ
363 2355 390 2381 δὲ
415 2355 462 2382 καὶ
488 2355 535 2382 νῦν
549 2355 595 2381 καὶ
625 2356 653 2381 ἐν
680 2355 771 2390 ἡμέρᾳ
793 2355 909 2390 κρίσεως

125 2400 190 2435 ἔχῃς
205 2400 357 2435 παρρησίαν
374 2401 459 2426 εἰπεῖν
479 2399 518 2434 τῷ
532 2400 624 2435 Κυρίῳ
641 2400 687 2426 καὶ
707 2400 812 2435 Σωτῆρι
830 2400 908 2435 ἡμῶν

124 2446 172 2472 καὶ
187 2446 351 2481 παμϐασιλεῖ
372 2444 459 2481 Ἰησοῦ
479 2446 604 2482 Χριστῷ·
626 2446 740 2473 Οὐδένα
762 2446 821 2472 τῶν
844 2446 908 2473 σῶν

123 2491 266 2520 ἀπώλεσα
278 2501 284 2507 ·
296 2491 353 2518 ἀλλ’
366 2491 390 2517 οἱ
409 2491 457 2526 μὲν
472 2491 710 2523 ἐπιϐουλεύσαντες
730 2492 812 2518 πᾶσιν
833 2488 904 2518 οὗτοί

123 2538 202 2564 εἰσιν·
219 2536 274 2570 ἐγὼ
294 2537 322 2563 δὲ
344 2537 389 2563 ἐπὶ
407 2537 455 2572 μὲν
478 2538 533 2566 τοῖς
550 2536 763 2571 τετελευτηκόσι,
784 2538 830 2564 καὶ
846 2539 904 2569 ταῖς

123 2582 273 2615 ξεσοείσαις
286 2582 438 2617 παρθένοις,
458 2583 514 2613 τοῖς
533 2591 562 2608 τε
581 2582 671 2614 ἄλλοις
689 2583 745 2613 τοῖς
766 2582 836 2609 κατὰ
850 2583 904 2609 τῶν

122 2627 291 2663 Χριστιανῶν
303 2628 456 2662 γενομένοις
466 2627 600 2663 ἠχθέσθην
609 2636 616 2643 ·
636 2628 699 2659 τοὺς
711 2627 739 2653 δέ
756 2627 905 2662 ἐξορισυέν-

121 2682 170 2705 τας
176 2674 344 2709 ἐπανήγαγον
353 2674 398 2700 καὶ
406 2673 562 2700 ἀποδέδωκα
570 2675 628 2705 ταῖς
637 2673 715 2705 ίδίαις
722 2673 907 2710 Ἐκκλησίαιςι

156 2733 179 2749 ⁸⁸
191 2731 243 2759 lsa.
259 2739 331 2764 xxvr,
345 2731 390 2760 20.
427 2732 435 2747 ¹
448 2731 468 2758 ιι
481 2732 542 2759 Cor.
554 2740 582 2759 ιιι
597 2752 605 2764 ,
651 2733 696 2761 55.

167 2790 212 2818 55)
228 2790 319 2822 Basil.,
336 2790 389 2816 διὰ.

166 2825 209 2859 56)
223 2824 302 2859 Reg.,
316 2826 435 2859 τρισσοῖς
446 2825 594 2857 δικασταῖς.

154 2859 210 2897 (57)
229 2861 306 2894 Reg.,
321 2859 476 2887 ἐπιδιδόναι.

238 2908 374 2939 Parsot.
401 2909 459 2939 Gn.
490 2908 589 2938 XXV.

962 2315 988 2337 et
1005 2310 1132 2338 Ecclesiis
1143 2311 1198 2338 suis
1209 2312 1346 2343 restituas,
1362 2317 1390 2339 ut
1405 2313 1625 2342 calunmiatorum
1635 2317 1741 2351 quidem

961 2355 1115 2388 malignitas
1129 2355 1214 2389 palam
1230 2356 1285 2389 liat,
1310 2361 1336 2383 tu
1351 2364 1413 2384 vero
1429 2365 1498 2386 nunc
1513 2359 1578 2386 etin
1592 2359 1685 2394 judicii
1699 2362 1742 2388 die

929 2399 935 2405 '
960 2408 1021 2426 cum
1044 2401 1139 2427 liducia
1159 2400 1239 2435 253
1264 2402 1375 2429 Domino
1398 2407 1425 2430 et
1451 2403 1582 2432 Salvatori
1600 2412 1694 2433 nostro
1709 2415 1741 2434 ac

959 2445 1078 2472 omnium
1100 2446 1155 2480 regi
1171 2446 1233 2473 Jesu
1249 2446 1359 2474 Christo
1376 2451 1432 2476 haec
1448 2449 1522 2476 dicas
1535 2459 1542 2476 :
1555 2449 1617 2477 Non
1638 2453 1740 2486 perdidi

958 2499 989 2517 ex
1004 2492 1056 2518 tuis
1072 2493 1243 2527 quamquam“
1257 2502 1264 2525 ;
1279 2494 1325 2520 sed
1340 2494 1382 2520 isti
1392 2495 1641 2523 omnibusinsidiati
1659 2504 1737 2526 sunt:

957 2544 1008 2570 ego
1025 2541 1114 2564 autem
1128 2537 1161 2564 de
1178 2537 1211 2565 iis
1230 2538 1274 2572 qui
1291 2538 1443 2573 interempti
1465 2546 1539 2573 sunt,
1561 2542 1593 2568 de
1614 2542 1739 2572 laceratis

959 2583 1118 2617 virginibus,
1141 2583 1227 2617 deque
1246 2584 1306 2611 aliis
1327 2592 1385 2618 quae
1408 2585 1548 2613 adversum
1569 2587 1738 2618 Christianos

958 2633 1032 2663 gesta
1045 2634 1118 2661 sunt,
1132 2629 1224 2657 dolore
1236 2637 1294 2657 sum
1308 2630 1418 2658 allectus
1433 2641 1439 2658 :
1456 2632 1546 2666 pulsos
1567 2635 1659 2662 reduxi
1681 2644 1738 2670 pro-

959 2675 1076 2710 priisque
1093 2675 1218 2703 Ecclesiis
1230 2678 1345 2704 restitui.

763 2731 866 2759 'Prov.
891 2740 934 2766 xv,
955 2733 982 2760 1.
1019 2733 1030 2748 ³
1045 2732 1124 2760 Prov.
1142 2741 1197 2764 xw,
1219 2733 1264 2761 55.
1301 2734 1401 2762 lHloan.
1416 2743 1500 2769 xvm,
1528 2737 1555 2764 9.

988 2792 1043 2826 (58)
1061 2791 1115 2818 Ναί
1132 2792 1202 2818 deest
1217 2793 1242 2818 in
1258 2792 1326 2827 Reg.

986 2827 1041 2862 (59)
1055 2827 1226 2861 Εᾱὶίὶ,ταῦτα
1239 2827 1300 2864 μέν,
1312 2828 1358 2856 sed
1376 2829 1424 2864 μέν
1438 2830 1464 2857 in
1476 2830 1542 2865 Reg.
1554 2832 1681 2862 deletum.

1540 2911 1574 2941 Ἦ
