2007 3044
254 117 264 134 \

165 156 218 186 645

739 155 911 184 APOLOGIA
930 156 973 183 DE
993 156 1084 184 FUGA
1105 154 1183 184 SUA.

1728 158 1780 187 646

166 222 233 247 γιον,
247 214 293 241 τὸν
304 212 351 240 νῦν
367 213 395 239 ἐν
414 213 567 249 Λαοδικείᾳ.
590 214 636 240 καὶ
651 213 714 245 τοὺς
734 213 781 239 σὺν
793 214 883 245 αὐτοῖς
905 214 949 239 ’Λ-

1002 214 1164 248 episcopum,
1191 219 1356 249 ceterosque
1383 214 1511 248 Arianos,
1536 220 1618 243 murta
1639 216 1782 244 adversum

166 260 289 296 ρειανοὺς
305 259 389 286 πολλὰ
400 259 463 294 περ)⁸
476 258 542 293 ἐμοῦ
555 258 734 294 ορυλλοῦντας
746 258 792 285 καὶ
804 258 953 294 λοιδοροῦν-

165 315 224 337 τας,
234 305 332 331 δειλίαν
343 313 372 331 τε
386 303 577 338 ἐγκαλοῦντας.
593 304 634 330 ὅτι
649 303 690 339 δὴ,
703 303 866 339 ζητούμενος
877 304 953 330 ἀναι-

168 351 276 386 ρεθῆναι
305 350 368 385 παρ’
391 349 491 382 αὐτῶν,
512 350 562 375 οὐκ
589 349 695 375 ἔκδοτον
719 349 836 384 ἐμαυτὸν
863 350 954 380 αὐτοῖς

166 397 349 432 προσήγαγον.
361 396 432 430 Πρὸς
449 395 496 430 μὲν
511 392 557 422 οὖν
570 395 619 426 τὰς
630 395 763 430 λοιδορίας
778 395 825 421 καὶ
838 394 887 426 τὰς
906 403 952 420 συ-

166 442 312 477 κοφαντίας
334 441 434 473 αὐτῶν,
460 441 548 467 καίτοι
561 441 707 476 δυνάμενος
723 441 806 467 πολλά
826 440 951 476 γράφειν,

166 489 184 516 ἃ
198 489 259 524 μήτ’
271 489 346 515 αὐτοὶ
361 488 500 523 ἀρνεῖσθαι
513 488 648 519 δύνανται,
665 487 731 514 ἀλλά
748 487 795 514 καὶ
811 486 866 522 (41)
883 487 952 513 πάν-

166 543 211 566 τες
229 533 451 569 ἐπιγινώσκουσιν
479 534 502 560 οἱ
518 534 577 559 κατ’
598 532 687 559 αὐτῶν
706 532 858 565 ἀκούοντες,
879 533 953 567 ὅμως

166 580 241 607 οὐδὲν
261 580 467 616 προαχθήσομαι
487 579 574 612 λέγειν
602 578 669 614 πρὸς
684 579 782 610 αὐτοὺς
799 578 815 613 ἢ
830 578 909 613 μόνον
923 578 953 604 τὸ

166 627 213 653 τοῦ
225 625 325 662 Κυρίου
342 626 425 661 ῥῆμα,
442 625 488 652 καὶ
504 624 534 651 τὸ
549 624 595 651 τοῦ
617 624 776 651 Ἀποστόλου
794 623 884 659 ῥητὸν,
900 624 951 650 ὅτι·

170 671 205 698 Τὸ
228 671 276 706 μὲν
302 671 414 704 ψεῦδος
431 670 464 696 ἐκ
480 670 532 696 τοῦ
557 669 698 696 διαϐόλου
721 669 804 696 ἐστί’
822 670 869 695 καὶ
883 668 951 704 (ΔΞ),

169 717 243 743 οὔτε
253 716 282 743 δέ
297 715 428 749 λοίδοροι
437 715 601 747 ,βασιλείαν
619 714 692 742 Θεοῦ
705 714 952 748 κληρονομήσου-

166 770 228 789 σιν.
252 762 344 797 ’Δρκεῖ
358 762 411 796 γὰρ
427 761 524 792 αὐτοὺς
545 761 578 786 ὲκ
594 760 694 787 τούτων
714 759 851 795 δειχθῆναι
871 759 953 795 μηδὲν

167 806 237 833 κατὰ
251 805 281 832 τὸ
308 805 471 840 Εὑαγγέλιον
492 805 558 840 μήτε
579 804 743 840 φρονοῦντας
774 805 843 841 μήτε
864 804 952 840 πράτ-

166 859 272 882 τοντας,
286 851 355 878 κατὰ
367 851 395 877 δὲ
408 851 457 881 τὰς
471 850 537 882 ἰδίας
549 850 644 886 ἡδονὰς
661 850 800 886 οἰομένους
821 848 890 877 εἷναι
903 859 952 877 κα-

167 896 222 929 λὸν,
238 897 306 932 ὅπερ
321 897 396 923 αὐτοὶ
415 896 562 930 βούλονται.
966 886 989 916 Β

201 943 228 969 2.
247 941 353 977 Ἐπειδὴ
369 942 398 968 δὲ
412 941 620 977 προσποιοῦνται
630 941 729 969 δειλίαν
745 941 870 976 ἐγκαλεῖν
883 941 949 977 (45),
964 951 971 958 ι

167 988 313 1022 ἀναγκαῖον
326 987 403 1021 ὀλίγα
431 988 494 1023 περὶ
517 987 609 1014 τούτου
626 987 746 1023 γράψαι·
767 987 951 1023 δειχθήσονται

167 1034 220 1070 γὰρ
233 1034 278 1060 καὶ
298 1034 330 1060 ἐκ
345 1033 439 1060 τούτου
464 1033 576 1068 πονηροί
593 1042 622 1059 τε
647 1033 692 1060 τὸν
717 1034 827 1068 τρόπον,
853 1033 900 1060 καὶ
914 1033 951 1068 μὴ

168 1079 377 1114 ἐντετυχηκότες
403 1080 462 1110 ταῖς
490 1078 575 1110 θείαις
597 1079 731 1114 Γραφαῖς·
756 1079 772 1114 ἦ
797 1079 952 1114 ἐντυχόντες

170 1125 228 1159 μὲν.
244 1124 280 1159 μὴ
294 1124 465 1156 πιστεύοντες
477 1124 505 1151 δέ
523 1122 593 1150 εἶναι
604 1124 769 1150 θεόπνευστα
781 1124 814 1151 τὰ
826 1124 903 1159 λόγια
917 1124 951 1151 τά

168 1170 225 1205 (Mr)
241 1171 269 1197 ἐν
285 1171 389 1201 αὑταῖς.
404 1169 435 1196 Εἰ
463 1169 517 1205 γὰρ
537 1170 686 1202 ἐπίστευον,
708 1170 757 1196 οὐκ
770 1169 802 1197 ἂν
814 1170 888 1206 παρὰ
903 1171 952 1205 μὲν

167 1215 267 1247 ταύτας
283 1215 413 1250 ἐτόλμων,
428 1215 477 1250 τὴν
494 1215 520 1241 δὲ
535 1214 694 1250 κακοήθειαν
707 1214 760 1241 τῶν
772 1215 951 1251 κυριοκτόνων

173 1261 307 1288 Ἰουδαίων
318 1261 439 1297 ἐζήλουν.
455 1261 509 1288 Καὶ
519 1261 572 1295 γὰρ
586 1261 633 1288 τοῦ
645 1261 711 1288 Θεοῦ
719 1261 864 1293 δεδωκότος
877 1263 950 1288 ἐντο-

168 1306 231 1342 λήν·
251 1307 322 1342 Τίμα
340 1307 393 1333 τὸν
411 1306 522 1340 πατέρα
539 1314 596 1333 σου
615 1307 663 1333 καί
675 1306 732 1340 τὴν
742 1306 853 1342 μητέρα
874 1316 932 1334 σου
943 1316 950 1322 ·

168 1353 226 1385 καὶ,
245 1353 270 1378 '0
296 1352 469 1387 κακολογῶν
479 1351 589 1385 πατέρα
605 1352 624 1385 ἣ
647 1351 756 1386 μητέρα
781 1352 896 1384 θανάτῳ
913 1361 953 1379 τε·

167 1398 314 1425 λευτάτω·
333 1397 554 1432 ἀντενομοθὲτουν
571 1398 690 1424 κάκεῖνοι
719 1397 784 1432 (45),
809 1397 857 1432 τὴν
870 1398 951 1433 τιμὴν

168 1444 208 1474 είς
218 1443 327 1478 ἀτιμίαν
339 1443 545 1478 μεταφέροντες,
560 1443 607 1470 καὶ
622 1442 753 1479 ἀργυρίου
769 1443 799 1469 τὸ
809 1442 877 1478 πρὸς
890 1443 952 1474 τοὺς

168 1489 263 1522 γονέας
281 1488 399 1524 καθῆκον
424 1488 498 1523 παρά
512 1488 565 1515 τῶν
579 1488 679 1514 τέκνων
693 1488 951 1514 ἀντικαταλλάσσον-

167 1543 229 1566 τες·
246 1535 293 1561 καὶ
310 1534 539 1568 ἀναγινώσκοντες
556 1534 585 1560 δέ
599 1533 648 1565 τὰς
663 1533 709 1560 τοῦ
727 1534 809 1560 Δαὸὶδ
828 1534 951 1569 πράξεις,

168 1581 352 1615 ἀντεμελέτων
368 1581 461 1611 αὐταῖς
471 1580 537 1615 (46),
552 1580 597 1606 καὶ
607 1579 719 1614 ᾐτιῶντο
729 1581 790 1611 τοὺς
807 1580 952 1612 ἀναιτίους,

167 1625 305 1657 τίλλοντας
322 1626 450 1660 στάχυας,
468 1625 514 1651 καὶ
532 1625 671 1660 ψώχοντας
691 1627 718 1651 ἐν
741 1627 774 1660 τῇ
797 1626 888 1661 ἡμέρᾳ
906 1625 953 1652 τοῦ

168 1672 316 1698 Σαὸὃάτου.
338 1671 436 1706 Ἐμελε
446 1671 474 1697 δὲ
489 1671 578 1702 αὺτοῖς
592 1671 652 1697 οὔτε
662 1670 715 1697 τῶν
726 1671 824 1706 νόμων,
837 1671 897 1698 οὔτε
911 1671 955 1697 διὰ

168 1715 199 1742 τὸ
213 1715 348 1742 Σάϐϐατον
358 1724 364 1730 ·
377 1716 405 1741 ἐν
415 1715 488 1750 αὐτῷ
499 1715 553 1750 γὰρ
569 1715 667 1749 μᾶλλον
680 1715 863 1750 παρηνόμουν.
885 1714 953 1740 Ἀλλ’

167 1761 209 1788 ὃτι
223 1761 268 1787 τὸν
280 1761 380 1796 τρόπον
394 1761 469 1792 ὅντες
481 1761 604 1796 πονηροὶ,
617 1762 672 1791 τοῖς
681 1769 711 1786 τε
725 1759 858 1795 μαθηταῖς
874 1760 953 1793 ἐφθό-

168 1815 230 1834 νουν
254 1805 426 1842 σωζομένοις,
455 1806 500 1832 κα)¹
527 1805 606 1840 μόνον
621 1804 763 1839 ἠϐούλοντο
782 1804 816 1830 τὰ
835 1804 890 1839 (47)
904 1803 954 1838 τῆς

171 1852 238 1884 ἰδίας
247 1851 359 1887 γνώμης
371 1852 489 1888 κρατεῖν.
509 1851 619 1877 Ἐκεῖνοι
640 1851 688 1885 μὲν
701 1847 747 1876 οὖν
763 1850 811 1885 τῆς
826 1849 892 1881 ἰδίας
903 1858 954 1876 πα-

170 1897 300 1932 ρανομίας
312 1897 402 1932 έχουσι
416 1897 450 1923 τὰ
469 1896 605 1931 ἐπίχειρα,
624 1895 725 1930 ἀνίεροι
741 1895 890 1929 γενόμενοι,
907 1895 953 1921 καὶ

169 1941 260 1969 λοιπὸν
273 1943 400 1978 ἄρχοντες
414 1942 536 1977 Σοδόμων
552 1942 597 1968 καὶ
610 1941 672 1973 λαὸς
688 1941 829 1976 Γομόρρας
845 1950 953 1976 χρημα-

168 1987 297 2019 τίζοντες.
310 1988 364 2014 Καὶ
375 1986 446 2014 οὗτοι
457 1987 512 2024 (48)
524 1987 552 2014 δὲ
563 1987 638 2014 οὐδὲν
648 1984 729 2023 ἦττον
740 1987 849 2014 ἐκείνων
860 1987 953 2013 δοκοῦ-

171 2033 197 2060 σί
213 2042 258 2068 μοι
272 2033 321 2069 τὴν
336 2033 474 2068 ἐπιτιμίαν
485 2033 555 2068 ἔχειν
565 2033 625 2069 ἤδη,
640 2033 689 2068 τὴν
702 2034 751 2068 τῆς
762 2033 829 2065 ἰδίας
842 2033 953 2067 ἀλογίας

169 2079 288 2114 ἄγνοιαν.
308 2078 375 2105 Οὖτε
393 2080 447 2115 γὰρ
467 2080 572 2106 νοοῦσιν
589 2079 606 2105 ὃ.
623 2079 756 2113 λέγουσιν,
773 2078 839 2105 ἀλλὰ
855 2079 900 2105 καὶ
915 2087 953 2105 νο-

171 2125 292 2161 μίζουσιν
315 2126 412 2152 εἰδέναι
438 2126 509 2161 ἅπερ
520 2125 662 2158 ἀγνοοῦσι·
684 2125 750 2160 μόνη
771 2125 798 2151 δὲ
813 2125 911 2159 γνῶσις
923 2125 952 2151 ὲν

168 2172 258 2204 αὐτοῖς
272 2173 329 2198 ἐστι
339 2171 385 2198 τοῦ
399 2173 564 2202 κακοποιεῖν,
588 2171 634 2197 καὶ
650 2171 709 2198 καθ’
726 2171 831 2206 ἡμέραν
843 2171 952 2206 χείρονα

168 2219 286 2254 χείροσιν
310 2218 491 2253 ἐφευρίσκειν.
514 2218 570 2244 Καὶ
595 2217 650 2252 γὰρ
670 2217 716 2244 καὶ
739 2217 788 2252 τὴν
802 2217 848 2243 νῦν
863 2217 950 2252 φυγὴν

167 2265 255 2300 ἡμῶν,
278 2266 328 2292 οὐκ
347 2265 389 2292 ἐπ’
405 2266 489 2300 ἀρετῇ
511 2264 633 2296 θέλοντες
647 2265 720 2299 ἡμᾶς
746 2263 951 2299 ἀνδραγαθήσα-

966 1556 986 1584 C

1002 266 1045 286 me
1057 267 1193 296 spargere,
1212 268 1307 296 meque
1323 261 1429 297 probris
1445 261 1585 293 insectari,
1602 269 1633 289 ac
1651 261 1782 289 timidita-

1002 306 1037 333 tis
1052 313 1192 339 accusare,
1210 308 1280 341 quod
1295 315 1355 334 cum
1368 308 1402 334 ab
1418 307 1484 341 ipsis
1497 307 1530 333 de
1546 307 1635 334 medio
1649 307 1783 335 tollendus

1002 352 1162 386 inquirerer,
1183 360 1236 379 non
1254 352 1404 380 dedititium
1426 360 1468 380 ine
1486 352 1540 379 illis
1557 353 1712 380 obtulerim.
1732 353 1784 380 Ve-

1003 404 1061 423 rum
1079 397 1183 424 etiamsi
1204 397 1285 424 multa
1311 397 1375 424 mihi
1394 398 1427 424 ad
1444 397 1566 424 convicia
1591 402 1619 424 et
1634 397 1783 425 calumnias

1001 449 1093 469 eorum
1119 442 1300 477 depellendas,
1323 443 1464 470 scribenda
1498 447 1653 478 suppetant,
1672 451 1731 478 qua:
1749 451 1782 470 ne
1819 460 1824 466 ρ

1002 487 1052 522 ipsi
1065 487 1172 521 quidem
1189 488 1292 515 inﬁcias
1306 488 1344 514 ire
1357 488 1469 522 possint,
1483 495 1595 522 quaeque
1607 489 1733 516 omnibus
1748 488 1783 516 ad

1002 532 1170 566 quoshorum
1186 532 1253 559 fama
1266 534 1395 567 pervenit,
1408 539 1546 567 comperta
1559 539 1638 560 sunt:
1656 541 1709 561 non
1724 534 1784 561 ani-

1002 585 1073 604 mum
1097 582 1188 604 tamen
1215 578 1338 604 inducam
1360 584 1389 605 ut
1411 579 1548 613 quidpiam
1575 578 1714 612 obloquar,
1731 579 1783 607 nisi

1003 623 1105 650 Domini
1124 623 1283 650 sententiam
1297 627 1324 650 et
1337 623 1456 657 Apostoli
1477 623 1576 650 dictum
1594 632 1601 650 :
1618 623 1783 650 Mendacium

1001 675 1034 695 ex
1052 668 1155 695 diabolo
1172 669 1244 701 est”;
1260 673 1305 696 et:
1322 668 1445 696 Maledici
1461 677 1567 702 regnum
1585 669 1631 696 Dei
1650 678 1700 696 non
1717 679 1781 703 pos-

1002 714 1148 740 sidebunt“.
1165 713 1238 740 Satis
1252 713 1350 748 quippe
1375 718 1426 746 est,
1444 715 1514 749 quod
1535 714 1598 741 hine
1622 716 1783 750 comprobe-

1003 763 1057 791 tur,
1073 759 1139 786 nihil
1156 766 1202 786 eos
1221 759 1298 794 juxta
1320 759 1455 794 Evangelii
1474 766 1595 786 normam
1614 760 1655 788 vel
1675 768 1782 796 sapere,

1003 804 1045 831 vel
1068 812 1159 838 agere,
1185 804 1232 832 sed
1258 805 1389 832 arbitratu
1418 812 1467 833 suo
1485 813 1546 840 quae
1574 805 1681 840 placent
1707 812 1784 835 recta

1002 850 1169 877 existimare.

1037 938 1117 974 254
1125 939 1151 965 9.
1165 938 1199 965 At
1210 939 1423 973 quandoquidem
1438 947 1479 967 me
1491 941 1644 970 timiditatis
1658 942 1748 970 incusa
1755 951 1784 971 re

1002 984 1135 1016 videntur,
1162 991 1251 1018 opera:
1278 984 1394 1017 pretium
1419 984 1500 1012 fuerit
1519 993 1604 1020 pauca
1629 987 1678 1014 hac
1701 989 1734 1015 de
1754 995 1784 1016 re

1003 1029 1142 1056 scribere:
1160 1029 1221 1055 hinc
1240 1029 1311 1055 enim
1339 1029 1426 1063 palam
1455 1031 1507 1057 erit
1529 1038 1576 1058 eos
1600 1036 1627 1058 et.
1653 1033 1783 1067 improbis

1002 1082 1062 1102 esse
1075 1074 1204 1106 moribus,
1219 1079 1246 1101 et
1261 1074 1414 1109 Scripturas
1427 1076 1532 1104 divinas
1548 1078 1659 1106 minime
1675 1079 1783 1115 legisse,

1002 1126 1048 1148 aut
1060 1121 1154 1156 legisse
1167 1121 1285 1155 quidem.
1303 1121 1349 1149 sed
1363 1129 1455 1149 earum
1474 1124 1581 1157 eloquia
1595 1124 1724 1152 divinitus
1739 1126 1783 1154 in-

1002 1166 1102 1201 spirata
1127 1174 1180 1194 non
1205 1167 1315 1194 credere
1329 1175 1337 1194 :
1351 1175 1412 1194 nam
1435 1168 1456 1194 si
1475 1170 1629 1203 crederent,
1645 1177 1784 1205 nunquam

1002 1213 1132 1240 adversus
1148 1220 1239 1240 earum
1264 1213 1415 1240 doctrinam
1432 1219 1504 1241 tanta
1524 1214 1643 1243 facinora
1658 1217 1784 1245 admisis-

1002 1263 1072 1291 sent,
1093 1267 1179 1293 neque
1195 1258 1310 1286 fuissent
1334 1258 1488 1287 Iudaeorum
1510 1262 1555 1294 qui
1574 1262 1716 1289 Dominum
1738 1271 1785 1291 oc-

1003 1306 1125 1332 ciderunt
1143 1305 1336 1341 malignitatem
1361 1306 1487 1333 aemulati.
1513 1307 1617 1335 Etenim
1646 1317 1706 1336 cum
1734 1311 1785 1337 hoc

1002 1356 1162 1386 prmeeptuin
1175 1351 1292 1378 dedisset
1310 1351 1399 1379 Deus:
1414 1352 1521 1380 Honora
1543 1359 1643 1388 patrem
1665 1360 1738 1382 tuum
1760 1360 1791 1381 et

1002 1402 1111 1424 matrem
1133 1397 1239 1429 tuam";
1262 1401 1311 1423 et:
1330 1396 1382 1430 Qui
1406 1398 1569 1425 maledimerit
1588 1400 1658 1432 patri
1685 1409 1732 1427 suo
1746 1400 1787 1428 vel

1003 1443 1092 1474 matri,
1105 1447 1189 1469 marte
1202 1442 1348 1469 moriaturu
1365 1451 1370 1468 :
1390 1443 1529 1470 adversam
1548 1444 1585 1472 illi
1604 1445 1733 1474 induxere
1745 1447 1785 1473 le-

1003 1496 1073 1522 gem,
1098 1495 1231 1522 versoque
1254 1488 1280 1514 in
1307 1489 1481 1523 ignominiam
1506 1490 1618 1522 honore.
1643 1492 1785 1526 pecuniam

1003 1541 1062 1566 quae
1087 1532 1243 1567 parentibus
1266 1540 1280 1559 a
1307 1533 1370 1560 ﬁliis
1397 1534 1533 1567 eroganda
1555 1540 1629 1568 erat,
1654 1536 1681 1563 in
1707 1545 1785 1565 suain

1005 1578 1187 1605 distraxerunt
1202 1577 1346 1605 utilitatem
1362 1587 1368 1604 :
1384 1587 1500 1614 cumque
1517 1580 1626 1608 Davidis
1647 1587 1723 1615 gesta
1745 1583 1784 1609 le-

1004 1628 1111 1658 gerent,
1136 1630 1229 1651 contra
1253 1628 1340 1651 tamen
1365 1624 1402 1651 illi
1428 1631 1587 1658 senserunt,
1613 1626 1786 1664 innoxiisque

1005 1670 1157 1696 hominibus
1174 1670 1238 1697 vitio
1255 1671 1394 1698 vertebant
1413 1672 1483 1705 quod
1498 1671 1523 1698 in
1540 1673 1583 1699 die
1605 1672 1715 1701 Sabbati
1730 1676 1785 1710 spi-

1004 1723 1049 1743 cas
1062 1715 1190 1743 vellerent
1202 1716 1319 1743 confrica
1326 1717 1456 1751 remque“
1471 1725 1479 1744 ε
1495 1725 1554 1743 cum
1567 1720 1656 1745 tamen
1670 1719 1720 1754 ipsi
1735 1727 1785 1747 nee

1005 1761 1076 1796 leges
1091 1767 1217 1788 curarent
1233 1769 1282 1788 nee
1297 1761 1461 1794 Sabbatum;
1478 1762 1503 1789 in
1517 1763 1563 1790 illo
1577 1765 1648 1791 enim
1666 1765 1785 1800 iniquius

1004 1815 1064 1834 sese
1086 1807 1224 1841 gerebant.
1249 1807 1301 1834 Sed
1327 1815 1387 1834 cum
1414 1809 1503 1842 pravis
1528 1814 1618 1837 essent
1648 1812 1783 1843 moribus,

1003 1853 1193 1888 discipulorum
1218 1853 1298 1880 saluti
1318 1853 1484 1885 invidebant,
1509 1855 1590 1890 idque
1612 1855 1696 1883 solum
1721 1864 1784 1890 spe-

1004 1898 1114 1925 ctabant
1129 1903 1158 1926 ut
1174 1906 1222 1925 sua
1239 1899 1398 1932 prmvaleret
1413 1901 1556 1927 sententia.
1569 1901 1657 1935 Atque
1675 1901 1711 1928 illi
1724 1904 1785 1936 qui-

1003 1945 1063 1971 dem
1085 1944 1220 1978 injustitize
1236 1953 1291 1972 sum
1305 1946 1415 1980 praemia
1433 1946 1505 1973 nacti
1519 1952 1590 1978 sunt,
1609 1947 1714 1982 profani
1727 1949 1782 1982 jam

1003 1989 1101 2022 eﬂecti,
1128 1991 1154 2016 in
1175 1995 1368 2025 posterumque
1390 1992 1525 2026 principes
1548 1992 1734 2026 Sodomorum,
1755 1998 1784 2022 et

1003 2035 1116 2069 populus
1131 2036 1287 2064 Gomorrhae
1307 2037 1436 2071 appellati
1460 2037 1491 2064 '°.
1512 2037 1556 2065 Isti
1573 2046 1636 2066 vero
1657 2047 1710 2066 non
1734 2041 1785 2066 ini-

1003 2089 1068 2109 nore
1089 2090 1167 2116 quam
1190 2083 1228 2109 illi
1250 2089 1328 2118 pinna
1349 2086 1404 2118 jam
1427 2084 1531 2110 multati
1557 2085 1621 2111 mihi
1647 2085 1783 2118 videntur,

1003 2129 1116 2154 vesania:
1134 2135 1228 2162 nempe
1242 2137 1297 2155 sine
1314 2129 1478 2164 ignorantia.
1497 2128 1589 2163 Neque
1604 2130 1676 2156 enim
1704 2130 1783 2157 intel-

1002 2172 1086 2207 ligunt
1105 2181 1165 2208 quae
1179 2174 1323 2208 loquuntur
1340 2183 1347 2202 :
1364 2175 1427 2209 quin
1445 2175 1526 2201 etiam
1541 2182 1599 2208 qua:
1614 2177 1740 2209 ignorant
1755 2183 1784 2203 se

1003 2226 1080 2246 nosse
1096 2219 1273 2246 arbitrantur.
1287 2219 1344 2247 Una
1358 2225 1447 2247 autem
1465 2226 1506 2247 est
1522 2220 1574 2247 illis
1588 2221 1712 2253 scientia,
1728 2229 1785 2248 ma-

1004 2265 1076 2300 ligne
1095 2273 1185 2301 agere,
1203 2275 1234 2293 ac
1258 2267 1377 2300 quotidie
1401 2267 1490 2301 pejora
1515 2267 1652 2303 pejoribus
1669 2270 1783 2295 commi-

208 2354 237 2381 'I
254 2355 332 2384 Joan.
346 2347 384 2386 (ιι,
403 2355 449 2382 21.
487 2355 590 2383 'lCor.
627 2361 663 2389 γι,
684 2354 727 2383 10.
740 2355 747 2368 "
781 2354 791 2370 "
806 2353 889 2381 Exod.
912 2361 951 2388 xx,

1002 2359 1013 2381 ξ.
1051 2354 1062 2369 ⁸
1074 2353 1157 2380 Exod.
1175 2361 1232 2385 xxr,
1252 2353 1292 2380 Π.
1331 2354 1342 2369 ⁹
1355 2353 1449 2381 Matth.
1461 2361 1510 2385 xii,
1528 2353 1552 2380 i.
1593 2355 1615 2370 '°
1633 2355 1684 2382 lsa.
1701 2363 1720 2389 ι,
1736 2355 1781 2384 10.

166 2413 276 2449 διωγμῷ
288 2414 375 2449 φυγὴν
387 2412 478 2439 αὑτοῦ.
496 2413 533 2440 De
542 2413 578 2449 iis
588 2414 632 2447 qui
640 2421 715 2449 suurn
727 2412 755 2439 in
766 2412 944 2449 persecutione

167 2446 506 2482 fugam'cdluniniabamur.
534 2448 655 2478 δοίη-ιιι..
680 2447 725 2474 lib.
743 2455 762 2474 ιι
778 2446 849 2474 Hist.
863 2447 942 2478 c.28,

167 2483 211 2518 sic
221 2487 355 2518 nuncupat
372 2492 379 2509 :
406 2482 613 2518 Ἀπολογητικρς
637 2482 699 2518 περὶ
715 2483 763 2518 τῆς
773 2482 867 2518 ,φυγῇς
880 2482 943 2507 ἐαυ-

166 2517 212 2544 τοῦ
229 2516 316 2551 λόγοςζ
331 2517 476 2551 Theodor.,
493 2518 511 2544 Ι.
529 2516 546 2544 it
566 2517 636 2544 Hist.
665 2516 688 2545 (Ξ.
707 2516 751 2547 Ιὸζ
772 2517 802 2543 'H
817 2516 866 2551 τῆς
895 2525 944 2550 φυ-

166 2552 217 2587 γῆς
239 2552 392 2586 Ἀπολογία.
418 2552 446 2579 In
475 2553 588 2580 COIICiIiO
618 2558 706 2579 autem
736 2552 891 2587 Duziacensi
924 2560 943 2582 I.

168 2586 240 2622 tonio
256 2587 308 2613 VIII
331 2588 446 2619 Coucil.,
463 2595 488 2621 p.
507 2587 585 2619 1569,
603 2588 641 2614 sic
656 2594 795 2622 perperam
822 2586 918 2620 legitur
935 2594 942 2612 :

168 2620 209 2648 Ea:
228 2622 337 2654 epistola
349 2623 415 2649 Julii
429 2620 503 2657 papae
516 2624 542 2649 in
561 2620 761 2655 Atliandsii’pro
773 2621 835 2656 fuga
852 2622 942 2655 defen-

168 2658 238 2692 sione
251 2665 260 2683 :
272 2657 398 2692 locusque
414 2658 449 2684 ibi
464 2658 574 2685 affertur
587 2659 632 2691 qui
645 2657 713 2683 inl‘ra
729 2657 852 2692 habetur.

204 2691 259 2726 (Μ)
276 2691 321 2719 Sic
335 2691 400 2726 Reg.
419 2693 446 2719 In
464 2693 542 2720 editis
561 2692 607 2718 καί
636 2692 720 2718 deest.
745 2691 805 2718 Mox
821 2691 889 2723 huic,
918 2691 942 2717 oi

166 2727 225 2754 κατ’
239 2727 325 2753 αὐτῶν
339 2727 491 2759 ἀκούοντες,
508 2728 604 2754 desunt
615 2727 640 2753 in
655 2726 730 2761 Angi.

202 2762 257 2797 (b2)
272 2763 317 2789 Sic
339 2762 442 2795 Anglic.
461 2770 540 2796 quem
565 2762 712 2797 sequimur.
736 2761 790 2797 Καί
820 2761 895 2797 deest
915 2762 942 2787 in

166 2796 232 2835 Reg.
243 2796 276 2835 et»
286 2797 377 2825 editis.
394 2796 452 2835 Mox
465 2797 528 2835 editi
542 2802 602 2835 post
612 2796 690 2835 Θεοῦ,
707 2796 805 2823 habent
818 2796 947 2835 οὐηζέιιιειὶ

166 2829 305 2865 particula,
334 2839 394 2858 cum
436 2833 463 2859 in
493 2829 558 2864 Reg'.
584 2831 663 2862 desit,
700 2837 726 2858 et
756 2829 946 2864 superemi‘iat,

165 2873 296 2902 expuncta
314 2872 366 2895 est.
379 2866 436 2895 Mox
452 2867 517 2902 Reg.
536 2868 568 2894 ‘sx
581 2866 693 2899 τούτων,
710 2866 773 2894 editi
788 2867 819 2892 ἐκ
837 2865 942 2892 τούτου.

1033 2411 1089 2448 (45)
1106 2412 1175 2449 Edit.
1191 2410 1318 2449 Cnmmei.
1333 2411 1388 2449 sola
1401 2411 1537 2449 ἐκκαλεῖν.
1547 2412 1580 2449 in
1606 2413 1684 2447 Angl.
1701 2415 1780 2449 paulo

996 2446 1057 2481 poét
1074 2455 1102 2472 τε
1117 2446 1202 2473 deest.
1216 2446 1286 2472 Idem
1304 2446 1381 2477 infra,
1399 2446 1444 2473 καὶ
1462 2447 1528 2508 pigre
1545 2446 1666 2483 ὲντετυχζ

1031 2481 1086 2508 (Mi
1106 2481 1184 2508 Basil.
1202 2486 1228 2507 et
1244 2482 1404 2508 Anglicus:
1421 2481 1478 2508 Osi:
1507 2482 1581 2508 όγια.

1031 2481 1086 2514 (M)
1106 2481 1184 2508 Basil.
1202 2486 1228 2507 et
1244 2482 1404 2513 Anglic.,'ra't
1421 2481 1478 2508 Osi:

1031 2482 1086 2514 (M)
1106 2482 1184 2508 Basil.
1202 2486 1228 2507 et
1244 2482 1360 2513 Anglic”
1371 2482 1404 2508 τὰ
1421 2482 1478 2508 θεῖα
1492 2482 1581 2516 λόγια.

1031 2516 1086 2551 (45)
1099 2516 1215 2550 Anglic.,
1231 2517 1340 2542 ἐκεῖνοι.
1455 2550 1458 2551 ν

1031 2550 1089 2613 £46)
1114 2553 1190 2585 lieg.,
1211 2551 1424 2593 dyrepskérmv._
1436 2550 1494 2577 Mox
1517 2552 1631 2591 Anglic.
1648 2554 1782 2596 τίλλοντες

998 2595 1029 2613 at
1049 2595 1115 2613 γυας
1127 2586 1173 2612 καὶ
1199 2585 1336 2613 ὡωγοντες
1349 2586 1377 2611 ἐν
1393 2594 1426 2613 τη
1453 2586 1543 2613 ἡμέρα
1560 2595 1606 2612 του
1631 2588 1780 2613 Σαϐϐατου.

1049 2595 1115 2621 χυας
1127 2586 1173 2612 καὶ
1199 2585 1337 2621 ψώχοντες
1349 2586 1377 2611 ἐν
1393 2587 1426 2620 τῇ
1453 2586 1543 2621 ἡμέρᾳ
1560 2586 1606 2612 τοῦ
1631 2585 1780 2614 Σαϐϐάτουξ

999 2620 1098 2656 Ἔμελε
1123 2620 1177 2656 γὰρ
1193 2621 1283 2652 αὐτοῖς
1311 2620 1371 2646 οὕτε
1387 2621 1479 2656 νόμου,
1499 2620 1560 2647 οὕτε
1576 2622 1637 2654 διὰ,
1651 2627 1703 2649 etc.
1721 2622 1782 2649 MJK

997 2655 1077 2686 idem,
1095 2655 1274 2691 παρενόμουν.

1031 2691 1089 2760 (47)
1102 2691 1139 2717 Ita
1158 2691 1235 2725 Reg.,
1253 2695 1279 2716 et
1294 2695 1377 2717 recte.
1395 2690 1422 2716 In
1440 2691 1519 2718 editis
1534 2691 1566 2718 τά
1583 2692 1668 2718 deest.

1034 2726 1078 2760 (48
1103 2726 1148 2753 Sic
1161 2726 1241 2752 Basil.
1256 2725 1359 2759 Anglic.
1374 2727 1407 2752 At
1423 2725 1488 2760 Reg.
1504 2731 1531 2753 et
1542 2727 1605 2753 editi
1619 2727 1668 2753 αὐτ

1034 2725 1148 2765 (4§)_Sic
1161 2726 1241 2765 Desii.
1256 2725 1359 2765 Anglic.
1374 2727 1407 2765 ᾼι
1423 2725 1488 2765 Ιξιξεζ
1504 2731 1531 2753 et
1542 2727 1605 2765 editi
1619 2727 1703 2765 αὐτοί.
1720 2726 1782 2754 Mox

1000 2761 1026 2788 in
1038 2760 1117 2788 editis
1128 2761 1205 2792 male,
1220 2760 1353 2793 δοκοῦσιν,
1369 2762 1393 2786 οἱ
1410 2768 1415 2774 ·
1432 2761 1456 2786 in
1471 2761 1535 2795 Reg.
1548 2762 1585 2788 sic
1601 2763 1684 2795 prima
1702 2770 1780 2788 manu

998 2796 1113 2830 positum
1129 2795 1225 2827 fuerat,
1237 2796 1282 2822 sed
1299 2797 1415 2822 secunda
1431 2796 1455 2822 οἱ
1482 2797 1609 2825 deletum.
1629 2797 1664 2824 At
1682 2797 1780 2826 rectius

999 2830 1078 2866 Aegi.
1091 2835 1117 2859 et
1133 2830 1226 2865 Basi|.,
1237 2830 1344 2857 δοκοῦσί
1361 2839 1416 2866 μοι.
