2007 3044
232 126 289 154 ’ὓΠ
515 125 549 152 -8,
572 123 753 151 ATHANASH
772 122 845 150 OPP.
868 122 954 150 PARS
973 122 992 149 l.
1013 137 1047 142 -

237 186 313 213 nisci.
332 187 456 212 Nostram
473 185 570 220 quippe
590 185 678 219 fugam
702 191 753 210 non
779 191 810 210 eo
835 183 1013 210 criminantur
1027 185 1049 212 Α

236 239 289 266 quo
308 231 392 258 velint
412 238 460 257 nos
478 238 537 257 cum
554 230 651 256 virtute
668 237 698 256 ac
716 229 821 256 fortiter
837 236 917 263 agere
933 238 939 256 :
953 235 1013 255 nam

238 278 307 304 unde
333 276 447 303 inimicis
463 281 552 303 votum
568 275 709 310 ejusmodi,
728 283 775 310 pro
797 275 861 301 viris
889 275 934 310 qui
960 282 1013 301 non

237 330 290 348 uno
303 329 392 349 secum
408 321 582 356 malignitatis
593 329 672 347 cursu
691 321 833 347 fertmtur?
850 321 883 346 At
899 318 1013 354 improbi

237 375 296 394 cum
316 367 379 398 sint.
405 367 574 394 simulatione
598 366 651 398 ttsi,
673 366 729 393 haec
746 366 844 400 ubique
862 370 1012 400 spargunt:

238 413 299 443 rati.
313 412 349 440 ita
365 419 460 446 nempe
475 412 549 439 stulti
570 416 644 443 sunt,
659 419 707 438 nos
722 417 793 438 metu
809 411 940 445 ejusmodi
956 411 1014 438 illo-

237 451 304 485 rum'
320 458 434 485 convicii
457 457 600 492 aliquando
626 457 690 492 ipsis
713 464 883 484 occursuros.
903 456 931 484 id
953 464 1014 492 per-

236 510 331 539 optant
346 504 460 535 scilicet,
485 511 569 538 eaque
583 503 614 530 de
635 511 715 530 causa
736 503 835 537 ubique
849 503 1014 530 circumcur-

235 554 295 578 sant
305 559 310 576 :
320 555 346 576 et
360 550 421 577 dum
435 557 494 577 sese
507 549 608 576 amicos
620 549 756 581 simulant,
768 554 796 576 ut
810 549 909 576 inimici
925 553 1013 576 tamen

236 597 431 632 pervestigaut,
457 603 510 629 quo
537 596 650 622 aliorum
679 595 810 625 sanguine
829 595 884 628 jam
912 595 1013 627 satiati,

235 651 283 669 nos
310 650 417 677 quoque
443 642 538 669 tollant
558 642 592 669 de
618 641 706 669 medio
721 648 728 667 :
743 641 803 668 ideo
820 648 914 675 nempe
940 640 1012 675 quod

235 688 363 714 adversus
386 694 478 714 eorum
508 686 670 721 impietatem
688 693 792 720 semper
806 686 970 713 senserimus
987 689 1014 712 et

231 735 287 770 jam
300 734 458 766 sentiamus,
472 741 618 768 eorumque
634 732 758 760 haeresim
775 731 946 759 confutantes
959 735 1013 758 tra-

235 780 373 807 ducamus.

268 827 294 853 3.
309 826 392 859 Quem
406 825 477 852 enim
494 832 611 859 unquam
626 824 770 858 persecuti.
781 823 823 850 ubi
837 823 1012 858 comprehen-

234 871 342 902 derunt.
363 869 531 897 contumeliis
551 877 604 896 non
623 868 948 903 oneravereiquemnam,
966 868 1010 895 ubi
1026 858 1047 886 Β

235 916 413 950 conquisitum
429 914 672 949 deprehenderunt,
688 921 740 940 non
760 914 795 940 ita
816 917 967 940 tractarunt
984 917 1013 939 ut

235 962 275 988 vel
287 961 383 988 misere
398 961 530 988 interiret.
541 960 582 986 vel
593 959 708 994 undique
723 959 791 986 male
805 958 934 986 haberet?
945 958 1012 986 Nam

235 1014 294 1041 qua:
308 1014 322 1032 a
333 1006 466 1042 judicibus
479 1006 519 1040 agi
536 1005 613 1041 vulgo
624 1006 821 1037 existimantur,
836 1004 893 1032 haec
906 1004 1012 1031 illorum

235 1058 295 1080 sunt
311 1060 391 1086 opera
409 1062 414 1078 :
430 1052 493 1086 quin
509 1051 558 1086 ipsi
580 1051 686 1085 judices
700 1051 805 1078 illorum
820 1050 928 1078 consilii
948 1055 1012 1077 sunt

234 1103 260 1125 ct
274 1097 380 1124 malitiae
397 1097 521 1124 ministri.
536 1096 663 1129 Quisnam
677 1096 758 1131 igitur
771 1095 847 1123 locus
858 1095 904 1130 qui
917 1103 1011 1123 eorum

235 1142 413 1177 improbitatis
440 1141 546 1176 aliquod
573 1150 623 1169 non
649 1142 772 1176 praeferat
796 1141 957 1175 vestigium?
982 1141 1011 1168 lu

233 1195 376 1222 quemnam
394 1187 439 1222 qui
460 1187 600 1214 adversum
621 1194 650 1212 se
670 1185 796 1219 senserit,
817 1193 914 1213 causas
936 1192 1012 1214 more

232 1233 362 1260 Jelabelis
374 1233 528 1265 commenti,
543 1239 595 1259 non
617 1231 826 1265 conspirarunt.’
842 1231 906 1264 Quae
919 1230 1012 1258 Eccle-

233 1279 272 1305 sia
286 1286 337 1304 non
350 1278 404 1311 jam
421 1278 447 1304 in
461 1277 533 1304 luctu
548 1281 599 1309 est,
614 1281 722 1311 propter
739 1276 845 1304 illorum
867 1277 1010 1304 adversum

232 1324 372 1358 episcopos
394 1331 457 1350 suos
478 1322 607 1350 insidias?
628 1321 770 1349 Antiochia
790 1327 899 1356 propter
916 1321 1012 1349 Eusta-

234 1369 319 1396 thium
333 1368 514 1395 confessorem
532 1370 558 1394 et
571 1367 752 1394 orthodoxum
771 1367 857 1392 virum
872 1375 878 1392 :
892 1365 1011 1393 Balanea:

233 1413 267 1440 ob
282 1412 500 1447 Euphrationem,
511 1412 738 1439 mirabilissimum
750 1412 884 1439 hominem
899 1421 904 1438 :
918 1411 1010 1439 Paltus

233 1463 260 1485 et
285 1459 438 1485 Autaradus
467 1462 577 1492 propter
603 1456 752 1492 Cymatium
780 1461 808 1484 et
835 1456 1008 1484 Carterium:

232 1503 418 1538 Adrianopolis
433 1503 467 1530 ob
482 1502 638 1537 Entropium
663 1501 764 1529 Christi
783 1502 1008 1534 amantissimum,

232 1557 264 1576 ac
279 1549 375 1576 deinde
397 1549 432 1576 ob
454 1549 577 1581 Lucium,
602 1548 648 1583 qui
664 1548 780 1582 ipsorum
797 1555 879 1582 opera
901 1553 1010 1576 catenas

232 1601 302 1629 stepe
324 1595 436 1629 gestavit
461 1599 488 1620 et
516 1593 555 1620 sic
579 1592 795 1627 iuteriit:255
821 1593 883 1620 item
903 1595 1009 1629 Ancyra

233 1646 340 1674 propter
351 1639 505 1666 Marcellum
519 1647 526 1666 :
540 1639 632 1666 Berma
643 1639 678 1665 ob
691 1638 790 1673 Cyrum
801 1647 808 1666 :
818 1638 890 1665 Gaza
902 1643 1010 1673 propter

233 1678 384 1720 Asclepatn.
407 1685 439 1712 Et
455 1686 503 1712 hos
522 1686 640 1719 quidem,
659 1685 783 1711 homines
801 1684 838 1711 illi
858 1692 923 1712 sane
941 1684 1010 1711 [rau-

233 1731 346 1763 dulenti,
364 1731 535 1758 contumeliis
551 1731 625 1765 prius
641 1730 754 1758 aiTectos
775 1730 801 1757 in
815 1731 936 1758 exsilium
952 1730 1010 1757 mit-

233 1778 327 1804 tendos
341 1781 468 1803 curarunt
484 1785 490 1803 :
504 1776 670 1803 Theodulum
686 1784 749 1803 vero
770 1781 796 1803 et
810 1776 960 1811 Olympium
982 1776 1008 1803 in

232 1821 347 1849 Thracia
366 1822 518 1856 episcopos,
532 1829 580 1848 nos
592 1823 655 1849 item
669 1826 695 1849 et
708 1822 879 1857 presbyteros
893 1827 1008 1854 nostros,

232 1868 349 1902 undique
367 1868 560 1902 perquirendos
577 1867 726 1902 jusserunt,
749 1875 781 1895 eo
795 1867 898 1895 scilicet
919 1868 1009 1894 animo

231 1918 260 1940 ut
277 1913 456 1948 deprehensos
475 1914 562 1948 capite
578 1914 735 1948 plectcrcnt.
759 1914 845 1948 Atque
867 1914 927 1941 talis
942 1914 1010 1941 forte

231 1959 310 1986 nobis
332 1959 392 1986 vitae
414 1960 501 1986 exitus
526 1959 631 1990 fuisset.
648 1960 697 1986 nisi
722 1965 820 1995 praeter
840 1967 933 1987 eorum
948 1967 1009 1987 scn-

1023 1525 1044 1554 C

232 2005 341 2032 tentiam
355 2010 416 2032 tunc
430 2005 638 2039 aufugissemus.
654 2006 680 2033 ld
694 2006 765 2032 cuitu
778 2006 898 2033 ferebant
914 2006 1008 2034 litterze

230 2050 360 2077 adversus
372 2050 523 2085 Olympium
544 2051 577 2076 ad
601 2051 787 2085 proconsulem
805 2051 948 2083 Donatum,
964 2052 1008 2079 lit-

231 2101 295 2123 tera:
308 2096 372 2122 item
387 2096 528 2122 adversum
543 2103 585 2123 me
600 2096 633 2123 ad
647 2096 812 2131 Philagrium
827 2097 904 2124 (lane.
919 2096 1009 2124 Enim-

230 2148 294 2168 vero
307 2139 420 2168 Paulum
433 2140 679 2176 Constantinopolis
691 2142 848 2176 episcopum
861 2143 1005 2176 persecuti,

1067 120 1251 148 lllSTORlCA
1273 121 1315 149 ET
1337 120 1546 149 DOGMATICA.
1747 112 1749 115 ’
1795 123 1852 149 ets

1066 181 1125 207 σθαι
1139 181 1202 215 (ιο),
1218 181 1388 208 διαϐάλλουσι
1398 190 1404 195 ·
1424 180 1504 208 ποθεν
1514 181 1567 216 γὰρ
1578 180 1644 216 εὐχὴ
1660 181 1770 216 τοιαύτη
1783 182 1851 217 παρ’

1065 227 1169 262 ἐχθροῖς
1184 227 1252 262 ὑπὲρ
1269 227 1322 253 τῶν
1337 227 1374 262 μὴ
1392 227 1588 262 συντρεχόντων
1607 227 1696 258 αὐτοῖς
1711 228 1740 253 ἐν
1753 228 1785 262 τῇ
1801 236 1852 253 κα-

1065 275 1236 308 κοφροσύνιμ
1268 273 1347 299 Ἀλλὰ
1369 273 1512 308 κακοήθεις
1538 273 1612 304 ὄντες
1639 272 1850 308 σχηματίζονται

1064 319 1175 346 τοιαῦτα
1187 319 1372 354 περιϐομϐεῖν,
1387 319 1550 354 νομίζοντες,
1571 319 1677 354 εὐήθεις
1696 318 1770 350 ὄντες
1785 318 1850 354 ἀλη-

1065 365 1119 396 θῶς
1141 366 1217 392 αὐτοὶ
1233 366 1298 400 (50),
1319 365 1356 397 ὡς
1377 365 1430 400 ἄρα
1446 365 1500 391 δέει
1515 365 1564 400 τῆς
1582 365 1646 400 παρ’
1660 364 1748 391 αὐτῶν
1769 364 1850 391 λοιδο-

1067 411 1125 447 ρίας
1140 411 1310 447 προσάξομεν
1325 411 1437 443 ἑαυτούς
1465 420 1529 438 ποτε
1542 411 1640 442 αὐτοῖς.
1658 410 1769 437 Θέλουσι
1783 410 1848 446 γὰρ,

1065 458 1110 484 καὶ
1119 457 1162 484 διὰ
1180 457 1258 484 τοῦτο
1276 457 1363 484 πάντα
1380 456 1581 492 περιτρέχουσι·
1599 457 1646 484 καὶ
1660 457 1848 492 ὑποκρίνονται

1065 503 1120 539 (51)
1136 504 1183 539 μὲν
1195 503 1232 535 ὡς
1251 503 1332 538 φίλοι,
1343 503 1510 538 ἐρευνῶσιόὲ
1524 503 1561 534 ὼς
1577 503 1681 538 ὲχθροί”
1697 503 1748 535 ἵνα,
1766 503 1850 537 αἱμά-

1064 559 1116 577 των
1140 550 1349 586 ἐμφορηθέντες,
1364 549 1482 576 ἐκποδὼν
1499 550 1630 584 ποιήσωσι
1652 550 1698 576 καὶ
1710 550 1794 585 ἡμᾶς,
1806 549 1848 576 ὅτι

1065 596 1134 623 κατὰ
1147 597 1195 631 τῆς
1209 595 1334 626 ἀσεϐείας
1351 595 1439 621 αὐτῶν
1450 595 1638 630 ἐφρονήσαμεν
1654 595 1696 622 ἀεὶ
1712 596 1758 622 καὶ
1782 604 1848 630 φρο-

1064 639 1172 674 νοῦμεν,
1188 640 1233 665 καὶ
1243 638 1292 674 τὴν
1305 639 1408 674 αἵρεσιν
1424 639 1512 665 αὐτῶν
1526 639 1680 674 ἐλέγχοντες
1695 639 1848 674 στηλιτεύο-

1065 693 1127 720 μεν.

1098 814 1124 841 3.
1138 815 1203 841 Τίνα
1214 814 1268 850 γάρ
1279 823 1343 840 ποτε
1355 814 1496 846 διώκοντες
1510 816 1555 841 καὶ
1568 815 1764 848 καταλαϐόντες
1779 817 1846 852 (32),

1061 860 1109 894 οὺχ
1122 859 1236 894 ὕϐρισαν
1257 859 1294 892 ὼς
1310 859 1461 894 ήθέλησαν;
1481 860 1540 886 τίνα
1559 860 1711 895 ζητοῦντες,
1729 862 1775 888 καὶ
1799 863 1846 888 et).

1063 906 1165 941 ρόντες,
1181 906 1231 941 οὐχ
1243 906 1328 938 οὕτως
1338 906 1475 941 διέθηκαν,
1489 906 1526 938 ὼς
1541 906 1557 942 ἦ
1571 907 1727 942 τελευτῆσαι
1743 909 1844 942 κακῶς,

1062 951 1078 986 ἢ
1095 951 1249 987 λωϐηθῆναι
1264 952 1444 987 πανταχόθεν;
1464 953 1496 979 Ἀ
1506 952 1559 988 γὰρ
1568 953 1593 980 οἱ
1607 953 1732 980 δικασταὶ
1739 954 1846 981 δοκοῦσι

1063 998 1159 1029 ποιεῖν,
1177 997 1253 1024 ταῦτ’
1276 998 1387 1025 ἐκείνων
1415 998 1470 1033 (55)
1496 999 1569 1026 ἐστὶν
1596 999 1778 1035 ἐνεργήματα,
1799 1001 1847 1027 καὶ

1063 1043 1161 1078 μᾶλλον
1174 1040 1246 1070 οὗτοι
1261 1043 1310 1080 τῆς
1322 1044 1432 1071 ἐκείνων
1447 1046 1630 1080 προαιρέσεως
1648 1046 1694 1072 καὶ
1716 1047 1846 1082 πονηρίας

1062 1090 1130 1116 εἰσὶν
1141 1089 1284 1125 ὑπηρέται.
1299 1090 1376 1121 Heio.-
1390 1090 1478 1117 τοίνυν
1493 1091 1573 1123 τόπος
1587 1092 1636 1118 οὐκ
1653 1091 1708 1127 ἔχει
1731 1093 1778 1128 τῆς
1797 1102 1846 1119 κα-

1062 1136 1123 1167 κίας
1133 1135 1222 1162 αὐτῶν
1235 1136 1382 1171 ὑπόμνημα
1396 1136 1451 1172 (54)
1463 1144 1471 1168 ;
1490 1137 1549 1163 τίνα
1564 1138 1712 1174 φρονοῦντα
1725 1139 1784 1165 κατ’
1798 1140 1847 1165 αὺ-

1061 1180 1115 1208 τῶν
1129 1181 1160 1207 ού
1175 1182 1414 1213 συνεσκευάσαντο,
1430 1181 1597 1218 πλασάμενοι
1611 1184 1758 1219 προφάσεις
1776 1185 1846 1211 κατὰ

1060 1226 1110 1262 τὴν
1133 1227 1263 1260 Ίεζάϐελ;
1276 1228 1345 1255 Ποία
1369 1229 1515 1264 Ἐκκλησία
1527 1229 1574 1257 νῦν
1590 1229 1619 1256 οὐ
1635 1229 1728 1265 θρηνεῖ
1740 1231 1784 1257 διὰ
1797 1231 1845 1262 τὰς

1061 1272 1172 1299 ἐκείνων
1186 1273 1254 1299 κατὰ
1263 1273 1316 1300 τῶν
1333 1274 1420 1309 αὺιτῶν
1434 1275 1590 1301 ἐπισκόπων
1604 1275 1764 1308 ὲπιϐοολάς;
1786 1277 1844 1302 Ἀν-

1060 1317 1163 1351 τιόχεια
1178 1317 1227 1352 μὲν
1241 1317 1275 1343 δι’
1291 1318 1438 1346 Εὑστάθιον
1459 1319 1504 1345 τὸν
1519 1320 1685 1355 ὀμολογητὴν
1707 1321 1754 1347 καὶ
1771 1321 1845 1357 ὀρθό-

1060 1361 1134 1393 δοξον
1144 1370 1150 1376 '
1167 1361 1299 1388 Βαλανέαι
1311 1362 1339 1389 δὲ
1351 1363 1384 1388 δι’
1398 1364 1574 1399 Εὑφρατίωνα
1588 1364 1633 1390 τὸν
1655 1364 1841 1400 θαυμασιώτα-

1060 1415 1121 1434 τον·
1137 1408 1184 1434 καὶ
1208 1407 1311 1440 Πάλτος
1327 1408 1376 1443 μὲν
1398 1409 1445 1435 καὶ
1467 1409 1626 1444 Ἀντάραδος
1641 1410 1683 1436 διὰ
1707 1411 1843 1446 Κυμάτιον

1061 1453 1108 1480 κα).
1122 1453 1288 1489 Καρτέριον·
1318 1454 1377 1489 ἡδὲ
1398 1455 1615 1490 Ἀδριανούπολις
1643 1456 1677 1482 δι’
1698 1457 1844 1492 Εὑτρόπιον

1060 1499 1106 1525 τὸν
1119 1499 1299 1535 φιλόχριστον,
1312 1500 1359 1527 καὶ
1372 1500 1417 1526 τὸν
1435 1501 1492 1535 μετ’
1506 1501 1585 1527 αὑτὸν
1595 1501 1716 1534 Λούκιον,
1728 1501 1772 1528 τὸν
1782 1503 1843 1529 πολ-

1061 1546 1138 1577 λάκις
1153 1545 1216 1580 παρ’
1232 1545 1320 1572 αὐτῶν
1336 1547 1382 1572 καὶ
1395 1547 1502 1578 ἁλύσεις
1518 1547 1680 1582 φορέσαντα,
1702 1549 1749 1574 καὶ
1760 1548 1843 1580 οὕτως

1060 1591 1243 1618 ἀποθανόντα·
1266 1591 1312 1618 καὶ
1330 1592 1454 1627 Ἀγκυρα
1469 1593 1518 1627 μὲν
1538 1592 1581 1618 διὰ
1596 1592 1764 1628 Μάρκελλον,
1776 1593 1842 1629 Βέρ-

1060 1638 1122 1672 ροια
1137 1636 1164 1663 δὲ
1193 1636 1236 1663 διὰ
1257 1636 1358 1673 Κῦρον,
1384 1638 1430 1664 καὶ
1446 1637 1519 1669 Γάζα
1541 1637 1573 1665 δι’
1596 1638 1750 1674 Ἀσκληπᾶν
1775 1639 1841 1674 (55).

1060 1682 1176 1714 Τούτους
1201 1682 1250 1718 μὲν
1266 1683 1320 1719 γὰρ
1342 1683 1426 1710 πολλὰ
1447 1683 1578 1719 πρότερον
1600 1684 1769 1719 ὑϐρίσαντες,
1799 1684 1842 1716 ἐξ·

1059 1727 1199 1763 ορισθῆναι
1217 1728 1396 1762 πεποιήκασιν
1419 1729 1443 1754 οἱ
1467 1727 1564 1754 δόλιοι·
1592 1728 1732 1755 Θεόδουλον
1747 1729 1775 1755 δὲ
1796 1729 1843 1755 καὶ

1066 1774 1210 1810 Ὀλύμπιον
1235 1775 1288 1801 ἀπὸ
1314 1775 1363 1810 τῆς
1386 1774 1496 1811 Θρᾴκης
1525 1775 1687 1807 ἐπισκόπους
1703 1775 1768 1812 (56),
1795 1777 1842 1802 καὶ

1059 1824 1142 1858 ἡμᾶς,
1160 1823 1206 1849 καὶ
1223 1823 1420 1859 πρεσϐυτέρους
1436 1823 1593 1859 ἡμετέρους,
1610 1823 1695 1857 οὕτως
1712 1825 1840 1860 ἐποίησαν

1060 1868 1218 1904 ζητηθῆναι,
1241 1868 1322 1900 ὥστε,
1339 1869 1362 1894 εἰ
1382 1868 1565 1904 εὑρεθείημεν,
1585 1869 1704 1904 κεφαλῆς
1726 1870 1841 1905 ὑποστῆ-

1059 1922 1102 1940 ναι
1113 1914 1256 1949 τιμωρίαν.
1270 1915 1324 1940 Καὶ
1335 1914 1403 1948 τάχα
1420 1914 1452 1940 ἂν
1470 1914 1640 1950 ἀπεθάνομεν
1659 1915 1753 1947 οὕτως,
1767 1917 1791 1942 εἰ
1804 1916 1841 1951 μὴ

1061 1959 1134 1994 παρὰ
1150 1959 1260 1995 γνώμην
1287 1959 1375 1986 αὐτῶν
1391 1960 1526 1995 ἐφύγομεν
1556 1961 1602 1987 κα)¹
1628 1961 1697 1987 τότε.
1722 1962 1838 1989 Τοιαῦτα

1060 2006 1113 2040 γάρ
1130 2007 1186 2032 ὲστι
1203 2006 1237 2032 τὰ
1257 2006 1305 2041 μὲν
1320 2006 1389 2033 κατὰ
1402 2006 1456 2033 τῶν
1471 2006 1534 2042 περὶ
1555 2007 1700 2043 Ὀλύμπιον
1715 2009 1782 2044 πρὸς
1795 2009 1840 2035 τὸν

1059 2051 1209 2078 ἀνθύπατον
1236 2053 1368 2084 Δωνᾶτον,
1392 2052 1427 2079 τὰ
1443 2052 1470 2078 δὲ
1490 2052 1550 2078 καθ’
1566 2054 1644 2088 ἡμῶν
1668 2055 1736 2089 πρὸς
1761 2054 1841 2081 Φιλά-

1059 2105 1134 2132 γριον
1153 2096 1262 2123 δοθέντα
1277 2097 1437 2132 γράμματα.
1462 2098 1514 2124 Τὸν
1533 2097 1586 2134 γὰρ
1607 2099 1655 2133 τῆς
1673 2100 1841 2126 Κωνσταντι-

1059 2142 1208 2174 νουπόλεως
1225 2142 1280 2178 (57)
1294 2143 1440 2170 ἐπίσκοπον
1459 2143 1563 2170 Παῦλον
1585 2143 1726 2177 διώξαντες
1742 2145 1787 2171 καὶ
1800 2145 1841 2171 εύ-

229 2195 291 2216 cum
303 2189 476 2223 reperissent,
489 2188 584 2216 Cucusi
600 2189 625 2216 in
636 2188 805 2223 Cappadocia
820 2188 905 2222 palam
919 2193 1008 2215 stran-

1061 2187 1161 2223 ρόντες,
1181 2188 1324 2223 προφανῶς
1346 2188 1526 2223 ἀποπνιγῆναι
1556 2190 1734 2225 πεποιήκασιν
1751 2191 1779 2216 ἐν
1804 2192 1838 2226 τῇ

229 2234 313 2270 gulari
327 2239 457 2262 curarunt
471 2245 476 2262 :
491 2235 617 2262 carniﬁce
638 2235 679 2262 usi
693 2234 816 2268 Philippo
829 2235 892 2261 olim
911 2234 1005 2269 prtere-

265 2325 320 2362 (49)
333 2325 425 2362 Begu”
440 2325 695 2362 ἀνδραγαθίσασθαι.
721 2325 803 2358 Edili,
836 2324 1006 2361 ἀνδραγαθή-

229 2361 336 2388 σασθαι.
350 2361 715 2397 Λιιδιὶεηκὰνδραγαθεῐσθαι.

263 2396 319 2431 (50)
335 2397 381 2423 Sic
394 2394 459 2431 Reg.
471 2394 552 2428 Editi,
566 2394 645 2422 ’Ἀλλὰ
653 2395 796 2431 κακοήθεις
811 2395 886 2427 ὄντες
899 2394 1006 2431 ἀληθῷς

228 2429 315 2461 αὐτοί,
331 2429 630 2458 οιῐιὶεεὶἐίηιειιιηειϋὶε.
642 2429 745 2463 Anglic.
764 2438 827 2456 vero
840 2431 878 2457 sic
896 2439 902 2455 :
927 2429 1006 2456 Ἀλλὰ

226 2466 370 2501 κακοήθεις
385 2466 460 2498 ὅντες
474 2466 668 2501 σχηματίζουσι
683 2465 856 2501 περιϐομϐεῖν
867 2485 875 2498 ,
892 2465 938 2491 καὶ
963 2464 1006 2491 διὰ

225 2500 412 2532 τοῦτοπάντα,
429 2500 651 2529 ηιυιιιεοιιιὶεείδ.

261 2535 317 2572 (5|)
334 2536 372 2562 lta
388 2535 453 2572 Heg.
469 2536 549 2563 Basil.
564 2536 669 2571 Anglic.
699 2535 784 2572 Editi_
798 2543 872 2572 vero,
887 2534 1005 2572 προτρέ-

225 2570 363 2606 χούσικαὶ
380 2571 524 2606 κρίνονται,
540 2570 627 2598 minus
653 2576 736 2598 recte.
761 2570 821 2598 Mox
846 2571 872 2597 in
897 2571 1003 2604 Anglic.

224 2610 284 2640 post
294 2606 421 2641 ἐρευνῶσι
436 2607 509 2632 deest
519 2606 557 2632 δέ.

261 2639 318 2675 (52)
335 2640 396 2667 Πίου
412 2641 543 2667 habentur
554 2640 623 2675 apud
637 2639 835 2667 Theodoretum
851 2640 869 2667 ι.
895 2647 912 2666 ιι
932 2639 1003 2666 Hist.

223 2683 248 2702 c.
263 2675 305 2702 15.
319 2676 378 2703 Mox
392 2676 506 2710 Auglic..
522 2676 568 2702 καὶ
583 2675 764 2710 λαμϐάνοντες
780 2675 838 2709 οὐχ.

271 2710 315 2745 55)
328 2711 373 2738 Sic
385 2711 450 2744 Reg.
464 2711 531 2737 Editi
548 2712 626 2742 male,
635 2711 695 2736 κατ’
710 2710 830 2745 ἐκείνων.

272 2743 315 2777 54)
331 2747 419 2780 Angl..
438 2745 627 2780 ὑπομνήματα.
649 2745 716 2771 Ποία
738 2744 883 2780 Ἐκκλησία
903 2743 951 2770 νῦν
972 2743 1003 2780 οὐ

225 2778 318 2814 θρηνεί
329 2778 443 2810 sta-1i;
466 2778 575 2807 ἐκείνων
595 2780 682 2806 αὐτῶν
706 2778 849 2811 ἐπιϐουλάς
862 2800 870 2812 ,
897 2779 1003 2806 omissis

226 2815 326 2841 multis.
345 2815 395 2846 Qui
420 2820 570 2847 sequuntur
593 2823 656 2843 vero
675 2814 803 2848 episcopi,
819 2818 1002 2841 tuetnorautur

1056 2233 1191 2270 λεγομένῃ
1207 2233 1354 2269 Κουκουσῷ
1373 2233 1423 2269 τῆς
1434 2234 1638 2268 Καππαδοκίας,
1655 2235 1750 2271 δήμιον
1760 2237 1839 2271 ἐσχη-

1061 2327 1125 2354 item
1153 2325 1203 2354 sub
1218 2325 1323 2353 initium
1338 2326 1463 2360 Epistolas
1483 2327 1517 2353 ad
1540 2325 1679 2353 Solitarios
1695 2335 1705 2353 :
1724 2327 1770 2353 sed
1791 2327 1838 2361 qui

1061 2363 1158 2388 dicitur
1169 2361 1331 2397 Euphration
1345 2361 1521 2388 Balanearum
1536 2381 1544 2393 ,
1563 2362 1597 2388 ibi
1609 2361 1772 2397 rEt'ItppatitpV
1782 2363 1796 2388 ό
1808 2364 1839 2389 ὲν

1060 2396 1196 2427 Καλαναῖς
1227 2403 1365 2430 perperam
1392 2401 1512 2423 vocatur.
1546 2396 1671 2428 Anglia,
1696 2396 1837 2430 Βαλανία,

1061 2431 1233 2462 Theodoret.,
1246 2430 1403 2458 Βαλαναῖαι.
1422 2430 1482 2458 Mox
1497 2431 1569 2463 illttd,
1584 2430 1630 2466 τὸν
1646 2431 1839 2466 θαυμασιώτα-

1059 2474 1114 2498 τον,
1124 2467 1198 2493 deeSL
1209 2466 1233 2491 in
1243 2466 1358 2500 Anglic,
1368 2473 1416 2494 nec
1427 2466 1522 2492 lectum
1535 2471 1575 2493 est
1586 2473 1601 2492 a
1615 2465 1727 2493 Nannio.
1737 2466 1839 2494 ibidem

1058 2501 1175 2535 Anglic.,
1196 2500 1304 2532 Βόλτος,
1336 2501 1509 2534 Nauniusque
1523 2501 1602 2528 vertit
1615 2501 1720 2528 Bultur.
1747 2500 1838 2528 Theo»

1058 2535 1144 2563 doreti
1160 2539 1237 2563 vetus
1248 2536 1331 2562 editio
1345 2536 1454 2567 Πόντος.
1470 2535 1568 2563 Omnes
1583 2535 1627 2562 alii
1648 2537 1748 2564 rectius
1766 2536 1839 2562 Πάλ-

1056 2579 1110 2602 τος,
1122 2571 1308 2606 ενίιιίιυονιιτὺε
1321 2570 1415 2606 Syriae.

1092 2605 1147 2640 (55)
1165 2605 1280 2639 Anglic.,
1300 2605 1449 2640 Ἀσκῆπαν.

1091 2640 1148 2710 (ϐξ)
1156 2640 1280 2702 ganglia,
1293 2639 1403 2676 Θρᾴκης
1418 2641 1498 2672 ὄντας
1513 2641 1558 2667 ὲπ.
1586 2639 1646 2667 Mox
1660 2640 1838 2671 Theodoret..

1091 2695 1092 2698 η
1135 2684 1154 2710 μ
1174 2683 1188 2706 ς
1216 2684 1242 2710 η·
1307 2701 1311 2706 -
1776 2709 1795 2710 η

1056 2676 1102 2702 καὶ
1114 2676 1188 2710 ἡμᾶς
1200 2676 1242 2710 δή.
1307 2701 1311 2706 ,

1091 2709 1147 2746 (57)
1167 2709 1839 2746 ΤὸνῪὰρνζῆςΚωνσταντινουπόλεως,ειοεηξξξο

1056 2743 1187 2772 habentur
1201 2743 1270 2779 apud
1286 2743 1448 2774 Tlieodoret.
1465 2747 1484 2774 l.
1506 2754 1536 2779 tt,
1558 2754 1584 2774 c.
1603 2745 1636 2779 5,
1653 2749 1680 2773 et
1705 2745 1775 2779 apud
1791 2743 1838 2771 Ni-

1055 2781 1133 2815 cepb.
1150 2780 1167 2807 ί.
1186 2788 1224 2813 ut,
1238 2788 1262 2808 c.
1278 2781 1321 2808 50.
