2007 3044
514 137 543 165 S.
563 135 748 165 ATHANASII
769 135 843 164 ΟΡΡ.
865 135 956 165 PARS
976 137 997 165 1.
1014 152 1047 157 -
1066 134 1252 164 RISTORICA
1271 133 1314 161 ET
1335 132 1545 161 DOGMATICA.

1795 132 1852 162 652

270 195 296 224 6.
313 195 377 224 Post
391 196 448 224 haec
470 196 541 224 enim
557 197 748 224 Alexandriam
766 205 859 224 rursus
875 197 1013 226 invadunt.

1102 196 1128 223 6.
1148 195 1268 223 Ἐκεῖθεν
1284 195 1338 231 γὰρ
1359 195 1406 222 κα)¹
1422 196 1462 227 εἰς
1480 195 1529 230 τὴν
1554 194 1755 231 Ἀλεξάνδρειαν
1769 195 1853 223 πάλιν

233 249 336 277 nosque
348 243 434 269 denuo
456 243 488 269 ad
512 250 603 270 necem
621 244 781 278 perquirunt
795 252 802 270 :
816 243 937 278 factaque
953 248 1016 270 sunt

233 288 316 324 256
338 289 479 322 prtesentia
503 288 639 323 prioribus
663 289 765 324 pejora.
797 288 894 316 Milites
919 289 1016 323 quippe

232 335 376 367 derepente
395 333 538 360 ecclesiam
561 333 693 360 obsedere
715 343 722 360 :
738 333 900 368 bellicusque
918 332 1016 359 tumul-

232 384 276 406 tus
292 379 351 405 vice
367 387 475 413 precum
492 384 601 406 exortus
614 384 666 406 est.
682 379 782 407 Dehinc
798 379 1016 414 Quadragesimaa

231 430 352 460 tempore
372 426 509 460 ingressus
535 425 667 460 Georgius
691 433 706 452 e
726 425 898 460 Cappadocia
912 446 918 457 ,
945 425 1014 452 mala

231 478 291 504 quae
306 478 320 496 a
339 471 476 504 magistris
491 471 544 498 illis
555 473 666 498 edoctus
683 470 770 498 fuerat
784 471 901 498 adauxit.
911 471 1014 498 Etenim

231 521 295 552 post
316 516 512 544 hebdomadam
527 517 683 550 Paschalis,
700 518 821 552 virgines
839 517 864 544 itt
879 524 1014 545 carcerem

232 562 329 598 conjici
342 582 349 594 .
370 563 511 597 episcopos
535 571 550 589 a
573 563 703 590 militibus
717 563 821 591 vinctos
841 563 947 595 abduci,
968 571 1014 590 or-

230 608 381 642 pltanornm
398 609 594 643 viduarumque
615 609 710 636 domos
730 614 758 636 et
773 616 856 642 panes
869 609 957 642 diripi,
979 609 1015 635 ir-

230 654 370 688 ruptiones
386 654 411 680 in
430 654 524 681 domos
548 655 616 687 ﬁeri,
635 660 716 681 noctu
731 654 901 681 Christianos
925 654 1014 688 dejici,

231 699 326 726 domos
340 699 496 734 obsignari,
520 699 617 728 fratres
641 699 800 728 clericorum
823 707 871 734 pro
887 700 1015 726 fratribus

230 745 387 780 periclitari.
416 745 478 772 Ha'c
508 745 615 780 quidem
648 747 771 779 atrocia,
803 746 850 773 sed
879 746 1013 773 atrociora

231 789 328 817 deinde
354 793 497 817 consecuta
524 795 588 818 sunt
607 790 748 818 facinora:
765 798 826 817 nam
849 790 1015 818 hebdomade

231 839 292 869 post
313 839 434 863 sanctam
454 835 643 868 Pentecosten,
668 843 729 864 cum
757 836 882 871 populus,
907 836 1014 871 expleto

229 880 347 916 jejunio,
376 880 470 908 orandi
502 888 584 909 causa
614 881 648 909 ad
676 882 863 909 ccemeterium
889 889 1013 917 egressus
1030 869 1052 898 Β

232 931 312 960 esset,
332 928 402 961 quod
418 935 512 955 omnes
526 934 541 954 a
554 927 661 962 Georgii
678 927 866 954 communione
881 928 1013 955 abhorre-

231 978 307 1000 rent:
324 980 353 1000 re
367 978 504 1008 comperta
517 973 740 1000 sceleratissimus
755 973 808 1005 ille,
825 973 1012 1000 Sebastianum

231 1020 336 1050 ducem,
353 1017 527 1045 Manicheum
552 1019 700 1050 hominem,
722 1019 860 1045 concitat:
879 1019 922 1052 qui
950 1026 1010 1045 mox

231 1070 292 1090 cum
307 1068 393 1091 turma
409 1063 534 1095 militum,
560 1071 646 1095 arma,
669 1063 777 1090 strictos
800 1063 914 1098 gladios,
933 1071 1012 1090 arcus

231 1115 258 1136 et
276 1108 327 1136 tela
344 1108 497 1141 ferentium,
523 1109 580 1144 ipsa
606 1109 744 1136 Dominica
769 1109 812 1136 die
834 1109 860 1135 in
886 1108 1010 1143 populum

230 1153 339 1188 irrupit,
356 1154 503 1188 paucisque
523 1153 576 1180 illic
589 1153 616 1180 in
630 1154 753 1181 oratione
767 1153 881 1188 repertis
892 1152 1012 1188 (plurimi

229 1207 346 1234 namque
357 1200 515 1227 adveniente
523 1199 589 1226 hora
601 1198 789 1234 recesserant),
804 1198 863 1226 talia
879 1199 1013 1226 commisit

230 1245 360 1278 facinora,
375 1245 464 1280 qualia
479 1246 563 1272 virum
576 1244 688 1272 decebat
700 1245 807 1271 Arianis
822 1244 1012 1278 obtemperan-

230 1296 295 1317 tem.
310 1290 376 1318 Nam
392 1298 507 1318 accenso
530 1298 593 1321 rogo
615 1291 733 1325 virgines
749 1291 801 1325 igni
818 1291 940 1317 admotas
954 1290 1012 1317 adi-

230 1337 310 1370 gebat
325 1340 354 1363 ut
368 1336 499 1367 dicerent.
516 1343 546 1363 se
559 1335 692 1362 Arianica!
708 1335 769 1362 ﬁdei
784 1342 843 1362 esse
858 1345 864 1361 :
879 1340 906 1362 ut
920 1340 1008 1362 autem

230 1389 277 1408 eas
299 1381 351 1408 vim
375 1388 512 1415 superare,
530 1382 672 1416 ignemque
688 1381 754 1407 nihil
777 1388 873 1408 curare
887 1380 1009 1407 animad-

229 1427 323 1458 vertit,
349 1426 461 1454 nudatas
481 1427 576 1454 iterum
599 1427 635 1454 ita
659 1427 684 1453 in
710 1427 805 1454 faciem
822 1426 901 1454 caedit
916 1432 945 1454 ut
962 1434 1008 1460 per

229 1472 396 1506 aliquantum
411 1473 538 1506 temporis
555 1473 599 1500 vix
617 1473 737 1507 dignusci
753 1477 872 1508 possent.

1065 242 1240 277 ὲπεφύησαν,
1260 241 1404 276 ζητοῦντες
1423 240 1502 267 πάλιν
1521 241 1595 276 ἡμᾶς
1614 241 1786 274 ἀποκτεῖναι,
1801 241 1852 267 καὶ

1066 289 1159 322 γέγονε
1174 288 1282 323 χείρονα
1296 287 1329 314 τὰ
1345 287 1392 313 νῦν
1406 287 1459 313 τῶν
1474 287 1613 323 προτέρων
1631 286 1696 319 (66).
1713 286 1850 322 Στρατιῶ-

1065 343 1110 360 ται
1121 334 1175 368 γὰρ
1188 333 1316 368 ἐξαίφνης
1337 333 1387 368 τὴν
1409 333 1556 368 ὲκκλησίαν
1575 332 1740 365 ἐκύκλωσαν,
1755 333 1850 360 καὶτὰ

1064 379 1118 405 τῶν
1133 379 1256 413 πολέμων
1271 378 1330 405 ἀντὶ
1345 378 1398 404 τῶν
1413 377 1500 413 εὐχῶν
1515 378 1628 412 ἐγίνετο.
1647 376 1702 405 Εἶτ’
1721 377 1848 404 εἰσελθὼν

1065 424 1120 460 (67)
1133 426 1165 460 τῇ
1179 425 1388 460 Τεσσαρακοστῇ
1408 425 1421 450 ὁ
1443 425 1506 458 παρ’
1527 424 1615 450 αὐτῶν
1632 424 1792 455 ἀποσταλεὶς
1815 425 1849 450 ὲκ

1064 471 1264 502 Καππαδοκίας
1277 469 1422 506 Γεώργιος,
1442 469 1558 505 ηὔξησεν
1573 469 1591 496 ἃ
1609 470 1672 505 παρ’
1693 469 1782 495 αὺτῶν
1801 477 1849 503 με-

1066 517 1172 553 μάθηκε
1184 517 1266 543 κακά.
1284 515 1360 542 Μετὰ
1372 515 1426 550 γὰρ
1441 515 1476 541 τὰ
1496 514 1550 549 (68)
1566 514 1668 549 ’ἐϐδομα
1684 514 1729 540 τοῦ
1752 514 1848 548 Πάσχα

1064 564 1191 600 παρθένοι
1219 563 1258 594 εἰς
1289 562 1474 597 δεσμωτήριον
1510 560 1668 591 ἐϐάλλοντο,
1703 559 1849 586 ἐπίσκοποι

1063 610 1161 645 ήγοντο
1176 608 1228 635 ὑπὸ
1244 607 1417 643 στρατιωτῶν
1435 606 1587 641 δεδεμένοι,
1601 605 1723 641 ὀρφανῶν
1739 605 1784 632 καὶ
1799 613 1849 640 χη-

1065 655 1118 691 ρῶν
1143 653 1295 690 ἡρπάζοντο
1320 653 1403 679 οἰκίαι
1428 652 1475 678 καὶ
1495 652 1572 688 ἄρτοι
1586 652 1656 686 (69),
1673 651 1760 686 ἔφοδοι
1776 650 1848 678 κατὰ

1062 702 1116 728 τῶν
1127 700 1218 728 οἰκιῶν
1234 700 1363 734 ἐγίνοντο,
1377 699 1425 726 κα).
1440 699 1535 730 νυκτὸς
1557 699 1581 725 οἰ
1611 697 1767 734 Χριστιανοὶ
1780 705 1847 724 κατ-

1063 748 1200 782 εφέροντο,
1216 744 1470 780 ὲπεσφραγίσθησαν
1484 745 1578 776 οἰκίαι,
1592 744 1638 771 καὶ
1657 743 1764 777 ἁδελφοὶ
1779 743 1847 778 κλη-

1065 792 1148 829 ρικῶν
1168 791 1238 826 ὑπὲρ
1253 791 1307 817 τῶν
1318 790 1438 825 ἀδελφῶν
1451 790 1627 817 ἐκινδύνευον.
1643 789 1698 816 Καὶ
1711 789 1784 816 δεινὰ
1796 790 1848 824 μὲν

1064 839 1160 872 ταῦτα,
1174 840 1310 875 δεινότερα
1326 840 1353 866 δὲ
1370 840 1404 866 τὰ
1419 840 1489 875 μετὰ
1501 840 1585 866 ταῦτα
1602 840 1761 875 τολμήματα
1773 839 1829 874 (70)
1839 849 1845 854 ·

1064 887 1097 921 τῇ
1123 885 1177 921 γὰρ
1194 885 1320 920 ἐϐδομάδι
1345 885 1415 919 μετά
1439 886 1488 920 τὴν
1513 886 1594 920 ἁγίαν
1621 884 1808 920 Πεντηκοστὴν
1833 885 1849 910 ὁ

1064 931 1127 963 λαὸς
1142 931 1293 966 νηστεύσας
1314 931 1407 966 ἐξῆλθε
1435 931 1498 967 περὶ
1523 931 1553 958 τὸ
1577 931 1753 966 κοιμητήριον
1769 930 1849 962 εὖξα-

1067 976 1126 1003 σθαι
1139 976 1213 1012 (71),
1237 976 1282 1002 διὰ
1302 977 1332 1003 τὸ
1349 976 1452 1008 πάντας
1475 976 1690 1012 ἀποστρέφεσθαι
1713 976 1761 1011 τὴν
1781 976 1848 1011 πρὸς

1064 1019 1200 1056 Γεώργιον
1216 1020 1357 1047 κοινωνίαν
1367 1030 1373 1036 ·
1391 1021 1458 1048 ἀλλὰ
1473 1020 1552 1047 τοῦτο
1570 1021 1662 1056 μαθὼν
1678 1022 1693 1047 ὸ
1709 1021 1848 1056 παμπόνη-

1066 1074 1111 1101 ρος
1128 1066 1218 1098 αὺτδς,
1240 1065 1384 1102 παροξύνει
1400 1066 1445 1092 τὸν
1461 1066 1646 1102 στρατηλάτην
1658 1066 1847 1097 Σεϐαστιανὸν,

1064 1111 1211 1146 Μανιχαῖον
1218 1111 1292 1143 ὄντα,
1303 1111 1350 1138 κα).
1361 1111 1452 1138 λοιπὸν
1463 1111 1542 1143 αὐτὸς
1557 1112 1625 1147 μετὰ
1637 1112 1754 1147 πλήθους
1768 1121 1850 1148 στρα-

1063 1157 1185 1189 τιωτῶν,
1198 1157 1268 1184 ὅπλα
1283 1157 1328 1183 κα)¹
1347 1157 1410 1193 ξίφη
1436 1158 1527 1193 γυμνὰ
1538 1178 1545 1190 ,
1569 1158 1616 1185 καὶ
1633 1158 1697 1191 τόξα
1715 1158 1762 1184 καὶ
1784 1158 1848 1193 βέλη

1064 1202 1200 1238 φερόντων
1210 1222 1217 1234 ,
1231 1202 1360 1238 ὥρμησεν
1374 1204 1403 1230 έν
1424 1204 1492 1239 αὺτῇ
1515 1205 1546 1239 τῇ
1562 1205 1687 1239 Κυριακῇ
1707 1203 1777 1230 κατὰ
1793 1204 1848 1230 τῶν
1895 1200 1900 1210 ¹

1063 1247 1151 1274 λαῶν·
1170 1248 1216 1275 καὶ
1231 1248 1338 1281 ὀλίγους
1360 1248 1447 1285 εὑρὼν
1467 1248 1628 1284 εὐχομένους
1659 1250 1694 1283 (οἱ
1715 1249 1770 1284 γὰρ
1791 1249 1847 1284 (72)

1063 1293 1182 1320 πλεῖστοι
1200 1294 1292 1320 λοιπὸν
1306 1294 1349 1321 διὰ
1365 1295 1414 1330 τήν
1429 1295 1502 1329 ὥραν
1513 1295 1738 1330 ἀναχωρήσαντες
1753 1293 1846 1330 ἦσαν),

1061 1338 1174 1365 τοιαῦτα
1191 1339 1337 1374 εἰργάσατο
1349 1360 1356 1372 ,
1372 1337 1417 1366 οἷα
1439 1340 1504 1376 παρ’
1523 1339 1611 1366 αὐτῶν
1629 1340 1748 1376 ἔπρεπεν
1767 1339 1847 1366 ἀκού-

1063 1392 1145 1410 σαντα
1167 1385 1278 1420 πρᾶξαι.
1301 1385 1443 1422 Πυρκαῖὰν
1463 1385 1517 1421 γάρ
1535 1385 1639 1420 ἀνάψας
1651 1405 1659 1417 ,
1675 1386 1723 1412 καὶ
1747 1385 1848 1420 στήσας

1062 1430 1213 1465 παρθένους
1236 1431 1311 1467 παρὰ
1346 1431 1376 1457 τὸ
1399 1431 1465 1467 πῦρ,
1495 1431 1632 1466 ἠνάγκαζε
1654 1431 1743 1465 λέγειν
1765 1430 1847 1462 αὐτὰς

1061 1474 1115 1510 (75)
1128 1475 1178 1510 τῆς
1200 1476 1304 1511 Ἀρείου
1320 1477 1437 1509 πίστεως
1458 1475 1544 1504 εἶναι·
1563 1476 1600 1508 ὡς
1615 1477 1644 1503 δὲ
1665 1476 1784 1508 νικώσας
1799 1477 1848 1503 αὑ-

228 1517 278 1550 τὰς
299 1518 406 1550 ἔὸλεπε,
424 1519 469 1545 καὶ
499 1519 536 1556 μὴ
563 1518 755 1554 φροντιζούσας
784 1518 832 1544 τοῦ
861 1519 956 1554 πυρὸς,
973 1519 1117 1554 γυμνώσας
1129 1521 1237 1554 λοιπὸν,
1256 1521 1342 1554 οὕτως
1366 1522 1515 1557 κατέκοψεν
1537 1523 1577 1554 εἰς
1591 1522 1626 1548 τὰ
1649 1521 1796 1557 πρόσωπα,
1810 1521 1848 1552 ὡς

231 1564 300 1599 μετὰ
313 1565 407 1600 χρόνον
421 1564 499 1599 μόγις
515 1565 599 1596 αὐτὰς
611 1564 822 1599 ἐπιγνωσθῆναι.

266 1612 292 1639 7.
309 1611 388 1639 Viros
401 1616 489 1639 autem
508 1613 685 1646 quadraginta
695 1613 914 1646 comprehensos,
935 1613 1009 1641 inso-

1096 1613 1122 1640 7.
1142 1613 1257 1648 ’Δνδρας
1269 1613 1297 1639 δὲ
1309 1613 1449 1649 κρατήσας
1470 1613 1670 1649 τεσσαράκοντα
1679 1632 1687 1644 ,
1701 1611 1847 1646 καινοτέρῳ

229 1656 343 1685 lentiore
367 1657 446 1684 modo
472 1658 622 1685 verberavit
637 1667 645 1685 ;
662 1665 724 1685 nam
747 1658 829 1692 virgis
858 1659 1009 1693 palmarum

231 1709 327 1730 recens
342 1703 499 1736 amputatis,
521 1703 617 1737 quibus
639 1704 727 1731 adhuc
753 1704 837 1731 aculei
858 1705 1010 1738 haerebant,

230 1749 271 1776 sic
289 1755 382 1776 eorum
400 1753 475 1784 terga
498 1749 638 1783 laceravit,
665 1754 695 1777 ut
721 1751 850 1786 nonnulli.
863 1752 897 1778 ob
915 1751 1012 1779 inﬁxos

231 1794 339 1822 aculeos
368 1795 465 1822 medici
496 1803 578 1830 opera
600 1796 697 1830 sapius
721 1796 854 1831 eguerint.
881 1797 935 1824 imo
950 1797 1011 1831 qui-

231 1841 293 1868 dam
306 1841 359 1868 vim
373 1841 512 1876 plagarum
524 1849 575 1869 non
589 1841 706 1869 ferentes
715 1843 838 1870 exstincti
851 1843 913 1869 sint.
927 1843 1012 1871 Porro

231 1891 364 1922 quotquot
387 1888 631 1922 apprehenderant.
655 1895 707 1915 una
726 1897 787 1916 cum
813 1890 961 1924 virginibus
979 1891 1012 1918 ad

231 1940 356 1968 magnam
380 1933 534 1967 relegarunt
555 1932 648 1961 Oasin.
668 1933 759 1969 Neque
779 1935 854 1961 initio
873 1942 1013 1962 concesse-

231 1982 295 2005 runt
310 1984 339 2004 ut
363 1978 551 2005 defunctorum
571 1986 684 2014 corpora
706 1980 829 2014 cognatis
845 1981 900 2007 suis
923 1981 1012 2008 trade-

231 2028 341 2056 rentur;
355 2024 402 2051 sed
427 2024 483 2058 ipsa
501 2025 632 2052 arbitratu
654 2032 702 2052 suo
719 2026 890 2053 occultarum
907 2026 1013 2060 abiece—

231 2074 348 2104 runtque
364 2070 497 2104 insepulta
515 2078 523 2097 :
539 2071 590 2097 rati
610 2071 650 2098 sic
666 2079 746 2106 posse
765 2079 840 2098 suam
856 2071 940 2099 latere
952 2079 1013 2099 cru-

230 2116 378 2148 delitatem.
399 2115 455 2149 Qua
481 2116 507 2142 in
535 2124 564 2143 re
585 2117 715 2144 vecordes
742 2117 778 2143 illi
802 2125 898 2151 magno
916 2117 1013 2144 mentis

230 2169 323 2189 errore
341 2163 500 2189 tenebantur
515 2171 521 2188 :
538 2170 598 2189 nam
614 2170 675 2189 cum
691 2163 879 2190 defunctorum
904 2163 1010 2197 cognati

230 2208 265 2234 de
275 2215 384 2234 suorum
396 2208 503 2241 quidem
519 2208 687 2236 confessione
701 2209 862 2243 gauderent,
879 2208 1011 2243 lugereut~

231 2261 284 2287 quc
300 2258 388 2281 tamen
409 2254 444 2280 ob
467 2254 598 2282 subducta
622 2263 745 2290 corpora,
769 2256 826 2282 hmc
847 2263 913 2283 sane
933 2263 1012 2282 causa

231 2349 404 2377 enarrantur,
420 2345 504 2372 habes
519 2344 599 2371 etiam
615 2344 665 2370 sub
683 2344 762 2370 linem
791 2344 924 2378 Apologite
949 2352 1014 2379 prae-
1029 2346 1050 2373 D
1102 2345 1147 2377 (72

231 2381 363 2411 cedentis.
380 2385 407 2406 ct
423 2380 449 2407 in
461 2380 545 2414 Epist.
559 2380 592 2406 ad
604 2378 680 2406 δοίὶι.

268 2415 324 2448 (66)
338 2415 443 2442 Socral.
455 2421 481 2442 et
496 2414 567 2446 Nic,
582 2415 617 2440 τὰ
632 2413 732 2449 ὕστερα
748 2414 855 2449 χείρονα
870 2414 923 2441 τῶν
939 2414 1013 2449 πρώ-

231 2459 296 2477 των.
309 2449 369 2476 Mox
387 2449 452 2483 Reg.
468 2451 544 2477 Socr.
556 2454 583 2476 et
599 2449 668 2480 Nic.,
687 2450 733 2475 καὶ
748 2450 781 2475 τὰ
791 2449 925 2484 πολέμων.
943 2449 1012 2476 Editi

232 2486 280 2513 καὶ
295 2485 330 2512 τὰ
342 2484 395 2511 τῶν
410 2485 543 2518 πολέμων.

268 2520 323 2555 (67)
334 2518 394 2546 Εἶτ’
405 2519 557 2547 εἰσελθών.
579 2519 624 2546 Sic
639 2518 705 2553 Reg.
723 2519 801 2546 Socr.
811 2523 845 2555 et
864 2518 922 2547 Nic.
943 2518 1014 2546 Editi

232 2554 353 2586 vero.'et
367 2555 470 2588 Theod.
493 2555 561 2588 apud
580 2561 658 2588 quem
690 2554 746 2581 haec
775 2554 909 2581 habentur
923 2554 968 2581 lib.
984 2561 1014 2586 Il,

233 2598 292 2623 cap.
309 2590 351 2620 14.
367 2587 426 2617 εἶτα
442 2589 535 2616 ἐλθών.

269 2626 325 2661 (68)
338 2625 479 2661 Sic_Socr.
499 2624 601 2661 Nic._et
618 2631 694 2661 mss;
722 2624 748 2650 in
778 2624 855 2651 editis
876 2624 909 2651 τά
930 2624 1013 2652 deest.

280 2659 325 2694 69)
337 2660 365 2687 lu
378 2659 480 2687 Theod.
498 2659 544 2694 mil
559 2659 636 2694 ἄρτοι
652 2659 737 2694 deest.

281 2693 326 2728 7d)
341 2695 467 2722 Socrates
479 2700 506 2722 et
520 2693 591 2726 Nic.',
603 2693 801 2728 τετολμημένα.

269 2728 326 2766 (71)
337 2729 416 2757 Ritus
433 2730 525 2757 orandi
539 2730 566 2755 in
585 2731 746 2766 cuemetertis
766 2729 835 2766 apud
853 2728 1015 2766 ecclesiasti-

235 2763 281 2792 cos
295 2763 442 2800 scriptores
454 2772 524 2799 smpe
534 2765 653 2800 occurrit
665 2773 675 2800 :7
685 2764 723 2791 sic
740 2765 766 2790 in
779 2763 1013 2800 Constitutionibus

235 2799 360 2862 action,
388 2800 435 2828 lib.
452 2808 510 2833 vnt,
535 2807 558 2826 c.
578 2799 622 2833 50,
654 2799 725 2827 circa
755 2799 825 2834 quod
857 2799 916 2826 vide
940 2804 1015 2826 notas

276 2839 300 2861 te
312 2841 372 2862 cru.

276 2835 372 2862 telcrii.

1061 1659 1154 1695 τρόπῳ
1167 1658 1316 1693 κατέκοψε·
1331 1658 1445 1694 ῥάϐδους
1455 1659 1509 1694 γὰρ
1524 1659 1571 1691 τὰς
1586 1657 1639 1685 ἀπὸ
1655 1657 1709 1684 τῶν
1720 1658 1848 1692 φοινίκων

1061 1705 1140 1737 εὐθὺς
1156 1704 1260 1740 τεμὼν,
1275 1706 1305 1731 ὲν
1319 1705 1413 1736 αὑταῖς
1427 1705 1552 1740 ἐχούσαις
1567 1704 1623 1739 (74)
1641 1704 1681 1730 ἑτι
1700 1704 1762 1735 τοὺς
1783 1703 1847 1730 σκό-

1062 1752 1146 1783 λοπας
1167 1751 1202 1778 τὰ
1220 1751 1293 1778 νῶτα
1310 1751 1412 1778 τούτων
1437 1750 1523 1782 οὕτως
1548 1750 1696 1785 ἐξέδειρεν,
1716 1749 1754 1781 ὡς
1773 1748 1849 1780 τινὰς

1064 1797 1113 1832 μὲν
1130 1797 1260 1829 πολλάκις
1281 1797 1511 1833 χειρουργηθῆναι
1527 1797 1570 1823 διὰ
1589 1796 1652 1828 τοὺς
1665 1794 1849 1829 ὲναποπαγέν-

1061 1849 1110 1872 τας
1126 1840 1183 1875 (75)
1198 1842 1227 1867 ἐν
1240 1842 1331 1873 αὐτοῖς
1343 1841 1487 1872 σκόλοπας,
1501 1840 1576 1872 τινας
1591 1840 1620 1866 δὲ
1634 1841 1680 1867 καὶ
1698 1840 1735 1875 μὴ
1757 1839 1850 1874 φέρονς

1063 1895 1111 1917 τας
1126 1886 1279 1913 ἀποθανεῖν.
1294 1887 1402 1918 Πάντας
1419 1887 1468 1922 μὲν
1483 1884 1530 1913 οὖν
1549 1887 1611 1917 τοὺς
1635 1885 1850 1922 περιληφθέντας

1063 1932 1177 1968 ἀθρόως,
1195 1932 1241 1959 καὶ
1253 1933 1302 1968 τὴν
1318 1933 1450 1968 παρθένον
1460 1953 1467 1964 ,
1486 1931 1617 1968 ἐξώρισαν
1639 1933 1679 1964 εἰς
1691 1932 1740 1967 τὴν
1762 1932 1847 1967 μεγά-

1062 1977 1110 2013 λην
1128 1978 1223 2004 Ὄασιν
1233 1987 1240 1993 ·
1254 1978 1289 2004 τὰ
1303 1978 1333 2005 δὲ
1349 1978 1463 2013 σώματα
1478 1978 1531 2004 τῶν
1542 1977 1773 2011 τετελευτηκότων
1786 1976 1846 2002 οὐδὲ

1062 2025 1117 2055 τοῖς
1136 2023 1210 2055 ἰδίοις
1222 2023 1292 2050 κατὰ
1306 2024 1354 2059 τὴν
1376 2024 1462 2060 ἀρχὴν
1482 2023 1645 2059 ἀποδοθῆναι
1667 2023 1848 2057 πεποιήκασιν

1063 2070 1130 2103 (76),
1153 2069 1210 2096 ἀλλ’
1233 2069 1353 2105 ἔκρυψαν
1375 2071 1413 2102 ὼς
1428 2070 1579 2105 ἠθέλησαν,
1602 2070 1691 2104 ἄταφα
1711 2068 1848 2104 βαλόντες,

1064 2116 1134 2151 ὑπὲρ
1160 2116 1207 2142 τοῦ
1239 2116 1328 2143 δοκεῖν
1354 2117 1452 2147 αὐτοὺς
1474 2116 1615 2143 λανθάνειν
1638 2116 1688 2152 τὴν
1715 2114 1849 2149 τοσαύτην

1063 2163 1202 2197 ὠμότητα.
1222 2162 1375 2198 Πράττουσι
1391 2161 1419 2188 δὲ
1436 2162 1516 2188 τοῦτο
1532 2161 1726 2196 πεπλανημένη
1747 2161 1778 2196 τῇ
1792 2159 1848 2186 δια-

1064 2209 1122 2244 νοίᾳ
1135 2209 1189 2244 (77)
1207 2209 1231 2235 οἰ
1245 2209 1418 2244 παράφρονες
1429 2216 1436 2223 ·
1453 2207 1506 2234 τῶν
1517 2207 1571 2242 γὰρ
1585 2207 1691 2234 οἰκείων
1705 2206 1758 2232 τῶν
1770 2213 1841 2232 τετε.

1064 2255 1242 2290 λευτηκότων,
1260 2255 1410 2290 χαιρόντων
1425 2253 1474 2288 μὲν
1487 2253 1531 2280 διὰ
1546 2253 1596 2288 τὴν
1613 2251 1767 2288 ὁμολογίαν,
1781 2250 1849 2286 θρη-

1169 2343 1355 2370 Theodoretus
1372 2343 1402 2378 δή
1420 2346 1480 2378 post
1504 2340 1643 2378 γάρ.ΑΜοξι
1673 2340 1801 2378 Socrates»
1821 2345 1850 2368 et

1064 2375 1188 2414 thw-plr.,
1205 2375 1430 2414 ἀναχωρήσαντες
1446 2375 1743 2414 ἔτυχονζ-Ραυιογ-ροξι
1766 2376 1850 2414 iidem

1063 2412 1105 2441 οἵα
1114 2410 1151 2440 πα
1156 2415 1178 2449 9‘
1187 2410 1274 2441 αὐτῶν
1281 2410 1382 2448 ἔπρεπε
1391 2410 1695 2448 πραχθῆναι-Πυρκαῖὰν
1703 2411 1756 2446 γὰρ
1765 2410 1847 2445 ἅψας.

1099 2461 1155 2494 (75)
1172 2459 1218 2487 Sic
1235 2460 1309 2488 Socr.
1324 2465 1351 2488 et
1371 2459 1442 2492 Nic.;
1462 2459 1526 2493 Reg.
1545 2463 1572 2485 et
1599 2458 1717 2494 Theod“?
1735 2458 1848 2494 ἑαυτάς,

1065 2492 1128 2523 editi
1147 2495 1268 2526 ἑαυτούς.
1284 2495 1341 2522 Mox
1360 2495 1426 2526 hzec,
1446 2492 1558 2529 καὶμὴ
1577 2492 1771 2529 φροντιζούσας
1799 2492 1849 2519 τοῦ

1067 2531 1162 2566 πυρός,
1184 2531 1281 2557 desunt
1294 2530 1319 2556 in
1337 2529 1441 2564 Anglic.

1102 2576 1156 2611 (74)
1173 2576 1217 2603 Sic
1235 2575 1301 2611 Reg.
1314 2580 1341 2602 et
1354 2575 1410 2603 Nic.
1425 2575 1511 2606 Editi,
1527 2574 1555 2600 ὲν
1570 2574 1664 2605 αὐταῖς
1675 2572 1797 2608 ἐχούσας.

1102 2621 1157 2657 (75)
1170 2622 1214 2648 Sic
1222 2622 1344 2658 editi.th
1358 2621 1457 2658 Regius
1468 2620 1562 2658 codex:
1576 2619 1652 2646 Socr.
1665 2618 1769 2658 etnNic"
1781 2619 1851 2645 ἀπο-
1875 2653 1882 2658 ἒ

1068 2652 1212 2691 παγέντας.
1239 2656 1322 2684 Paulo
1340 2652 1517 2691 postiAnglic.
1540 2654 1602 2691 Soc.
1633 2659 1660 2680 et
1679 2652 1750 2691 Nic”
1768 2662 1848 2691 περι-

1067 2687 1234 2726 λειῲθέντας.
1250 2691 1308 2718 Mox
1324 2687 1503 2726 Τιιοοάηητὰς
1516 2689 1674 2725 παρθένους.
1704 2687 1766 2716 Haec
1782 2687 1849 2716 item

1069 2725 1232 2754 enarrantur
1247 2727 1273 2753 in
1289 2726 1373 2760 Epist.
1386 2727 1419 2752 ad
1436 2725 1512 2752 Solit.

1102 2762 1157 2795 (76)
1187 2757 1317 2789 δοοτιιιθέ
1326 2766 1352 2788 et
1363 2760 1420 2787 Nic.
1429 2781 1436 2792 ,
1456 2759 1617 2795 ἀποδοθῆναι
1630 2757 1832 2795 συνεχώρησαν.

1106 2793 1162 2831 (77)
1183 2795 1309 2823 Socrates
1329 2801 1356 2824 et
1386 2793 1570 2831 Nicepliorus,
1585 2793 1785 2831 πεπλανημένοι
1813 2793 1850 2828 τῇ

1069 2828 1181 2867 διανοίᾲ.
1199 2831 1372 2865 Thcodoret.,
1391 2829 1592 2865 πεπλανημένοι
1606 2829 1653 2864 τὴν
1665 2828 1792 2856 διάνοιαν.
