2007 3044
167 161 220 188 655

753 163 925 193 APOLOGIA
943 162 988 191 DE
1010 164 1102 193 FUGA
1122 165 1199 194 SUA.

1737 165 1789 193 654

167 219 283 247 νούντων
294 219 323 247 δὲ
339 219 383 247 διὰ
399 220 434 248 τὰ
449 220 574 256 σώματα,
587 220 678 256 μεῖζον
689 222 811 258 ὲξηχείτο
824 223 880 259 (78)
897 225 954 250 κατ’

1008 225 1059 254 fuit
1073 231 1103 254 ut
1118 227 1204 261 magis
1222 225 1361 262 magisque
1376 226 1552 262 vulgarentur
1573 233 1666 254 eorum
1691 226 1789 260 impii--

166 265 255 292 αὐτῶν
276 266 290 292 ό
310 266 360 302 τῆς
378 266 505 298 ἀσεϐείας
523 268 570 294 καὶ
593 267 733 303 ὠμότητος
754 269 872 304 ἐλεγχος.
899 271 954 296 Καὶ

166 311 221 347 γὰρ
232 311 313 343 εὐθὺς
336 312 390 338 ἀπὸ
409 312 458 346 τῆς
477 312 615 346 Αἰγύπτου
634 314 680 340 κα)¹
703 314 756 341 τῶν
776 315 883 342 Διευῶν
911 315 954 348 ὲξ-

165 356 269 392 ώρισαν
297 357 346 392 μὲν
367 358 531 389 ἐπισκόπους
559 359 727 394 Ἀμμώνιον,
754 360 854 387 Μούῑον
886 361 951 396 (79),

166 403 255 436 Γάϊον,
276 403 398 436 Φίλωνα,
419 404 539 440 Ἑρμῆν,
556 405 687 440 Πλήνιον,
708 406 868 442 Ψενόσιριν,
889 407 952 434 Νει-

165 448 310 484 λάμμωνα,
331 449 456 484 Ἀγαθὸν,
488 450 670 486 ’Δνάγαμφον,
694 451 818 487 Μάρκον,
841 452 951 488 Ἀμμώ-

165 504 230 527 νιον,
247 495 339 531 ἕτερον
355 496 468 532 Μάρκον
478 517 486 529 ,
501 497 664 532 Δρακόντιον
674 519 681 530 ,
702 488 852 532 ’Ἁδέλφιον,
876 489 952 533 Ἀθη-

166 542 280 577 νόδωρον
292 551 298 557 '
314 542 360 569 καὶ
380 543 580 578 πρεσὸυτέρους
598 543 707 580 Ἰέρακα
731 544 777 570 καὶ
793 544 950 580 Διόσκορον’

165 588 212 614 καὶ
227 587 298 614 οὕτω
313 588 418 624 πικρῶς
437 589 539 624 ἠλασαν
556 590 653 621 αὐτοὺς
663 610 670 622 ,
687 590 723 621 ὡς
739 590 815 622 τινὰς
838 590 886 626 μὲν
902 591 951 617 αύ-

166 634 218 660 τῶν
233 634 289 670 (80)
302 635 330 662 ἐν
346 636 405 666 ταῖς
420 634 498 667 ὁδοῖς,
513 635 587 666 τινὰς
595 635 622 661 δὲ
633 637 661 662 ὲν
675 635 749 671 αὐτῷ
761 636 799 670 τῷ
815 635 951 672 ὲξορισμῷ

165 680 319 707 ἀποθανεῖν.
329 681 529 715 Ἐφυγάδευσαν
538 680 566 707 δὲ
577 681 742 712 ἐπισκόπους
755 680 862 712 πλείους
875 681 952 716 τριά-

165 735 248 754 κοντα
259 727 315 763 (81)
326 735 332 741 ⁸
347 727 450 763 σπουδὴ
467 727 521 762 γὰρ
535 725 569 763 ἦν
585 727 676 759 αὐτοῖς
692 727 763 754 κατὰ
772 727 816 754 τὸν
831 727 949 762 Ἀχαὰσ,

165 773 189 798 εἰ
204 772 326 804 δυνατὸν,
345 773 441 808 ἐξᾶραι
470 773 518 808 τὴν
544 772 683 808 ἀλήθειαν.
701 772 757 808 (82)
779 772 844 799 Ἰδοὺ
864 772 952 801 ταῦτα

166 819 217 844 τῶν
236 818 342 845 ἀσεϐῶν
356 817 390 845 τὰ
406 818 576 854 τολμήματα.

198 864 225 892 8.
241 864 333 891 Ταῦτα
361 864 479 900 δρῶντες
504 864 551 891 καὶ
578 866 615 900 μὴ
641 864 822 900 ἐντραπέντες
844 865 886 899 ἐφ’
911 863 951 896 οἶς

1009 272 1070 300 tatis
1087 272 1309 307 crudelitatisque
1322 275 1494 308 argumenta.
1509 271 1609 300 Verum
1624 272 1661 299 illi
1678 280 1739 300 mox
1755 280 1787 299 ex

1006 319 1120 354 Egypto
1135 324 1162 346 et
1179 318 1275 354 Libyis
1292 318 1319 345 in
1345 318 1470 346 exsilium
1493 317 1624 345 miserunt
1649 318 1789 352 episcopos

1006 366 1190 398 Ammonium,
1217 365 1332 398 Muium,
1351 365 1465 399 Gaium,
1487 365 1638 396 Philonem,
1660 364 1786 396 Hermen,

1005 413 1140 445 Plenium,
1153 412 1328 446 Psenosirim,
1341 411 1546 444 Nilammonem,
1558 411 1701 446 Agathum,
1713 409 1787 437 Ana-

1006 460 1162 495 gamphum,
1180 459 1311 492 Marcum,
1325 458 1509 489 Ammonium,
1523 457 1638 485 alterum
1655 455 1786 487 Marcum,

1006 505 1191 538 Dracontium,
1205 504 1375 539 Adelphium,
1391 502 1614 535 Athenodorum;
1631 505 1658 528 et
1673 500 1786 536 presby—

1005 555 1088 584 teros,
1102 550 1253 582 ,Ilieraeem
1270 555 1297 578 et
1313 549 1483 581 Dioscorum,
1500 555 1567 583 quos
1585 552 1660 575 tanta
1683 545 1787 574 acerbi-

1006 601 1059 624 tate
1075 596 1245 631 expulerunt,
1268 601 1297 623 ut
1321 595 1426 623 illorum
1441 595 1550 629 quidam
1564 594 1590 621 in
1605 593 1712 626 itinere,
1725 591 1786 628 qui-

1005 644 1066 671 dam
1085 643 1111 670 in
1133 643 1221 674 exsilii
1237 642 1295 670 Ioco
1319 642 1470 669 interirent.
1487 641 1634 676 Episcopos
1649 647 1712 667 vero
1727 638 1786 674 plus

1005 689 1115 724 triginta
1142 689 1169 716 in
1193 688 1272 723 257
1298 687 1390 721 fugam
1416 690 1556 713 verterunt
1572 695 1578 711 :
1593 693 1624 713 ea
1641 685 1712 712 enim
1734 684 1786 712 illis

1004 734 1228 769 quemadmodum
1243 734 1354 761 Achabb
1374 740 1441 761 cura
1459 732 1520 764 fuit,
1535 736 1575 763 ut,
1594 731 1617 758 si
1633 731 1712 758 modo
1728 730 1787 758 ﬂeri

1003 785 1104 815 posset,
1122 780 1263 807 veritatem
1288 779 1321 806 de
1343 779 1430 806 medio
1449 778 1585 806 tollerent.
1609 777 1649 804 En
1667 776 1710 804 illa
1728 777 1786 811 ipsa

1004 828 1068 858 sunt
1079 823 1222 858 impiorum
1239 823 1370 850 facinora.

1039 867 1066 897 8.
1085 867 1148 895 Haec
1163 875 1223 894 cum
1237 867 1274 895 illi
1295 872 1386 902 agant,
1402 873 1453 895 nec
1467 866 1565 901 pudeat
1580 866 1711 894 malorum
1727 872 1787 900 qua:

165 911 296 946 πρότερον
310 911 366 946 (85)
381 911 440 938 καθ’
455 911 533 946 ἡμῶν
547 911 695 947 ὲτύρευσαν
717 912 812 943 κακοῖς
823 931 830 944 ,
845 911 885 938 ἔτι
906 910 953 939 καὶ

1006 914 1145 940 adversum
1160 919 1208 940 nos
1231 912 1317 940 moliti
1334 916 1406 945 sunt,
1424 919 1474 939 nos
1487 912 1634 939 etiamnum
1659 911 1719 939 ideo
1731 911 1786 938 cri-

165 955 211 982 νῦν
224 955 421 991 κατηγοροῦσιν
434 976 441 988 ,
462 957 589 991 ἐκφυγεῖν
610 956 772 992 δυνηθέντας
790 957 879 983 αὐτῶν
902 957 951 989 τὰς

164 1001 342 1037 ἀνδροφόνους
363 1003 474 1037 χεῖραςο
494 1002 594 1037 μᾶλλον
619 1002 647 1029 δὲ
665 1002 812 1038 -όδύρονται
834 1003 950 1038 πικρῶς,

164 1047 203 1072 ὅτι
218 1047 255 1082 μὴ
271 1047 318 1073 καὶ
332 1046 454 1074 ἐκποδὼν
474 1047 566 1074 τέλεον
586 1049 751 1084 πεποιήκασι
763 1057 770 1062 ·
792 1049 837 1075 καὶ
859 1048 951 1075 λοιπὸν

164 1094 376 1128 προφασίζονται
391 1094 492 1121 δειλίαν
502 1094 653 1127 ὀνειδίζειν,
669 1094 829 1129 ἀγνοοῦντες
842 1095 893 1129 ὅτι,
905 1095 952 1122 καὶ

165 1139 241 1165 τοῦτο
254 1139 443 1174 γογγύζοντες,
456 1141 495 1172 είς
509 1141 622 1172 ἑαυτοὺς
638 1141 831 1177 ἐπιστρέφουσι
852 1142 951 1177 μᾶλλον

165 1185 212 1220 τὴν
233 1185 345 1220 μέμψιν.
362 1186 393 1212 Et
409 1186 462 1221 γὰρ
481 1186 583 1221 φαῦλον
597 1187 628 1214 τὸ
648 1187 770 1222 φεύγειν,
787 1187 876 1223 πολλῷ
898 1189 952 1224 χεῖ-

165 1238 211 1266 ρον
223 1230 254 1257 τὸ
270 1230 394 1257 διώκειν·
411 1232 425 1257 ὁ
440 1231 489 1266 μὲν
508 1232 572 1267 γὰρ,
593 1232 638 1258 ἵνα
663 1232 700 1267 μὴ
727 1232 865 1268 ἀποθάνῃ,
886 1232 952 1268 κρύ-

164 1285 275 1309 πτεται,
291 1277 306 1303 ὁ
323 1277 350 1303 δὲ
371 1277 464 1304 διώκει
482 1278 572 1314 ζητῶν
587 1279 762 1305 ἀποκτεῖναν
788 1279 834 1306 καὶ
851 1279 882 1305 τὸ
902 1279 952 1314 μὲν

164 1323 274 1358 φεύγειν
284 1323 448 1360 γέγραπται·
466 1326 480 1351 ὸ
490 1324 518 1351 δὲ
530 1324 620 1360 ζητῶν
631 1325 778 1360 ἁναιρῆσαι
790 1325 951 1361 παραϐαίνει

164 1369 259 1404 νόμον,
275 1370 321 1396 καὶ
340 1370 438 1405 μᾶλλον
461 1370 542 1402 αὐτὸς
557 1370 607 1406 τὴν
624 1370 760 1406 πρόφασιν
776 1371 822 1398 τοῦ
841 1371 952 1406 φεύγειν

164 1414 220 1450 (81)
232 1415 356 1450 παρέχει.
379 1416 465 1452 Εἴπερ
477 1413 524 1443 οὖν
544 1416 593 1452 τὴν
613 1417 702 1453 φυγὴν
721 1417 892 1450 ὀνειδίζουσι,
913 1419 953 1444 ὲν-

164 1461 338 1496 τρεπέτωσαν
353 1463 433 1489 πλέον
453 1463 565 1495 ἑαυτοὺς
585 1461 732 1495 διώκοντας
745 1472 752 1480 ’
774 1464 952 1492 παυέσθωσαν

163 1507 218 1543 γὰρ
231 1508 449 1540 ἐπιϐουλεύοντες
463 1528 470 1540 ,
485 1508 531 1535 καὶ
550 1508 696 1535 παύσονται
712 1510 735 1535 οῑ
749 1509 894 1544 φεύγοντες
908 1510 953 1536 εύ-

164 1554 222 1586 θύς.
240 1554 320 1581 Ἀλλὰ
334 1554 384 1590 τῆς
400 1555 448 1590 μὲν
461 1555 529 1586 ιδίας
545 1556 678 1590 πονηρίας
697 1556 728 1582 οὐ
741 1555 889 1588 παύονται,
905 1556 951 1583 τοῦ

1004 959 1152 992 minantur,
1169 959 1239 993 quod
1262 957 1450 994 sanguinariae
1474 958 1581 986 illorum
1607 965 1703 986 manus
1719 951 1793 985 elfu?

1005 1003 1139 1039 gerimus;
1160 1004 1216 1031 imo
1230 1004 1319 1038 potius
1337 1003 1434 1032 acerbe
1446 1003 1548 1038 lugent,
1562 1003 1633 1038 quod
1647 1011 1690 1030 me
1706 1009 1759 1030 non
1770 1009 1786 1030 e

1005 1049 1094 1077 medio
1117 1056 1227 1084 prorsus
1256 1049 1482 1077 sustulerintzac
1508 1049 1634 1083 deinceps
1660 1048 1786 1076 simulate

1006 1095 1176 1123 timiditatem
1201 1097 1364 1130 exprobrant
1380 1105 1386 1123 :
1405 1104 1459 1124 non
1482 1096 1662 1131 intelligentes
1678 1103 1707 1123 se
1722 1096 1785 1123 dum

1005 1140 1040 1167 ita
1060 1141 1275 1172 obmurmurant,
1292 1141 1320 1168 in
1335 1148 1364 1168 se
1377 1141 1467 1176 potius
1493 1141 1577 1176 ipsam
1602 1145 1709 1168 vertere
1731 1141 1786 1167 cri-

1006 1186 1190 1214 minationem.
1208 1186 1276 1214 Nam
1298 1187 1321 1214 si
1340 1191 1418 1222 turpe
1434 1192 1475 1215 est
1493 1186 1599 1222 fugere,
1615 1186 1700 1214 multo
1713 1186 1787 1213 dete-

1005 1233 1061 1260 rius
1076 1233 1200 1267 persequi
1216 1243 1222 1260 :
1240 1232 1285 1268 qui
1297 1232 1366 1268 fugit
1377 1233 1461 1266 enim,
1474 1233 1569 1260 mortis
1580 1232 1695 1260 vitandae
1705 1239 1787 1260 causa

1005 1286 1035 1306 se
1048 1278 1192 1312 subducit;
1210 1278 1255 1306 hic
1277 1283 1367 1306 autem
1390 1278 1450 1306 ideo
1472 1277 1652 1313 persequitur,
1672 1282 1701 1304 ut
1719 1276 1788 1312 peri-

1006 1329 1062 1352 mat
1077 1332 1156 1360 quem
1179 1324 1303 1360 inquirit.
1322 1324 1398 1358 Quod
1421 1329 1510 1352 autem
1530 1323 1623 1359 fugere
1648 1323 1737 1356 liceat,
1760 1323 1788 1349 id

1006 1372 1152 1408 Scripturae
1162 1376 1296 1399 testantur
1313 1381 1320 1398 :
1342 1371 1388 1406 qui
1403 1376 1492 1398 autem
1506 1369 1684 1398 interficiendi
1697 1368 1788 1396 animo

1005 1419 1129 1454 inquirit,
1151 1419 1174 1446 is
1190 1418 1276 1453 legem
1296 1417 1504 1452 transgreditur,
1523 1418 1577 1444 imo
1600 1416 1658 1450 ipse
1682 1419 1724 1442 est
1741 1414 1788 1449 qui

1005 1466 1125 1501 fugiendi
1136 1473 1244 1493 causam
1255 1465 1367 1500 praebet.
1378 1464 1405 1492 Si
1418 1464 1499 1499 igitur
1512 1463 1600 1498 fugam
1613 1462 1787 1497 exprobrant,

1007 1520 1035 1540 se
1051 1511 1136 1547 magis
1153 1512 1252 1546 pudeat
1274 1510 1346 1546 quod
1369 1513 1576 1545 persequantur.
1597 1508 1725 1535 Desinant
1747 1507 1788 1534 in-

1007 1556 1090 1585 sidias
1115 1556 1236 1588 tendere,
1258 1563 1320 1582 mox
1346 1555 1458 1590 gradum
1485 1553 1580 1582 sistent
1601 1553 1647 1587 qui
1672 1552 1787 1587 fugiunt.

164 1599 193 1626 δὲ
207 1588 371 1627 καταλαϐεῖν
387 1588 441 1635 (85)
453 1601 533 1627 ἕνεκα
551 1588 639 1627 πάντα
655 1601 821 1635 πράττουσιν
833 1609 840 1615 ⁸
853 1602 903 1627 οὐκ
919 1602 953 1627 εί-

1006 1602 1059 1630 Sed
1074 1610 1209 1637 nunquam
1221 1601 1260 1629 illi
1274 1608 1330 1629 sua:
1342 1588 1423 1628 linem
1436 1601 1575 1636 imponent
1589 1599 1699 1626 malitiae
1708 1608 1714 1626 :
1723 1598 1790 1625 nihil

164 1644 251 1677 δότες,
261 1646 301 1672 ὅτι
309 1645 363 1672 τῶν
373 1646 546 1681 διωκομένων
562 1647 578 1681 ὴ
593 1646 665 1681 φυγὴ
678 1646 763 1681 μέγας
774 1647 883 1682 ἔλεγχός
894 1649 952 1674 ἐστι

165 1691 236 1717 κατὰ
253 1691 307 1718 τῶν
318 1691 479 1718 διωκόντων.
496 1692 591 1723 Οὐδεὶς
605 1692 659 1728 γὰρ
672 1693 717 1719 τὸν
738 1693 824 1728 πρᾶον
836 1694 882 1720 καὶ
895 1693 954 1728 φιλ-

165 1730 310 1773 άνθρωπον
329 1737 441 1772 φεύγει,
461 1737 528 1764 ἀλλὰ
547 1738 647 1773 μᾶλλον
660 1738 706 1764 τὸν
718 1738 812 1773 ἄγριον
837 1739 883 1765 καὶ
904 1748 954 1766 πο-

166 1782 248 1818 νηρὸν
263 1782 329 1810 ὅντα
345 1783 391 1809 τὸν
408 1783 508 1818 τρόπον
528 1783 595 1819 (86).
618 1782 680 1816 Πᾶς
700 1783 764 1818 γοῦν
787 1784 957 1818 κατώδυνος

167 1829 215 1856 καὶ
229 1829 384 1863 ὑπόχρεως
408 1830 462 1856 ἀπὺ
484 1830 532 1865 μὲν
551 1829 598 1856 τοῦ
613 1829 698 1856 Σαοὺλ
713 1829 812 1864 ἔφευγε
824 1850 831 1862 ,
846 1831 914 1866 πρὸς
928 1830 957 1857 δὲ

166 1875 212 1902 τὸν
232 1875 313 1902 Δαὸὶδ
331 1875 494 1909 κατέφευγε.
510 1874 558 1901 Διὰ
579 1874 657 1901 τοῦτο
668 1874 715 1901 καὶ
731 1870 803 1902 οὗτοι
815 1875 878 1907 τοὺς
891 1884 957 1911 κρυ-

168 1922 319 1957 πτομένους
333 1922 432 1953 αὐτοὺς
448 1921 503 1956 (87)
515 1921 636 1957 ἀναιρεῖν
658 1921 854 1954 σπουδάζουσιν
864 1943 870 1955 ,
886 1923 956 1957 ὑπὲρ

167 1967 214 1994 τοῦ
233 1967 269 2003 μὴ
285 1967 372 1994 δοκεῖν
391 1967 462 2003 ἐχειν
484 1968 533 2003 τῆς
557 1968 647 1994 αὐτῶν
667 1968 799 2004 πονηρίας
818 1969 863 1995 τὸν
881 1968 956 2004 ἔλεγ-

167 2023 224 2049 χον,
234 2014 312 2040 Ἀλλὰ
327 2015 373 2041 καὶ
383 2015 410 2040 ὲν
419 2014 505 2049 τούτῳ
512 2014 619 2041 δοκοῦσι
628 2014 793 2050 τυφλώττειν
807 2015 830 2041 oi
848 2015 891 2041 ἀεὶ
900 2015 955 2051 (88)

206 2106 227 2122 ¹¹
239 2105 248 2132 I
259 2105 404 2141 Reg.xxn,
417 2106 444 2133 2.

203 2181 261 2216 (78)
278 2181 324 2208 Sic
342 2181 452 2216 Regius,
471 2182 552 2208 Basil.
566 2182 672 2215 Anglic.
686 2182 790 2208 Socrat.
816 2181 952 2210 Theodor.

169 2216 227 2253 Nic.
247 2217 316 2253 Editi
328 2225 401 2249 vero,
419 2217 518 2253 μείζων
533 2217 666 2253 ἐξηγεῖτο.

206 2242 266 2287 (79)
274 2242 410 2280 steriles.
419 2242 665 2287 maiestatis;
674 2252 755 2279 Μουῖ.
768 2252 835 2279 una.
850 2253 953 2287 Anglic.
973 2242 993 2268 ι)

170 2292 198 2323 et
210 2287 387 2323 Theodoret..
406 2287 560 2323 Ψινόσιριν.
577 2288 642 2314 Ibid.
661 2288 766 2322 Anglic.
783 2293 810 2314 et
837 2288 954 2323 Socrat,

170 2322 370 2357 Νειλάμμωνα,
383 2323 448 2355 Reg.
467 2328 493 2349 et
507 2321 583 2353 editi,
598 2322 786 2358 Πηλάμμωνα,
797 2323 874 2358 male.
889 2321 955 2349 Ibid.

172 2357 280 2384 Socrat.
301 2363 327 2385 et
344 2358 456 2392 Niceph.
473 2363 499 2384 et
521 2357 640 2391 Anglia,
671 2357 821 2391 Ἀγάθωνα.
841 2357 955 2388 Theod.,

176 2392 318 2426 ’Λγάπιον.
339 2393 404 2419 Ibid.
420 2393 537 2426 Anglia,
560 2394 713 2428 "Ayatttpov.
729 2393 787 2418 Mox
807 2392 913 2420 Sovrnl.
931 2397 958 2420 ct

171 2428 344 2463 Tlteodoret..
369 2428 522 2463 Ἀμμώνιον
547 2428 638 2461 ἕτερον
655 2429 701 2454 καὶ
721 2427 813 2463 ἕτερον
834 2428 956 2462 Μάρκον.

171 2463 247 2496 Apud
261 2462 511 2498 Socratcm'lcgitur
527 2463 606 2490 tertio
621 2462 796 2494 Ammonius,
809 2463 855 2490 sed
870 2463 955 2489 male:

173 2505 235 2524 nam
254 2499 442 2531 septemdecim
459 2503 522 2525 tunc
539 2498 629 2526 forent
651 2498 769 2532 episcopi
797 2498 876 2530 pulsi,
895 2506 957 2524 cum

172 2536 262 2559 tamen
279 2533 394 2559 sedecitu
413 2537 516 2559 tantum
533 2538 665 2560 memoret
677 2532 842 2559 Athanasius
857 2533 906 2559 sub
928 2534 957 2559 Ii-

174 2574 241 2629 geilnl
254 2567 387 2603 Apologia:
408 2567 595 2602 praecedentis.
619 2568 680 2595 Ilaec
696 2568 758 2595 item
771 2568 798 2594 in
821 2567 905 2603 Epist.
923 2568 957 2595 ad

196 2610 210 2628 0
223 2611 230 2629 ι
245 2622 251 2629 ι

196 2603 251 2631 alit.

221 2637 265 2673 80)
279 2637 440 2673 Anglicanus
453 2638 549 2670 codex,
563 2637 664 2673 μέντοι.

221 2672 266 2715 81)
282 2672 347 2715 λ1ἰτο
357 2673 445 2715 variat
458 2672 645 2715 Theoderetus
663 2673 721 2715 qui)
734 2673 815 2700 habet
831 2673 956 2715 Ἐφόνευ-

173 2707 266 2744 ᾳανλδὲ
292 2707 456 2739 ἐπισκόπους
479 2707 590 2740 πλείους
608 2708 635 2744 -ᾒ
650 2707 819 2744 τριάκοντα,
847 2710 957 2743 ejusque

174 2742 316 2769 lectionem
332 2750 487 2777 germanam
504 2748 580 2776 putat
595 2742 740 2771 AVaIesius.
769 2744 821 2770 Sed
845 2742 955 2770 mendo—

174 2785 304 2810 samesse
320 2778 480 2804 arbitramur
496 2786 502 2804 τ
519 2785 579 2804 nam
592 2782 768 2812 prmterqtum
781 2779 849 2812 quod
863 2787 957 2806 omnes

174 2819 242 2839 mss.
257 2817 285 2838 et
303 2812 368 2838 editi
380 2812 532 2845 Athanasii,
547 2812 652 2839 Socr-at.
675 2818 702 2840 et
718 2813 829 2847 Niceph.
857 2814 958 2841 habent

173 2847 372 2881 ἐφυγάδευσαν,
386 2848 442 2874 haec
454 2848 533 2875 lectio
548 2855 609 2874 vera
626 2848 816 2882 comprobatur
833 2857 864 2875 cx
879 2849 954 2882 Apol.

175 2883 211 2910 ad
223 2882 358 2910 Constant.
376 2890 449 2911 num.
469 2882 515 2918 27,
531 2883 575 2911 ubi
599 2883 638 2911 sic
664 2884 770 2918 legitur,
785 2884 838 2910 Kal
863 2883 957 2917 ἐξωρί-

1006 1655 1080 1677 certe
1095 1656 1148 1677 non
1165 1652 1248 1684 agunt
1261 1653 1290 1676 ut
1305 1655 1355 1676 nos
1370 1647 1609 1682 comprehendant,
1625 1653 1678 1673 non
1694 1645 1789 1672 adver-

1007 1700 1094 1723 tentes
1116 1695 1205 1730 fugam
1226 1702 1319 1722 eorum
1347 1694 1391 1728 qui
1413 1693 1630 1728 persecutionem
1651 1691 1790 1727 patiuntur

1007 1750 1181 1778 permagnum
1210 1749 1272 1769 esse
1300 1741 1326 1768 in
1357 1743 1543 1776 persecutores
1574 1741 1786 1773 argumentum:

1006 1796 1084 1816 nemo
1099 1789 1170 1815 enim
1192 1788 1338 1815 humanum
1358 1786 1425 1821 fugit
1446 1790 1492 1812 aut
1514 1788 1683 1812 mansuetum
1701 1781 1790 1810 homi-

1006 1843 1079 1867 nem,
1098 1835 1144 1862 sed
1167 1834 1311 1861 immanem
1327 1837 1354 1859 et
1371 1831 1491 1859 moribus
1507 1829 1670 1866 improbum.
1688 1828 1791 1856 Idcirco

1006 1889 1093 1908 omnes
1107 1880 1151 1915 qui
1165 1886 1238 1906 erant
1253 1881 1280 1906 in
1291 1871 1413 1913 angustid
1427 1877 1563 1904 constituti
1576 1880 1600 1903 et
1612 1875 1727 1910 oppressi
1739 1882 1791 1901 wre

1006 1926 1132 1958 alieno",
1158 1924 1266 1952 Saulcm
1282 1924 1415 1959 fugientes
1432 1923 1464 1950 ad
1480 1921 1607 1949 Davidem
1625 1928 1655 1949 se
1668 1919 1792 1948 confere-

1009 1971 1084 1998 bant.
1100 1971 1140 1998 Illi
1154 1977 1218 1998 vero
1231 1969 1291 1997 ideo
1305 1976 1352 1996 eos
1372 1970 1417 2003 qui
1439 1977 1469 1996 se
1490 1967 1626 1995 occultant
1638 1964 1794 1993 interﬁcere

1009 2021 1145 2052 satagunt,
1163 2021 1192 2043 ut
1213 2015 1285 2043 nulla
1310 2014 1447 2050 supersint
1462 2013 1571 2041 malitiae
1594 2019 1650 2040 suae
1666 2010 1790 2046 vestigia.

1010 2183 1111 2217 ηοησαν
1128 2182 1176 2217 μὲν
1188 2183 1254 2210 δέκα
1265 2183 1313 2210 καὶ
1325 2182 1364 2215 ἒξ.
1380 2183 1434 2209 τῶν
1445 2182 1473 2208 δὲ
1486 2182 1572 2210 ἄλλων
1589 2182 1613 2208 οἱ
1632 2181 1682 2216 μὲν
1694 2181 1792 2216 ἐφυγα-

1007 2216 1150 2253 δεύθησαν,
1161 2219 1185 2244 oi
1199 2219 1227 2245 δὲ
1238 2218 1447 2255 ἠναγκάσθησαν
1459 2217 1664 2255 ὑποκρίνασθαι..
1676 2216 1796 2255 Quorum-

1009 2251 1118 2287 (scilii‘ct
1132 2251 1321 2287 episcoporum)
1337 2251 1447 2280 sedecim
1463 2258 1522 2279 sunt
1533 2251 1562 2278 in
1583 2251 1703 2287 exsilium
1728 2251 1789 2287 qcti,

1008 2285 1040 2315 ex
1051 2285 1150 2315 ueteris
1167 2285 1236 2320 vero,
1252 2288 1297 2314 alii
1314 2289 1341 2314 in
1352 2289 1442 2322 fugant
1456 2287 1532 2320 versi,
1549 2287 1595 2314 alii
1612 2286 1646 2313 ad
1664 2285 1792 2313 simulan-

1008 2325 1069 2350 dum
1085 2325 1167 2350 coacti
1181 2329 1252 2350 sunt.

1046 2359 1102 2393 (Si)
1119 2359 1180 2385 ΙΙςιιο
1197 2359 1328 2385 habentur
1345 2358 1414 2392 apud
1430 2358 1580 2393 Socratem,
1601 2356 1649 2384 Iib.
1667 2363 1709 2386 ut,
1731 2362 1790 2389 cap.

1009 2395 1034 2426 8,
1051 2400 1075 2420 cl
1089 2395 1157 2426 apitd
1177 2393 1299 2428 Niceper
1317 2393 1364 2419 lib.
1387 2401 1414 2423 x,
1430 2400 1488 2427 cap.
1510 2392 1554 2428 16.

1045 2425 1162 2464 (85lSic
1182 2425 1249 2463 Ιερςζ
1273 2428 1354 2464 llusil.
1375 2425 1480 2454 Socrati.
1506 2426 1618 2461 Niceph.
1636 2425 1706 2454 Editi
1727 2431 1792 2452 vero

1009 2472 1034 2492 ct
1052 2463 1227 2496 Anglicanus,
1248 2463 1456 2498 ἑτυράννευσαν,
1472 2463 1550 2490 male.

1045 2499 1100 2531 (8A)
1116 2497 1351 2532 Νἱοοριιογιιεζτοῦ
1367 2497 1471 2532 ψέγειν.

1044 2534 1100 2570 (85)
1118 2530 1237 2570 Socr-at"
1253 2530 1426 2560 καταϐαλεῖν.
1444 2532 1503 2559 Mox
1519 2533 1568 2558 οὐκ
1580 2531 1655 2559 dvest
1669 2531 1695 2558 in
1713 2530 1791 2558 Socr.

1047 2569 1158 2597 Nicclth.

1008 2577 1233 2638 ωέἓῖλᾟίςὶῑαη
1249 2603 1312 2634 τοὺς
1328 2602 1455 2638 τρόπους.
1471 2601 1530 2628 Mox
1547 2601 1610 2628 editi
1627 2601 1715 2638 male,
1731 2602 1794 2634 Πῶς

1009 2641 1083 2674 γοῦν.
1098 2635 1198 2673 κυεξὶιι
1214 2639 1307 2669 B:tsil.,
1325 2635 1382 2669 Πᾶς
1393 2637 1468 2674 γοῦν.
1489 2638 1616 2664 Socrates
1629 2640 1656 2663 et
1669 2635 1792 2672 Nicepli.,

1008 2673 1066 2708 Πᾶς
1077 2675 1141 2709 γάρ.
1157 2673 1273 2707 Anglic.,
1285 2673 1405 2709 Kalr‘mi;
1424 2673 1482 2707 μέν.

1044 2705 1100 2746 (81)
1116 2705 1281 2741 Anglicanus
1297 2713 1324 2746 et
1341 2705 1601 2746 SI)CTEI:IeS,_(_1l')TOZ§.
1623 2705 1722 2746 Ibidem
1742 2706 1795 2733 Alt-

1008 2741 1220 2782 glii:.,'dtvatpeiv
1236 2743 1390 2782 σπεύδουσι.
1407 2743 1565 2782 IIonnidem,
1578 2741 1692 2782 ἑαυτῶν.

1044 2781 1100 2817 (88)
1117 2775 1173 2817 ’ᾼεί
1190 2780 1266 2817 deest
1282 2779 1352 2813 apud
1369 2779 1448 2817 socr.
1462 2777 1543 2817 [:3qu
1553 2781 1613 2811 post
1629 2777 1696 2817 Iieg.
1710 2775 1792 2817 Basil.

1008 2810 1111 2852 An‘glic.
1125 2816 1202 2843 Socr.
1224 2810 1449 2852 Νἰο.,’γινομένη.
1471 2810 1723 2847 Εόὶιὶίγινομένης.
1734 2811 1797 2838 Mox»

1007 2849 1123 2888 Anglic,
1141 2849 1383 2886 περιφανεστέραη
