  <div class='ocr_page' id='page_1' title='image "/cluster/home/n/w/nwhite01/storage/ocr_20150623/25/njp.32101010944591/613.png"; bbox 0 0 2007 3044; ppageno 0'>
   <div class='ocr_carea' id='block_1_1' title="bbox 231 115 287 144">
    <p class='ocr_par' dir='ltr' id='par_1_1' title="bbox 231 115 287 144">
     <span class='ocr_line' id='line_1_1' title="bbox 231 115 287 144; baseline 0 0"><span class='ocrx_word' id='word_1_1' title='bbox 231 115 287 144; x_wconf 72' lang='lat'><strong>655</strong></span> 
     </span>
    </p>
   </div>
   <div class='ocr_carea' id='block_1_2' title="bbox 515 117 1538 152">
    <p class='ocr_par' dir='ltr' id='par_1_2' title="bbox 515 117 1538 152">
     <span class='ocr_line' id='line_1_2' title="bbox 515 117 1538 152; baseline 0.008 -8"><span class='ocrx_word' id='word_1_2' title='bbox 515 117 544 144; x_wconf 88' lang='lat' dir='ltr'><strong>S.</strong></span> <span class='ocrx_word' id='word_1_3' title='bbox 566 119 750 147; x_wconf 73' lang='lat' dir='ltr'><strong>ATHA‘NASII</strong></span> <span class='ocrx_word' id='word_1_4' title='bbox 767 121 841 149; x_wconf 83' lang='lat' dir='ltr'><strong>OPP.</strong></span> <span class='ocrx_word' id='word_1_5' title='bbox 863 121 953 149; x_wconf 77' lang='lat' dir='ltr'><strong>PARS</strong></span> <span class='ocrx_word' id='word_1_6' title='bbox 972 122 991 150; x_wconf 94' lang='lat' dir='ltr'><strong>l.</strong></span> <span class='ocrx_word' id='word_1_7' title='bbox 1012 139 1045 143; x_wconf 93' lang='lat'><strong>—</strong></span> <span class='ocrx_word' id='word_1_8' title='bbox 1065 123 1248 151; x_wconf 76' lang='lat' dir='ltr'><strong>IIISTORICA</strong></span> <span class='ocrx_word' id='word_1_9' title='bbox 1270 125 1313 152; x_wconf 81' lang='grc' dir='ltr'><strong>ΕΤ</strong></span> <span class='ocrx_word' id='word_1_10' title='bbox 1331 125 1538 152; x_wconf 75' lang='lat' dir='ltr'><strong>DOGMATICA.</strong></span> 
     </span>
    </p>
   </div>
   <div class='ocr_carea' id='block_1_3' title="bbox 1795 126 1848 153">
    <p class='ocr_par' dir='ltr' id='par_1_3' title="bbox 1795 126 1848 153">
     <span class='ocr_line' id='line_1_3' title="bbox 1795 126 1848 153; baseline 0 0"><span class='ocrx_word' id='word_1_11' title='bbox 1795 126 1848 153; x_wconf 75' lang='lat'><strong>656</strong></span> 
     </span>
    </p>
   </div>
   <div class='ocr_carea' id='block_1_4' title="bbox 232 174 1013 220">
    <p class='ocr_par' dir='ltr' id='par_1_4' title="bbox 232 174 1013 211">
     <span class='ocr_line' id='line_1_4' title="bbox 232 174 1013 211; baseline 0.004 -8"><span class='ocrx_word' id='word_1_12' title='bbox 232 175 331 203; x_wconf 82' lang='lat' dir='ltr'><strong>Verum</strong></span> <span class='ocrx_word' id='word_1_13' title='bbox 347 174 383 202; x_wconf 87' lang='lat' dir='ltr'><strong>illi</strong></span> <span class='ocrx_word' id='word_1_14' title='bbox 401 179 428 202; x_wconf 86' lang='lat' dir='ltr'><strong>nl</strong></span> <span class='ocrx_word' id='word_1_15' title='bbox 443 183 548 211; x_wconf 87' lang='lat' dir='ltr'><strong>semper</strong></span> <span class='ocrx_word' id='word_1_16' title='bbox 562 183 667 210; x_wconf 84' lang='lat' dir='ltr'><strong>errant,</strong></span> <span class='ocrx_word' id='word_1_17' title='bbox 687 179 811 206; x_wconf 89' lang='lat' dir='ltr'><strong>videntur</strong></span> <span class='ocrx_word' id='word_1_18' title='bbox 826 181 852 207; x_wconf 93' lang='lat' dir='ltr'><strong>in</strong></span> <span class='ocrx_word' id='word_1_19' title='bbox 867 180 918 208; x_wconf 85' lang='lat' dir='ltr'><strong>hoc</strong></span> <span class='ocrx_word' id='word_1_20' title='bbox 933 181 1013 208; x_wconf 83' lang='lat' dir='ltr'><strong>etiam</strong></span> 
     </span>
    </p>
   </div>
   <div class='ocr_carea' id='block_1_5' title="bbox 1066 174 1849 220">
    <p class='ocr_par' dir='ltr' id='par_1_5' title="bbox 1066 181 1849 220">
     <span class='ocr_line' id='line_1_5' title="bbox 1066 181 1849 220; baseline 0.004 -13"><span class='ocrx_word' id='word_1_21' title='bbox 1066 181 1251 214; x_wconf 63' lang='grc' dir='ltr'>πλανώμενον</span> <span class='ocrx_word' id='word_1_22' title='bbox 1277 184 1332 218; x_wconf 78' lang='grc' dir='ltr'><strong>ὅσῳ</strong></span> <span class='ocrx_word' id='word_1_23' title='bbox 1352 183 1406 219; x_wconf 84' lang='grc' dir='ltr'><strong>γὰρ</strong></span> <span class='ocrx_word' id='word_1_24' title='bbox 1429 185 1445 220; x_wconf 84' lang='grc' dir='ltr'>ὴ</span> <span class='ocrx_word' id='word_1_25' title='bbox 1471 183 1543 218; x_wconf 84' lang='grc' dir='ltr'>φυγὴ</span> <span class='ocrx_word' id='word_1_26' title='bbox 1567 183 1713 218; x_wconf 76' lang='grc' dir='ltr'>πρόδηλος,</span> <span class='ocrx_word' id='word_1_27' title='bbox 1735 185 1849 220; x_wconf 74' lang='grc' dir='ltr'>τοσούτῳ</span> 
     </span>
    </p>
   </div>
   <div class='ocr_carea' id='block_1_6' title="bbox 232 223 1012 260">
    <p class='ocr_par' dir='ltr' id='par_1_6' title="bbox 232 223 1012 260">
     <span class='ocr_line' id='line_1_6' title="bbox 232 223 1012 260; baseline 0.005 -10"><span class='ocrx_word' id='word_1_28' title='bbox 232 223 360 250; x_wconf 68' lang='lat' dir='ltr'><strong>caecutire</strong></span> <span class='ocrx_word' id='word_1_29' title='bbox 381 232 387 249; x_wconf 90' lang='lat'>:</span> <span class='ocrx_word' id='word_1_30' title='bbox 405 228 506 258; x_wconf 86' lang='lat' dir='ltr'><strong>quanto</strong></span> <span class='ocrx_word' id='word_1_31' title='bbox 527 224 599 250; x_wconf 91' lang='lat' dir='ltr'><strong>enim</strong></span> <span class='ocrx_word' id='word_1_32' title='bbox 620 223 681 260; x_wconf 76' lang='lat' dir='ltr'><strong>fuga</strong></span> <span class='ocrx_word' id='word_1_33' title='bbox 709 225 818 259; x_wconf 83' lang='lat' dir='ltr'><strong>clarior,</strong></span> <span class='ocrx_word' id='word_1_34' title='bbox 839 231 912 253; x_wconf 85' lang='lat' dir='ltr'><strong>tanto</strong></span> <span class='ocrx_word' id='word_1_35' title='bbox 931 227 1012 254; x_wconf 84' lang='lat' dir='ltr'><strong>etiam</strong></span> 
     </span>
    </p>
   </div>
   <div class='ocr_carea' id='block_1_7' title="bbox 233 269 1014 308">
    <p class='ocr_par' dir='ltr' id='par_1_7' title="bbox 233 269 1014 308">
     <span class='ocr_line' id='line_1_7' title="bbox 233 269 1014 308; baseline 0.006 -13"><span class='ocrx_word' id='word_1_36' title='bbox 233 269 360 304; x_wconf 83' lang='lat' dir='ltr'><strong>liquidius</strong></span> <span class='ocrx_word' id='word_1_37' title='bbox 375 269 482 296; x_wconf 78' lang='lat' dir='ltr'><strong>insidiis</strong></span> <span class='ocrx_word' id='word_1_38' title='bbox 495 277 587 296; x_wconf 87' lang='lat' dir='ltr'><strong>eormn</strong></span> <span class='ocrx_word' id='word_1_39' title='bbox 604 276 716 304; x_wconf 69' lang='lat' dir='ltr'><strong>patrata:</strong></span> <span class='ocrx_word' id='word_1_40' title='bbox 727 272 825 303; x_wconf 64' lang='lat' dir='ltr'><strong>caedes.</strong></span> <span class='ocrx_word' id='word_1_41' title='bbox 844 271 1014 308; x_wconf 66' lang='lat' dir='ltr'><strong>irrogataqne</strong></span> 
     </span>
    </p>
   </div>
   <div class='ocr_carea' id='block_1_8' title="bbox 231 315 1013 354">
    <p class='ocr_par' dir='ltr' id='par_1_8' title="bbox 231 315 1013 354">
     <span class='ocr_line' id='line_1_8' title="bbox 231 315 1013 354; baseline 0.005 -12"><span class='ocrx_word' id='word_1_42' title='bbox 231 315 325 342; x_wconf 77' lang='lat' dir='ltr'><strong>exsilia</strong></span> <span class='ocrx_word' id='word_1_43' title='bbox 342 315 477 350; x_wconf 78' lang='lat' dir='ltr'><strong>explorata</strong></span> <span class='ocrx_word' id='word_1_44' title='bbox 497 321 585 343; x_wconf 87' lang='lat' dir='ltr'><strong>erunt.</strong></span> <span class='ocrx_word' id='word_1_45' title='bbox 610 316 638 343; x_wconf 91' lang='lat' dir='ltr'><strong>Si</strong></span> <span class='ocrx_word' id='word_1_46' title='bbox 661 325 777 352; x_wconf 79' lang='lat' dir='ltr'><strong>namque</strong></span> <span class='ocrx_word' id='word_1_47' title='bbox 800 319 936 350; x_wconf 86' lang='lat' dir='ltr'><strong>occidant,</strong></span> <span class='ocrx_word' id='word_1_48' title='bbox 957 319 1013 354; x_wconf 82' lang='lat' dir='ltr'><strong>ipsa</strong></span> 
     </span>
    </p>
   </div>
   <div class='ocr_carea' id='block_1_9' title="bbox 231 361 1012 399">
    <p class='ocr_par' dir='ltr' id='par_1_9' title="bbox 231 361 1012 399">
     <span class='ocr_line' id='line_1_9' title="bbox 231 361 1012 399; baseline 0.006 -13"><span class='ocrx_word' id='word_1_49' title='bbox 231 368 305 387; x_wconf 81' lang='lat' dir='ltr'><strong>mors</strong></span> <span class='ocrx_word' id='word_1_50' title='bbox 317 361 425 396; x_wconf 71' lang='lat' dir='ltr'><strong>gravius</strong></span> <span class='ocrx_word' id='word_1_51' title='bbox 441 362 466 387; x_wconf 88' lang='lat' dir='ltr'><strong>in</strong></span> <span class='ocrx_word' id='word_1_52' title='bbox 483 362 626 390; x_wconf 77' lang='lat' dir='ltr'><strong>carniﬁces</strong></span> <span class='ocrx_word' id='word_1_53' title='bbox 639 364 795 396; x_wconf 74' lang='lat' dir='ltr'><strong>resonabit;</strong></span> <span class='ocrx_word' id='word_1_54' title='bbox 816 364 857 391; x_wconf 83' lang='lat' dir='ltr'><strong>sin</strong></span> <span class='ocrx_word' id='word_1_55' title='bbox 873 365 972 399; x_wconf 91' lang='lat' dir='ltr'><strong>pellant</strong></span> <span class='ocrx_word' id='word_1_56' title='bbox 987 365 1012 392; x_wconf 91' lang='lat' dir='ltr'><strong>in</strong></span> 
     </span>
    </p>
   </div>
   <div class='ocr_carea' id='block_1_10' title="bbox 231 406 1014 445">
    <p class='ocr_par' dir='ltr' id='par_1_10' title="bbox 231 406 1014 445">
     <span class='ocr_line' id='line_1_10' title="bbox 231 406 1014 445; baseline 0.006 -12"><span class='ocrx_word' id='word_1_57' title='bbox 231 406 369 438; x_wconf 73' lang='lat' dir='ltr'><strong>exsilium,</strong></span> <span class='ocrx_word' id='word_1_58' title='bbox 393 414 609 442; x_wconf 84' lang='lat' dir='ltr'><strong>quaquaversum</strong></span> <span class='ocrx_word' id='word_1_59' title='bbox 635 409 762 436; x_wconf 89' lang='lat' dir='ltr'><strong>emittunt</strong></span> <span class='ocrx_word' id='word_1_60' title='bbox 784 410 933 445; x_wconf 89' lang='lat' dir='ltr'><strong>iniquitatis</strong></span> <span class='ocrx_word' id='word_1_61' title='bbox 959 419 1014 438; x_wconf 63' lang='lat' dir='ltr'><strong>sua:</strong></span> 
     </span>
    </p>
   </div>
   <div class='ocr_carea' id='block_1_11' title="bbox 232 458 417 480">
    <p class='ocr_par' dir='ltr' id='par_1_11' title="bbox 232 458 417 480">
     <span class='ocr_line' id='line_1_11' title="bbox 232 458 417 480; baseline 0.005 -1"><span class='ocrx_word' id='word_1_62' title='bbox 232 458 417 480; x_wconf 87' lang='lat' dir='ltr'><strong>monumenta.</strong></span> 
     </span>
    </p>
   </div>
   <div class='ocr_carea' id='block_1_12' title="bbox 267 498 1014 534">
    <p class='ocr_par' dir='ltr' id='par_1_12' title="bbox 267 498 1014 534">
     <span class='ocr_line' id='line_1_12' title="bbox 267 498 1014 534; baseline 0.005 -9"><span class='ocrx_word' id='word_1_63' title='bbox 267 499 294 525; x_wconf 83' lang='lat'><strong>9.</strong></span> <span class='ocrx_word' id='word_1_64' title='bbox 309 498 337 525; x_wconf 91' lang='lat' dir='ltr'><strong>Si</strong></span> <span class='ocrx_word' id='word_1_65' title='bbox 353 499 435 534; x_wconf 76' lang='lat' dir='ltr'><strong>igitur</strong></span> <span class='ocrx_word' id='word_1_66' title='bbox 452 506 526 526; x_wconf 67' lang='lat' dir='ltr'><strong>sanae</strong></span> <span class='ocrx_word' id='word_1_67' title='bbox 541 500 639 526; x_wconf 79' lang='lat' dir='ltr'><strong>mentis</strong></span> <span class='ocrx_word' id='word_1_68' title='bbox 653 505 755 532; x_wconf 80' lang='lat' dir='ltr'><strong>essent,</strong></span> <span class='ocrx_word' id='word_1_69' title='bbox 771 508 830 528; x_wconf 81' lang='lat' dir='ltr'><strong>sese</strong></span> <span class='ocrx_word' id='word_1_70' title='bbox 843 502 1014 530; x_wconf 85' lang='lat' dir='ltr'><strong>adverterent</strong></span> 
     </span>
    </p>
   </div>
   <div class='ocr_carea' id='block_1_13' title="bbox 232 544 1014 583">
    <p class='ocr_par' dir='ltr' id='par_1_13' title="bbox 232 544 1014 583">
     <span class='ocr_line' id='line_1_13' title="bbox 232 544 1014 583; baseline 0.004 -11"><span class='ocrx_word' id='word_1_71' title='bbox 232 545 310 572; x_wconf 86' lang='lat' dir='ltr'><strong>malis</strong></span> <span class='ocrx_word' id='word_1_72' title='bbox 326 544 478 579; x_wconf 75' lang='lat' dir='ltr'><strong>huiusmodi</strong></span> <span class='ocrx_word' id='word_1_73' title='bbox 501 546 668 581; x_wconf 88' lang='lat' dir='ltr'><strong>complicari,</strong></span> <span class='ocrx_word' id='word_1_74' title='bbox 691 555 723 574; x_wconf 85' lang='lat' dir='ltr'><strong>ac</strong></span> <span class='ocrx_word' id='word_1_75' title='bbox 742 547 769 574; x_wconf 91' lang='lat' dir='ltr'><strong>in</strong></span> <span class='ocrx_word' id='word_1_76' title='bbox 793 549 900 583; x_wconf 86' lang='lat' dir='ltr'><strong>propria</strong></span> <span class='ocrx_word' id='word_1_77' title='bbox 918 548 1014 583; x_wconf 87' lang='lat' dir='ltr'><strong>impin-</strong></span> 
     </span>
    </p>
   </div>
   <div class='ocr_carea' id='block_1_14' title="bbox 232 591 1012 637">
    <p class='ocr_par' dir='ltr' id='par_1_14' title="bbox 232 591 1012 637">
     <span class='ocr_line' id='line_1_14' title="bbox 232 591 1012 637; baseline 0.006 -20"><span class='ocrx_word' id='word_1_78' title='bbox 232 597 295 624; x_wconf 64' lang='lat' dir='ltr'><strong>gere</strong></span> <span class='ocrx_word' id='word_1_79' title='bbox 309 591 432 618; x_wconf 89' lang='lat' dir='ltr'><strong>consilia.</strong></span> <span class='ocrx_word' id='word_1_80' title='bbox 449 591 547 619; x_wconf 82' lang='lat' dir='ltr'><strong>Verum</strong></span> <span class='ocrx_word' id='word_1_81' title='bbox 561 592 622 626; x_wconf 88' lang='lat' dir='ltr'><strong>quia</strong></span> <span class='ocrx_word' id='word_1_82' title='bbox 637 598 725 637; x_wconf 67' lang='lat' dir='ltr'><strong>mente</strong></span> <span class='ocrx_word' id='word_1_83' title='bbox 738 594 811 628; x_wconf 82' lang='lat' dir='ltr'><strong>capti</strong></span> <span class='ocrx_word' id='word_1_84' title='bbox 824 599 897 627; x_wconf 82' lang='lat' dir='ltr'><strong>sunt,</strong></span> <span class='ocrx_word' id='word_1_85' title='bbox 912 595 1012 629; x_wconf 90' lang='lat' dir='ltr'><strong>impetu</strong></span> 
     </span>
    </p>
   </div>
   <div class='ocr_carea' id='block_1_15' title="bbox 233 637 1013 675">
    <p class='ocr_par' dir='ltr' id='par_1_15' title="bbox 233 637 1013 675">
     <span class='ocr_line' id='line_1_15' title="bbox 233 637 1013 675; baseline 0.005 -11"><span class='ocrx_word' id='word_1_86' title='bbox 233 637 267 664; x_wconf 81' lang='lat' dir='ltr'><strong>ad</strong></span> <span class='ocrx_word' id='word_1_87' title='bbox 291 637 503 674; x_wconf 82' lang='lat' dir='ltr'><strong>persequendum</strong></span> <span class='ocrx_word' id='word_1_88' title='bbox 527 637 660 670; x_wconf 87' lang='lat' dir='ltr'><strong>feruntur.</strong></span> <span class='ocrx_word' id='word_1_89' title='bbox 685 639 801 674; x_wconf 90' lang='lat' dir='ltr'><strong>dumque</strong></span> <span class='ocrx_word' id='word_1_90' title='bbox 815 641 903 668; x_wconf 64' lang='lat' dir='ltr'><strong>caedes</strong></span> <span class='ocrx_word' id='word_1_91' title='bbox 918 648 1013 675; x_wconf 84' lang='lat' dir='ltr'><strong>perpe—</strong></span> 
     </span>
    </p>
   </div>
   <div class='ocr_carea' id='block_1_16' title="bbox 234 686 1012 723">
    <p class='ocr_par' dir='ltr' id='par_1_16' title="bbox 234 686 1012 723">
     <span class='ocr_line' id='line_1_16' title="bbox 234 686 1012 723; baseline 0.004 -11"><span class='ocrx_word' id='word_1_92' title='bbox 234 691 306 712; x_wconf 90' lang='lat' dir='ltr'><strong>trare</strong></span> <span class='ocrx_word' id='word_1_93' title='bbox 332 686 450 717; x_wconf 85' lang='lat' dir='ltr'><strong>student,</strong></span> <span class='ocrx_word' id='word_1_94' title='bbox 472 693 549 712; x_wconf 86' lang='lat' dir='ltr'><strong>suam</strong></span> <span class='ocrx_word' id='word_1_95' title='bbox 580 687 745 720; x_wconf 83' lang='lat' dir='ltr'><strong>impietatem</strong></span> <span class='ocrx_word' id='word_1_96' title='bbox 772 694 940 723; x_wconf 84' lang='lat' dir='ltr'><strong>perspectam</strong></span> <span class='ocrx_word' id='word_1_97' title='bbox 961 695 1012 715; x_wconf 92' lang='lat' dir='ltr'><strong>non</strong></span> 
     </span>
    </p>
   </div>
   <div class='ocr_carea' id='block_1_17' title="bbox 232 731 1014 766">
    <p class='ocr_par' dir='ltr' id='par_1_17' title="bbox 232 731 1014 766">
     <span class='ocr_line' id='line_1_17' title="bbox 232 731 1014 766; baseline 0.003 -8"><span class='ocrx_word' id='word_1_98' title='bbox 232 731 343 758; x_wconf 82' lang='lat' dir='ltr'><strong>habent.</strong></span> <span class='ocrx_word' id='word_1_99' title='bbox 358 731 414 758; x_wconf 91' lang='lat' dir='ltr'><strong>lmo</strong></span> <span class='ocrx_word' id='word_1_100' title='bbox 429 731 498 758; x_wconf 87' lang='lat' dir='ltr'><strong>forte</strong></span> <span class='ocrx_word' id='word_1_101' title='bbox 513 731 598 766; x_wconf 83' lang='lat' dir='ltr'><strong>ipsam</strong></span> <span class='ocrx_word' id='word_1_102' title='bbox 615 733 756 760; x_wconf 88' lang='lat' dir='ltr'><strong>criminari</strong></span> <span class='ocrx_word' id='word_1_103' title='bbox 771 733 906 761; x_wconf 83' lang='lat' dir='ltr'><strong>audebunt</strong></span> <span class='ocrx_word' id='word_1_104' title='bbox 919 734 1014 761; x_wconf 77' lang='lat' dir='ltr'><strong>l&#39;rovi-</strong></span> 
     </span>
    </p>
   </div>
   <div class='ocr_carea' id='block_1_18' title="bbox 231 777 1015 815">
    <p class='ocr_par' dir='ltr' id='par_1_18' title="bbox 231 777 1015 815">
     <span class='ocr_line' id='line_1_18' title="bbox 231 777 1015 815; baseline 0.004 -11"><span class='ocrx_word' id='word_1_105' title='bbox 231 777 349 804; x_wconf 85' lang='lat' dir='ltr'><strong>nentiam</strong></span> <span class='ocrx_word' id='word_1_106' title='bbox 366 777 442 813; x_wconf 89' lang='lat' dir='ltr'><strong>(nihil</strong></span> <span class='ocrx_word' id='word_1_107' title='bbox 457 780 528 806; x_wconf 88' lang='lat' dir='ltr'><strong>enim</strong></span> <span class='ocrx_word' id='word_1_108' title='bbox 548 779 600 806; x_wconf 88' lang='lat' dir='ltr'><strong>illis</strong></span> <span class='ocrx_word' id='word_1_109' title='bbox 617 779 752 814; x_wconf 84' lang='lat' dir='ltr'><strong>inausum)</strong></span> <span class='ocrx_word' id='word_1_110' title='bbox 769 780 839 814; x_wconf 91' lang='lat' dir='ltr'><strong>quod</strong></span> <span class='ocrx_word' id='word_1_111' title='bbox 857 780 931 807; x_wconf 86' lang='lat' dir='ltr'><strong>viros</strong></span> <span class='ocrx_word' id='word_1_112' title='bbox 945 788 1015 815; x_wconf 86' lang='lat' dir='ltr'><strong>quos</strong></span> 
     </span>
    </p>
   </div>
   <div class='ocr_carea' id='block_1_19' title="bbox 231 823 1013 860">
    <p class='ocr_par' dir='ltr' id='par_1_19' title="bbox 231 823 1013 860">
     <span class='ocr_line' id='line_1_19' title="bbox 231 823 1013 860; baseline 0.001 -10"><span class='ocrx_word' id='word_1_113' title='bbox 231 823 372 858; x_wconf 76' lang='lat' dir='ltr'><strong>inquirunt</strong></span> <span class='ocrx_word' id='word_1_114' title='bbox 397 824 446 852; x_wconf 83' lang='lat' dir='ltr'><strong>sibi</strong></span> <span class='ocrx_word' id='word_1_115' title='bbox 466 832 519 852; x_wconf 88' lang='lat' dir='ltr'><strong>non</strong></span> <span class='ocrx_word' id='word_1_116' title='bbox 545 826 633 852; x_wconf 88' lang='lat' dir='ltr'><strong>tradat</strong></span> <span class='ocrx_word' id='word_1_117' title='bbox 649 833 730 853; x_wconf 88' lang='lat' dir='ltr'><strong>:cum</strong></span> <span class='ocrx_word' id='word_1_118' title='bbox 751 826 840 860; x_wconf 84' lang='lat' dir='ltr'><strong>palam</strong></span> <span class='ocrx_word' id='word_1_119' title='bbox 860 831 949 854; x_wconf 83' lang='lat' dir='ltr'><strong>tamen</strong></span> <span class='ocrx_word' id='word_1_120' title='bbox 967 826 1013 857; x_wconf 83' lang='lat' dir='ltr'><strong>sit,</strong></span> 
     </span>
    </p>
   </div>
   <div class='ocr_carea' id='block_1_20' title="bbox 232 868 1013 906">
    <p class='ocr_par' dir='ltr' id='par_1_20' title="bbox 232 868 1013 906">
     <span class='ocr_line' id='line_1_20' title="bbox 232 868 1013 906; baseline 0.005 -12"><span class='ocrx_word' id='word_1_121' title='bbox 232 872 349 896; x_wconf 85' lang='lat' dir='ltr'><strong>testante</strong></span> <span class='ocrx_word' id='word_1_122' title='bbox 376 868 528 903; x_wconf 82' lang='lat' dir='ltr'><strong>Salvatore,</strong></span> <span class='ocrx_word' id='word_1_123' title='bbox 551 878 585 897; x_wconf 91' lang='lat' dir='ltr'><strong>ne</strong></span> <span class='ocrx_word' id='word_1_124' title='bbox 614 871 797 905; x_wconf 90' lang='lat' dir='ltr'><strong>passerculum</strong></span> <span class='ocrx_word' id='word_1_125' title='bbox 823 871 930 906; x_wconf 82' lang='lat' dir='ltr'><strong>quidem</strong></span> <span class='ocrx_word' id='word_1_126' title='bbox 954 871 1013 898; x_wconf 82' lang='lat' dir='ltr'><strong>sine</strong></span> 
     </span>
    </p>
   </div>
   <div class='ocr_carea' id='block_1_21' title="bbox 230 912 1013 950">
    <p class='ocr_par' dir='ltr' id='par_1_21' title="bbox 230 912 1013 950">
     <span class='ocr_line' id='line_1_21' title="bbox 230 912 1013 950; baseline 0.004 -11"><span class='ocrx_word' id='word_1_127' title='bbox 230 912 312 940; x_wconf 72' lang='lat' dir='ltr'><strong>Patre</strong></span> <span class='ocrx_word' id='word_1_128' title='bbox 326 918 416 942; x_wconf 80' lang='lat' dir='ltr'><strong>nostro</strong></span> <span class='ocrx_word' id='word_1_129' title='bbox 429 915 473 948; x_wconf 93' lang='lat' dir='ltr'><strong>qui</strong></span> <span class='ocrx_word' id='word_1_130' title='bbox 488 915 515 941; x_wconf 92' lang='lat' dir='ltr'><strong>in</strong></span> <span class='ocrx_word' id='word_1_131' title='bbox 534 914 609 942; x_wconf 70' lang='lat' dir='ltr'><strong>ctelis</strong></span> <span class='ocrx_word' id='word_1_132' title='bbox 631 919 673 942; x_wconf 86' lang='lat' dir='ltr'><strong>est</strong></span> <span class='ocrx_word' id='word_1_133' title='bbox 694 923 773 950; x_wconf 88' lang='lat' dir='ltr'><strong>posse</strong></span> <span class='ocrx_word' id='word_1_134' title='bbox 789 916 814 942; x_wconf 92' lang='lat' dir='ltr'><strong>in</strong></span> <span class='ocrx_word' id='word_1_135' title='bbox 830 915 954 950; x_wconf 84' lang='lat' dir='ltr'><strong>laqueum</strong></span> <span class='ocrx_word' id='word_1_136' title='bbox 973 915 1013 942; x_wconf 91' lang='lat' dir='ltr'><strong>in-</strong></span> 
     </span>
    </p>
   </div>
   <div class='ocr_carea' id='block_1_22' title="bbox 231 959 1014 996">
    <p class='ocr_par' dir='ltr' id='par_1_22' title="bbox 231 959 1014 996">
     <span class='ocr_line' id='line_1_22' title="bbox 231 959 1014 996; baseline 0.003 -9"><span class='ocrx_word' id='word_1_137' title='bbox 231 959 332 987; x_wconf 83' lang='lat' dir='ltr'><strong>cidere.</strong></span> <span class='ocrx_word' id='word_1_138' title='bbox 349 961 382 987; x_wconf 84' lang='lat' dir='ltr'><strong>At</strong></span> <span class='ocrx_word' id='word_1_139' title='bbox 398 961 441 987; x_wconf 91' lang='lat' dir='ltr'><strong>ubi</strong></span> <span class='ocrx_word' id='word_1_140' title='bbox 460 961 576 995; x_wconf 85' lang='lat' dir='ltr'><strong>aliquem</strong></span> <span class='ocrx_word' id='word_1_141' title='bbox 595 962 821 996; x_wconf 84' lang='lat' dir='ltr'><strong>apprehenderint</strong></span> <span class='ocrx_word' id='word_1_142' title='bbox 837 962 1014 989; x_wconf 86' lang='lat' dir='ltr'><strong>sceleratissi-</strong></span> 
     </span>
    </p>
   </div>
   <div class='ocr_carea' id='block_1_23' title="bbox 230 1005 1014 1042">
    <p class='ocr_par' dir='ltr' id='par_1_23' title="bbox 230 1005 1014 1042">
     <span class='ocr_line' id='line_1_23' title="bbox 230 1005 1014 1042; baseline 0.004 -11"><span class='ocrx_word' id='word_1_143' title='bbox 230 1005 269 1032; x_wconf 88' lang='lat' dir='ltr'><strong>mi</strong></span> <span class='ocrx_word' id='word_1_144' title='bbox 285 1005 333 1037; x_wconf 85' lang='lat' dir='ltr'><strong>illi,</strong></span> <span class='ocrx_word' id='word_1_145' title='bbox 343 1010 369 1032; x_wconf 88' lang='lat' dir='ltr'><strong>et</strong></span> <span class='ocrx_word' id='word_1_146' title='bbox 383 1005 496 1033; x_wconf 86' lang='lat' dir='ltr'><strong>aliorum</strong></span> <span class='ocrx_word' id='word_1_147' title='bbox 508 1011 535 1032; x_wconf 90' lang='lat' dir='ltr'><strong>et</strong></span> <span class='ocrx_word' id='word_1_148' title='bbox 547 1006 588 1033; x_wconf 85' lang='lat' dir='ltr'><strong>sui</strong></span> <span class='ocrx_word' id='word_1_149' title='bbox 603 1007 630 1034; x_wconf 94' lang='lat' dir='ltr'><strong>in</strong></span> <span class='ocrx_word' id='word_1_150' title='bbox 644 1007 739 1042; x_wconf 90' lang='lat' dir='ltr'><strong>primis</strong></span> <span class='ocrx_word' id='word_1_151' title='bbox 750 1007 841 1034; x_wconf 80' lang='lat' dir='ltr'><strong>statim</strong></span> <span class='ocrx_word' id='word_1_152' title='bbox 853 1007 1014 1035; x_wconf 74' lang='lat' dir='ltr'><strong>obliviscun-</strong></span> 
     </span>
    </p>
   </div>
   <div class='ocr_carea' id='block_1_24' title="bbox 231 1050 1013 1087">
    <p class='ocr_par' dir='ltr' id='par_1_24' title="bbox 231 1050 1013 1087">
     <span class='ocr_line' id='line_1_24' title="bbox 231 1050 1013 1087; baseline 0.005 -10"><span class='ocrx_word' id='word_1_153' title='bbox 231 1055 288 1081; x_wconf 82' lang='lat' dir='ltr'><strong>tur,</strong></span> <span class='ocrx_word' id='word_1_154' title='bbox 310 1050 441 1086; x_wconf 85' lang='lat' dir='ltr'><strong>elatisque</strong></span> <span class='ocrx_word' id='word_1_155' title='bbox 465 1059 497 1079; x_wconf 79' lang='lat' dir='ltr'><strong>ex</strong></span> <span class='ocrx_word' id='word_1_156' title='bbox 523 1052 578 1080; x_wconf 86' lang='lat' dir='ltr'><strong>sola</strong></span> <span class='ocrx_word' id='word_1_157' title='bbox 596 1053 752 1087; x_wconf 80' lang='lat' dir='ltr'><strong>arrogantia</strong></span> <span class='ocrx_word' id='word_1_158' title='bbox 778 1053 940 1087; x_wconf 78' lang='lat' dir='ltr'><strong>superciliis,</strong></span> <span class='ocrx_word' id='word_1_159' title='bbox 963 1061 1013 1081; x_wconf 85' lang='lat' dir='ltr'><strong>nec</strong></span> 
     </span>
    </p>
   </div>
   <div class='ocr_carea' id='block_1_25' title="bbox 231 1098 1012 1133">
    <p class='ocr_par' dir='ltr' id='par_1_25' title="bbox 231 1098 1012 1133">
     <span class='ocr_line' id='line_1_25' title="bbox 231 1098 1012 1133; baseline 0.003 -10"><span class='ocrx_word' id='word_1_160' title='bbox 231 1102 395 1131; x_wconf 79' lang='lat' dir='ltr'><strong>cognoscunt</strong></span> <span class='ocrx_word' id='word_1_161' title='bbox 406 1098 534 1132; x_wconf 85' lang='lat' dir='ltr'><strong>temporis</strong></span> <span class='ocrx_word' id='word_1_162' title='bbox 543 1099 780 1133; x_wconf 52' lang='lat' dir='ltr'><strong>opportunitatem,</strong></span> <span class='ocrx_word' id='word_1_163' title='bbox 792 1106 841 1125; x_wconf 86' lang='lat' dir='ltr'><strong>nec</strong></span> <span class='ocrx_word' id='word_1_164' title='bbox 853 1098 893 1126; x_wconf 79' lang='lat' dir='ltr'><strong>vel</strong></span> <span class='ocrx_word' id='word_1_165' title='bbox 903 1099 1012 1126; x_wconf 81' lang='lat' dir='ltr'><strong>minima</strong></span> 
     </span>
    </p>
   </div>
   <div class='ocr_carea' id='block_1_26' title="bbox 230 1143 1011 1178">
    <p class='ocr_par' dir='ltr' id='par_1_26' title="bbox 230 1143 1011 1178">
     <span class='ocr_line' id='line_1_26' title="bbox 230 1143 1011 1178; baseline 0.004 -10"><span class='ocrx_word' id='word_1_166' title='bbox 230 1147 335 1169; x_wconf 65' lang='lat' dir='ltr'><strong>natura:</strong></span> <span class='ocrx_word' id='word_1_167' title='bbox 350 1144 499 1172; x_wconf 81' lang='lat' dir='ltr'><strong>reverentia</strong></span> <span class='ocrx_word' id='word_1_168' title='bbox 511 1144 670 1172; x_wconf 86' lang='lat' dir='ltr'><strong>cohibentur</strong></span> <span class='ocrx_word' id='word_1_169' title='bbox 684 1144 718 1171; x_wconf 83' lang='lat' dir='ltr'><strong>ab</strong></span> <span class='ocrx_word' id='word_1_170' title='bbox 730 1144 834 1178; x_wconf 85' lang='lat' dir='ltr'><strong>injuriis</strong></span> <span class='ocrx_word' id='word_1_171' title='bbox 846 1143 993 1172; x_wconf 80' lang='lat' dir='ltr'><strong>inferendis</strong></span> <span class='ocrx_word' id='word_1_172' title='bbox 1005 1153 1011 1172; x_wconf 89' lang='lat'><strong>:</strong></span> 
     </span>
    </p>
   </div>
   <div class='ocr_carea' id='block_1_27' title="bbox 230 1187 1012 1226">
    <p class='ocr_par' dir='ltr' id='par_1_27' title="bbox 230 1187 1012 1226">
     <span class='ocr_line' id='line_1_27' title="bbox 230 1187 1012 1226; baseline 0.004 -12"><span class='ocrx_word' id='word_1_173' title='bbox 230 1187 279 1215; x_wconf 87' lang='lat' dir='ltr'><strong>sed</strong></span> <span class='ocrx_word' id='word_1_174' title='bbox 303 1195 379 1216; x_wconf 88' lang='lat' dir='ltr'><strong>more</strong></span> <span class='ocrx_word' id='word_1_175' title='bbox 402 1188 558 1224; x_wconf 86' lang='lat' dir='ltr'><strong>Babylonici</strong></span> <span class='ocrx_word' id='word_1_176' title='bbox 582 1190 689 1226; x_wconf 83' lang='lat' dir='ltr'><strong>tyranni</strong></span> <span class='ocrx_word' id='word_1_177' title='bbox 710 1190 849 1218; x_wconf 77' lang='lat' dir='ltr'><strong>efferatius</strong></span> <span class='ocrx_word' id='word_1_178' title='bbox 869 1190 1012 1225; x_wconf 86' lang='lat' dir='ltr'><strong>insurgunt</strong></span> 
     </span>
    </p>
   </div>
   <div class='ocr_carea' id='block_1_28' title="bbox 231 1234 1014 1270">
    <p class='ocr_par' dir='ltr' id='par_1_28' title="bbox 231 1234 1014 1270">
     <span class='ocr_line' id='line_1_28' title="bbox 231 1234 1014 1270; baseline 0.005 -10"><span class='ocrx_word' id='word_1_179' title='bbox 231 1234 300 1262; x_wconf 84' lang='lat' dir='ltr'><strong>citra</strong></span> <span class='ocrx_word' id='word_1_180' title='bbox 320 1235 402 1262; x_wconf 88' lang='lat' dir='ltr'><strong>ullam</strong></span> <span class='ocrx_word' id='word_1_181' title='bbox 421 1235 447 1262; x_wconf 91' lang='lat' dir='ltr'><strong>in</strong></span> <span class='ocrx_word' id='word_1_182' title='bbox 465 1236 611 1270; x_wconf 89' lang='lat' dir='ltr'><strong>quemlibet</strong></span> <span class='ocrx_word' id='word_1_183' title='bbox 633 1236 846 1264; x_wconf 88' lang='lat' dir='ltr'><strong>misericordiam</strong></span> <span class='ocrx_word' id='word_1_184' title='bbox 864 1237 932 1264; x_wconf 87' lang='lat' dir='ltr'><strong>:sed</strong></span> <span class='ocrx_word' id='word_1_185' title='bbox 944 1237 1014 1264; x_wconf 70' lang='lat' dir='ltr'><strong>senis</strong></span> 
     </span>
    </p>
   </div>
   <div class='ocr_carea' id='block_1_29' title="bbox 229 1282 1012 1317">
    <p class='ocr_par' dir='ltr' id='par_1_29' title="bbox 229 1282 1012 1317">
     <span class='ocr_line' id='line_1_29' title="bbox 229 1282 1012 1317; baseline 0.005 -11"><span class='ocrx_word' id='word_1_186' title='bbox 229 1288 322 1315; x_wconf 59' lang='lat' dir='ltr'><strong>jlgnm</strong></span> <span class='ocrx_word' id='word_1_187' title='bbox 342 1282 524 1316; x_wconf 78' lang='lat' dir='ltr'><strong>aggravant&quot;,</strong></span> <span class='ocrx_word' id='word_1_188' title='bbox 544 1288 570 1309; x_wconf 89' lang='lat' dir='ltr'><strong>et</strong></span> <span class='ocrx_word' id='word_1_189' title='bbox 590 1291 668 1317; x_wconf 81' lang='lat' dir='ltr'><strong>super</strong></span> <span class='ocrx_word' id='word_1_190' title='bbox 683 1282 800 1309; x_wconf 77' lang='lat' dir='ltr'><strong>dolorem</strong></span> <span class='ocrx_word' id='word_1_191' title='bbox 814 1282 947 1310; x_wconf 72' lang='lat' dir='ltr'><strong>vulnerum</strong></span> <span class='ocrx_word' id='word_1_192' title='bbox 967 1283 1012 1310; x_wconf 88' lang='lat' dir='ltr'><strong>im-</strong></span> 
     </span>
    </p>
   </div>
   <div class='ocr_carea' id='block_1_30' title="bbox 232 1327 1013 1363">
    <p class='ocr_par' dir='ltr' id='par_1_30' title="bbox 232 1327 1013 1363">
     <span class='ocr_line' id='line_1_30' title="bbox 232 1327 1013 1363; baseline 0.005 -9"><span class='ocrx_word' id='word_1_193' title='bbox 232 1327 311 1354; x_wconf 56' lang='lat' dir='ltr'><strong>mites</strong></span> <span class='ocrx_word' id='word_1_194' title='bbox 326 1327 362 1354; x_wconf 92' lang='lat' dir='ltr'><strong>illi</strong></span> <span class='ocrx_word' id='word_1_195' title='bbox 386 1328 588 1355; x_wconf 75' lang='lat' dir='ltr'><strong>addiderunt“.</strong></span> <span class='ocrx_word' id='word_1_196' title='bbox 607 1329 683 1361; x_wconf 84' lang='lat' dir='ltr'><strong>Quod</strong></span> <span class='ocrx_word' id='word_1_197' title='bbox 699 1329 721 1356; x_wconf 90' lang='lat' dir='ltr'><strong>si</strong></span> <span class='ocrx_word' id='word_1_198' title='bbox 743 1328 873 1363; x_wconf 86' lang='lat' dir='ltr'><strong>ejusmodi</strong></span> <span class='ocrx_word' id='word_1_199' title='bbox 895 1329 1013 1358; x_wconf 79' lang='lat' dir='ltr'><strong>facinora</strong></span> 
     </span>
    </p>
   </div>
   <div class='ocr_carea' id='block_1_31' title="bbox 231 1371 1014 1408">
    <p class='ocr_par' dir='ltr' id='par_1_31' title="bbox 231 1371 1014 1408">
     <span class='ocr_line' id='line_1_31' title="bbox 231 1371 1014 1408; baseline 0.004 -9"><span class='ocrx_word' id='word_1_200' title='bbox 231 1379 284 1399; x_wconf 88' lang='lat' dir='ltr'><strong>non</strong></span> <span class='ocrx_word' id='word_1_201' title='bbox 301 1371 473 1399; x_wconf 84' lang='lat' dir='ltr'><strong>admisissent</strong></span> <span class='ocrx_word' id='word_1_202' title='bbox 486 1381 492 1398; x_wconf 87' lang='lat'><strong>:</strong></span> <span class='ocrx_word' id='word_1_203' title='bbox 507 1373 529 1399; x_wconf 92' lang='lat' dir='ltr'><strong>si</strong></span> <span class='ocrx_word' id='word_1_204' title='bbox 553 1381 600 1400; x_wconf 90' lang='lat' dir='ltr'><strong>eos</strong></span> <span class='ocrx_word' id='word_1_205' title='bbox 621 1373 666 1408; x_wconf 92' lang='lat' dir='ltr'><strong>qui</strong></span> <span class='ocrx_word' id='word_1_206' title='bbox 683 1381 745 1401; x_wconf 81' lang='lat' dir='ltr'><strong>suas</strong></span> <span class='ocrx_word' id='word_1_207' title='bbox 759 1374 909 1402; x_wconf 88' lang='lat' dir='ltr'><strong>calumnias</strong></span> <span class='ocrx_word' id='word_1_208' title='bbox 923 1375 950 1402; x_wconf 90' lang='lat' dir='ltr'><strong>in</strong></span> <span class='ocrx_word' id='word_1_209' title='bbox 965 1383 1014 1402; x_wconf 92' lang='lat' dir='ltr'><strong>nos</strong></span> 
     </span>
    </p>
   </div>
   <div class='ocr_carea' id='block_1_32' title="bbox 231 1416 1013 1455">
    <p class='ocr_par' dir='ltr' id='par_1_32' title="bbox 231 1416 1013 1455">
     <span class='ocr_line' id='line_1_32' title="bbox 231 1416 1013 1455; baseline 0.006 -12"><span class='ocrx_word' id='word_1_210' title='bbox 231 1416 360 1445; x_wconf 82' lang='lat' dir='ltr'><strong>(-onllatas</strong></span> <span class='ocrx_word' id='word_1_211' title='bbox 376 1417 574 1453; x_wconf 75' lang='lat' dir='ltr'><strong>impugnarent,</strong></span> <span class='ocrx_word' id='word_1_212' title='bbox 588 1427 641 1446; x_wconf 89' lang='lat' dir='ltr'><strong>non</strong></span> <span class='ocrx_word' id='word_1_213' title='bbox 655 1419 712 1446; x_wconf 84' lang='lat' dir='ltr'><strong>loco</strong></span> <span class='ocrx_word' id='word_1_214' title='bbox 724 1420 905 1455; x_wconf 85' lang='lat' dir='ltr'><strong>expulissent,</strong></span> <span class='ocrx_word' id='word_1_215' title='bbox 920 1428 1013 1448; x_wconf 87' lang='lat' dir='ltr'><strong>eorum</strong></span> 
     </span>
    </p>
   </div>
   <div class='ocr_carea' id='block_1_33' title="bbox 231 1462 1012 1492">
    <p class='ocr_par' dir='ltr' id='par_1_33' title="bbox 231 1462 1012 1492">
     <span class='ocr_line' id='line_1_33' title="bbox 231 1462 1012 1492; baseline 0.005 -5"><span class='ocrx_word' id='word_1_216' title='bbox 231 1464 345 1488; x_wconf 85' lang='lat' dir='ltr'><strong>tortasse</strong></span> <span class='ocrx_word' id='word_1_217' title='bbox 363 1462 444 1490; x_wconf 89' lang='lat' dir='ltr'><strong>dictis</strong></span> <span class='ocrx_word' id='word_1_218' title='bbox 460 1463 553 1490; x_wconf 86' lang='lat' dir='ltr'><strong>saltem</strong></span> <span class='ocrx_word' id='word_1_219' title='bbox 575 1463 694 1491; x_wconf 90' lang='lat' dir='ltr'><strong>nonnulli</strong></span> <span class='ocrx_word' id='word_1_220' title='bbox 715 1464 794 1491; x_wconf 83' lang='lat' dir='ltr'><strong>ﬁdem</strong></span> <span class='ocrx_word' id='word_1_221' title='bbox 816 1465 1012 1492; x_wconf 84' lang='lat' dir='ltr'><strong>adhibuissent.</strong></span> 
     </span>
    </p>
   </div>
   <div class='ocr_carea' id='block_1_34' title="bbox 230 1507 1014 1545">
    <p class='ocr_par' dir='ltr' id='par_1_34' title="bbox 230 1507 1014 1545">
     <span class='ocr_line' id='line_1_34' title="bbox 230 1507 1014 1545; baseline 0.005 -11"><span class='ocrx_word' id='word_1_222' title='bbox 230 1507 266 1534; x_wconf 71' lang='lat' dir='ltr'><strong>At</strong></span> <span class='ocrx_word' id='word_1_223' title='bbox 284 1515 344 1535; x_wconf 91' lang='lat' dir='ltr'><strong>cum</strong></span> <span class='ocrx_word' id='word_1_224' title='bbox 367 1507 421 1535; x_wconf 85' lang='lat' dir='ltr'><strong>sint</strong></span> <span class='ocrx_word' id='word_1_225' title='bbox 444 1513 483 1536; x_wconf 84' lang='lat' dir='ltr'><strong>tot</strong></span> <span class='ocrx_word' id='word_1_226' title='bbox 501 1509 637 1545; x_wconf 84' lang='lat' dir='ltr'><strong>tantisque</strong></span> <span class='ocrx_word' id='word_1_227' title='bbox 661 1510 795 1545; x_wconf 86' lang='lat' dir='ltr'><strong>episcopis</strong></span> <span class='ocrx_word' id='word_1_228' title='bbox 812 1510 942 1541; x_wconf 81' lang='lat' dir='ltr'><strong>insidiati,</strong></span> <span class='ocrx_word' id='word_1_229' title='bbox 966 1517 1014 1538; x_wconf 86' lang='lat' dir='ltr'><strong>nec</strong></span> 
     </span>
    </p>
   </div>
   <div class='ocr_carea' id='block_1_35' title="bbox 230 1552 1011 1590">
    <p class='ocr_par' dir='ltr' id='par_1_35' title="bbox 230 1552 1011 1590">
     <span class='ocr_line' id='line_1_35' title="bbox 230 1552 1011 1590; baseline 0.005 -11"><span class='ocrx_word' id='word_1_230' title='bbox 230 1560 330 1586; x_wconf 62' lang='lat' dir='ltr'><strong>magno</strong></span> <span class='ocrx_word' id='word_1_231' title='bbox 349 1552 431 1580; x_wconf 84' lang='lat' dir='ltr'><strong>anio</strong></span> <span class='ocrx_word' id='word_1_232' title='bbox 448 1553 609 1587; x_wconf 80' lang='lat' dir='ltr'><strong>confessori,</strong></span> <span class='ocrx_word' id='word_1_233' title='bbox 626 1561 713 1589; x_wconf 88' lang='lat' dir='ltr'><strong>neque</strong></span> <span class='ocrx_word' id='word_1_234' title='bbox 737 1555 863 1590; x_wconf 89' lang='lat' dir='ltr'><strong>episcopo</strong></span> <span class='ocrx_word' id='word_1_235' title='bbox 880 1556 1011 1588; x_wconf 81' lang='lat' dir='ltr'><strong>Romano,</strong></span> 
     </span>
    </p>
   </div>
   <div class='ocr_carea' id='block_1_36' title="bbox 231 1598 1011 1637">
    <p class='ocr_par' dir='ltr' id='par_1_36' title="bbox 231 1598 1011 1637">
     <span class='ocr_line' id='line_1_36' title="bbox 231 1598 1011 1637; baseline 0.006 -13"><span class='ocrx_word' id='word_1_236' title='bbox 231 1605 261 1625; x_wconf 88' lang='lat' dir='ltr'><strong>ac</strong></span> <span class='ocrx_word' id='word_1_237' title='bbox 278 1603 317 1625; x_wconf 87' lang='lat' dir='ltr'><strong>tot</strong></span> <span class='ocrx_word' id='word_1_238' title='bbox 337 1598 420 1634; x_wconf 70' lang='lat'><strong>258</strong></span> <span class='ocrx_word' id='word_1_239' title='bbox 437 1599 636 1634; x_wconf 82' lang='lat' dir='ltr'><strong>Hispaniarum,</strong></span> <span class='ocrx_word' id='word_1_240' title='bbox 652 1600 810 1633; x_wconf 83' lang='lat' dir='ltr'><strong>Galliarum,</strong></span> <span class='ocrx_word' id='word_1_241' title='bbox 828 1600 950 1637; x_wconf 64' lang='lat' dir='ltr'><strong>Egypti,</strong></span> <span class='ocrx_word' id='word_1_242' title='bbox 964 1602 1011 1629; x_wconf 86' lang='lat' dir='ltr'><strong>Li-</strong></span> 
     </span>
    </p>
   </div>
   <div class='ocr_carea' id='block_1_37' title="bbox 232 1644 1013 1682">
    <p class='ocr_par' dir='ltr' id='par_1_37' title="bbox 232 1644 1013 1682">
     <span class='ocr_line' id='line_1_37' title="bbox 232 1644 1013 1682; baseline 0.006 -12"><span class='ocrx_word' id='word_1_243' title='bbox 232 1644 299 1680; x_wconf 63' lang='lat' dir='ltr'><strong>bya,</strong></span> <span class='ocrx_word' id='word_1_244' title='bbox 322 1645 490 1680; x_wconf 87' lang='lat' dir='ltr'><strong>aliarumque</strong></span> <span class='ocrx_word' id='word_1_245' title='bbox 513 1646 651 1682; x_wconf 79' lang='lat' dir='ltr'><strong>regionum</strong></span> <span class='ocrx_word' id='word_1_246' title='bbox 676 1646 811 1682; x_wconf 88' lang='lat' dir='ltr'><strong>episcopis</strong></span> <span class='ocrx_word' id='word_1_247' title='bbox 834 1648 1013 1682; x_wconf 87' lang='lat' dir='ltr'><strong>pepercerim,</strong></span> 
     </span>
    </p>
   </div>
   <div class='ocr_carea' id='block_1_38' title="bbox 231 1690 1013 1727">
    <p class='ocr_par' dir='ltr' id='par_1_38' title="bbox 231 1690 1013 1727">
     <span class='ocr_line' id='line_1_38' title="bbox 231 1690 1013 1727; baseline 0.005 -11"><span class='ocrx_word' id='word_1_248' title='bbox 231 1690 279 1717; x_wconf 83' lang='lat' dir='ltr'><strong>sed</strong></span> <span class='ocrx_word' id='word_1_249' title='bbox 304 1691 385 1717; x_wconf 81' lang='lat' dir='ltr'><strong>tantis</strong></span> <span class='ocrx_word' id='word_1_250' title='bbox 411 1690 489 1718; x_wconf 88' lang='lat' dir='ltr'><strong>malis</strong></span> <span class='ocrx_word' id='word_1_251' title='bbox 513 1691 653 1719; x_wconf 78' lang='lat' dir='ltr'><strong>alfecerint</strong></span> <span class='ocrx_word' id='word_1_252' title='bbox 678 1699 725 1719; x_wconf 88' lang='lat' dir='ltr'><strong>eos</strong></span> <span class='ocrx_word' id='word_1_253' title='bbox 747 1693 793 1727; x_wconf 88' lang='lat' dir='ltr'><strong>qui</strong></span> <span class='ocrx_word' id='word_1_254' title='bbox 823 1693 956 1720; x_wconf 89' lang='lat' dir='ltr'><strong>ullatenus</strong></span> <span class='ocrx_word' id='word_1_255' title='bbox 983 1700 1013 1720; x_wconf 87' lang='lat' dir='ltr'><strong>se</strong></span> 
     </span>
    </p>
   </div>
   <div class='ocr_carea' id='block_1_39' title="bbox 232 1735 1014 1774">
    <p class='ocr_par' dir='ltr' id='par_1_39' title="bbox 232 1735 1014 1774">
     <span class='ocr_line' id='line_1_39' title="bbox 232 1735 1014 1774; baseline 0.005 -12"><span class='ocrx_word' id='word_1_256' title='bbox 232 1735 319 1762; x_wconf 86' lang='lat' dir='ltr'><strong>nostri</strong></span> <span class='ocrx_word' id='word_1_257' title='bbox 342 1743 422 1764; x_wconf 85' lang='lat' dir='ltr'><strong>causa</strong></span> <span class='ocrx_word' id='word_1_258' title='bbox 455 1741 615 1772; x_wconf 71' lang='lat' dir='ltr'><strong>arguerent;</strong></span> <span class='ocrx_word' id='word_1_259' title='bbox 650 1744 740 1764; x_wconf 87' lang='lat' dir='ltr'><strong>nonne</strong></span> <span class='ocrx_word' id='word_1_260' title='bbox 767 1738 924 1774; x_wconf 87' lang='lat' dir='ltr'><strong>priusquam</strong></span> <span class='ocrx_word' id='word_1_261' title='bbox 947 1738 1014 1766; x_wconf 89' lang='lat' dir='ltr'><strong>alios</strong></span> 
     </span>
    </p>
   </div>
   <div class='ocr_carea' id='block_1_40' title="bbox 231 1779 1013 1817">
    <p class='ocr_par' dir='ltr' id='par_1_40' title="bbox 231 1779 1013 1817">
     <span class='ocr_line' id='line_1_40' title="bbox 231 1779 1013 1817; baseline 0.005 -11"><span class='ocrx_word' id='word_1_262' title='bbox 231 1779 337 1807; x_wconf 85' lang='lat' dir='ltr'><strong>insidiis</strong></span> <span class='ocrx_word' id='word_1_263' title='bbox 356 1788 404 1808; x_wconf 87' lang='lat' dir='ltr'><strong>nos</strong></span> <span class='ocrx_word' id='word_1_264' title='bbox 421 1780 478 1808; x_wconf 86' lang='lat' dir='ltr'><strong>suis</strong></span> <span class='ocrx_word' id='word_1_265' title='bbox 497 1781 618 1816; x_wconf 72' lang='lat' dir='ltr'><strong>aggressi</strong></span> <span class='ocrx_word' id='word_1_266' title='bbox 643 1780 779 1809; x_wconf 77' lang='lat' dir='ltr'><strong>fuissent?</strong></span> <span class='ocrx_word' id='word_1_267' title='bbox 801 1789 891 1810; x_wconf 86' lang='lat' dir='ltr'><strong>annon</strong></span> <span class='ocrx_word' id='word_1_268' title='bbox 915 1789 1013 1817; x_wconf 85' lang='lat' dir='ltr'><strong>putau-</strong></span> 
     </span>
    </p>
   </div>
   <div class='ocr_carea' id='block_1_41' title="bbox 231 1825 1014 1861">
    <p class='ocr_par' dir='ltr' id='par_1_41' title="bbox 231 1825 1014 1861">
     <span class='ocr_line' id='line_1_41' title="bbox 231 1825 1014 1861; baseline 0.004 -8"><span class='ocrx_word' id='word_1_269' title='bbox 231 1825 297 1853; x_wconf 88' lang='lat' dir='ltr'><strong>dum</strong></span> <span class='ocrx_word' id='word_1_270' title='bbox 321 1833 367 1854; x_wconf 86' lang='lat' dir='ltr'><strong>eos</strong></span> <span class='ocrx_word' id='word_1_271' title='bbox 386 1826 411 1853; x_wconf 92' lang='lat' dir='ltr'><strong>id</strong></span> <span class='ocrx_word' id='word_1_272' title='bbox 433 1826 490 1860; x_wconf 87' lang='lat' dir='ltr'><strong>jam</strong></span> <span class='ocrx_word' id='word_1_273' title='bbox 512 1831 664 1861; x_wconf 84' lang='lat' dir='ltr'><strong>pcroptare.</strong></span> <span class='ocrx_word' id='word_1_274' title='bbox 690 1833 719 1854; x_wconf 88' lang='lat' dir='ltr'><strong>ut</strong></span> <span class='ocrx_word' id='word_1_275' title='bbox 739 1835 788 1855; x_wconf 87' lang='lat' dir='ltr'><strong>nos</strong></span> <span class='ocrx_word' id='word_1_276' title='bbox 811 1827 922 1855; x_wconf 90' lang='lat' dir='ltr'><strong>immani</strong></span> <span class='ocrx_word' id='word_1_277' title='bbox 948 1836 1014 1856; x_wconf 82' lang='lat' dir='ltr'><strong>nece</strong></span> 
     </span>
    </p>
   </div>
   <div class='ocr_carea' id='block_1_42' title="bbox 231 1871 1014 1907">
    <p class='ocr_par' dir='ltr' id='par_1_42' title="bbox 231 1871 1014 1907">
     <span class='ocr_line' id='line_1_42' title="bbox 231 1871 1014 1907; baseline 0.001 -9"><span class='ocrx_word' id='word_1_278' title='bbox 231 1875 293 1905; x_wconf 85' lang='lat' dir='ltr'><strong>post</strong></span> <span class='ocrx_word' id='word_1_279' title='bbox 308 1871 375 1898; x_wconf 84' lang='lat' dir='ltr'><strong>alios</strong></span> <span class='ocrx_word' id='word_1_280' title='bbox 389 1871 567 1898; x_wconf 79' lang='lat' dir='ltr'><strong>obtruncent?</strong></span> <span class='ocrx_word' id='word_1_281' title='bbox 590 1871 618 1898; x_wconf 91' lang='lat' dir='ltr'><strong>ln</strong></span> <span class='ocrx_word' id='word_1_282' title='bbox 636 1871 686 1899; x_wconf 91' lang='lat' dir='ltr'><strong>hoc</strong></span> <span class='ocrx_word' id='word_1_283' title='bbox 700 1873 799 1907; x_wconf 89' lang='lat' dir='ltr'><strong>quippe</strong></span> <span class='ocrx_word' id='word_1_284' title='bbox 814 1872 969 1907; x_wconf 78' lang='lat' dir='ltr'><strong>advigilant,</strong></span> <span class='ocrx_word' id='word_1_285' title='bbox 983 1880 1014 1900; x_wconf 85' lang='lat' dir='ltr'><strong>ac</strong></span> 
     </span>
    </p>
   </div>
   <div class='ocr_carea' id='block_1_43' title="bbox 232 1915 1012 1951">
    <p class='ocr_par' dir='ltr' id='par_1_43' title="bbox 232 1915 1012 1951">
     <span class='ocr_line' id='line_1_43' title="bbox 232 1915 1012 1951; baseline 0.001 -9"><span class='ocrx_word' id='word_1_286' title='bbox 232 1922 324 1942; x_wconf 81' lang='lat' dir='ltr'><strong>secum</strong></span> <span class='ocrx_word' id='word_1_287' title='bbox 338 1915 436 1950; x_wconf 83' lang='lat' dir='ltr'><strong>injuste</strong></span> <span class='ocrx_word' id='word_1_288' title='bbox 452 1915 494 1950; x_wconf 76' lang='lat' dir='ltr'><strong>agi</strong></span> <span class='ocrx_word' id='word_1_289' title='bbox 509 1920 613 1951; x_wconf 85' lang='lat' dir='ltr'><strong>putant,</strong></span> <span class='ocrx_word' id='word_1_290' title='bbox 629 1916 651 1944; x_wconf 90' lang='lat' dir='ltr'><strong>si</strong></span> <span class='ocrx_word' id='word_1_291' title='bbox 666 1924 734 1951; x_wconf 90' lang='lat' dir='ltr'><strong>quos</strong></span> <span class='ocrx_word' id='word_1_292' title='bbox 748 1916 785 1944; x_wconf 91' lang='lat' dir='ltr'><strong>illi</strong></span> <span class='ocrx_word' id='word_1_293' title='bbox 801 1916 891 1944; x_wconf 74' lang='lat' dir='ltr'><strong>vivere</strong></span> <span class='ocrx_word' id='word_1_294' title='bbox 917 1917 1012 1950; x_wconf 85' lang='lat' dir='ltr'><strong>nolint,</strong></span> 
     </span>
    </p>
   </div>
   <div class='ocr_carea' id='block_1_44' title="bbox 233 1961 528 1995">
    <p class='ocr_par' dir='ltr' id='par_1_44' title="bbox 233 1961 528 1995">
     <span class='ocr_line' id='line_1_44' title="bbox 233 1961 528 1995; baseline 0.01 -9"><span class='ocrx_word' id='word_1_295' title='bbox 233 1961 392 1995; x_wconf 84' lang='lat' dir='ltr'><strong>superstites</strong></span> <span class='ocrx_word' id='word_1_296' title='bbox 405 1966 528 1989; x_wconf 84' lang='lat' dir='ltr'><strong>cernant.</strong></span> 
     </span>
    </p>
   </div>
   <div class='ocr_carea' id='block_1_45' title="bbox 270 2049 1015 2086">
    <p class='ocr_par' dir='ltr' id='par_1_45' title="bbox 270 2049 1015 2086">
     <span class='ocr_line' id='line_1_45' title="bbox 270 2049 1015 2086; baseline 0.003 -10"><span class='ocrx_word' id='word_1_297' title='bbox 270 2049 313 2076; x_wconf 80' lang='lat' dir='ltr'><strong>ll).</strong></span> <span class='ocrx_word' id='word_1_298' title='bbox 332 2049 446 2076; x_wconf 87' lang='lat' dir='ltr'><strong>Cuinam</strong></span> <span class='ocrx_word' id='word_1_299' title='bbox 461 2050 543 2084; x_wconf 71' lang='lat' dir='ltr'><strong>igitur</strong></span> <span class='ocrx_word' id='word_1_300' title='bbox 558 2050 665 2078; x_wconf 90' lang='lat' dir='ltr'><strong>illorum</strong></span> <span class='ocrx_word' id='word_1_301' title='bbox 683 2058 736 2078; x_wconf 92' lang='lat' dir='ltr'><strong>non</strong></span> <span class='ocrx_word' id='word_1_302' title='bbox 756 2056 798 2078; x_wconf 90' lang='lat' dir='ltr'><strong>est</strong></span> <span class='ocrx_word' id='word_1_303' title='bbox 816 2056 954 2086; x_wconf 87' lang='lat' dir='ltr'><strong>perspecta</strong></span> <span class='ocrx_word' id='word_1_304' title='bbox 967 2059 1015 2083; x_wconf 84' lang='lat' dir='ltr'><strong>va-</strong></span> 
     </span>
    </p>
   </div>
   <div class='ocr_carea' id='block_1_46' title="bbox 234 2094 1014 2132">
    <p class='ocr_par' dir='ltr' id='par_1_46' title="bbox 234 2094 1014 2132">
     <span class='ocr_line' id='line_1_46' title="bbox 234 2094 1014 2132; baseline 0.004 -11"><span class='ocrx_word' id='word_1_305' title='bbox 234 2094 338 2122; x_wconf 75' lang='lat' dir='ltr'><strong>frities?</strong></span> <span class='ocrx_word' id='word_1_306' title='bbox 354 2095 460 2122; x_wconf 86' lang='lat' dir='ltr'><strong>cuinam</strong></span> <span class='ocrx_word' id='word_1_307' title='bbox 484 2096 511 2123; x_wconf 88' lang='lat' dir='ltr'><strong>id</strong></span> <span class='ocrx_word' id='word_1_308' title='bbox 529 2096 638 2130; x_wconf 81' lang='lat' dir='ltr'><strong>planum</strong></span> <span class='ocrx_word' id='word_1_309' title='bbox 663 2105 714 2124; x_wconf 91' lang='lat' dir='ltr'><strong>non</strong></span> <span class='ocrx_word' id='word_1_310' title='bbox 733 2103 784 2129; x_wconf 89' lang='lat' dir='ltr'><strong>est,</strong></span> <span class='ocrx_word' id='word_1_311' title='bbox 802 2097 875 2132; x_wconf 86' lang='lat' dir='ltr'><strong>ipsos</strong></span> <span class='ocrx_word' id='word_1_312' title='bbox 894 2105 946 2125; x_wconf 92' lang='lat' dir='ltr'><strong>non</strong></span> <span class='ocrx_word' id='word_1_313' title='bbox 961 2098 1014 2125; x_wconf 83' lang='lat' dir='ltr'><strong>vir-</strong></span> 
     </span>
    </p>
   </div>
   <div class='ocr_carea' id='block_1_47' title="bbox 235 2141 1014 2177">
    <p class='ocr_par' dir='ltr' id='par_1_47' title="bbox 235 2141 1014 2177">
     <span class='ocr_line' id='line_1_47' title="bbox 235 2141 1014 2177; baseline 0.003 -9"><span class='ocrx_word' id='word_1_314' title='bbox 235 2141 300 2168; x_wconf 88' lang='lat' dir='ltr'><strong>tutis</strong></span> <span class='ocrx_word' id='word_1_315' title='bbox 315 2142 403 2168; x_wconf 90' lang='lat' dir='ltr'><strong>stndio</strong></span> <span class='ocrx_word' id='word_1_316' title='bbox 418 2142 587 2169; x_wconf 88' lang='lat' dir='ltr'><strong>timiditatem</strong></span> <span class='ocrx_word' id='word_1_317' title='bbox 600 2143 677 2170; x_wconf 84' lang='lat' dir='ltr'><strong>nobis</strong></span> <span class='ocrx_word' id='word_1_318' title='bbox 689 2143 870 2177; x_wconf 76' lang='lat' dir='ltr'><strong>exprobrare;</strong></span> <span class='ocrx_word' id='word_1_319' title='bbox 889 2143 934 2170; x_wconf 89' lang='lat' dir='ltr'><strong>sed</strong></span> <span class='ocrx_word' id='word_1_320' title='bbox 949 2150 1014 2170; x_wconf 82' lang='lat' dir='ltr'><strong>san-</strong></span> 
     </span>
    </p>
   </div>
   <div class='ocr_carea' id='block_1_48' title="bbox 235 2185 1014 2222">
    <p class='ocr_par' dir='ltr' id='par_1_48' title="bbox 235 2185 1014 2222">
     <span class='ocr_line' id='line_1_48' title="bbox 235 2185 1014 2222; baseline 0.003 -10"><span class='ocrx_word' id='word_1_321' title='bbox 235 2185 342 2221; x_wconf 69' lang='lat' dir='ltr'><strong>guinem</strong></span> <span class='ocrx_word' id='word_1_322' title='bbox 357 2187 490 2219; x_wconf 82' lang='lat' dir='ltr'><strong>sitientes,</strong></span> <span class='ocrx_word' id='word_1_323' title='bbox 505 2187 586 2214; x_wconf 90' lang='lat' dir='ltr'><strong>veluti</strong></span> <span class='ocrx_word' id='word_1_324' title='bbox 598 2188 715 2222; x_wconf 80' lang='lat' dir='ltr'><strong>sagenis.</strong></span> <span class='ocrx_word' id='word_1_325' title='bbox 732 2187 809 2215; x_wconf 90' lang='lat' dir='ltr'><strong>malis</strong></span> <span class='ocrx_word' id='word_1_326' title='bbox 824 2188 880 2215; x_wconf 84' lang='lat' dir='ltr'><strong>suis</strong></span> <span class='ocrx_word' id='word_1_327' title='bbox 897 2187 934 2215; x_wconf 89' lang='lat' dir='ltr'><strong>uti</strong></span> <span class='ocrx_word' id='word_1_328' title='bbox 949 2189 1014 2215; x_wconf 88' lang='lat' dir='ltr'><strong>arti-</strong></span> 
     </span>
    </p>
   </div>
   <div class='ocr_carea' id='block_1_49' title="bbox 234 2231 1012 2267">
    <p class='ocr_par' dir='ltr' id='par_1_49' title="bbox 234 2231 1012 2267">
     <span class='ocr_line' id='line_1_49' title="bbox 234 2231 1012 2267; baseline 0.001 -9"><span class='ocrx_word' id='word_1_329' title='bbox 234 2237 295 2264; x_wconf 80' lang='lat' dir='ltr'><strong>nus,</strong></span> <span class='ocrx_word' id='word_1_330' title='bbox 312 2231 474 2260; x_wconf 86' lang='lat' dir='ltr'><strong>arbitrantes</strong></span> <span class='ocrx_word' id='word_1_331' title='bbox 486 2240 517 2260; x_wconf 86' lang='lat' dir='ltr'><strong>se</strong></span> <span class='ocrx_word' id='word_1_332' title='bbox 532 2233 572 2260; x_wconf 89' lang='lat' dir='ltr'><strong>sic</strong></span> <span class='ocrx_word' id='word_1_333' title='bbox 587 2240 634 2259; x_wconf 90' lang='lat' dir='ltr'><strong>eos</strong></span> <span class='ocrx_word' id='word_1_334' title='bbox 646 2240 713 2266; x_wconf 87' lang='lat' dir='ltr'><strong>quos</strong></span> <span class='ocrx_word' id='word_1_335' title='bbox 727 2232 889 2259; x_wconf 88' lang='lat' dir='ltr'><strong>occidendos</strong></span> <span class='ocrx_word' id='word_1_336' title='bbox 902 2232 1012 2267; x_wconf 87' lang='lat' dir='ltr'><strong>perqui-</strong></span> 
     </span>
    </p>
   </div>
   <div class='ocr_carea' id='block_1_50' title="bbox 234 2275 1014 2312">
    <p class='ocr_par' dir='ltr' id='par_1_50' title="bbox 234 2275 1014 2312">
     <span class='ocr_line' id='line_1_50' title="bbox 234 2275 1014 2312; baseline -0.003 -7"><span class='ocrx_word' id='word_1_337' title='bbox 234 2282 299 2305; x_wconf 86' lang='lat' dir='ltr'><strong>runt</strong></span> <span class='ocrx_word' id='word_1_338' title='bbox 315 2277 542 2312; x_wconf 86' lang='lat' dir='ltr'><strong>comprehendere</strong></span> <span class='ocrx_word' id='word_1_339' title='bbox 561 2275 657 2311; x_wconf 67' lang='lat' dir='ltr'><strong>posse?</strong></span> <span class='ocrx_word' id='word_1_340' title='bbox 680 2276 718 2303; x_wconf 88' lang='lat' dir='ltr'><strong>Eo</strong></span> <span class='ocrx_word' id='word_1_341' title='bbox 734 2281 824 2303; x_wconf 87' lang='lat' dir='ltr'><strong>autem</strong></span> <span class='ocrx_word' id='word_1_342' title='bbox 847 2276 907 2304; x_wconf 89' lang='lat' dir='ltr'><strong>illos</strong></span> <span class='ocrx_word' id='word_1_343' title='bbox 923 2276 1014 2304; x_wconf 90' lang='lat' dir='ltr'><strong>animo</strong></span> 
     </span>
    </p>
   </div>
   <div class='ocr_carea' id='block_1_51' title="bbox 234 2322 1016 2358">
    <p class='ocr_par' dir='ltr' id='par_1_51' title="bbox 234 2322 1016 2358">
     <span class='ocr_line' id='line_1_51' title="bbox 234 2322 1016 2358; baseline -0.003 -7"><span class='ocrx_word' id='word_1_344' title='bbox 234 2331 304 2357; x_wconf 82' lang='lat' dir='ltr'><strong>esse,</strong></span> <span class='ocrx_word' id='word_1_345' title='bbox 315 2323 441 2358; x_wconf 89' lang='lat' dir='ltr'><strong>operibus</strong></span> <span class='ocrx_word' id='word_1_346' title='bbox 451 2322 515 2357; x_wconf 81' lang='lat' dir='ltr'><strong>ipsis</strong></span> <span class='ocrx_word' id='word_1_347' title='bbox 526 2322 725 2357; x_wconf 85' lang='lat' dir='ltr'><strong>comprobatur,</strong></span> <span class='ocrx_word' id='word_1_348' title='bbox 739 2322 912 2357; x_wconf 76' lang='lat' dir='ltr'><strong>arguiturque</strong></span> <span class='ocrx_word' id='word_1_349' title='bbox 923 2329 1016 2350; x_wconf 87' lang='lat' dir='ltr'><strong>eorum</strong></span> 
     </span>
    </p>
   </div>
   <div class='ocr_carea' id='block_1_52' title="bbox 271 2421 781 2454">
    <p class='ocr_par' dir='ltr' id='par_1_52' title="bbox 271 2421 781 2454">
     <span class='ocr_line' id='line_1_52' title="bbox 271 2421 781 2454; baseline 0 -5"><span class='ocrx_word' id='word_1_350' title='bbox 271 2421 354 2450; x_wconf 80' lang='lat' dir='ltr'><strong>&quot;Isa.</strong></span> <span class='ocrx_word' id='word_1_351' title='bbox 372 2423 484 2453; x_wconf 74' lang='lat' dir='ltr'><strong>xu.vn.6.</strong></span> <span class='ocrx_word' id='word_1_352' title='bbox 524 2422 545 2437; x_wconf 76' lang='lat'>“</span> <span class='ocrx_word' id='word_1_353' title='bbox 561 2421 630 2450; x_wconf 85' lang='lat' dir='ltr'><strong>Psal.</strong></span> <span class='ocrx_word' id='word_1_354' title='bbox 648 2429 719 2454; x_wconf 71' lang='lat' dir='ltr'><strong>Lux,</strong></span> <span class='ocrx_word' id='word_1_355' title='bbox 737 2421 781 2449; x_wconf 74' lang='grc'><strong>26.</strong></span> 
     </span>
    </p>
   </div>
   <div class='ocr_carea' id='block_1_53' title="bbox 270 2510 1017 2547">
    <p class='ocr_par' dir='ltr' id='par_1_53' title="bbox 270 2510 1017 2547">
     <span class='ocr_line' id='line_1_53' title="bbox 270 2510 1017 2547; baseline -0.001 -9"><span class='ocrx_word' id='word_1_356' title='bbox 270 2510 326 2547; x_wconf 86' lang='grc'><strong>(89)</strong></span> <span class='ocrx_word' id='word_1_357' title='bbox 341 2511 405 2544; x_wconf 64' lang='lat' dir='ltr'><strong>Quae</strong></span> <span class='ocrx_word' id='word_1_358' title='bbox 419 2512 546 2547; x_wconf 69' lang='lat' dir='ltr'><strong>leguntur</strong></span> <span class='ocrx_word' id='word_1_359' title='bbox 560 2519 574 2537; x_wconf 89' lang='lat' dir='ltr'><strong>a</strong></span> <span class='ocrx_word' id='word_1_360' title='bbox 588 2518 657 2547; x_wconf 17' lang='lat' dir='ltr'><strong>vocer</strong></span> <span class='ocrx_word' id='word_1_361' title='bbox 667 2511 847 2538; x_wconf 85' lang='grc' dir='ltr'>ἀποκτείνωσι</span> <span class='ocrx_word' id='word_1_362' title='bbox 867 2512 899 2538; x_wconf 86' lang='lat' dir='ltr'><strong>ad</strong></span> <span class='ocrx_word' id='word_1_363' title='bbox 915 2519 1017 2547; x_wconf 76' lang='grc' dir='ltr'>παντα-</span> 
     </span>
    </p>
   </div>
   <div class='ocr_carea' id='block_1_54' title="bbox 236 2546 1016 2582">
    <p class='ocr_par' dir='ltr' id='par_1_54' title="bbox 236 2546 1016 2582">
     <span class='ocr_line' id='line_1_54' title="bbox 236 2546 1016 2582; baseline -0.001 -9"><span class='ocrx_word' id='word_1_364' title='bbox 236 2547 300 2582; x_wconf 74' lang='grc' dir='ltr'>χοῦ,</span> <span class='ocrx_word' id='word_1_365' title='bbox 316 2548 426 2582; x_wconf 74' lang='lat' dir='ltr'><strong>deerant</strong></span> <span class='ocrx_word' id='word_1_366' title='bbox 442 2546 785 2582; x_wconf 9' lang='lat' dir='ltr'><strong>inﬁeditis,(scd‘habi-ntur</strong></span> <span class='ocrx_word' id='word_1_367' title='bbox 798 2547 833 2582; x_wconf 9' lang='lat' dir='ltr'><strong>(in</strong></span> <span class='ocrx_word' id='word_1_368' title='bbox 857 2547 920 2582; x_wconf 66' lang='lat' dir='ltr'><strong>llcg.</strong></span> <span class='ocrx_word' id='word_1_369' title='bbox 934 2546 1016 2573; x_wconf 84' lang='lat' dir='ltr'><strong>Basil.</strong></span> 
     </span>
    </p>
   </div>
   <div class='ocr_carea' id='block_1_55' title="bbox 235 2580 1019 2616">
    <p class='ocr_par' dir='ltr' id='par_1_55' title="bbox 235 2580 1019 2616">
     <span class='ocr_line' id='line_1_55' title="bbox 235 2580 1019 2616; baseline 0.003 -10"><span class='ocrx_word' id='word_1_370' title='bbox 235 2580 313 2612; x_wconf 69' lang='grc' dir='ltr'>ληαι.</span> <span class='ocrx_word' id='word_1_371' title='bbox 330 2580 408 2616; x_wconf 82' lang='lat' dir='ltr'><strong>Socr.</strong></span> <span class='ocrx_word' id='word_1_372' title='bbox 423 2587 450 2607; x_wconf 91' lang='lat' dir='ltr'><strong>et</strong></span> <span class='ocrx_word' id='word_1_373' title='bbox 461 2581 572 2615; x_wconf 70' lang='lat' dir='ltr'><strong>Niceph.</strong></span> <span class='ocrx_word' id='word_1_374' title='bbox 586 2581 623 2608; x_wconf 87' lang='lat' dir='ltr'><strong>lbi</strong></span> <span class='ocrx_word' id='word_1_375' title='bbox 637 2580 741 2614; x_wconf 75' lang='lat' dir='ltr'><strong>Anglic.</strong></span> <span class='ocrx_word' id='word_1_376' title='bbox 762 2580 841 2608; x_wconf 81' lang='lat' dir='ltr'><strong>habet</strong></span> <span class='ocrx_word' id='word_1_377' title='bbox 863 2581 956 2616; x_wconf 82' lang='grc' dir='ltr'><strong>ὲξηχεῖ</strong></span> <span class='ocrx_word' id='word_1_378' title='bbox 970 2588 1019 2614; x_wconf 89' lang='lat' dir='ltr'><strong>pro</strong></span> 
     </span>
    </p>
   </div>
   <div class='ocr_carea' id='block_1_56' title="bbox 233 2615 1019 2677">
    <p class='ocr_par' dir='ltr' id='par_1_56' title="bbox 233 2615 1019 2677">
     <span class='ocr_line' id='line_1_56' title="bbox 233 2615 1019 2677; baseline 0 -35"><span class='ocrx_word' id='word_1_379' title='bbox 233 2616 341 2677; x_wconf 53' lang='grc' dir='ltr'><strong>ἡχέιῦῗι.</strong></span> <span class='ocrx_word' id='word_1_380' title='bbox 358 2615 417 2643; x_wconf 79' lang='lat' dir='ltr'><strong>Mox</strong></span> <span class='ocrx_word' id='word_1_381' title='bbox 434 2617 513 2648; x_wconf 87' lang='lat' dir='ltr'><strong>idem,</strong></span> <span class='ocrx_word' id='word_1_382' title='bbox 527 2615 603 2642; x_wconf 68' lang='grc' dir='ltr'>αὐτοὶ</span> <span class='ocrx_word' id='word_1_383' title='bbox 618 2617 737 2651; x_wconf 82' lang='grc' dir='ltr'>μνημεῖα</span> <span class='ocrx_word' id='word_1_384' title='bbox 749 2615 798 2650; x_wconf 85' lang='grc' dir='ltr'>τῆς</span> <span class='ocrx_word' id='word_1_385' title='bbox 809 2615 939 2650; x_wconf 80' lang='grc' dir='ltr'><strong>πονηρίας</strong></span> <span class='ocrx_word' id='word_1_386' title='bbox 953 2616 1019 2642; x_wconf 87' lang='grc' dir='ltr'>ἀπο-</span> 
     </span>
     <span class='ocr_line' id='line_1_57' title="bbox 236 2658 324 2677; baseline 0.011 -1"><span class='ocrx_word' id='word_1_387' title='bbox 236 2658 267 2676; x_wconf 88' lang='grc' dir='ltr'><strong>στ</strong></span> <span class='ocrx_word' id='word_1_388' title='bbox 316 2671 324 2677; x_wconf 91' lang='grc'><strong>.</strong></span> 
     </span>
    </p>
   </div>
   <div class='ocr_carea' id='block_1_57' title="bbox 236 2658 324 2677">
    <p class='ocr_par' dir='ltr' id='par_1_57' title="bbox 236 2658 324 2677">
     <span class='ocr_line' id='line_1_58' title="bbox 236 2658 324 2677; baseline 0.011 -1"><span class='ocrx_word' id='word_1_389' title='bbox 236 2658 324 2677; x_wconf 82' lang='grc' dir='ltr'>στελΛ.</span> 
     </span>
    </p>
   </div>
   <div class='ocr_carea' id='block_1_58' title="bbox 270 2685 731 2720">
    <p class='ocr_par' dir='ltr' id='par_1_58' title="bbox 270 2685 731 2720">
     <span class='ocr_line' id='line_1_59' title="bbox 270 2685 731 2720; baseline 0 -8"><span class='ocrx_word' id='word_1_390' title='bbox 270 2686 328 2720; x_wconf 81' lang='lat'><strong>(90)</strong></span> <span class='ocrx_word' id='word_1_391' title='bbox 343 2686 506 2720; x_wconf 82' lang='lat' dir='ltr'><strong>Anglicanus</strong></span> <span class='ocrx_word' id='word_1_392' title='bbox 519 2687 614 2717; x_wconf 74' lang='lat' dir='ltr'><strong>codex,</strong></span> <span class='ocrx_word' id='word_1_393' title='bbox 626 2685 731 2719; x_wconf 83' lang='grc' dir='ltr'><strong>λόγους.</strong></span> 
     </span>
    </p>
   </div>
   <div class='ocr_carea' id='block_1_59' title="bbox 272 2719 1016 2755">
    <p class='ocr_par' dir='ltr' id='par_1_59' title="bbox 272 2719 1016 2755">
     <span class='ocr_line' id='line_1_60' title="bbox 272 2719 1016 2755; baseline 0 -8"><span class='ocrx_word' id='word_1_394' title='bbox 272 2719 328 2755; x_wconf 82' lang='grc'><strong>(91)</strong></span> <span class='ocrx_word' id='word_1_395' title='bbox 350 2719 430 2747; x_wconf 74' lang='lat' dir='ltr'><strong>Multa</strong></span> <span class='ocrx_word' id='word_1_396' title='bbox 459 2721 503 2747; x_wconf 89' lang='lat' dir='ltr'><strong>hic</strong></span> <span class='ocrx_word' id='word_1_397' title='bbox 529 2721 691 2747; x_wconf 78' lang='lat' dir='ltr'><strong>oiniunntur</strong></span> <span class='ocrx_word' id='word_1_398' title='bbox 720 2728 733 2747; x_wconf 89' lang='lat' dir='ltr'><strong>a</strong></span> <span class='ocrx_word' id='word_1_399' title='bbox 767 2720 873 2748; x_wconf 85' lang='lat' dir='ltr'><strong>Socrat.</strong></span> <span class='ocrx_word' id='word_1_400' title='bbox 905 2719 1016 2754; x_wconf 76' lang='lat' dir='ltr'><strong>Niceph.</strong></span> 
     </span>
    </p>
   </div>
   <div class='ocr_carea' id='block_1_60' title="bbox 236 2753 1018 2791">
    <p class='ocr_par' dir='ltr' id='par_1_60' title="bbox 236 2753 1018 2791">
     <span class='ocr_line' id='line_1_61' title="bbox 236 2753 1018 2791; baseline 0.006 -12"><span class='ocrx_word' id='word_1_401' title='bbox 236 2753 322 2791; x_wconf 69' lang='lat' dir='ltr'><strong>Paulo</strong></span> <span class='ocrx_word' id='word_1_402' title='bbox 336 2761 397 2790; x_wconf 89' lang='lat' dir='ltr'><strong>post</strong></span> <span class='ocrx_word' id='word_1_403' title='bbox 413 2755 480 2790; x_wconf 74' lang='lat' dir='ltr'><strong>Reg.</strong></span> <span class='ocrx_word' id='word_1_404' title='bbox 495 2760 522 2783; x_wconf 84' lang='lat' dir='ltr'><strong>et</strong></span> <span class='ocrx_word' id='word_1_405' title='bbox 532 2756 688 2790; x_wconf 57' lang='lat' dir='ltr'><strong>Anglican”</strong></span> <span class='ocrx_word' id='word_1_406' title='bbox 706 2755 781 2782; x_wconf 75' lang='grc' dir='ltr'>οὐδὲν</span> <span class='ocrx_word' id='word_1_407' title='bbox 800 2756 863 2791; x_wconf 88' lang='grc' dir='ltr'>γάρ.</span> <span class='ocrx_word' id='word_1_408' title='bbox 890 2755 917 2783; x_wconf 93' lang='lat' dir='ltr'><strong>ln</strong></span> <span class='ocrx_word' id='word_1_409' title='bbox 938 2756 1018 2784; x_wconf 77' lang='lat' dir='ltr'><strong>editis</strong></span> 
     </span>
    </p>
   </div>
   <div class='ocr_carea' id='block_1_61' title="bbox 235 2791 706 2859">
    <p class='ocr_par' dir='ltr' id='par_1_61' title="bbox 235 2791 706 2859">
     <span class='ocr_line' id='line_1_62' title="bbox 235 2791 384 2822; baseline 0.013 -7"><span class='ocrx_word' id='word_1_410' title='bbox 235 2791 272 2822; x_wconf 75' lang='grc' dir='ltr'>γά</span> <span class='ocrx_word' id='word_1_411' title='bbox 302 2791 384 2817; x_wconf 78' lang='lat' dir='ltr'><strong>deest.</strong></span> 
     </span>
     <span class='ocr_line' id='line_1_63' title="bbox 272 2797 706 2859; baseline -0.002 -5"><span class='ocrx_word' id='word_1_412' title='bbox 272 2797 328 2855; x_wconf 46' lang='grc' dir='ltr'><strong>δὲ)</strong></span> <span class='ocrx_word' id='word_1_413' title='bbox 339 2825 502 2858; x_wconf 77' lang='lat' dir='ltr'><strong>Anglicanus</strong></span> <span class='ocrx_word' id='word_1_414' title='bbox 516 2825 610 2858; x_wconf 74' lang='lat' dir='ltr'><strong>codex,</strong></span> <span class='ocrx_word' id='word_1_415' title='bbox 627 2825 706 2859; x_wconf 86' lang='grc' dir='ltr'>μόνον</span> 
     </span>
    </p>
   </div>
   <div class='ocr_carea' id='block_1_62' title="bbox 1064 227 1849 265">
    <p class='ocr_par' dir='ltr' id='par_1_62' title="bbox 1064 227 1849 265">
     <span class='ocr_line' id='line_1_64' title="bbox 1064 227 1849 265; baseline 0.003 -11"><span class='ocrx_word' id='word_1_416' title='bbox 1064 228 1109 254; x_wconf 70' lang='grc' dir='ltr'>καὶ</span> <span class='ocrx_word' id='word_1_417' title='bbox 1123 227 1202 254; x_wconf 73' lang='grc' dir='ltr'>πλέον</span> <span class='ocrx_word' id='word_1_418' title='bbox 1217 230 1233 264; x_wconf 84' lang='grc' dir='ltr'>ὴ</span> <span class='ocrx_word' id='word_1_419' title='bbox 1248 229 1278 261; x_wconf 79' lang='grc' dir='ltr'>ἐξ</span> <span class='ocrx_word' id='word_1_420' title='bbox 1296 229 1441 265; x_wconf 81' lang='grc' dir='ltr'>ἐπιϐουλῆς</span> <span class='ocrx_word' id='word_1_421' title='bbox 1453 229 1583 264; x_wconf 79' lang='grc' dir='ltr'><strong>γινομένη</strong></span> <span class='ocrx_word' id='word_1_422' title='bbox 1597 229 1661 264; x_wconf 76' lang='grc' dir='ltr'>παρ’</span> <span class='ocrx_word' id='word_1_423' title='bbox 1672 229 1762 255; x_wconf 73' lang='grc' dir='ltr'>αὐτῶν</span> <span class='ocrx_word' id='word_1_424' title='bbox 1777 230 1849 256; x_wconf 80' lang='grc' dir='ltr'>ἀναί-</span> 
     </span>
    </p>
   </div>
   <div class='ocr_carea' id='block_1_63' title="bbox 1065 276 1847 312">
    <p class='ocr_par' dir='ltr' id='par_1_63' title="bbox 1065 276 1847 312">
     <span class='ocr_line' id='line_1_65' title="bbox 1065 276 1847 312; baseline 0.003 -11"><span class='ocrx_word' id='word_1_425' title='bbox 1065 283 1147 310; x_wconf 78' lang='grc' dir='ltr'>ρεσις,</span> <span class='ocrx_word' id='word_1_426' title='bbox 1167 276 1182 310; x_wconf 84' lang='grc' dir='ltr'>ἢ</span> <span class='ocrx_word' id='word_1_427' title='bbox 1203 276 1249 302; x_wconf 81' lang='grc' dir='ltr'><strong>καὶ</strong></span> <span class='ocrx_word' id='word_1_428' title='bbox 1266 276 1356 311; x_wconf 81' lang='grc' dir='ltr'>ὲξορία</span> <span class='ocrx_word' id='word_1_429' title='bbox 1373 276 1577 312; x_wconf 75' lang='grc' dir='ltr'>προφανεστέρα</span> <span class='ocrx_word' id='word_1_430' title='bbox 1592 277 1753 310; x_wconf 84' lang='grc' dir='ltr'>γενήσεται·</span> <span class='ocrx_word' id='word_1_431' title='bbox 1767 277 1800 304; x_wconf 78' lang='grc' dir='ltr'>ἄν</span> <span class='ocrx_word' id='word_1_432' title='bbox 1817 286 1847 303; x_wconf 86' lang='grc' dir='ltr'><strong>τε</strong></span> 
     </span>
    </p>
   </div>
   <div class='ocr_carea' id='block_1_64' title="bbox 1063 320 1847 357">
    <p class='ocr_par' dir='ltr' id='par_1_64' title="bbox 1063 320 1847 357">
     <span class='ocr_line' id='line_1_66' title="bbox 1063 320 1847 357; baseline 0.001 -10"><span class='ocrx_word' id='word_1_433' title='bbox 1063 321 1117 356; x_wconf 76' lang='grc' dir='ltr'><strong>γὰρ</strong></span> <span class='ocrx_word' id='word_1_434' title='bbox 1130 321 1334 353; x_wconf 80' lang='grc' dir='ltr'>ἀποκτείνωσιν,</span> <span class='ocrx_word' id='word_1_435' title='bbox 1353 322 1408 356; x_wconf 85' lang='grc'><strong>(89)</strong></span> <span class='ocrx_word' id='word_1_436' title='bbox 1419 323 1433 348; x_wconf 84' lang='grc' dir='ltr'>ὁ</span> <span class='ocrx_word' id='word_1_437' title='bbox 1447 321 1560 352; x_wconf 80' lang='grc' dir='ltr'>θάνατος</span> <span class='ocrx_word' id='word_1_438' title='bbox 1573 320 1662 356; x_wconf 78' lang='grc' dir='ltr'>μεῖζον</span> <span class='ocrx_word' id='word_1_439' title='bbox 1674 322 1771 357; x_wconf 74' lang='grc' dir='ltr'>ἢχήσει</span> <span class='ocrx_word' id='word_1_440' title='bbox 1789 323 1847 348; x_wconf 82' lang='grc' dir='ltr'>κατ’</span> 
     </span>
    </p>
   </div>
   <div class='ocr_carea' id='block_1_65' title="bbox 1064 367 1847 404">
    <p class='ocr_par' dir='ltr' id='par_1_65' title="bbox 1064 367 1847 404">
     <span class='ocr_line' id='line_1_67' title="bbox 1064 367 1847 404; baseline 0 -10"><span class='ocrx_word' id='word_1_441' title='bbox 1064 367 1166 394; x_wconf 72' lang='grc' dir='ltr'>αὐτῶν·</span> <span class='ocrx_word' id='word_1_442' title='bbox 1182 367 1214 394; x_wconf 77' lang='grc' dir='ltr'>ἄν</span> <span class='ocrx_word' id='word_1_443' title='bbox 1230 377 1258 394; x_wconf 88' lang='grc' dir='ltr'><strong>τε</strong></span> <span class='ocrx_word' id='word_1_444' title='bbox 1276 368 1355 395; x_wconf 74' lang='grc' dir='ltr'>πάλιν</span> <span class='ocrx_word' id='word_1_445' title='bbox 1370 368 1512 404; x_wconf 76' lang='grc' dir='ltr'>ὲξορίσωσι</span> <span class='ocrx_word' id='word_1_446' title='bbox 1527 387 1535 399; x_wconf 83' lang='grc'><strong>,</strong></span> <span class='ocrx_word' id='word_1_447' title='bbox 1552 367 1687 402; x_wconf 79' lang='grc' dir='ltr'><strong>πανταχοῦ</strong></span> <span class='ocrx_word' id='word_1_448' title='bbox 1705 367 1765 394; x_wconf 77' lang='grc' dir='ltr'>καθ’</span> <span class='ocrx_word' id='word_1_449' title='bbox 1783 369 1847 394; x_wconf 82' lang='grc' dir='ltr'>ἑαυ-</span> 
     </span>
    </p>
   </div>
   <div class='ocr_carea' id='block_1_66' title="bbox 1063 413 1846 450">
    <p class='ocr_par' dir='ltr' id='par_1_66' title="bbox 1063 413 1846 450">
     <span class='ocr_line' id='line_1_68' title="bbox 1063 413 1846 450; baseline 0 -10"><span class='ocrx_word' id='word_1_450' title='bbox 1063 413 1116 440; x_wconf 82' lang='grc' dir='ltr'><strong>τῶν</strong></span> <span class='ocrx_word' id='word_1_451' title='bbox 1126 414 1201 440; x_wconf 76' lang='grc' dir='ltr'>αὐτοὶ</span> <span class='ocrx_word' id='word_1_452' title='bbox 1213 415 1331 450; x_wconf 80' lang='grc' dir='ltr'>μνημεῖα</span> <span class='ocrx_word' id='word_1_453' title='bbox 1346 415 1395 449; x_wconf 83' lang='grc' dir='ltr'>τῆς</span> <span class='ocrx_word' id='word_1_454' title='bbox 1411 414 1582 450; x_wconf 84' lang='grc' dir='ltr'>παρανομίας</span> <span class='ocrx_word' id='word_1_455' title='bbox 1598 414 1846 447; x_wconf 76' lang='grc' dir='ltr'>ἐξαποστέλλουσιν.</span> 
     </span>
    </p>
   </div>
   <div class='ocr_carea' id='block_1_67' title="bbox 1098 501 1850 537">
    <p class='ocr_par' dir='ltr' id='par_1_67' title="bbox 1098 501 1850 537">
     <span class='ocr_line' id='line_1_69' title="bbox 1098 501 1850 537; baseline -0.001 -9"><span class='ocrx_word' id='word_1_456' title='bbox 1098 502 1124 528; x_wconf 87' lang='lat'><strong>9.</strong></span> <span class='ocrx_word' id='word_1_457' title='bbox 1145 503 1176 528; x_wconf 84' lang='grc' dir='ltr'>Εί</span> <span class='ocrx_word' id='word_1_458' title='bbox 1192 502 1241 537; x_wconf 75' lang='grc' dir='ltr'>μὲν</span> <span class='ocrx_word' id='word_1_459' title='bbox 1253 501 1299 529; x_wconf 77' lang='grc' dir='ltr'><strong>οὖν</strong></span> <span class='ocrx_word' id='word_1_460' title='bbox 1310 502 1410 535; x_wconf 72' lang='grc' dir='ltr'>ἔσωζον</span> <span class='ocrx_word' id='word_1_461' title='bbox 1423 502 1472 534; x_wconf 72' lang='grc' dir='ltr'><strong>τὰς</strong></span> <span class='ocrx_word' id='word_1_462' title='bbox 1484 503 1593 537; x_wconf 82' lang='grc' dir='ltr'>φρένας,</span> <span class='ocrx_word' id='word_1_463' title='bbox 1607 501 1717 528; x_wconf 73' lang='grc' dir='ltr'>ἔϐλεπον</span> <span class='ocrx_word' id='word_1_464' title='bbox 1735 502 1850 533; x_wconf 76' lang='grc' dir='ltr'>ἑαυτοὺς</span> 
     </span>
    </p>
   </div>
   <div class='ocr_carea' id='block_1_68' title="bbox 1063 548 1849 583">
    <p class='ocr_par' dir='ltr' id='par_1_68' title="bbox 1063 548 1849 583">
     <span class='ocr_line' id='line_1_70' title="bbox 1063 548 1849 583; baseline -0.003 -8"><span class='ocrx_word' id='word_1_465' title='bbox 1063 548 1092 575; x_wconf 84' lang='grc' dir='ltr'>ὲν</span> <span class='ocrx_word' id='word_1_466' title='bbox 1115 548 1218 580; x_wconf 76' lang='grc' dir='ltr'><strong>τούτοις</strong></span> <span class='ocrx_word' id='word_1_467' title='bbox 1242 549 1443 583; x_wconf 81' lang='grc' dir='ltr'><strong>συνεχομένους,</strong></span> <span class='ocrx_word' id='word_1_468' title='bbox 1467 549 1513 575; x_wconf 75' lang='grc' dir='ltr'>καὶ</span> <span class='ocrx_word' id='word_1_469' title='bbox 1534 549 1589 580; x_wconf 81' lang='grc' dir='ltr'>τοῖς</span> <span class='ocrx_word' id='word_1_470' title='bbox 1605 548 1706 574; x_wconf 79' lang='grc' dir='ltr'>ἑαυτῶν</span> <span class='ocrx_word' id='word_1_471' title='bbox 1730 549 1849 583; x_wconf 77' lang='grc' dir='ltr'>προσκό-</span> 
     </span>
    </p>
   </div>
   <div class='ocr_carea' id='block_1_69' title="bbox 1063 594 1850 630">
    <p class='ocr_par' dir='ltr' id='par_1_69' title="bbox 1063 594 1850 630">
     <span class='ocr_line' id='line_1_71' title="bbox 1063 594 1850 630; baseline -0.001 -9"><span class='ocrx_word' id='word_1_472' title='bbox 1063 603 1178 627; x_wconf 83' lang='grc' dir='ltr'>πτοντας</span> <span class='ocrx_word' id='word_1_473' title='bbox 1192 595 1330 630; x_wconf 82' lang='grc' dir='ltr'>λογισμοῖς</span> <span class='ocrx_word' id='word_1_474' title='bbox 1347 594 1403 629; x_wconf 89' lang='grc'><strong>(90)</strong></span> <span class='ocrx_word' id='word_1_475' title='bbox 1416 602 1422 608; x_wconf 85' lang='grc'><strong>”</strong></span> <span class='ocrx_word' id='word_1_476' title='bbox 1441 595 1533 630; x_wconf 77' lang='grc' dir='ltr'>ἐπειδὴ</span> <span class='ocrx_word' id='word_1_477' title='bbox 1547 595 1574 621; x_wconf 81' lang='grc' dir='ltr'>δὲ</span> <span class='ocrx_word' id='word_1_478' title='bbox 1590 595 1636 621; x_wconf 73' lang='grc' dir='ltr'>καὶ</span> <span class='ocrx_word' id='word_1_479' title='bbox 1653 594 1684 620; x_wconf 78' lang='grc' dir='ltr'>τὸ</span> <span class='ocrx_word' id='word_1_480' title='bbox 1700 596 1850 630; x_wconf 70' lang='grc' dir='ltr'>σωφρονεῖν</span> 
     </span>
    </p>
   </div>
   <div class='ocr_carea' id='block_1_70' title="bbox 1063 640 1850 678">
    <p class='ocr_par' dir='ltr' id='par_1_70' title="bbox 1063 640 1850 678">
     <span class='ocr_line' id='line_1_72' title="bbox 1063 640 1850 678; baseline 0 -12"><span class='ocrx_word' id='word_1_481' title='bbox 1063 640 1216 671; x_wconf 79' lang='grc' dir='ltr'>ἀπώλεσαν,</span> <span class='ocrx_word' id='word_1_482' title='bbox 1233 641 1277 666; x_wconf 74' lang='grc' dir='ltr'>διὰ</span> <span class='ocrx_word' id='word_1_483' title='bbox 1296 640 1374 667; x_wconf 84' lang='grc' dir='ltr'>τοῦτο</span> <span class='ocrx_word' id='word_1_484' title='bbox 1392 641 1438 667; x_wconf 84' lang='grc' dir='ltr'>καὶ</span> <span class='ocrx_word' id='word_1_485' title='bbox 1462 640 1604 672; x_wconf 83' lang='grc' dir='ltr'>διώκοντες</span> <span class='ocrx_word' id='word_1_486' title='bbox 1627 640 1775 674; x_wconf 77' lang='grc' dir='ltr'>ἐξάγονται,</span> <span class='ocrx_word' id='word_1_487' title='bbox 1798 640 1850 678; x_wconf 34' lang='grc' dir='ltr'>,καὶ</span> 
     </span>
    </p>
   </div>
   <div class='ocr_carea' id='block_1_71' title="bbox 1064 684 1848 721">
    <p class='ocr_par' dir='ltr' id='par_1_71' title="bbox 1064 684 1848 721">
     <span class='ocr_line' id='line_1_73' title="bbox 1064 684 1848 721; baseline 0.001 -9"><span class='ocrx_word' id='word_1_488' title='bbox 1064 684 1206 720; x_wconf 79' lang='grc' dir='ltr'>ζητοῦντες</span> <span class='ocrx_word' id='word_1_489' title='bbox 1219 686 1332 718; x_wconf 79' lang='grc' dir='ltr'><strong>ἀνελεῖν,</strong></span> <span class='ocrx_word' id='word_1_490' title='bbox 1345 686 1394 721; x_wconf 85' lang='grc' dir='ltr'>οὺχ</span> <span class='ocrx_word' id='word_1_491' title='bbox 1419 685 1516 721; x_wconf 84' lang='grc' dir='ltr'>ὁρῶσιν</span> <span class='ocrx_word' id='word_1_492' title='bbox 1530 686 1634 712; x_wconf 83' lang='grc' dir='ltr'>ἑαυτῶν</span> <span class='ocrx_word' id='word_1_493' title='bbox 1647 686 1697 720; x_wconf 77' lang='grc' dir='ltr'>τὴν</span> <span class='ocrx_word' id='word_1_494' title='bbox 1710 686 1848 713; x_wconf 80' lang='grc' dir='ltr'>ἀσέσειαν.</span> 
     </span>
    </p>
   </div>
   <div class='ocr_carea' id='block_1_72' title="bbox 1064 731 1849 767">
    <p class='ocr_par' dir='ltr' id='par_1_72' title="bbox 1064 731 1849 767">
     <span class='ocr_line' id='line_1_74' title="bbox 1064 731 1849 767; baseline -0.001 -9"><span class='ocrx_word' id='word_1_495' title='bbox 1064 731 1139 766; x_wconf 80' lang='grc' dir='ltr'>Τάχα</span> <span class='ocrx_word' id='word_1_496' title='bbox 1155 731 1208 766; x_wconf 81' lang='grc' dir='ltr'><strong>γὰρ</strong></span> <span class='ocrx_word' id='word_1_497' title='bbox 1225 731 1281 765; x_wconf 74' lang='grc'><strong>(91)</strong></span> <span class='ocrx_word' id='word_1_498' title='bbox 1297 733 1345 758; x_wconf 75' lang='grc' dir='ltr'>καὶ</span> <span class='ocrx_word' id='word_1_499' title='bbox 1372 731 1421 767; x_wconf 86' lang='grc' dir='ltr'>τὴν</span> <span class='ocrx_word' id='word_1_500' title='bbox 1445 732 1575 767; x_wconf 87' lang='grc' dir='ltr'>Πρόνοιαν</span> <span class='ocrx_word' id='word_1_501' title='bbox 1601 731 1684 767; x_wconf 75' lang='grc' dir='ltr'>αὐτὴν</span> <span class='ocrx_word' id='word_1_502' title='bbox 1711 731 1849 758; x_wconf 68' lang='grc' dir='ltr'>αἰτιᾶσθαι</span> 
     </span>
    </p>
   </div>
   <div class='ocr_carea' id='block_1_73' title="bbox 1063 775 1849 813">
    <p class='ocr_par' dir='ltr' id='par_1_73' title="bbox 1063 775 1849 813">
     <span class='ocr_line' id='line_1_75' title="bbox 1063 775 1849 813; baseline 0.001 -10"><span class='ocrx_word' id='word_1_503' title='bbox 1063 777 1196 812; x_wconf 80' lang='grc' dir='ltr'>τολμῶσιν</span> <span class='ocrx_word' id='word_1_504' title='bbox 1209 777 1292 811; x_wconf 75' lang='grc' dir='ltr'>(οὐδὲν</span> <span class='ocrx_word' id='word_1_505' title='bbox 1311 778 1365 813; x_wconf 79' lang='grc' dir='ltr'><strong>γὰρ</strong></span> <span class='ocrx_word' id='word_1_506' title='bbox 1380 778 1470 809; x_wconf 69' lang='grc' dir='ltr'>αὐτοῖς</span> <span class='ocrx_word' id='word_1_507' title='bbox 1486 778 1658 812; x_wconf 83' lang='grc' dir='ltr'>ἁτὸλμητον),</span> <span class='ocrx_word' id='word_1_508' title='bbox 1679 778 1722 812; x_wconf 69' lang='grc' dir='ltr'><strong>ἐφ’</strong></span> <span class='ocrx_word' id='word_1_509' title='bbox 1742 775 1781 809; x_wconf 73' lang='grc' dir='ltr'><strong>οἷς</strong></span> <span class='ocrx_word' id='word_1_510' title='bbox 1798 778 1849 804; x_wconf 77' lang='grc' dir='ltr'><strong>αὒ-</strong></span> 
     </span>
    </p>
   </div>
   <div class='ocr_carea' id='block_1_74' title="bbox 1064 823 1849 860">
    <p class='ocr_par' dir='ltr' id='par_1_74' title="bbox 1064 823 1849 860">
     <span class='ocr_line' id='line_1_76' title="bbox 1064 823 1849 860; baseline -0.001 -10"><span class='ocrx_word' id='word_1_511' title='bbox 1064 825 1119 855; x_wconf 81' lang='grc' dir='ltr'>τοῐς</span> <span class='ocrx_word' id='word_1_512' title='bbox 1136 824 1167 850; x_wconf 79' lang='grc' dir='ltr'><strong>ού</strong></span> <span class='ocrx_word' id='word_1_513' title='bbox 1187 823 1365 860; x_wconf 80' lang='grc' dir='ltr'>παραδίδωσι,</span> <span class='ocrx_word' id='word_1_514' title='bbox 1391 823 1524 859; x_wconf 84' lang='grc' dir='ltr'>προδήλου</span> <span class='ocrx_word' id='word_1_515' title='bbox 1548 823 1643 850; x_wconf 84' lang='grc' dir='ltr'>τούτου</span> <span class='ocrx_word' id='word_1_516' title='bbox 1669 823 1849 858; x_wconf 78' lang='grc' dir='ltr'>τυγχάνοντος</span> 
     </span>
    </p>
   </div>
   <div class='ocr_carea' id='block_1_75' title="bbox 1066 869 1850 905">
    <p class='ocr_par' dir='ltr' id='par_1_75' title="bbox 1066 869 1850 905">
     <span class='ocr_line' id='line_1_77' title="bbox 1066 869 1850 905; baseline -0.001 -9"><span class='ocrx_word' id='word_1_517' title='bbox 1066 870 1136 897; x_wconf 73' lang='grc' dir='ltr'>κατὰ</span> <span class='ocrx_word' id='word_1_518' title='bbox 1153 870 1200 905; x_wconf 82' lang='grc' dir='ltr'>τὴν</span> <span class='ocrx_word' id='word_1_519' title='bbox 1224 869 1270 896; x_wconf 81' lang='grc' dir='ltr'>τοῦ</span> <span class='ocrx_word' id='word_1_520' title='bbox 1286 870 1411 905; x_wconf 80' lang='grc' dir='ltr'>Σωτῆρος</span> <span class='ocrx_word' id='word_1_521' title='bbox 1428 870 1528 905; x_wconf 83' lang='grc' dir='ltr'>φωνὴν,</span> <span class='ocrx_word' id='word_1_522' title='bbox 1548 870 1588 896; x_wconf 81' lang='grc' dir='ltr'>ὅτι</span> <span class='ocrx_word' id='word_1_523' title='bbox 1615 869 1682 905; x_wconf 74' lang='grc' dir='ltr'>μηδὲ</span> <span class='ocrx_word' id='word_1_524' title='bbox 1710 869 1850 905; x_wconf 81' lang='grc' dir='ltr'>στρουθίον</span> 
     </span>
    </p>
   </div>
   <div class='ocr_carea' id='block_1_76' title="bbox 1066 914 1851 950">
    <p class='ocr_par' dir='ltr' id='par_1_76' title="bbox 1066 914 1851 950">
     <span class='ocr_line' id='line_1_78' title="bbox 1066 914 1851 950; baseline 0.001 -10"><span class='ocrx_word' id='word_1_525' title='bbox 1066 914 1128 941; x_wconf 85' lang='grc' dir='ltr'>ἀνευ</span> <span class='ocrx_word' id='word_1_526' title='bbox 1144 914 1190 941; x_wconf 85' lang='grc' dir='ltr'>τοῦ</span> <span class='ocrx_word' id='word_1_527' title='bbox 1205 914 1310 950; x_wconf 85' lang='grc' dir='ltr'>Πατρδς</span> <span class='ocrx_word' id='word_1_528' title='bbox 1324 915 1402 950; x_wconf 80' lang='grc' dir='ltr'>ἡμῶν</span> <span class='ocrx_word' id='word_1_529' title='bbox 1429 915 1476 941; x_wconf 77' lang='grc' dir='ltr'>τοῦ</span> <span class='ocrx_word' id='word_1_530' title='bbox 1497 916 1526 941; x_wconf 85' lang='grc' dir='ltr'>ὲν</span> <span class='ocrx_word' id='word_1_531' title='bbox 1546 916 1601 946; x_wconf 82' lang='grc' dir='ltr'>τοῖς</span> <span class='ocrx_word' id='word_1_532' title='bbox 1620 916 1742 950; x_wconf 80' lang='grc' dir='ltr'>οὐρανοῖς</span> <span class='ocrx_word' id='word_1_533' title='bbox 1765 916 1851 950; x_wconf 78' lang='grc' dir='ltr'>ἐμπε-</span> 
     </span>
    </p>
   </div>
   <div class='ocr_carea' id='block_1_77' title="bbox 1067 960 1850 996">
    <p class='ocr_par' dir='ltr' id='par_1_77' title="bbox 1067 960 1850 996">
     <span class='ocr_line' id='line_1_79' title="bbox 1067 960 1850 996; baseline 0 -10"><span class='ocrx_word' id='word_1_534' title='bbox 1067 962 1122 986; x_wconf 86' lang='grc' dir='ltr'>σεῖν</span> <span class='ocrx_word' id='word_1_535' title='bbox 1138 961 1177 992; x_wconf 79' lang='grc' dir='ltr'>εἰς</span> <span class='ocrx_word' id='word_1_536' title='bbox 1191 960 1290 994; x_wconf 78' lang='grc' dir='ltr'>παγίδα</span> <span class='ocrx_word' id='word_1_537' title='bbox 1304 960 1423 987; x_wconf 83' lang='grc' dir='ltr'>δύναται.</span> <span class='ocrx_word' id='word_1_538' title='bbox 1442 961 1497 988; x_wconf 79' lang='grc' dir='ltr'><strong>Καὶ</strong></span> <span class='ocrx_word' id='word_1_539' title='bbox 1513 961 1566 996; x_wconf 76' lang='grc' dir='ltr'><strong>γὰρ</strong></span> <span class='ocrx_word' id='word_1_540' title='bbox 1586 961 1633 988; x_wconf 72' lang='grc' dir='ltr'>καὶ</span> <span class='ocrx_word' id='word_1_541' title='bbox 1648 961 1692 987; x_wconf 75' lang='grc' dir='ltr'>ὅτε</span> <span class='ocrx_word' id='word_1_542' title='bbox 1709 961 1850 996; x_wconf 80' lang='grc' dir='ltr'>παραλαμ-</span> 
     </span>
    </p>
   </div>
   <div class='ocr_carea' id='block_1_78' title="bbox 1066 1006 1849 1042">
    <p class='ocr_par' dir='ltr' id='par_1_78' title="bbox 1066 1006 1849 1042">
     <span class='ocr_line' id='line_1_80' title="bbox 1066 1006 1849 1042; baseline 0 -10"><span class='ocrx_word' id='word_1_543' title='bbox 1066 1006 1192 1033; x_wconf 71' lang='grc' dir='ltr'>ϐάνουσιν</span> <span class='ocrx_word' id='word_1_544' title='bbox 1203 1007 1228 1032; x_wconf 82' lang='grc' dir='ltr'>οἱ</span> <span class='ocrx_word' id='word_1_545' title='bbox 1245 1007 1403 1042; x_wconf 86' lang='grc' dir='ltr'>ἀλάστορες,</span> <span class='ocrx_word' id='word_1_546' title='bbox 1423 1006 1503 1038; x_wconf 81' lang='grc' dir='ltr'>εὐθὺς</span> <span class='ocrx_word' id='word_1_547' title='bbox 1517 1007 1737 1034; x_wconf 75' lang='grc' dir='ltr'>ἐπιλανθάνονται</span> <span class='ocrx_word' id='word_1_548' title='bbox 1753 1006 1806 1032; x_wconf 85' lang='grc' dir='ltr'><strong>τῶν</strong></span> <span class='ocrx_word' id='word_1_549' title='bbox 1819 1015 1849 1032; x_wconf 86' lang='grc' dir='ltr'><strong>τε</strong></span> 
     </span>
    </p>
   </div>
   <div class='ocr_carea' id='block_1_79' title="bbox 1065 1051 1848 1086">
    <p class='ocr_par' dir='ltr' id='par_1_79' title="bbox 1065 1051 1848 1086">
     <span class='ocr_line' id='line_1_81' title="bbox 1065 1051 1848 1086; baseline -0.001 -8"><span class='ocrx_word' id='word_1_550' title='bbox 1065 1051 1163 1081; x_wconf 77' lang='grc' dir='ltr'>ἄλλων,</span> <span class='ocrx_word' id='word_1_551' title='bbox 1182 1051 1227 1077; x_wconf 73' lang='grc' dir='ltr'>καὶ</span> <span class='ocrx_word' id='word_1_552' title='bbox 1243 1051 1296 1086; x_wconf 78' lang='grc' dir='ltr'><strong>πρὸ</strong></span> <span class='ocrx_word' id='word_1_553' title='bbox 1307 1051 1359 1077; x_wconf 86' lang='grc' dir='ltr'><strong>τῶν</strong></span> <span class='ocrx_word' id='word_1_554' title='bbox 1372 1051 1457 1078; x_wconf 85' lang='grc' dir='ltr'>ἄλλων</span> <span class='ocrx_word' id='word_1_555' title='bbox 1474 1051 1578 1078; x_wconf 75' lang='grc' dir='ltr'>ἑαυτῶν</span> <span class='ocrx_word' id='word_1_556' title='bbox 1590 1059 1596 1065; x_wconf 92' lang='grc'><strong>·</strong></span> <span class='ocrx_word' id='word_1_557' title='bbox 1612 1051 1659 1078; x_wconf 74' lang='grc' dir='ltr'><strong>καὶ</strong></span> <span class='ocrx_word' id='word_1_558' title='bbox 1677 1051 1769 1086; x_wconf 69' lang='grc' dir='ltr'>μόναις</span> <span class='ocrx_word' id='word_1_559' title='bbox 1791 1051 1848 1085; x_wconf 66' lang='grc'><strong>(92)</strong></span> 
     </span>
    </p>
   </div>
   <div class='ocr_carea' id='block_1_80' title="bbox 1066 1095 1851 1131">
    <p class='ocr_par' dir='ltr' id='par_1_80' title="bbox 1066 1095 1851 1131">
     <span class='ocr_line' id='line_1_82' title="bbox 1066 1095 1851 1131; baseline -0.003 -8"><span class='ocrx_word' id='word_1_560' title='bbox 1066 1098 1123 1128; x_wconf 82' lang='grc' dir='ltr'>ταῖς</span> <span class='ocrx_word' id='word_1_561' title='bbox 1140 1096 1307 1128; x_wconf 76' lang='grc' dir='ltr'>ἀλαζονείαις</span> <span class='ocrx_word' id='word_1_562' title='bbox 1321 1097 1369 1128; x_wconf 86' lang='grc' dir='ltr'><strong>τὰς</strong></span> <span class='ocrx_word' id='word_1_563' title='bbox 1385 1096 1470 1131; x_wconf 77' lang='grc' dir='ltr'>ὀφρῦς</span> <span class='ocrx_word' id='word_1_564' title='bbox 1486 1096 1701 1127; x_wconf 77' lang='grc' dir='ltr'>ἀνασπάσαντες,</span> <span class='ocrx_word' id='word_1_565' title='bbox 1712 1095 1772 1122; x_wconf 75' lang='grc' dir='ltr'>οὔτε</span> <span class='ocrx_word' id='word_1_566' title='bbox 1789 1104 1851 1121; x_wconf 83' lang='grc' dir='ltr'>και-</span> 
     </span>
    </p>
   </div>
   <div class='ocr_carea' id='block_1_81' title="bbox 1067 1141 1850 1178">
    <p class='ocr_par' dir='ltr' id='par_1_81' title="bbox 1067 1141 1850 1178">
     <span class='ocr_line' id='line_1_83' title="bbox 1067 1141 1850 1178; baseline -0.001 -10"><span class='ocrx_word' id='word_1_567' title='bbox 1067 1142 1112 1178; x_wconf 76' lang='grc' dir='ltr'>ρὸν</span> <span class='ocrx_word' id='word_1_568' title='bbox 1127 1141 1315 1176; x_wconf 76' lang='grc' dir='ltr'>γινώσκουσιν,</span> <span class='ocrx_word' id='word_1_569' title='bbox 1331 1142 1391 1169; x_wconf 72' lang='grc' dir='ltr'>οὔτε</span> <span class='ocrx_word' id='word_1_570' title='bbox 1406 1141 1731 1177; x_wconf 81' lang='grc' dir='ltr'>ἀδικοῦντες,ἀνθρώπους</span> <span class='ocrx_word' id='word_1_571' title='bbox 1745 1141 1850 1168; x_wconf 74' lang='grc' dir='ltr'>αἰδοῦν-</span> 
     </span>
    </p>
   </div>
   <div class='ocr_carea' id='block_1_82' title="bbox 1065 1186 1850 1223">
    <p class='ocr_par' dir='ltr' id='par_1_82' title="bbox 1065 1186 1850 1223">
     <span class='ocr_line' id='line_1_84' title="bbox 1065 1186 1850 1223; baseline -0.003 -9"><span class='ocrx_word' id='word_1_572' title='bbox 1065 1197 1110 1214; x_wconf 80' lang='grc' dir='ltr'><strong>ται</strong></span> <span class='ocrx_word' id='word_1_573' title='bbox 1129 1187 1177 1223; x_wconf 84' lang='grc' dir='ltr'>τὴν</span> <span class='ocrx_word' id='word_1_574' title='bbox 1201 1188 1298 1222; x_wconf 83' lang='grc' dir='ltr'>φύσιν·</span> <span class='ocrx_word' id='word_1_575' title='bbox 1317 1187 1388 1214; x_wconf 77' lang='grc' dir='ltr'><strong>κατά</strong></span> <span class='ocrx_word' id='word_1_576' title='bbox 1404 1187 1433 1214; x_wconf 83' lang='grc' dir='ltr'>δὲ</span> <span class='ocrx_word' id='word_1_577' title='bbox 1447 1187 1492 1214; x_wconf 79' lang='grc' dir='ltr'><strong>τὸν</strong></span> <span class='ocrx_word' id='word_1_578' title='bbox 1506 1187 1634 1222; x_wconf 85' lang='grc' dir='ltr'>τύραννον</span> <span class='ocrx_word' id='word_1_579' title='bbox 1654 1187 1703 1221; x_wconf 75' lang='grc' dir='ltr'><strong>τῆς</strong></span> <span class='ocrx_word' id='word_1_580' title='bbox 1722 1186 1850 1212; x_wconf 78' lang='grc' dir='ltr'>Βαϐυλῶ-</span> 
     </span>
    </p>
   </div>
   <div class='ocr_carea' id='block_1_83' title="bbox 1067 1231 1851 1269">
    <p class='ocr_par' dir='ltr' id='par_1_83' title="bbox 1067 1231 1851 1269">
     <span class='ocr_line' id='line_1_85' title="bbox 1067 1231 1851 1269; baseline -0.004 -9"><span class='ocrx_word' id='word_1_581' title='bbox 1067 1242 1110 1266; x_wconf 88' lang='grc' dir='ltr'><strong>νος</strong></span> <span class='ocrx_word' id='word_1_582' title='bbox 1139 1233 1304 1269; x_wconf 78' lang='grc' dir='ltr'>ἀγριώτερον</span> <span class='ocrx_word' id='word_1_583' title='bbox 1328 1233 1495 1267; x_wconf 83' lang='grc' dir='ltr'>ὲπιφύονται,</span> <span class='ocrx_word' id='word_1_584' title='bbox 1520 1233 1567 1259; x_wconf 79' lang='grc' dir='ltr'>καὶ</span> <span class='ocrx_word' id='word_1_585' title='bbox 1593 1232 1654 1259; x_wconf 81' lang='grc' dir='ltr'>οὕτε</span> <span class='ocrx_word' id='word_1_586' title='bbox 1665 1232 1740 1263; x_wconf 86' lang='grc' dir='ltr'>τινάς</span> <span class='ocrx_word' id='word_1_587' title='bbox 1763 1231 1851 1258; x_wconf 76' lang='grc' dir='ltr'>ἐλεοῦ-</span> 
     </span>
    </p>
   </div>
   <div class='ocr_carea' id='block_1_84' title="bbox 1068 1278 1851 1314">
    <p class='ocr_par' dir='ltr' id='par_1_84' title="bbox 1068 1278 1851 1314">
     <span class='ocr_line' id='line_1_86' title="bbox 1068 1278 1851 1314; baseline -0.003 -8"><span class='ocrx_word' id='word_1_588' title='bbox 1068 1288 1109 1306; x_wconf 87' lang='grc' dir='ltr'><strong>σιν</strong></span> <span class='ocrx_word' id='word_1_589' title='bbox 1132 1279 1199 1314; x_wconf 81' lang='grc'><strong>(95),</strong></span> <span class='ocrx_word' id='word_1_590' title='bbox 1225 1279 1294 1306; x_wconf 80' lang='grc' dir='ltr'>ἀλλὰ</span> <span class='ocrx_word' id='word_1_591' title='bbox 1315 1280 1363 1306; x_wconf 81' lang='grc' dir='ltr'>καὶ</span> <span class='ocrx_word' id='word_1_592' title='bbox 1386 1278 1440 1306; x_wconf 76' lang='grc' dir='ltr'>τοῦ</span> <span class='ocrx_word' id='word_1_593' title='bbox 1458 1278 1660 1313; x_wconf 74' lang='grc' dir='ltr'>πρεσϐυτέρου</span> <span class='ocrx_word' id='word_1_594' title='bbox 1687 1278 1742 1305; x_wconf 76' lang='grc' dir='ltr'><strong>τὸν</strong></span> <span class='ocrx_word' id='word_1_595' title='bbox 1762 1278 1851 1312; x_wconf 70' lang='grc' dir='ltr'>ζυγὸν</span> 
     </span>
    </p>
   </div>
   <div class='ocr_carea' id='block_1_85' title="bbox 1066 1323 1848 1359">
    <p class='ocr_par' dir='ltr' id='par_1_85' title="bbox 1066 1323 1848 1359">
     <span class='ocr_line' id='line_1_87' title="bbox 1066 1323 1848 1359; baseline -0.003 -7"><span class='ocrx_word' id='word_1_596' title='bbox 1066 1326 1288 1359; x_wconf 76' lang='grc' dir='ltr'>ἐπιϐαρύνουσι,</span> <span class='ocrx_word' id='word_1_597' title='bbox 1305 1326 1352 1352; x_wconf 77' lang='grc' dir='ltr'><strong>κα)⁸</strong></span> <span class='ocrx_word' id='word_1_598' title='bbox 1378 1325 1427 1351; x_wconf 76' lang='grc' dir='ltr'><strong>ἐπὶ</strong></span> <span class='ocrx_word' id='word_1_599' title='bbox 1441 1325 1476 1351; x_wconf 85' lang='grc' dir='ltr'>τὸ</span> <span class='ocrx_word' id='word_1_600' title='bbox 1494 1325 1587 1359; x_wconf 73' lang='grc' dir='ltr'>ἄλγος</span> <span class='ocrx_word' id='word_1_601' title='bbox 1597 1324 1656 1350; x_wconf 76' lang='grc' dir='ltr'>τῶν</span> <span class='ocrx_word' id='word_1_602' title='bbox 1667 1323 1848 1359; x_wconf 74' lang='grc' dir='ltr'>τραυμάτων,</span> 
     </span>
    </p>
   </div>
   <div class='ocr_carea' id='block_1_86' title="bbox 1067 1369 1850 1405">
    <p class='ocr_par' dir='ltr' id='par_1_86' title="bbox 1067 1369 1850 1405">
     <span class='ocr_line' id='line_1_88' title="bbox 1067 1369 1850 1405; baseline -0.001 -9"><span class='ocrx_word' id='word_1_603' title='bbox 1067 1369 1104 1401; x_wconf 84' lang='grc' dir='ltr'>ὡς</span> <span class='ocrx_word' id='word_1_604' title='bbox 1128 1370 1290 1405; x_wconf 79' lang='grc' dir='ltr'>γέγραπται,</span> <span class='ocrx_word' id='word_1_605' title='bbox 1313 1369 1528 1404; x_wconf 81' lang='grc' dir='ltr'>προστιθέασιν</span> <span class='ocrx_word' id='word_1_606' title='bbox 1550 1370 1574 1396; x_wconf 77' lang='grc' dir='ltr'>οἱ</span> <span class='ocrx_word' id='word_1_607' title='bbox 1589 1369 1722 1404; x_wconf 80' lang='grc' dir='ltr'>ἀνηλεεῖς.</span> <span class='ocrx_word' id='word_1_608' title='bbox 1750 1369 1781 1395; x_wconf 80' lang='grc' dir='ltr'><strong>Εἰ</strong></span> <span class='ocrx_word' id='word_1_609' title='bbox 1800 1369 1850 1404; x_wconf 80' lang='grc' dir='ltr'>μὲν</span> 
     </span>
    </p>
   </div>
   <div class='ocr_carea' id='block_1_87' title="bbox 1066 1413 1851 1453">
    <p class='ocr_par' dir='ltr' id='par_1_87' title="bbox 1066 1413 1851 1453">
     <span class='ocr_line' id='line_1_89' title="bbox 1066 1413 1851 1453; baseline -0.003 -11"><span class='ocrx_word' id='word_1_610' title='bbox 1066 1414 1113 1443; x_wconf 75' lang='grc' dir='ltr'>οὖν</span> <span class='ocrx_word' id='word_1_611' title='bbox 1126 1416 1163 1452; x_wconf 80' lang='grc' dir='ltr'>μὴ</span> <span class='ocrx_word' id='word_1_612' title='bbox 1179 1415 1265 1443; x_wconf 76' lang='grc' dir='ltr'>ταῦτα</span> <span class='ocrx_word' id='word_1_613' title='bbox 1278 1416 1425 1452; x_wconf 83' lang='grc' dir='ltr'>δράσαντες</span> <span class='ocrx_word' id='word_1_614' title='bbox 1438 1413 1525 1450; x_wconf 73' lang='grc' dir='ltr'>ἦσαν,</span> <span class='ocrx_word' id='word_1_615' title='bbox 1542 1416 1567 1441; x_wconf 85' lang='grc' dir='ltr'><strong>εί</strong></span> <span class='ocrx_word' id='word_1_616' title='bbox 1587 1416 1622 1451; x_wconf 82' lang='grc' dir='ltr'>μὴ</span> <span class='ocrx_word' id='word_1_617' title='bbox 1639 1415 1702 1453; x_wconf 76' lang='grc' dir='ltr'>τοὺς</span> <span class='ocrx_word' id='word_1_618' title='bbox 1718 1414 1788 1442; x_wconf 82' lang='grc' dir='ltr'><strong>κατά</strong></span> <span class='ocrx_word' id='word_1_619' title='bbox 1801 1414 1851 1449; x_wconf 81' lang='grc' dir='ltr'>τῆς</span> 
     </span>
    </p>
   </div>
   <div class='ocr_carea' id='block_1_88' title="bbox 1068 1460 1850 1496">
    <p class='ocr_par' dir='ltr' id='par_1_88' title="bbox 1068 1460 1850 1496">
     <span class='ocr_line' id='line_1_90' title="bbox 1068 1460 1850 1496; baseline -0.003 -8"><span class='ocrx_word' id='word_1_620' title='bbox 1068 1461 1247 1495; x_wconf 81' lang='grc' dir='ltr'>συκοφαντίας</span> <span class='ocrx_word' id='word_1_621' title='bbox 1259 1461 1348 1488; x_wconf 77' lang='grc' dir='ltr'>αὐτῶν</span> <span class='ocrx_word' id='word_1_622' title='bbox 1361 1461 1430 1496; x_wconf 82' lang='grc' dir='ltr'>ὑπὲρ</span> <span class='ocrx_word' id='word_1_623' title='bbox 1445 1460 1524 1496; x_wconf 83' lang='grc' dir='ltr'>ἡμῶν</span> <span class='ocrx_word' id='word_1_624' title='bbox 1539 1460 1665 1495; x_wconf 86' lang='grc' dir='ltr'>λέγοντας</span> <span class='ocrx_word' id='word_1_625' title='bbox 1681 1460 1850 1496; x_wconf 76' lang='grc' dir='ltr'>ὲξορίσαντες</span> 
     </span>
    </p>
   </div>
   <div class='ocr_carea' id='block_1_89' title="bbox 1066 1505 1847 1543">
    <p class='ocr_par' dir='ltr' id='par_1_89' title="bbox 1066 1505 1847 1543">
     <span class='ocr_line' id='line_1_91' title="bbox 1066 1505 1847 1543; baseline -0.004 -9"><span class='ocrx_word' id='word_1_626' title='bbox 1066 1505 1145 1543; x_wconf 80' lang='grc' dir='ltr'>ἦσαν,</span> <span class='ocrx_word' id='word_1_627' title='bbox 1161 1507 1282 1539; x_wconf 81' lang='grc' dir='ltr'>πιθανῶς</span> <span class='ocrx_word' id='word_1_628' title='bbox 1292 1507 1324 1534; x_wconf 80' lang='grc' dir='ltr'>ἂν</span> <span class='ocrx_word' id='word_1_629' title='bbox 1338 1507 1462 1541; x_wconf 87' lang='grc' dir='ltr'>λέγοντες</span> <span class='ocrx_word' id='word_1_630' title='bbox 1479 1506 1554 1542; x_wconf 82' lang='grc' dir='ltr'>παρά</span> <span class='ocrx_word' id='word_1_631' title='bbox 1567 1514 1636 1533; x_wconf 81' lang='grc' dir='ltr'>τισιν</span> <span class='ocrx_word' id='word_1_632' title='bbox 1652 1505 1831 1541; x_wconf 76' lang='grc' dir='ltr'>ἐνομίσθησαν</span> <span class='ocrx_word' id='word_1_633' title='bbox 1841 1513 1847 1520; x_wconf 89' lang='grc'>·</span> 
     </span>
    </p>
   </div>
   <div class='ocr_carea' id='block_1_90' title="bbox 1065 1551 1848 1588">
    <p class='ocr_par' dir='ltr' id='par_1_90' title="bbox 1065 1551 1848 1588">
     <span class='ocr_line' id='line_1_92' title="bbox 1065 1551 1848 1588; baseline -0.005 -8"><span class='ocrx_word' id='word_1_634' title='bbox 1065 1553 1159 1588; x_wconf 73' lang='grc' dir='ltr'>ἐπειδὴ</span> <span class='ocrx_word' id='word_1_635' title='bbox 1170 1553 1198 1579; x_wconf 83' lang='grc' dir='ltr'>δὲ</span> <span class='ocrx_word' id='word_1_636' title='bbox 1213 1553 1301 1584; x_wconf 83' lang='grc' dir='ltr'>ἄλλοις</span> <span class='ocrx_word' id='word_1_637' title='bbox 1317 1552 1453 1584; x_wconf 84' lang='grc' dir='ltr'>τοσούτοις</span> <span class='ocrx_word' id='word_1_638' title='bbox 1469 1552 1524 1587; x_wconf 74' lang='grc'><strong>(94)</strong></span> <span class='ocrx_word' id='word_1_639' title='bbox 1544 1552 1591 1579; x_wconf 76' lang='grc' dir='ltr'>καὶ</span> <span class='ocrx_word' id='word_1_640' title='bbox 1606 1551 1773 1587; x_wconf 78' lang='grc' dir='ltr'>τηλικούτοις</span> <span class='ocrx_word' id='word_1_641' title='bbox 1791 1551 1848 1576; x_wconf 85' lang='grc' dir='ltr'>ὲπι-</span> 
     </span>
    </p>
   </div>
   <div class='ocr_carea' id='block_1_91' title="bbox 1066 1595 1849 1631">
    <p class='ocr_par' dir='ltr' id='par_1_91' title="bbox 1066 1595 1849 1631">
     <span class='ocr_line' id='line_1_93' title="bbox 1066 1595 1849 1631; baseline -0.003 -7"><span class='ocrx_word' id='word_1_642' title='bbox 1066 1597 1177 1629; x_wconf 79' lang='grc' dir='ltr'>σκόποις</span> <span class='ocrx_word' id='word_1_643' title='bbox 1189 1597 1395 1629; x_wconf 65' lang='grc' dir='ltr'>ἐπεϐούλευσαν,</span> <span class='ocrx_word' id='word_1_644' title='bbox 1409 1597 1455 1624; x_wconf 76' lang='grc' dir='ltr'>κα).</span> <span class='ocrx_word' id='word_1_645' title='bbox 1467 1596 1529 1623; x_wconf 75' lang='grc' dir='ltr'>οὒτε</span> <span class='ocrx_word' id='word_1_646' title='bbox 1539 1597 1585 1623; x_wconf 77' lang='grc' dir='ltr'>τοῦ</span> <span class='ocrx_word' id='word_1_647' title='bbox 1597 1595 1714 1631; x_wconf 79' lang='grc' dir='ltr'>μεγάλου</span> <span class='ocrx_word' id='word_1_648' title='bbox 1728 1595 1774 1623; x_wconf 78' lang='grc' dir='ltr'><strong>καὶ</strong></span> <span class='ocrx_word' id='word_1_649' title='bbox 1783 1596 1849 1630; x_wconf 82' lang='grc' dir='ltr'>ὁμο-</span> 
     </span>
    </p>
   </div>
   <div class='ocr_carea' id='block_1_92' title="bbox 1065 1640 1850 1677">
    <p class='ocr_par' dir='ltr' id='par_1_92' title="bbox 1065 1640 1850 1677">
     <span class='ocr_line' id='line_1_94' title="bbox 1065 1640 1850 1677; baseline -0.001 -9"><span class='ocrx_word' id='word_1_650' title='bbox 1065 1642 1180 1677; x_wconf 85' lang='grc' dir='ltr'>λογητοῦ</span> <span class='ocrx_word' id='word_1_651' title='bbox 1203 1642 1307 1673; x_wconf 83' lang='grc' dir='ltr'>ὐσίου,</span> <span class='ocrx_word' id='word_1_652' title='bbox 1329 1641 1390 1668; x_wconf 80' lang='grc' dir='ltr'>οὔτε</span> <span class='ocrx_word' id='word_1_653' title='bbox 1409 1641 1456 1668; x_wconf 84' lang='grc' dir='ltr'>τοῦ</span> <span class='ocrx_word' id='word_1_654' title='bbox 1480 1642 1626 1668; x_wconf 65' lang='grc' dir='ltr'>ἐπισκόπου</span> <span class='ocrx_word' id='word_1_655' title='bbox 1649 1640 1772 1676; x_wconf 82' lang='grc' dir='ltr'>Ῥώμης,</span> <span class='ocrx_word' id='word_1_656' title='bbox 1788 1640 1850 1668; x_wconf 58' lang='grc' dir='ltr'>οὕτε</span> 
     </span>
    </p>
   </div>
   <div class='ocr_carea' id='block_1_93' title="bbox 1065 1686 1850 1723">
    <p class='ocr_par' dir='ltr' id='par_1_93' title="bbox 1065 1686 1850 1723">
     <span class='ocr_line' id='line_1_95' title="bbox 1065 1686 1850 1723; baseline -0.003 -9"><span class='ocrx_word' id='word_1_657' title='bbox 1065 1688 1198 1714; x_wconf 81' lang='grc' dir='ltr'>τοσούτων</span> <span class='ocrx_word' id='word_1_658' title='bbox 1215 1687 1271 1723; x_wconf 81' lang='grc'><strong>(95)</strong></span> <span class='ocrx_word' id='word_1_659' title='bbox 1284 1687 1337 1714; x_wconf 81' lang='grc' dir='ltr'>ἀπὸ</span> <span class='ocrx_word' id='word_1_660' title='bbox 1349 1687 1402 1714; x_wconf 89' lang='grc' dir='ltr'><strong>τῶν</strong></span> <span class='ocrx_word' id='word_1_661' title='bbox 1419 1687 1554 1719; x_wconf 86' lang='grc' dir='ltr'>Σπανιῶν,</span> <span class='ocrx_word' id='word_1_662' title='bbox 1575 1687 1622 1714; x_wconf 77' lang='grc' dir='ltr'>καὶ</span> <span class='ocrx_word' id='word_1_663' title='bbox 1642 1686 1775 1717; x_wconf 80' lang='grc' dir='ltr'>Γαλλιῶν,</span> <span class='ocrx_word' id='word_1_664' title='bbox 1802 1687 1850 1713; x_wconf 76' lang='grc' dir='ltr'>καὶ</span> 
     </span>
    </p>
   </div>
   <div class='ocr_carea' id='block_1_94' title="bbox 1065 1731 1851 1768">
    <p class='ocr_par' dir='ltr' id='par_1_94' title="bbox 1065 1731 1851 1768">
     <span class='ocr_line' id='line_1_96' title="bbox 1065 1731 1851 1768; baseline -0.003 -8"><span class='ocrx_word' id='word_1_665' title='bbox 1065 1733 1114 1768; x_wconf 81' lang='grc' dir='ltr'>τῆς</span> <span class='ocrx_word' id='word_1_666' title='bbox 1128 1733 1283 1768; x_wconf 74' lang='grc' dir='ltr'>Αἰγύπτου,</span> <span class='ocrx_word' id='word_1_667' title='bbox 1303 1734 1351 1760; x_wconf 78' lang='grc' dir='ltr'>καὶ</span> <span class='ocrx_word' id='word_1_668' title='bbox 1366 1733 1486 1768; x_wconf 79' lang='grc' dir='ltr'>Λιϐύης,</span> <span class='ocrx_word' id='word_1_669' title='bbox 1509 1733 1556 1759; x_wconf 80' lang='grc' dir='ltr'>καὶ</span> <span class='ocrx_word' id='word_1_670' title='bbox 1576 1732 1629 1759; x_wconf 89' lang='grc' dir='ltr'><strong>τῶν</strong></span> <span class='ocrx_word' id='word_1_671' title='bbox 1654 1731 1741 1759; x_wconf 75' lang='grc' dir='ltr'>ἄλλων</span> <span class='ocrx_word' id='word_1_672' title='bbox 1760 1732 1851 1768; x_wconf 84' lang='grc' dir='ltr'>μερῶν</span> 
     </span>
    </p>
   </div>
   <div class='ocr_carea' id='block_1_95' title="bbox 1067 1777 1851 1813">
    <p class='ocr_par' dir='ltr' id='par_1_95' title="bbox 1067 1777 1851 1813">
     <span class='ocr_line' id='line_1_97' title="bbox 1067 1777 1851 1813; baseline -0.001 -8"><span class='ocrx_word' id='word_1_673' title='bbox 1067 1779 1222 1806; x_wconf 74' lang='grc' dir='ltr'>ἐπισκόπων</span> <span class='ocrx_word' id='word_1_674' title='bbox 1236 1779 1387 1813; x_wconf 72' lang='grc' dir='ltr'>ἐφείσαντο,</span> <span class='ocrx_word' id='word_1_675' title='bbox 1398 1779 1465 1806; x_wconf 81' lang='grc' dir='ltr'>ἀλλὰ</span> <span class='ocrx_word' id='word_1_676' title='bbox 1475 1778 1593 1805; x_wconf 81' lang='grc' dir='ltr'>τοσαῦτα</span> <span class='ocrx_word' id='word_1_677' title='bbox 1604 1779 1768 1813; x_wconf 76' lang='grc' dir='ltr'>πεποιήκασι</span> <span class='ocrx_word' id='word_1_678' title='bbox 1780 1777 1851 1804; x_wconf 81' lang='grc' dir='ltr'><strong>κατά</strong></span> 
     </span>
    </p>
   </div>
   <div class='ocr_carea' id='block_1_96' title="bbox 1066 1823 1850 1859">
    <p class='ocr_par' dir='ltr' id='par_1_96' title="bbox 1066 1823 1850 1859">
     <span class='ocr_line' id='line_1_98' title="bbox 1066 1823 1850 1859; baseline -0.004 -7"><span class='ocrx_word' id='word_1_679' title='bbox 1066 1825 1119 1851; x_wconf 82' lang='grc' dir='ltr'><strong>τῶν</strong></span> <span class='ocrx_word' id='word_1_680' title='bbox 1131 1825 1199 1856; x_wconf 82' lang='grc' dir='ltr'>ὅλως</span> <span class='ocrx_word' id='word_1_681' title='bbox 1217 1824 1381 1859; x_wconf 78' lang='grc' dir='ltr'>ὲλεγξάντων</span> <span class='ocrx_word' id='word_1_682' title='bbox 1395 1824 1491 1856; x_wconf 74' lang='grc' dir='ltr'>αὐτοὺς</span> <span class='ocrx_word' id='word_1_683' title='bbox 1510 1824 1579 1859; x_wconf 83' lang='grc' dir='ltr'>ὑπὲρ</span> <span class='ocrx_word' id='word_1_684' title='bbox 1596 1824 1673 1859; x_wconf 82' lang='grc' dir='ltr'>ἡμῶν</span> <span class='ocrx_word' id='word_1_685' title='bbox 1686 1831 1693 1838; x_wconf 76' lang='grc'><strong><em>⁸</em></strong></span> <span class='ocrx_word' id='word_1_686' title='bbox 1715 1823 1773 1855; x_wconf 77' lang='grc' dir='ltr'><strong>πῶς</strong></span> <span class='ocrx_word' id='word_1_687' title='bbox 1790 1823 1850 1858; x_wconf 80' lang='grc' dir='ltr'>οὐχὶ</span> 
     </span>
    </p>
   </div>
   <div class='ocr_carea' id='block_1_97' title="bbox 1068 1869 1848 1907">
    <p class='ocr_par' dir='ltr' id='par_1_97' title="bbox 1068 1869 1848 1907">
     <span class='ocr_line' id='line_1_99' title="bbox 1068 1869 1848 1907; baseline -0.003 -10"><span class='ocrx_word' id='word_1_688' title='bbox 1068 1871 1167 1906; x_wconf 85' lang='grc' dir='ltr'>μᾶλλον</span> <span class='ocrx_word' id='word_1_689' title='bbox 1180 1871 1252 1907; x_wconf 80' lang='grc' dir='ltr'>ἡμᾶς</span> <span class='ocrx_word' id='word_1_690' title='bbox 1266 1870 1318 1906; x_wconf 74' lang='grc' dir='ltr'><strong>πρὸ</strong></span> <span class='ocrx_word' id='word_1_691' title='bbox 1332 1871 1385 1897; x_wconf 86' lang='grc' dir='ltr'><strong>τῶν</strong></span> <span class='ocrx_word' id='word_1_692' title='bbox 1403 1870 1489 1897; x_wconf 83' lang='grc' dir='ltr'>ἀλλων</span> <span class='ocrx_word' id='word_1_693' title='bbox 1505 1869 1712 1902; x_wconf 73' lang='grc' dir='ltr'>ἐϐουλεύσαντο,</span> <span class='ocrx_word' id='word_1_694' title='bbox 1725 1869 1772 1895; x_wconf 81' lang='grc' dir='ltr'>καὶ</span> <span class='ocrx_word' id='word_1_695' title='bbox 1791 1869 1848 1904; x_wconf 79' lang='grc' dir='ltr'>μετ’</span> 
     </span>
    </p>
   </div>
   <div class='ocr_carea' id='block_1_98' title="bbox 1067 1913 1850 1951">
    <p class='ocr_par' dir='ltr' id='par_1_98' title="bbox 1067 1913 1850 1951">
     <span class='ocr_line' id='line_1_100' title="bbox 1067 1913 1850 1951; baseline -0.004 -9"><span class='ocrx_word' id='word_1_696' title='bbox 1067 1917 1186 1948; x_wconf 77' lang='grc' dir='ltr'>ἐκείνους</span> <span class='ocrx_word' id='word_1_697' title='bbox 1200 1915 1361 1951; x_wconf 77' lang='grc' dir='ltr'>ἐπιθυμοῦσι</span> <span class='ocrx_word' id='word_1_698' title='bbox 1375 1916 1403 1943; x_wconf 83' lang='grc' dir='ltr'>δὲ</span> <span class='ocrx_word' id='word_1_699' title='bbox 1420 1915 1512 1948; x_wconf 81' lang='grc' dir='ltr'>κακῶς</span> <span class='ocrx_word' id='word_1_700' title='bbox 1522 1915 1624 1942; x_wconf 80' lang='grc' dir='ltr'>ἀνελεῖν</span> <span class='ocrx_word' id='word_1_701' title='bbox 1641 1914 1698 1949; x_wconf 78' lang='grc'><strong>(96)</strong></span> <span class='ocrx_word' id='word_1_702' title='bbox 1710 1923 1717 1946; x_wconf 87' lang='grc'><strong>;</strong></span> <span class='ocrx_word' id='word_1_703' title='bbox 1733 1915 1779 1945; x_wconf 84' lang='grc' dir='ltr'><strong>Εἰς</strong></span> <span class='ocrx_word' id='word_1_704' title='bbox 1792 1913 1850 1940; x_wconf 77' lang='grc' dir='ltr'>τοῦ·</span> 
     </span>
    </p>
   </div>
   <div class='ocr_carea' id='block_1_99' title="bbox 1069 1957 1850 1996">
    <p class='ocr_par' dir='ltr' id='par_1_99' title="bbox 1069 1957 1850 1996">
     <span class='ocr_line' id='line_1_101' title="bbox 1069 1957 1850 1996; baseline -0.003 -10"><span class='ocrx_word' id='word_1_705' title='bbox 1069 1969 1099 1987; x_wconf 85' lang='grc' dir='ltr'><strong>το</strong></span> <span class='ocrx_word' id='word_1_706' title='bbox 1116 1960 1170 1996; x_wconf 82' lang='grc' dir='ltr'><strong>γὰρ</strong></span> <span class='ocrx_word' id='word_1_707' title='bbox 1190 1960 1368 1996; x_wconf 78' lang='grc' dir='ltr'>ἀγρυπνοῦσι,</span> <span class='ocrx_word' id='word_1_708' title='bbox 1391 1960 1438 1987; x_wconf 67' lang='grc' dir='ltr'><strong>δια)⁸</strong></span> <span class='ocrx_word' id='word_1_709' title='bbox 1459 1960 1613 1996; x_wconf 76' lang='grc' dir='ltr'>νομίζουσιν</span> <span class='ocrx_word' id='word_1_710' title='bbox 1631 1959 1800 1991; x_wconf 83' lang='grc' dir='ltr'>ἀδικεῖσθαι,</span> <span class='ocrx_word' id='word_1_711' title='bbox 1816 1957 1850 1985; x_wconf 80' lang='grc' dir='ltr'>ἂν</span> 
     </span>
    </p>
   </div>
   <div class='ocr_carea' id='block_1_100' title="bbox 1069 2005 1726 2040">
    <p class='ocr_par' dir='ltr' id='par_1_100' title="bbox 1069 2005 1726 2040">
     <span class='ocr_line' id='line_1_102' title="bbox 1069 2005 1726 2040; baseline -0.003 -8"><span class='ocrx_word' id='word_1_712' title='bbox 1069 2006 1186 2040; x_wconf 86' lang='grc' dir='ltr'>βλέπωσι</span> <span class='ocrx_word' id='word_1_713' title='bbox 1200 2006 1380 2040; x_wconf 76' lang='grc' dir='ltr'>σωζομένους,</span> <span class='ocrx_word' id='word_1_714' title='bbox 1392 2006 1437 2038; x_wconf 84' lang='grc' dir='ltr'>οὓς</span> <span class='ocrx_word' id='word_1_715' title='bbox 1449 2006 1497 2032; x_wconf 79' lang='grc' dir='ltr'>οὐκ</span> <span class='ocrx_word' id='word_1_716' title='bbox 1512 2005 1650 2032; x_wconf 75' lang='grc' dir='ltr'>ἑᾶούλοντο</span> <span class='ocrx_word' id='word_1_717' title='bbox 1668 2005 1726 2040; x_wconf 80' lang='grc' dir='ltr'><strong>ζῇν.</strong></span> 
     </span>
    </p>
   </div>
   <div class='ocr_carea' id='block_1_101' title="bbox 1104 2050 1852 2088">
    <p class='ocr_par' dir='ltr' id='par_1_101' title="bbox 1104 2050 1852 2088">
     <span class='ocr_line' id='line_1_103' title="bbox 1104 2050 1852 2088; baseline -0.003 -10"><span class='ocrx_word' id='word_1_718' title='bbox 1104 2053 1146 2080; x_wconf 90' lang='lat' dir='ltr'><strong>l0.</strong></span> <span class='ocrx_word' id='word_1_719' title='bbox 1159 2053 1206 2084; x_wconf 90' lang='grc' dir='ltr'>Τίς</span> <span class='ocrx_word' id='word_1_720' title='bbox 1220 2053 1310 2079; x_wconf 89' lang='grc' dir='ltr'>τοίνυν</span> <span class='ocrx_word' id='word_1_721' title='bbox 1325 2053 1355 2079; x_wconf 87' lang='grc' dir='ltr'><strong>ού</strong></span> <span class='ocrx_word' id='word_1_722' title='bbox 1373 2053 1472 2088; x_wconf 82' lang='grc' dir='ltr'>συνορᾷ</span> <span class='ocrx_word' id='word_1_723' title='bbox 1490 2052 1538 2087; x_wconf 83' lang='grc' dir='ltr'>τὴν</span> <span class='ocrx_word' id='word_1_724' title='bbox 1553 2051 1719 2086; x_wconf 86' lang='grc' dir='ltr'>πανουργίαν</span> <span class='ocrx_word' id='word_1_725' title='bbox 1735 2050 1790 2085; x_wconf 83' lang='grc'><strong>(97)</strong></span> <span class='ocrx_word' id='word_1_726' title='bbox 1807 2050 1852 2076; x_wconf 83' lang='grc' dir='ltr'>αύ-</span> 
     </span>
    </p>
   </div>
   <div class='ocr_carea' id='block_1_102' title="bbox 1068 2095 1851 2133">
    <p class='ocr_par' dir='ltr' id='par_1_102' title="bbox 1068 2095 1851 2133">
     <span class='ocr_line' id='line_1_104' title="bbox 1068 2095 1851 2133; baseline -0.004 -9"><span class='ocrx_word' id='word_1_727' title='bbox 1068 2097 1138 2130; x_wconf 84' lang='grc' dir='ltr'><strong>τῶν;</strong></span> <span class='ocrx_word' id='word_1_728' title='bbox 1152 2098 1204 2124; x_wconf 82' lang='grc' dir='ltr'>τίνι</span> <span class='ocrx_word' id='word_1_729' title='bbox 1214 2097 1291 2124; x_wconf 77' lang='grc' dir='ltr'>τοῦτο</span> <span class='ocrx_word' id='word_1_730' title='bbox 1300 2097 1448 2133; x_wconf 83' lang='grc' dir='ltr'>κατάδηλον</span> <span class='ocrx_word' id='word_1_731' title='bbox 1459 2098 1509 2124; x_wconf 76' lang='grc' dir='ltr'>οὐκ</span> <span class='ocrx_word' id='word_1_732' title='bbox 1523 2097 1606 2129; x_wconf 74' lang='grc' dir='ltr'>ἐστιν,</span> <span class='ocrx_word' id='word_1_733' title='bbox 1624 2097 1664 2123; x_wconf 81' lang='grc' dir='ltr'>ὅτι</span> <span class='ocrx_word' id='word_1_734' title='bbox 1684 2096 1720 2131; x_wconf 85' lang='grc' dir='ltr'>μὴ</span> <span class='ocrx_word' id='word_1_735' title='bbox 1733 2095 1765 2122; x_wconf 82' lang='grc' dir='ltr'>δι’</span> <span class='ocrx_word' id='word_1_736' title='bbox 1785 2095 1851 2130; x_wconf 85' lang='grc' dir='ltr'>ἁρε-</span> 
     </span>
    </p>
   </div>
   <div class='ocr_carea' id='block_1_103' title="bbox 1067 2141 1852 2178">
    <p class='ocr_par' dir='ltr' id='par_1_103' title="bbox 1067 2141 1852 2178">
     <span class='ocr_line' id='line_1_105' title="bbox 1067 2141 1852 2178; baseline -0.003 -9"><span class='ocrx_word' id='word_1_737' title='bbox 1067 2143 1116 2178; x_wconf 85' lang='grc' dir='ltr'>τὴν</span> <span class='ocrx_word' id='word_1_738' title='bbox 1131 2142 1286 2174; x_wconf 79' lang='grc' dir='ltr'>ὀνειδίζουσι</span> <span class='ocrx_word' id='word_1_739' title='bbox 1302 2143 1412 2175; x_wconf 82' lang='grc' dir='ltr'>δειλίαν,</span> <span class='ocrx_word' id='word_1_740' title='bbox 1426 2143 1481 2170; x_wconf 80' lang='grc' dir='ltr'>ἀλλ’</span> <span class='ocrx_word' id='word_1_741' title='bbox 1490 2143 1593 2178; x_wconf 78' lang='grc' dir='ltr'>αἵματα</span> <span class='ocrx_word' id='word_1_742' title='bbox 1602 2142 1742 2177; x_wconf 66' lang='grc' dir='ltr'>διψῶντες,</span> <span class='ocrx_word' id='word_1_743' title='bbox 1755 2141 1852 2176; x_wconf 82' lang='grc' dir='ltr'>ὥσπερ</span> 
     </span>
    </p>
   </div>
   <div class='ocr_carea' id='block_1_104' title="bbox 1069 2187 1850 2224">
    <p class='ocr_par' dir='ltr' id='par_1_104' title="bbox 1069 2187 1850 2224">
     <span class='ocr_line' id='line_1_106' title="bbox 1069 2187 1850 2224; baseline -0.003 -10"><span class='ocrx_word' id='word_1_744' title='bbox 1069 2189 1198 2223; x_wconf 78' lang='grc' dir='ltr'>σαγήναις</span> <span class='ocrx_word' id='word_1_745' title='bbox 1214 2187 1331 2224; x_wconf 81' lang='grc' dir='ltr'>χρῶνται</span> <span class='ocrx_word' id='word_1_746' title='bbox 1345 2189 1403 2220; x_wconf 87' lang='grc' dir='ltr'>ταῖς</span> <span class='ocrx_word' id='word_1_747' title='bbox 1421 2188 1498 2220; x_wconf 83' lang='grc' dir='ltr'>ἰδίαις</span> <span class='ocrx_word' id='word_1_748' title='bbox 1513 2189 1711 2223; x_wconf 74' lang='grc' dir='ltr'>κακοτεχνίαις,</span> <span class='ocrx_word' id='word_1_749' title='bbox 1727 2187 1850 2219; x_wconf 72' lang='grc' dir='ltr'>νομίζον-</span> 
     </span>
    </p>
   </div>
   <div class='ocr_carea' id='block_1_105' title="bbox 1067 2232 1852 2268">
    <p class='ocr_par' dir='ltr' id='par_1_105' title="bbox 1067 2232 1852 2268">
     <span class='ocr_line' id='line_1_107' title="bbox 1067 2232 1852 2268; baseline 0 -10"><span class='ocrx_word' id='word_1_750' title='bbox 1067 2241 1112 2264; x_wconf 87' lang='grc' dir='ltr'><strong>τες</strong></span> <span class='ocrx_word' id='word_1_751' title='bbox 1136 2233 1164 2258; x_wconf 84' lang='grc' dir='ltr'>ὲν</span> <span class='ocrx_word' id='word_1_752' title='bbox 1187 2233 1300 2264; x_wconf 82' lang='grc' dir='ltr'>ταύταις</span> <span class='ocrx_word' id='word_1_753' title='bbox 1330 2233 1563 2268; x_wconf 75' lang='grc' dir='ltr'>συλλαμϐάνεσθαι</span> <span class='ocrx_word' id='word_1_754' title='bbox 1591 2233 1636 2264; x_wconf 80' lang='grc' dir='ltr'>οὓς</span> <span class='ocrx_word' id='word_1_755' title='bbox 1663 2233 1709 2260; x_wconf 83' lang='grc' dir='ltr'>ὲὰν</span> <span class='ocrx_word' id='word_1_756' title='bbox 1732 2232 1852 2267; x_wconf 75' lang='grc' dir='ltr'>ζητῶσιν</span> 
     </span>
    </p>
   </div>
   <div class='ocr_carea' id='block_1_106' title="bbox 1067 2277 1851 2314">
    <p class='ocr_par' dir='ltr' id='par_1_106' title="bbox 1067 2277 1851 2314">
     <span class='ocr_line' id='line_1_108' title="bbox 1067 2277 1851 2314; baseline 0 -11"><span class='ocrx_word' id='word_1_757' title='bbox 1067 2277 1225 2313; x_wconf 80' lang='grc' dir='ltr'>ἀναιρῆσαι;</span> <span class='ocrx_word' id='word_1_758' title='bbox 1242 2277 1384 2310; x_wconf 82' lang='grc' dir='ltr'>Τοιούτους</span> <span class='ocrx_word' id='word_1_759' title='bbox 1395 2278 1447 2314; x_wconf 73' lang='grc' dir='ltr'><strong>γὰρ</strong></span> <span class='ocrx_word' id='word_1_760' title='bbox 1465 2278 1561 2309; x_wconf 80' lang='grc' dir='ltr'>αὐτοὺς</span> <span class='ocrx_word' id='word_1_761' title='bbox 1572 2279 1599 2304; x_wconf 76' lang='grc' dir='ltr'>αἱ</span> <span class='ocrx_word' id='word_1_762' title='bbox 1615 2277 1726 2313; x_wconf 78' lang='grc' dir='ltr'>πράξεις</span> <span class='ocrx_word' id='word_1_763' title='bbox 1737 2277 1851 2310; x_wconf 77' lang='grc' dir='ltr'>ἔδειξαν,</span> 
     </span>
    </p>
   </div>
   <div class='ocr_carea' id='block_1_107' title="bbox 1070 2323 1853 2359">
    <p class='ocr_par' dir='ltr' id='par_1_107' title="bbox 1070 2323 1853 2359">
     <span class='ocr_line' id='line_1_109' title="bbox 1070 2323 1853 2359; baseline 0 -10"><span class='ocrx_word' id='word_1_764' title='bbox 1070 2323 1117 2349; x_wconf 78' lang='grc' dir='ltr'>καὶ</span> <span class='ocrx_word' id='word_1_765' title='bbox 1131 2323 1245 2358; x_wconf 68' lang='grc' dir='ltr'>ἠλεγξαν</span> <span class='ocrx_word' id='word_1_766' title='bbox 1260 2323 1305 2351; x_wconf 82' lang='grc' dir='ltr'>τὸν</span> <span class='ocrx_word' id='word_1_767' title='bbox 1318 2324 1416 2359; x_wconf 84' lang='grc' dir='ltr'>τρόπον</span> <span class='ocrx_word' id='word_1_768' title='bbox 1433 2323 1533 2356; x_wconf 84' lang='grc' dir='ltr'>αὐτῶν,</span> <span class='ocrx_word' id='word_1_769' title='bbox 1545 2324 1647 2359; x_wconf 82' lang='grc' dir='ltr'>θηρίων</span> <span class='ocrx_word' id='word_1_770' title='bbox 1658 2324 1707 2359; x_wconf 82' lang='grc' dir='ltr'>μὲν</span> <span class='ocrx_word' id='word_1_771' title='bbox 1720 2323 1853 2359; x_wconf 85' lang='grc' dir='ltr'>ἀγριώτε-</span> 
     </span>
    </p>
   </div>
   <div class='ocr_carea' id='block_1_108' title="bbox 1102 2509 1852 2548">
    <p class='ocr_par' dir='ltr' id='par_1_108' title="bbox 1102 2509 1852 2548">
     <span class='ocr_line' id='line_1_110' title="bbox 1102 2509 1852 2548; baseline -0.004 -10"><span class='ocrx_word' id='word_1_772' title='bbox 1102 2511 1156 2548; x_wconf 85' lang='grc'><strong>(95)</strong></span> <span class='ocrx_word' id='word_1_773' title='bbox 1176 2512 1254 2548; x_wconf 74' lang='lat' dir='ltr'><strong>Reg.,</strong></span> <span class='ocrx_word' id='word_1_774' title='bbox 1269 2511 1389 2540; x_wconf 80' lang='grc' dir='ltr'>ὲλεῶσιν.</span> <span class='ocrx_word' id='word_1_775' title='bbox 1411 2511 1469 2539; x_wconf 71' lang='lat' dir='ltr'><strong>Mi)!</strong></span> <span class='ocrx_word' id='word_1_776' title='bbox 1491 2512 1607 2547; x_wconf 81' lang='lat' dir='ltr'><strong>Anglic.,</strong></span> <span class='ocrx_word' id='word_1_777' title='bbox 1623 2513 1680 2543; x_wconf 76' lang='grc' dir='ltr'>τοῖς</span> <span class='ocrx_word' id='word_1_778' title='bbox 1702 2509 1852 2546; x_wconf 76' lang='grc' dir='ltr'>πρεσσυτέ-</span> 
     </span>
    </p>
   </div>
   <div class='ocr_carea' id='block_1_109' title="bbox 1084 2555 1134 2578">
    <p class='ocr_par' dir='ltr' id='par_1_109' title="bbox 1084 2555 1134 2578">
     <span class='ocr_line' id='line_1_111' title="bbox 1084 2555 1134 2578; baseline 0.04 -6"><span class='ocrx_word' id='word_1_779' title='bbox 1084 2555 1134 2578; x_wconf 88' lang='grc' dir='ltr'>οις.</span> 
     </span>
    </p>
   </div>
   <div class='ocr_carea' id='block_1_110' title="bbox 1068 2555 1569 2619">
    <p class='ocr_par' dir='ltr' id='par_1_110' title="bbox 1068 2555 1569 2619">
     <span class='ocr_line' id='line_1_112' title="bbox 1068 2555 1569 2619; baseline 0 -11"><span class='ocrx_word' id='word_1_780' title='bbox 1068 2555 1158 2619; x_wconf 50' lang='grc' dir='ltr'><strong>ροὶἷξίί)</strong></span> <span class='ocrx_word' id='word_1_781' title='bbox 1177 2581 1319 2619; x_wconf 84' lang='grc' dir='ltr'>Τοσούτοις</span> <span class='ocrx_word' id='word_1_782' title='bbox 1334 2582 1408 2619; x_wconf 67' lang='lat' dir='ltr'><strong>deest</strong></span> <span class='ocrx_word' id='word_1_783' title='bbox 1421 2581 1569 2619; x_wconf 70' lang='lat' dir='ltr'><strong>in_Anglic.</strong></span> 
     </span>
    </p>
   </div>
   <div class='ocr_carea' id='block_1_111' title="bbox 1103 2614 1850 2652">
    <p class='ocr_par' dir='ltr' id='par_1_111' title="bbox 1103 2614 1850 2652">
     <span class='ocr_line' id='line_1_113' title="bbox 1103 2614 1850 2652; baseline -0.005 -8"><span class='ocrx_word' id='word_1_784' title='bbox 1103 2614 1286 2652; x_wconf 77' lang='lat' dir='ltr'><strong>(95)Anglic.,</strong></span> <span class='ocrx_word' id='word_1_785' title='bbox 1301 2616 1436 2652; x_wconf 75' lang='grc' dir='ltr'>τοσοῦτον.</span> <span class='ocrx_word' id='word_1_786' title='bbox 1452 2614 1534 2644; x_wconf 85' lang='lat' dir='ltr'><strong>Paulo</strong></span> <span class='ocrx_word' id='word_1_787' title='bbox 1553 2621 1613 2651; x_wconf 88' lang='lat' dir='ltr'><strong>post</strong></span> <span class='ocrx_word' id='word_1_788' title='bbox 1635 2616 1719 2648; x_wconf 87' lang='lat' dir='ltr'><strong>idem,</strong></span> <span class='ocrx_word' id='word_1_789' title='bbox 1739 2614 1850 2641; x_wconf 76' lang='grc' dir='ltr'>ἐπισκό-</span> 
     </span>
    </p>
   </div>
   <div class='ocr_carea' id='block_1_112' title="bbox 1067 2651 1436 2683">
    <p class='ocr_par' dir='ltr' id='par_1_112' title="bbox 1067 2651 1436 2683">
     <span class='ocr_line' id='line_1_114' title="bbox 1067 2651 1436 2683; baseline -0.003 -4"><span class='ocrx_word' id='word_1_790' title='bbox 1067 2651 1228 2683; x_wconf 75' lang='grc' dir='ltr'>πους.ἸιΙοιιι</span> <span class='ocrx_word' id='word_1_791' title='bbox 1240 2653 1287 2682; x_wconf 83' lang='lat' dir='ltr'><strong>ibi,</strong></span> <span class='ocrx_word' id='word_1_792' title='bbox 1300 2651 1367 2678; x_wconf 76' lang='grc' dir='ltr'>ἀλλὰ</span> <span class='ocrx_word' id='word_1_793' title='bbox 1381 2651 1436 2678; x_wconf 86' lang='grc' dir='ltr'>καί.</span> 
     </span>
    </p>
   </div>
   <div class='ocr_carea' id='block_1_113' title="bbox 1102 2685 1849 2721">
    <p class='ocr_par' dir='ltr' id='par_1_113' title="bbox 1102 2685 1849 2721">
     <span class='ocr_line' id='line_1_115' title="bbox 1102 2685 1849 2721; baseline -0.005 -7"><span class='ocrx_word' id='word_1_794' title='bbox 1102 2687 1158 2720; x_wconf 78' lang='grc'><strong>(96)</strong></span> <span class='ocrx_word' id='word_1_795' title='bbox 1171 2687 1215 2714; x_wconf 87' lang='lat' dir='ltr'><strong>Sic</strong></span> <span class='ocrx_word' id='word_1_796' title='bbox 1237 2687 1316 2721; x_wconf 79' lang='lat' dir='ltr'><strong>Angl.</strong></span> <span class='ocrx_word' id='word_1_797' title='bbox 1341 2695 1419 2720; x_wconf 79' lang='lat' dir='ltr'><strong>quem</strong></span> <span class='ocrx_word' id='word_1_798' title='bbox 1445 2687 1520 2720; x_wconf 80' lang='lat' dir='ltr'><strong>sequi</strong></span> <span class='ocrx_word' id='word_1_799' title='bbox 1538 2686 1623 2712; x_wconf 84' lang='lat' dir='ltr'><strong>visum</strong></span> <span class='ocrx_word' id='word_1_800' title='bbox 1653 2689 1703 2712; x_wconf 81' lang='lat' dir='ltr'><strong>est.</strong></span> <span class='ocrx_word' id='word_1_801' title='bbox 1732 2685 1807 2721; x_wconf 29' lang='lat' dir='ltr'><strong>[legi</strong></span> <span class='ocrx_word' id='word_1_802' title='bbox 1821 2688 1849 2711; x_wconf 70' lang='lat' dir='ltr'><strong>et</strong></span> 
     </span>
    </p>
   </div>
   <div class='ocr_carea' id='block_1_114' title="bbox 1067 2718 1849 2756">
    <p class='ocr_par' dir='ltr' id='par_1_114' title="bbox 1067 2718 1849 2756">
     <span class='ocr_line' id='line_1_116' title="bbox 1067 2718 1849 2756; baseline -0.004 -7"><span class='ocrx_word' id='word_1_803' title='bbox 1067 2718 1404 2753; x_wconf 67' lang='grc' dir='ltr'>θάἶιί,’κὰκεῖσε’ἀνελεῖν.</span> <span class='ocrx_word' id='word_1_804' title='bbox 1421 2718 1503 2747; x_wconf 73' lang='lat' dir='ltr'><strong>Paulo</strong></span> <span class='ocrx_word' id='word_1_805' title='bbox 1522 2727 1582 2754; x_wconf 86' lang='lat' dir='ltr'><strong>post</strong></span> <span class='ocrx_word' id='word_1_806' title='bbox 1600 2721 1666 2756; x_wconf 68' lang='lat' dir='ltr'><strong>Reg.</strong></span> <span class='ocrx_word' id='word_1_807' title='bbox 1687 2725 1714 2748; x_wconf 91' lang='lat' dir='ltr'><strong>et</strong></span> <span class='ocrx_word' id='word_1_808' title='bbox 1729 2718 1849 2756; x_wconf 51' lang='lat' dir='ltr'><strong>Anglic“</strong></span> 
     </span>
    </p>
   </div>
   <div class='ocr_carea' id='block_1_115' title="bbox 1067 2753 1803 2792">
    <p class='ocr_par' dir='ltr' id='par_1_115' title="bbox 1067 2753 1803 2792">
     <span class='ocr_line' id='line_1_117' title="bbox 1067 2753 1803 2792; baseline -0.001 -8"><span class='ocrx_word' id='word_1_809' title='bbox 1067 2757 1099 2785; x_wconf 87' lang='grc' dir='ltr'>ἆν</span> <span class='ocrx_word' id='word_1_810' title='bbox 1111 2757 1240 2792; x_wconf 83' lang='grc' dir='ltr'>βλέπωσι.</span> <span class='ocrx_word' id='word_1_811' title='bbox 1253 2756 1334 2787; x_wconf 81' lang='lat' dir='ltr'><strong>Editi,</strong></span> <span class='ocrx_word' id='word_1_812' title='bbox 1351 2756 1397 2782; x_wconf 81' lang='grc' dir='ltr'>ἐὰν</span> <span class='ocrx_word' id='word_1_813' title='bbox 1413 2753 1541 2791; x_wconf 83' lang='grc' dir='ltr'>βλέπωσι.</span> <span class='ocrx_word' id='word_1_814' title='bbox 1588 2791 1591 2792; x_wconf 21' lang='grc' dir='ltr'><em>ν</em></span> <span class='ocrx_word' id='word_1_815' title='bbox 1642 2753 1654 2756; x_wconf 56' lang='grc'>⁷</span> <span class='ocrx_word' id='word_1_816' title='bbox 1774 2753 1803 2763; x_wconf 42' lang='grc' dir='ltr'>Ἴ</span> 
     </span>
    </p>
   </div>
   <div class='ocr_carea' id='block_1_116' title="bbox 1105 2791 1636 2828">
    <p class='ocr_par' dir='ltr' id='par_1_116' title="bbox 1105 2791 1636 2828">
     <span class='ocr_line' id='line_1_118' title="bbox 1105 2791 1636 2828; baseline -0.004 -9"><span class='ocrx_word' id='word_1_817' title='bbox 1105 2793 1159 2828; x_wconf 85' lang='grc'><strong>(97)</strong></span> <span class='ocrx_word' id='word_1_818' title='bbox 1179 2792 1341 2827; x_wconf 77' lang='lat' dir='ltr'><strong>Anglicanus</strong></span> <span class='ocrx_word' id='word_1_819' title='bbox 1353 2792 1447 2825; x_wconf 82' lang='lat' dir='ltr'><strong>codex,</strong></span> <span class='ocrx_word' id='word_1_820' title='bbox 1461 2791 1636 2826; x_wconf 77' lang='grc' dir='ltr'>κακουργίαν.</span> 
     </span>
    </p>
   </div>
  </div>
