2007 3044
129 181 180 206 6.37

710 177 880 206 APOLOGIA
900 178 943 204 DE
962 178 1054 206 FUGA
1074 179 1150 206 SUA.

1697 178 1749 205 658

129 245 186 273 ρον,
203 237 379 264 Βαϐυλωνίων
391 237 419 264 δὲ
429 237 577 273 ὠμότερον.
600 237 654 264 Καὶ
668 238 692 262 ει
709 237 755 263 καὶ
775 235 910 271 αὐτάρκης

966 244 1054 264 mures
1070 236 1134 264 feris
1151 237 1216 271 ipsis
1238 237 1405 264 efferatiores
1422 237 1630 272 Babyloniisque
1651 237 1748 264 crude-

129 284 184 318 (98)
199 284 231 310 ἐκ
251 283 353 309 τούτων
375 283 448 310 ἐστὶν
466 284 480 310 ὁ
503 284 562 310 κατ’
586 283 674 310 αὐτῶν
687 282 794 317 ἔλεγχος
805 302 812 313 ,
826 282 910 316 ὅμως,

128 328 220 363 ἐπειδὴ
236 327 307 355 κατὰ
320 328 366 354 τὸν
378 328 483 364 πατέρα
495 328 598 354 ἑαυτῶν
607 328 653 354 τὸν
668 327 789 354 διάϐολον
799 327 912 358 ἁπαλοῖς

127 376 182 406 τοῖς
199 374 335 409 λογαρίοις
347 374 569 409 σχηματίζονται,
585 374 654 400 ὥστε
666 373 765 399 δειλίαν
777 372 910 407 ἐγκαλεῖν,

129 419 273 454 δειλότεροι
291 419 402 453 λαγωῶν
415 419 490 448 ὄντες
506 418 591 445 αὐτοί·
612 418 677 454 φέρε
699 417 746 444 καὶ
762 417 795 444 τὰ
811 418 843 443 ὲκ
858 416 912 443 τῶν

130 464 208 492 θείων
223 465 337 499 Γραφῶν
350 465 415 500 περὶ
436 465 490 491 τῶν
506 464 634 490 τοιούτων
654 463 834 499 γεγραμμένα
846 462 912 488 θεω-

131 511 266 547 ρήσωμεν.
287 510 476 546 Δειχθήσονται
493 510 546 546 γὰρ
569 510 644 536 οὐδὲν
670 507 750 545 ἦττον
773 509 819 535 καὶ
844 508 912 543 πρὸς

128 556 229 588 ταύτας
253 557 303 592 μὲν
329 557 486 592 μαχόμενοι,
507 557 560 583 τῶν
576 557 604 583 δὲ
629 556 714 590 ἁγίων
742 555 791 586 τὰς
813 554 912 590 ἀρετὰς

128 601 323 634 διαὸάλλοντες.
350 601 404 637 (99)
424 603 455 628 Εἰ
472 602 526 636 γὰρ
546 601 694 636 λοιδοροῦσι
711 600 775 631 τοὺς
794 607 912 634 κρυπτο-

130 647 225 683 μένους
237 647 290 674 ἀπὸ
303 647 356 674 τῶν
371 647 523 682 ζητούντων
541 646 653 678 ἀνελεῖν,
678 646 725 673 καὶ
741 645 911 672 διαϐάλλουσι

128 695 190 725 τοὺς
214 693 362 728 φεύγοντας
380 694 433 720 ἀπὸ
448 693 502 720 τῶν
527 693 676 719 διωκόντων
689 702 695 708 ·
715 692 742 717 τί
757 692 911 726 ποιήσουσιν

128 739 244 774 ὁρῶντες
255 739 299 766 τὸν
312 740 360 774 μὲν
379 739 475 766 Ἰαχὼὸ
492 738 626 774 φεύγοντα
638 739 683 764 τὸν
696 737 909 772 ἀδελφδνἮσαῦ,

126 783 172 810 τὸν
190 783 218 809 δὲ
238 784 339 818 Μωσῆν
355 784 395 815 είς
411 783 523 819 Μαδιάμ
536 783 728 818 ἀναχωροῦντα
744 782 786 809 διὰ
797 782 841 808 τὸν
863 781 911 816 φό-

128 829 173 855 ῦον
187 829 234 855 τοῦ
250 829 364 864 Φαραώ;
381 830 413 855 Τί
429 829 466 861 δὲ,
479 829 590 856 τοιαῦτα
603 828 796 864 φλυαροῦντες,
813 827 911 854 ἀπολο-

127 873 255 908 γήσονται
272 873 311 908 τῷ
337 873 433 906 Δαϐὶδ,
461 873 587 908 φεύγοντι
609 873 655 899 τὸν
679 872 765 899 Σαοὺλ
787 872 841 898 ἀπὸ
862 872 911 906 τῆς

966 281 1046 309 liores
1068 290 1136 310 esse.
1154 282 1237 310 Porro
1260 284 1383 317 quamvis
1401 283 1457 310 haec
1474 283 1539 309 satis
1558 282 1610 309 sint
1625 282 1659 309 ad
1684 282 1748 309 illoa

965 328 1160 360 confutandos,
1179 333 1296 356 attamen
1315 330 1376 364 quia
1396 336 1470 356 more
1487 328 1572 363 patris
1586 328 1626 355 sui
1649 327 1747 354 diaboli

965 373 1058 401 molles
1084 373 1193 401 voculas
1216 374 1340 402 simulate
1360 374 1511 409 proferunt,
1530 379 1558 400 ut
1580 381 1628 401 nos
1649 373 1748 400 timidi-

966 419 1028 446 tatis
1047 424 1184 451 accusent,
1206 420 1255 454 ipsi
1276 420 1384 447 interim
1409 420 1543 454 leporibus
1571 419 1720 446 timidiores
1738 428 1745 446 :

965 471 1023 497 age,
1040 472 1099 499 qua:
1115 464 1140 491 in
1160 464 1308 500 Scripturis
1323 466 1407 492 sacris
1423 465 1473 493 hac
1486 465 1518 492 de
1539 473 1567 492 re
1581 465 1681 499 scripta
1698 465 1748 491 ha-

965 509 1063 536 bentur
1078 511 1286 544 perpendamus.
1300 510 1443 545 Propalam
1456 511 1527 538 enim
1541 511 1602 538 hinc
1620 511 1671 537 erit
1688 509 1747 537 illos

966 555 1036 582 haud
1062 556 1150 582 minus
1172 562 1232 582 cum
1258 555 1408 590 Scripturis
1430 563 1511 590 quam
1532 555 1671 583 nobiscum
1695 563 1747 590 pu-

964 607 1057 635 gnare,
1068 607 1099 627 ac
1114 601 1184 635 ipsas
1197 605 1350 628 sanctorum
1366 601 1481 628 virtutes
1497 601 1667 628 calumniari.
1679 600 1746 627 Nam

964 646 985 672 si
1004 646 1156 680 vituperant
1180 654 1227 674 eos
1248 647 1293 681 qui
1319 647 1353 674 ab
1377 647 1575 681 inquirentibus
1597 648 1630 673 ad
1654 655 1745 674 necem

964 699 1024 719 sese
1038 692 1186 725 occultant,
1210 693 1231 720 si
1250 692 1451 720 calumniantur
1467 701 1513 720 eos
1534 693 1578 728 qui
1596 692 1700 728 fugiunt
1717 697 1747 719 ut.

964 745 979 764 a
1005 737 1225 772 persecutoribus
1251 738 1388 766 declinent
1407 749 1412 766 :
1428 739 1502 773 quid,
1531 746 1632 773 qumso,
1660 739 1746 765 acturi

964 788 1025 809 sunt
1044 783 1066 810 si
1087 783 1196 810 videant
1217 783 1301 810 Jacoh
1324 783 1434 811 fratrem
1451 792 1529 811 suum
1546 784 1615 811 Esau
1638 783 1747 819 fugere?

964 827 1033 860 Quid
1052 829 1072 856 si
1088 828 1205 864 Moysem
1223 830 1248 855 in
1265 834 1363 856 terram
1378 829 1493 856 Iliadizun
1509 835 1580 857 ntctu
1597 830 1747 857 Pharaonis

964 875 1107 901 secedere?
1125 875 1193 908 Quid
1216 875 1253 902 illi
1277 876 1321 909 qui
1347 875 1408 902 talia
1425 875 1558 907 effutiunt,
1579 883 1628 910 pro
1648 875 1748 902 Davide

126 917 224 950 οἰκίας,
241 918 285 944 ὅτε
307 917 465 944 ἀπέστειλεν
483 918 563 944 αὐτὸν
582 917 767 952 ἀναιρεθῆναι,
785 916 831 942 καὶ
848 924 910 951 κρυ-

964 920 1174 954 respondebunt,
1190 920 1270 947 domo
1291 921 1410 954 fugiente
1425 929 1485 948 cum
1503 921 1565 947 Saul
1584 921 1696 948 sicarios
1713 921 1746 946 ad

127 963 252 999 πτομένῳ
269 964 317 998 μὲν
330 956 425 990 ἑαυτὸν
448 963 484 998 (1)
500 964 528 989 ὲν
545 963 584 998 τῷ
609 963 748 998 σπηλαίῳ,
764 962 911 988 ἀλλοιοῦντι

125 1009 154 1036 δὲ
169 1010 198 1035 τὸ
213 1010 359 1045 πρόσωπον
378 1009 474 1036 ἑαυτοῦ
487 1029 494 1042 ,
519 1010 570 1041 ἕως
583 1009 615 1036 ἂν
639 1009 761 1044 παρέλθῃ
777 1008 822 1035 τὸν
841 1007 912 1034 Ἀϐι-

128 1055 209 1090 μέλεχ
223 1055 279 1090 (2),
295 1055 341 1082 καὶ
356 1055 405 1090 τὴν
426 1054 569 1091 ἐπιϐουλὴν
587 1055 712 1091 suum;
736 1054 768 1080 Τί
786 1054 807 1080 δ’
827 1053 860 1080 ἂν
874 1052 912 1080 εἰ·

126 1108 202 1128 ποιεν
215 1102 238 1128 οἱ
255 1101 342 1128 πάντα
353 1101 476 1135 λέγοντες
487 1101 618 1136 εὐχερῶς,
638 1100 780 1135 βλέποντες
797 1099 842 1126 τὸν
864 1099 912 1135 μέ-

126 1155 177 1180 γαν
202 1146 294 1173 Ἠλίαν
306 1147 519 1182 ἐπικαλούμενον
534 1146 583 1182 μὲν
595 1146 632 1181 (3)
644 1146 688 1172 τὸν
705 1146 771 1172 Θεὸν
797 1146 843 1172 καὶ
867 1154 910 1172 νε-

127 1191 191 1228 κρὸν
205 1193 358 1229 ἐγείραντα,
374 1194 560 1229 κρυπτόμενον
577 1193 604 1219 δὲ
620 1192 663 1219 διὰ
674 1193 719 1218 τὸν
729 1191 831 1226 Ἀχαὰό
841 1211 849 1223 ,
865 1191 911 1218 καὶ

127 1237 260 1272 φεύγοντα
272 1239 316 1266 διὰ
328 1239 376 1271 τὰς
387 1239 501 1271 ἀπειλὰς
513 1239 561 1274 τῆς
580 1237 712 1270 Ἰεζάὸελς
728 1237 788 1264 τότε
798 1237 852 1271 γὰρ
864 1237 912 1272 ξη-

126 1283 250 1319 τούμενοι
267 1285 314 1311 καὶ
328 1286 352 1311 οἱ
367 1285 420 1311 υἱοὶ
433 1284 487 1311 τῶν
499 1283 645 1319 προφητῶν
660 1284 835 1318 ἐκρύπτοντο,
851 1282 912 1308 λαν-

127 1329 250 1362 θάνοντες
267 1331 295 1357 ὲν
308 1332 363 1362 τοῖς
377 1329 518 1365 σπηλαίοις
527 1329 571 1356 διὰ
584 1328 631 1355 τοῦ
652 1328 756 1355 ’Δὸὄιοῦ
772 1328 823 1363 (Il).

164 1377 205 1404 Η.
222 1378 256 1403 Ἢ
270 1377 373 1408 τούτοις
390 1376 439 1411 μὲν
454 1376 491 1408 ὡς
504 1376 628 1406 παλαιοῖς
640 1376 690 1402 οὑκ
707 1375 842 1410 ἐνέτυχον,
857 1373 911 1401 τῶν

126 1423 154 1449 δὲ
166 1423 235 1450 κατὰ
252 1423 283 1450 τὸ
306 1423 486 1457 Εὑαγγὲλιον,
504 1422 564 1449 οὐδὲ
587 1422 650 1457 μίαν
670 1422 780 1456 μνήμην
801 1421 890 1455 ἔχουσι
903 1429 909 1435 ·

126 1469 174 1496 καὶ
189 1468 244 1505 γὰρ
261 1469 307 1496 καὶ
321 1469 346 1496 ol
363 1468 481 1504 μαθηταὶ
491 1468 534 1495 διὰ
548 1468 594 1495 τὸν
609 1468 690 1502 φόϐον
705 1467 758 1493 τῶν
767 1466 910 1497 Ἰουδαίων,

125 1515 278 1550 ἀνεχώρουν
295 1515 486 1550 κρυπτόμενοι,
500 1514 546 1540 καὶ
568 1515 582 1539 ὁ
600 1513 705 1545 Παῦλος
717 1514 745 1539 ὲν
763 1511 910 1547 Δαμασκῷ,

127 1559 202 1596 παρὰ
211 1559 259 1586 τοῦ
273 1559 404 1595 ἐθνάρχου
423 1559 600 1594 ζητούμενος,
623 1559 677 1586 ἀπὸ
696 1558 742 1585 τοῦ
761 1557 866 1592 τείχους
882 1558 910 1583 ὲν

128 1605 251 1641 σαργάνῃ
263 1605 438 1640 κεχάλασται,
453 1605 500 1631 καὶ
514 1605 627 1639 ἐξέφυγε
642 1604 688 1631 τοῦ
705 1603 847 1639 ζητοῦντος
861 1603 910 1634 τὰς

127 1652 230 1686 χεῖραςι
246 1650 303 1685 Τῆς
321 1650 410 1677 τοίνυν
433 1650 544 1685 Γραφῆς
560 1650 673 1676 τοιαῦτα
692 1649 823 1684 λεγούσης
848 1649 911 1684 περὶ

126 1697 180 1723 τῶν
195 1696 292 1730 ἁγίων,
310 1696 390 1722 ποίαν
408 1696 462 1732 ἄρα
477 1696 612 1731 πρόφασιν
627 1697 677 1731 τῆς
693 1695 796 1722 ἑαυτῶν
809 1704 911 1731 προπε-

126 1741 201 1773 τείας
215 1741 334 1777 ἐξευρεῖν
347 1741 520 1777 δυνήσονται;
535 1742 583 1768 Ἀν
594 1750 623 1768 τε
633 1742 687 1777 γὰρ
703 1741 802 1768 δειλίαν
818 1741 911 1768 ὀνειδί-

129 1795 195 1813 σωσι
210 1787 269 1812 κατ’
292 1785 398 1822 αύτῷν,
425 1786 594 1821 μαινομένων
619 1786 650 1812 τὸ
664 1786 808 1821 τόλμημαο
826 1786 859 1812 ἂν
883 1785 911 1812 δὲ

128 1831 167 1867 (5)
184 1831 230 1858 καὶ
240 1831 277 1862 ὡς
291 1830 366 1866 παρὰ
379 1830 409 1857 τὸ
424 1830 546 1866 βούλημα
563 1830 609 1856 τοῦ
624 1829 691 1857 Θεοῦ
707 1830 850 1861 ποιοῦντας
863 1830 911 1856 αὑ-

128 1878 190 1910 τοὺς
208 1877 403 1909 διαϐάλλωσιν,
428 1877 478 1904 οὐκ
492 1870 600 1909 ἐιδότες
620 1877 674 1903 εἰσὶ
699 1876 838 1908 παντελῶς
861 1875 910 1908 τὰς

128 1917 250 1958 Γραφάς.
271 1923 314 1950 Ἐν
331 1923 379 1958 μὲν
390 1922 445 1958 γὰρ
459 1923 497 1958 τῷ
511 1923 586 1959 νόμῳ
594 1922 741 1958 πρόσταξις
750 1920 784 1957 ἦν
795 1921 911 1956 ἐκταγῆ-

129 1977 171 1996 ναι
186 1969 231 1996 καὶ
243 1969 334 2000 πόλεις
344 1968 564 2004 φυγαδευτηρίων
578 1969 626 2004 (6),
635 1969 704 2004 ὑπὲρ
718 1968 766 1995 τοῦ
783 1969 846 2000 τοὺς
863 1968 911 2004 ζη-

128 2014 274 2049 τουμένους
287 2015 327 2046 εὶς
341 2014 452 2041 θάνατον
471 2014 544 2046 ὅπως
564 2014 662 2050 δήποτε
675 2013 802 2041 δύνασθαι
819 2013 912 2040 διασώ-

130 2060 223 2092 ζεσθαι
235 2068 242 2075 ⁶
257 2060 303 2086 ἐπὶ
315 2060 343 2086 δὲ
358 2059 497 2095 συντελείᾳ
509 2060 563 2087 τῶν
573 2059 677 2087 αἰώνων
692 2060 911 2096 παραγενόμενος

130 2106 210 2137 αὐτὸς
223 2107 237 2132 ὀ
250 2105 289 2141 τῷ
299 2106 392 2132 Μωσεῖ
407 2106 526 2141 λαλήσας
536 2105 620 2140 Λόγος
629 2105 677 2132 τοῦ
690 2106 795 2142 Πατρὸς
805 2127 811 2138 ,
831 2106 911 2133 πάλιν

131 2151 239 2187 ἐντολὴν
253 2151 354 2186 ταύτην
369 2144 570 2185 δίδωσι,’λὲγων
582 2160 589 2166 ·
613 2152 702 2178 Ὅταν
718 2151 751 2178 δὲ
765 2151 912 2178 διώκωσιν

130 2198 207 2232 ’ὑμᾶς
224 2198 259 2224 ἐν
281 2197 318 2232 τῇ
337 2199 423 2225 πόλει
446 2198 537 2232 ταύτῃ
565 2197 614 2232 (7),
636 2199 758 2233 φεύγετε
785 2199 827 2231 εἱς
854 2198 911 2232 τὴν

962 974 1023 993 eum
1038 966 1246 993 confodiendum
1263 966 1346 999 misit,
1366 966 1392 993 in
1413 967 1538 1001 spelunca
1560 967 1670 999 latente,
1683 965 1744 993 vul—

962 1015 1017 1037 tum
1032 1019 1109 1038 suum
1124 1011 1294 1042 immutante,
1310 1012 1398 1045 quoad
1415 1011 1617 1038 Ahimclechum
1634 1011 1747 1045 ejusque

961 1056 1074 1084 insidias
1090 1056 1260 1084 declinaret?
1275 1057 1409 1089 Quidnam
1426 1057 1463 1083 illi
1479 1057 1608 1089 dixerint,
1624 1057 1748 1084 homines

961 1109 1026 1129 sane
1048 1103 1138 1129 verbis
1160 1109 1268 1136 semper
1289 1103 1347 1130 suis
1373 1103 1519 1133 temerarii.
1537 1110 1597 1129 cum
1620 1110 1747 1137 magnum

961 1147 1064 1175 Heliam
1080 1149 1248 1175 adverterint
1264 1149 1345 1176 Deum
1361 1149 1469 1184 quidem
1489 1149 1615 1176 invocare
1629 1157 1660 1176 ac
1674 1156 1747 1175 mor-

961 1197 1037 1220 tuum
1052 1194 1182 1225 excitare,
1198 1201 1258 1221 sese
1275 1199 1376 1226 tamen,
1390 1199 1419 1221 ut
1434 1194 1572 1221 Aehahum
1588 1193 1746 1225 declinaret,

960 1239 1138 1272 abscondere,
1158 1244 1185 1267 et
1211 1241 1245 1267 oh
1265 1239 1400 1267 Jezabelis
1422 1239 1510 1267 mittas
1528 1239 1674 1274 attingere?
1693 1247 1746 1274 quo

962 1289 1082 1319 tempore
1101 1285 1164 1312 item
1188 1285 1234 1312 lilii
1254 1285 1447 1320 prophetarum
1465 1285 1616 1313 absconditi
1640 1285 1667 1312 in
1686 1292 1747 1320 spe-

961 1329 1058 1362 luncis,
1073 1330 1167 1357 Ahdia:
1182 1337 1232 1365 ope
1244 1330 1448 1358 delitescehaut.

997 1376 1040 1403 ll.
1059 1376 1092 1402 At
1112 1375 1227 1404 fortasse
1246 1377 1303 1403 haec
1321 1381 1412 1411 utpote
1426 1377 1535 1410 antiqua
1554 1385 1690 1411 nunquam
1706 1376 1746 1403 ie-

961 1427 1067 1457 gerunt,
1085 1429 1135 1448 nec
1151 1429 1244 1448 eorum
1259 1429 1319 1456 qua:
1334 1422 1360 1448 in
1374 1422 1517 1457 Evangelia
1529 1422 1653 1456 leguntur
1678 1422 1747 1448 ulla-

961 1472 1038 1495 tenus
1058 1467 1244 1494 recordantur.
1264 1467 1370 1494 Etenim
1393 1467 1442 1500 ipsi
1469 1467 1592 1501 discipuli
1612 1471 1682 1494 metu
1699 1466 1747 1494 Ju-

961 1514 1079 1541 dmornm
1107 1521 1166 1541 sese
1194 1513 1376 1541 occultarum.
1400 1514 1432 1540 Et
1459 1513 1558 1540 Paulus
1584 1514 1707 1540 Damasci
1733 1521 1747 1540 a

962 1559 1088 1594 praefecto
1102 1559 1242 1593 qnmsitus,
1261 1565 1309 1592 per
1332 1566 1437 1585 murum
1456 1558 1482 1585 in
1505 1562 1594 1592 sporta
1615 1559 1748 1585 demissus

961 1610 1012 1636 est,
1028 1610 1109 1639 atque
1125 1605 1160 1631 ita
1175 1605 1337 1638 inquirentis
1349 1612 1378 1632 se
1392 1613 1488 1632 manus
1499 1605 1600 1639 eﬂngit.
1611 1605 1677 1632 Cum
1690 1605 1748 1633 haec

961 1651 1042 1686 igitur
1064 1655 1218 1678 sanctorum
1244 1651 1366 1686 exempla
1385 1651 1523 1685 Scriptura
1543 1651 1652 1682 referat,
1667 1659 1746 1685 quem

962 1697 1122 1725 temeritatis
1146 1704 1201 1724 sua:
1230 1696 1371 1723 obtentum
1397 1697 1518 1723 invenire
1546 1696 1688 1731 poterunt?
1717 1697 1746 1724 Si

961 1751 1078 1778 namque
1102 1742 1155 1770 illis
1186 1743 1356 1770 timiditatem
1385 1743 1568 1777 exprobrent,
1597 1741 1746 1769 furentium

961 1795 1028 1815 sane
1050 1795 1132 1814 ausus
1152 1787 1198 1815 ille
1222 1788 1320 1820 fuerit;
1337 1788 1377 1815 sin
1402 1792 1496 1815 contra
1518 1787 1564 1814 Dei
1580 1788 1745 1814 voluntatem

961 1833 1020 1860 illos
1035 1833 1123 1868 egisse
1136 1833 1327 1865 criminentur,
1346 1841 1406 1860 sese
1422 1833 1584 1860 Litterarum
1607 1841 1745 1861 sacrarqu

960 1887 1071 1914 prorsus
1085 1879 1192 1914 ignarus
1207 1879 1382 1906 exhibebunt.
1398 1879 1425 1905 lu
1449 1879 1505 1913 lege
1523 1879 1621 1914 quippe
1633 1879 1738 1914 jussum

961 1925 1021 1957 fuit,
1036 1930 1065 1952 ut
1078 1925 1308 1952 constituerentur
1330 1925 1424 1958 refugii
1447 1925 1540 1957 urbes,
1556 1932 1609 1959 quo
1628 1925 1748 1952 homini-

961 1970 1010 1998 bus
1027 1971 1060 1998 ad
1076 1978 1168 1998 necem
1185 1970 1307 2005 qumsitis
1333 1970 1440 2005 aliquod
1463 1971 1559 1998 saltem
1574 1970 1670 1998 salutis
1685 1978 1747 2005 per-

961 2018 1063 2053 fugium
1087 2018 1326 2052 relinquereturﬂ.
1349 2017 1377 2044 In
1403 2019 1637 2046 consummatione
1655 2023 1746 2045 autent

962 2063 1135 2096 szeculorum,
1152 2071 1213 2091 cum
1231 2063 1340 2091 advenit
1355 2063 1472 2090 Verbum
1486 2063 1571 2091 Patris
1582 2065 1652 2098 quod
1662 2064 1745 2100 Moysi

962 2109 1024 2136 olim
1050 2109 1168 2136 locutum
1190 2113 1242 2142 est,
1264 2109 1329 2144 quid
1347 2109 1383 2136 sit
1401 2110 1533 2144 agendum
1550 2109 1743 2144 praecipitdnm

962 2154 1020 2181 haec
1045 2154 1161 2189 loquitur
1175 2163 1181 2181 :
1195 2154 1259 2181 Cum
1277 2159 1366 2181 autem
1388 2156 1516 2187 persecuti
1536 2163 1579 2182 vos
1602 2155 1701 2190 fuerint
1718 2155 1745 2181 in

963 2198 1065 2225 civitate
1078 2199 1139 2231 ista,
1150 2198 1231 2233 fugite
1245 2199 1272 2225 in
1285 2199 1365 2225 aliam
1374 2199 1405 2225 ¹⁸.
1416 2199 1447 2225 Et
1460 2199 1538 2233 paulo
1546 2203 1605 2232 post
1619 2198 1669 2225 ait:
1680 2197 1745 2224 Cum

130 2244 250 2278 ἑτέραν·
266 2244 313 2270 καὶ
326 2244 384 2279 μετ’
399 2244 476 2278 ὀλίγα
495 2244 576 2279 φησίν
587 2252 593 2259 ·
616 2245 708 2271 Ὅταν
723 2242 779 2271 οὖν
788 2244 869 2277 ἴδητε
877 2243 910 2270 τὸ

963 2253 1023 2280 ergo
1040 2246 1156 2271 videritis
1171 2244 1390 2272 abominationem
1404 2245 1585 2276 desolatiouir,
1604 2251 1662 2278 qua:
1675 2244 1746 2270 diem

129 2289 284 2325 ,βδέλυγμα
291 2289 345 2323 τῆς
351 2289 534 2324 ἐρημώσεως,
543 2290 575 2316 τὸ
580 2289 675 2324 ῥηθὲν
684 2289 732 2316 διὰ
740 2289 850 2323 Δανιὴλ
859 2289 910 2317 τοῦ

131 2335 300 2369 προφήτου,
317 2334 411 2367 ἑστὼς
423 2335 459 2361 ὲν
478 2335 557 2368 τόπῳ
571 2336 653 2369 ἁγίῳ,
670 2337 686 2362 ὁ
700 2334 911 2368 ἀναγινώσκων

131 2381 242 2407 νοεῖτον
257 2380 324 2406 τότε
335 2381 361 2407 οι
373 2380 408 2406 ἐν
417 2379 454 2414 τῇ
469 2379 592 2413 Ἰουδαίᾳ
607 2380 798 2415 φευγέτωσαν
811 2380 860 2406 ἐπὶ
876 2381 912 2408 τὰ

173 2436 194 2453 ⁸⁸
214 2436 298 2464 Exod.
313 2444 369 2469 ut,
397 2437 441 2464 l3.
482 2436 504 2453 ¹⁶
515 2437 638 2468 ilattlu,
652 2437 698 2464 ‘25.

168 2495 223 2531 (98)
242 2494 286 2531 Sic
300 2494 407 2531 Bt'gfiet
420 2494 525 2530 Anglic.
539 2495 610 2531 Editi
625 2502 690 2531 vero
703 2499 762 2529 post
773 2495 912 2531 αὐτάρκης

132 2528 233 2559 habent
243 2528 342 2558 αὐτῶν.
354 2530 415 2557 Mox
426 2528 475 2564 pro
488 2531 503 2557 ὁ
516 2530 575 2557 κατ’
584 2529 683 2561 αὐτῶν,
695 2528 723 2556 tit
733 2530 833 2556 habent
844 2528 910 2564 Reg.

132 2572 160 2593 et
174 2565 288 2600 Anglia,
309 2567 339 2600 ini
350 2566 430 2592 editis
455 2565 552 2599 legitur
573 2565 587 2591 ὁ
613 2565 713 2596 ἱκανός.
741 2564 824 2591 Paulo
843 2569 912 2600 post

132 2598 245 2634 Anglic"
271 2599 370 2626 αὐτῶν.
394 2600 460 2626 lhid.
483 2598 604 2634 Anglic”
624 2599 770 2635 λογαρίοις.
798 2600 827 2625 In
843 2598 910 2634 Reg.

133 2636 220 2670 primo
246 2636 362 2669 positum
393 2635 490 2667 fuerat,
516 2635 702 2670 λογοχαρίοις,
730 2635 777 2661 sed
809 2639 911 2670 postea,

133 2669 210 2698 em»
224 2679 266 2705 οχ.
284 2669 419 2705 λογαρίοις
433 2670 531 2705 faglutu
547 2669 694 2705 causam.
714 2669 893 2705 λογοχαρίοις.

170 2679 210 2696 ltili
224 2679 266 2731 οὗ.
284 2679 419 2705 Λογαριοις
433 2679 531 2696 tactum
547 2679 597 2696 εει.
613 2679 658 2696 hut

168 2705 230 2741 (99)
264 2706 287 2732 ic
302 2710 441 2741 restituunt.
458 2703 534 2741 chr.
549 2709 576 2732 et
599 2704 658 2732 Nic.

168 2739 207 2773 (ll
224 2740 301 2774 lteg.,
322 2739 425 2771 τοῦτον,
441 2739 519 2774 male.

169 2773 276 2816 (ᾖ)
284 2773 516 2816 vagati-ruma”);
528 2773 554 2800 in
570 2773 748 2816 textufxrmco
764 2773 911 2810 Scriptura:

134 2815 160 2838 et
175 2811 257 2836 Achis
270 2811 296 2836 in
314 2809 435 2843 Vulgata.
453 2809 541 2843 lﬂeg.
559 2816 614 2841 xxI,
632 2809 675 2836 15.

169 2844 401 2884 (ωῃίέν-ιιεεξιῇη
413 2844 518 2884 Anglic:
551 2878 563 2883 _
586 2878 647 2884 HM
676 2878 688 2883 _
725 2878 740 2884 η
899 2877 904 2884 _

181 2877 207 2914 l)
221 2880 317 2915 Regius
327 2879 427 2911 Codex,
444 2877 519 2914 παρὰ
530 2878 569 2913 τῷ
586 2878 700 2907 “Α66ιοῦ.
724 2878 812 2912 ὅσοι,
837 2877 911 2911 παρὰ

964 2297 1000 2318 εει
1013 2299 1028 2317 a
1042 2290 1150 2317 Daniele
1168 2291 1291 2325 propheta
1303 2311 1311 2323 ,
1333 2295 1445 2318 stantem
1464 2291 1491 2316 in
1511 2291 1567 2316 loco
1580 2295 1681 2320 sancto,
1700 2289 1745 2324 qui

964 2336 1037 2371 legit,
1059 2337 1287 2370 intelligantur":
1310 2338 1354 2370 qui
1377 2337 1403 2362 iu
1426 2336 1521 2362 Juda’a
1549 2341 1620 2367 sum,
1640 2335 1744 2369 fugiant

966 2382 1000 2408 ad
1016 2387 1114 2408 montes
1126 2388 1135 2406 .'
1147 2386 1170 2407 et
1185 2382 1230 2415 qui
1244 2389 1325 2416 supra
1339 2386 1433 2408 tectum
1451 2389 1502 2407 non
1517 2380 1655 2407 descendat
1665 2379 1747 2415 259

964 2495 1002 2531 τῷ
1018 2495 1120 2530 Ἀϐδίᾳ.
1133 2495 1216 2527 Editi,
1232 2495 1276 2522 διὰ
1289 2494 1334 2521 τοῦ
1349 2493 1466 2531 Ἀὗᾷιοῦέ
1479 2494 1542 2531 Quae
1559 2497 1619 2531 post
1637 2494 1693 2520 hare
1704 2501 1748 2521 se-

964 2529 1232 2564 quuntur,'citautur
1260 2531 1285 2556 iu
1314 2530 1428 2556 concilio
1451 2529 1608 2564 Duziacensi
1630 2537 1649 2558 ι,
1673 2534 1745 2554 temo

966 2564 1032 2595 \‘lll.
1044 2566 1140 2595 (Ione.
1155 2573 1181 2598 p.
1195 2565 1274 2592 1569.
1288 2564 1346 2591 Mox
1358 2565 1460 2598 Anglic.
1478 2569 1537 2598 post
1559 2563 1684 2594 παλαιοῖς
1700 2563 1748 2590 ha-

964 2599 1009 2626 het
1024 2599 1098 2631 ἴσως.
1115 2600 1196 2626 Paulo
1218 2605 1278 2634 post
1301 2599 1415 2634 lteg..ct
1433 2598 1523 2630 Socr.,
1540 2600 1659 2634 μνήμην.
1676 2599 1747 2625 Editi

965 2642 1038 2670 Vero.
1051 2635 1156 2670 μνείαν.

1000 2669 1037 2730 (ὅ)
1051 2666 1169 2703 ’Λιιειίρη
1183 2668 1331 2696 ὀνειδίζωσι
1350 2670 1410 2695 κατ’
1430 2668 1518 2695 αὐτῶν
1542 2668 1692 2702 μαίνονται·
1714 2666 1748 2693 ἂν

1037 2704 1083 2730 iox
1099 2705 1180 2730 idem.
1194 2704 1365 2730 διαϐάλλουσι
1382 2703 1531 2730 παντελῶς.
1541 2704 1650 2730 omissis
1665 2703 1748 2729 inter-

963 2704 1001 2731 δέ.
1024 2703 1083 2731 Mox
1099 2705 1180 2736 idem,
1194 2704 1365 2731 διαϐάλλουσι
1382 2703 1650 2735 παντελῶς,οιιιὶεδὶε
1665 2703 1749 2729 inter-

964 2740 1072 2765 mediis.

1000 2773 1036 2808 (6)
1052 2773 1188 2810 Socrates,
1204 2773 1445 2810 φυγαδευτηρίους.
1474 2773 1534 2800 Mox
1564 2772 1748 2807 Anglicanus,

963 2808 1094 2835 δύνασθαι
1107 2808 1199 2840 διῶξαι
1212 2809 1322 2840 ταύτας.

1000 2844 1036 2879 (7)
1053 2844 1132 2872 Socr.
1148 2850 1175 2872 ct
1186 2844 1309 2879 Niceph.,
1323 2845 1354 2870 ὲκ
1369 2844 1418 2879 τῆς
1436 2843 1537 2876 πόλεως
1551 2842 1662 2878 ταύτης.
