2007 3044
228 138 281 167 059

509 138 539 166 S.
560 138 746 166 ATHANASH
766 139 841 167 OPP.
863 139 953 166 PARS
972 138 993 166 1.
1013 154 1047 159 —-
1067 136 1252 165 HlSTORlCA
1272 136 1316 164 ET
1338 135 1548 164 DOGMATICA.

1799 132 1854 160 660

228 196 318 224 tollere
336 204 396 231 qua:
416 196 442 223 in
466 196 543 227 domo
564 205 613 224 sua
630 202 690 224 sunt
703 206 712 224 :
723 203 746 224 el
763 199 807 230 qui
823 199 849 224 in
866 206 941 232 agro,
961 205 1012 224 non
1027 224 1029 227 ,

1081 205 1116 230 ρη
1127 195 1175 230 (8)·
1185 197 1201 222 ὁ
1208 195 1257 221 ἐπὶ
1267 194 1460 229 τοῦ¹ὃώματος
1465 193 1509 227 μὴ
1518 192 1671 225 καταϐἡτω
1683 188 1749 226 ἆραι
1766 191 1802 218 τὰ
1818 191 1852 218 ἐκ

227 247 374 269 revertatur
388 242 478 268 tollere
494 243 611 269 tunicam
623 251 698 269 suam
708 244 740 271 ”.
757 243 819 270 llazc
836 251 897 270 cum
911 243 1012 270 scirent

229 287 328 318 sancti,
347 286 499 321 hujusmodi
516 288 577 314 vitae
596 288 730 315 rationem
746 288 840 315 sectati
856 293 928 315 sunt.
946 288 1012 314 Nam

229 340 289 367 quae
300 331 356 366 jam
370 335 497 368 praecepit
514 333 656 365 Dominus,
674 333 732 360 hanc
747 324 807 367 ipsa
819 339 881 360 ante
893 340 970 360 suum
986 333 1012 359 in

229 385 311 405 carne
322 378 466 406 adventum
477 386 525 406 ore
536 383 691 406 sanctorum
707 379 833 413 prmlatus
847 383 898 406 est.
913 379 945 405 Et
957 378 1014 404 haec

229 427 271 450 est
293 430 385 450 norma
401 431 461 458 qme
485 424 607 451 homines
628 425 737 452 deducit
755 425 789 452 ad
810 423 1013 460 perfectionem,

229 474 260 497 ut
274 476 370 504 nempe
388 469 434 496 Dei
446 469 522 504 jussa
536 470 699 505 compleant.

264 559 310 588 12.
330 558 499 593 Quapropter
512 559 600 593 ipsum
613 558 730 586 Verbum
747 563 855 594 propter
869 566 918 586 nos
933 559 1015 586 homo

230 606 344 638 factum,
361 605 424 632 dum
435 605 628 639 inquireretur,
646 609 675 631 ut
692 612 742 632 nos
756 605 811 637 jam
827 605 941 640 agimus.
957 612 1017 632 sese

231 652 379 684 occultare,
397 651 516 685 itemque
532 655 720 684 persecutores
741 651 835 686 fugere
859 656 886 678 et
902 651 1017 679 insidias

233 697 371 725 declinare
385 697 478 724 voluit.
499 695 618 724 Decehat
636 697 708 724 enim
724 705 798 730 eum,
815 702 846 724 ut
862 697 1016 731 esuriendo,

233 743 360 775 sitiendo,
384 743 521 777 patiendo,
547 743 586 770 sic
607 748 635 770 et
659 750 719 770 ese
742 743 902 771 occultando
925 751 958 771 ac
976 744 1017 771 fu-

230 790 340 825 giendo,
356 789 498 817 ostendere
512 797 541 817 se
561 797 670 817 carnem
689 794 805 824 gestare,
828 795 908 825 atque
931 791 1019 818 homi-

231 844 293 864 nem
313 836 412 863 factum
431 842 500 862 esse.
526 835 592 862 Nam
616 835 650 862 ah
673 836 731 870 ipso
755 837 846 863 statim
870 837 947 864 initio
966 845 1019 872 quo

233 879 322 906 factus
334 884 376 906 est
390 879 480 911 homo,
500 879 563 906 dmn
584 880 672 907 adhuc
692 888 758 915 puer
773 886 855 913 esset,
872 889 920 916 per
939 889 1019 916 ange-
1036 875 1056 902 Β

233 925 288 952 lum
305 925 362 959 ipse
384 932 463 953 suum
485 925 603 959 Josepho
625 927 752 962 praecepit
777 937 783 953 :
808 926 933 962 Surgens,
959 928 1019 954 tolle

232 979 341 1004 puerum
356 976 379 997 et
397 977 505 998 matrem
523 973 591 1006 ejus,
605 977 629 998 et
648 972 708 1007 fuge
725 973 754 1000 in
768 972 931 1008 Egyptum;
945 974 1020 1008 futu-

235 1025 294 1043 rum
310 1022 346 1044 est
365 1017 434 1044 enim
455 1023 482 1044 ut
504 1017 621 1045 Herodes
642 1024 743 1053 quwrat
763 1020 878 1046 animam
897 1021 971 1053 pueri
988 1021 1019 1048 η.

236 1061 366 1090 Defuncto
384 1068 474 1090 autem
495 1062 612 1097 Herode,
630 1069 660 1091 ut
684 1065 846 1093 Archelaum
862 1065 946 1093 lilium
963 1066 1022 1100 ejus

236 1108 396 1142 declinaret,
412 1109 438 1137 in
455 1109 571 1137 Nazaret
584 1110 694 1138 secedit.
716 1111 744 1138 In
764 1111 938 1147 suhsequenti
959 1121 1023 1141 vero

238 1159 369 1190 tempore,
385 1156 431 1184 ubi
449 1164 509 1184 sese
526 1157 609 1184 Deum
632 1157 765 1189 exhibuit.
782 1166 946 1193 manumque
969 1160 1023 1186 ari-

236 1202 298 1229 dam
314 1210 408 1230 sanam
430 1203 510 1235 fecit.
527 1211 588 1231 cum
607 1203 710 1238 egressi
729 1203 860 1231 Pharisaei
879 1205 1022 1232 consilium

238 1248 336 1276 inirent
348 1256 399 1284 qua
420 1250 525 1276 ratione
544 1250 689 1284 perderent
704 1257 765 1277 eum
782 1250 803 1266 "
821 1260 826 1277 :
843 1251 868 1278 id
888 1258 947 1278 cum
961 1251 1022 1279 Iesu

237 1298 331 1320 notum
344 1299 427 1325 esset,
445 1295 559 1321 secessit
573 1294 644 1320 inde.
655 1294 688 1321 Et
696 1302 760 1322 vero
772 1295 880 1328 quando
892 1295 1022 1323 Lazarum

237 1339 377 1366 suscitavit
393 1346 408 1366 a
433 1338 556 1371 mortuis,
588 1339 625 1365 Ab
640 1339 699 1372 illo,
722 1339 821 1374 inquit,
839 1340 882 1367 die
897 1342 1025 1375 cogitave-

238 1389 300 1411 runt
324 1389 354 1411 ut
377 1384 553 1418 interﬁcerent
570 1392 640 1413 eum.
658 1385 735 1412 Iesus
761 1393 822 1420 ergo
843 1385 903 1420 jam
921 1395 971 1413 non
997 1387 1025 1414 iu

239 1432 328 1466 palam
343 1431 506 1464 ambulabat,
522 1431 567 1459 sed
591 1432 657 1459 abiit
679 1432 739 1458 inde
759 1432 786 1458 in
804 1433 935 1466 regionem
946 1433 1026 1467 juxta

241 1480 372 1506 desertum
388 1479 422 1506 ‘°.
451 1479 554 1506 Deinde
583 1484 724 1514 postquam
750 1479 864 1506 dixisset
889 1479 1024 1511 Salvator,

1064 241 1118 275 τῆς
1126 241 1222 274 οὶκίας
1228 241 1330 268 αὐτοῦ·
1343 240 1391 266 καὶ
1406 241 1422 266 ό
1430 239 1464 266 ἐν
1473 238 1512 271 τῷ
1521 237 1601 273 ἀγρῷ
1608 238 1649 273 μὴ
1662 237 1854 271 ὑποστρεψά-

1064 296 1105 314 τω
1120 287 1216 313 ὀπίσω
1230 283 1298 320 ἆραι
1312 287 1349 312 τὰ
1361 285 1460 320 ἱμάτια
1473 285 1575 312 αὐτοῦ.
1597 284 1690 311 Ταῦτα
1711 284 1765 319 γὰρ
1785 284 1854 310 εἰδό-

1064 341 1109 364 τες
1120 334 1144 359 οἱ
1157 333 1229 366 ἆγιοι
1241 352 1248 364 ,
1263 331 1391 366 τοιαύτην
1413 329 1485 366 εῐχον
1505 331 1554 366 τὴν
1566 331 1615 365 τῆς
1633 330 1768 361 πολιτείας
1780 331 1854 363 ἀγω-

1064 380 1126 414 γήν.
1144 379 1177 405 "A
1201 379 1254 414 γὰρ
1280 378 1326 405 νῦν
1350 377 1514 413 προσέταξεν
1531 377 1546 403 ὁ
1565 377 1680 412 Κύριος,
1704 376 1788 402 ταῦτα
1806 376 1854 402 καὶ

1065 425 1119 460 πρὸ
1126 424 1174 458 τῆς
1186 424 1318 459 ἐνσάρκου
1329 423 1480 458 παρουσίας
1491 422 1528 457 (9)
1540 423 1568 449 ὲν
1584 423 1639 453 τοίς
1652 422 1739 456 ἁγίοις
1750 421 1852 448 ὲλὰλει’

1065 470 1112 497 καὶ
1124 470 1196 496 ἐστιν
1208 466 1284 501 οὗτος
1295 469 1356 504 ὄρος
1365 467 1518 503 ἀνθρώποις
1533 468 1573 499 εις
1583 468 1738 503 τελειότητα
1754 467 1855 504 φέρων,

1065 516 1079 542 ὃ
1095 515 1116 542 δ’
1130 516 1163 542 ἂν
1173 516 1187 542 ὸ
1202 515 1268 547 Θεὸς
1282 515 1431 550 προστάξῃ,
1446 514 1525 540 τοῦτο
1537 515 1633 540 ποιεῖν.

1102 562 1146 589 12.
1162 563 1210 588 Διὰ
1229 561 1308 588 τοῦτο
1320 562 1366 595 καὶ
1377 561 1458 592 αὐτὸς
1472 562 1486 587 ὀ
1497 561 1592 594 Λόγος,
1609 559 1642 586 δι’
1660 561 1733 595 ἡμᾶς
1744 559 1856 594 γενόμε-

1067 617 1111 639 νος
1137 607 1291 643 ἄνθρωπος,
1319 607 1474 642 κατηξίωσε
1501 606 1674 641 ζητούμενος,
1700 606 1738 637 ὡς
1765 606 1855 640 ἡμεῖς,

1068 655 1220 691 κρυϐῆναι·
1247 655 1294 681 καὶ
1312 655 1392 682 πάλιν
1411 653 1584 688 διωκόμενος,
1608 653 1718 688 φεύγειν
1741 653 1787 679 καὶ
1808 653 1858 688 τὴν

1068 702 1213 737 ἐπιϐουλὴν
1231 701 1363 729 ἐκκλῖναι,
1382 701 1505 735 Ἐπρεπε
1521 698 1576 734 γὰρ
1598 699 1689 730 αὐτὸν,
1712 699 1750 731 ὼς
1766 699 1796 724 ἐκ
1810 698 1858 724 τοῦ

1069 749 1164 782 πεινῇν
1178 747 1224 773 καὶ
1236 747 1327 782 διψῇν,
1342 746 1389 772 καὶ
1403 745 1450 772 τοῦ
1468 746 1575 776 παθεῖν,
1596 745 1681 776 οὕτως
1694 744 1740 770 καὶ
1761 745 1792 770 ἐκ
1809 743 1858 769 τοῦ

1069 793 1237 829 κρύπτεσθαι
1261 793 1309 819 καὶ
1327 792 1447 826 φεύγειν,
1470 791 1602 818 δεικνύειν
1624 790 1718 817 ἑαυτὸν
1735 789 1789 824 (10)
1809 798 1859 823 (ξο-

1072 840 1170 875 ροῦντα
1186 839 1275 874 σάρκα
1296 839 1343 865 καὶ
1364 839 1509 873 γενόμενον
1530 838 1681 874 ἄνθρωπον.
1707 836 1752 869 Ἐξ
1773 837 1861 871 ἀρχῆς

1072 886 1121 921 μὲν
1146 885 1200 920 γὰρ
1223 885 1280 920 ἅμα
1303 884 1342 919 τῷ
1367 884 1493 919 γενέσθαι
1512 884 1664 920 ἄνθρωπος.
1684 884 1728 910 ὅτε
1755 882 1860 909 παιδίον

1069 929 1114 967 ἦν,
1139 931 1219 962 αὐτὸς
1240 931 1283 957 διὰ
1307 931 1354 957 τοῦ
1376 931 1490 965 ἀγγέλου
1514 930 1664 957 ἐνετείλατο
1687 929 1726 964 τῷ
1745 929 1857 963 Ἰωσήφ·

1077 976 1222 1010 Ἐγερθεὶς
1243 976 1396 1009 παράλαϐε
1410 976 1443 1002 τὸ
1461 975 1580 1002 παιδίον
1599 975 1647 1002 καὶ
1668 974 1726 1008 τὴν
1748 973 1861 1009 μητέρα

1071 1021 1175 1052 αὑτοῦ.
1190 1021 1239 1048 καὶ
1253 1021 1344 1056 φεῦγε
1356 1023 1399 1055 εἰς
1414 1022 1576 1056 Αιγυπτον·
1591 1021 1695 1056 μέλλει
1709 1021 1762 1055 γὰρ
1778 1020 1862 1054 Ἡρώ-

1071 1067 1127 1101 δης
1144 1067 1240 1101 ζητεῖν
1263 1063 1321 1100 τὴν
1343 1067 1449 1101 ψυχὴν
1467 1067 1520 1093 τοῦ
1541 1067 1669 1094 παιδίου.
1690 1067 1743 1093 Καὶ
1762 1066 1863 1092 ἀποθα-

1072 1114 1162 1146 νόντος
1179 1114 1207 1140 δὲ
1220 1113 1350 1149 Ἡρώδου,
1374 1113 1497 1148 φαίνεται
1519 1114 1551 1140 δι’
1572 1113 1715 1148 Ἀρχέλαον
1737 1113 1782 1139 τὸν
1806 1113 1864 1139 υἱον

1073 1157 1154 1185 αὐτοῦ
1169 1157 1319 1193 ἀναχωρῶν
1337 1159 1376 1189 εἰς
1387 1158 1436 1193 τὴν
1446 1158 1584 1192 Ναζαρέτ.
1600 1158 1663 1184 Ὅτε
1676 1158 1704 1184 δὲ
1716 1157 1806 1184 λοιπὸν
1818 1157 1864 1184 καὶ

1073 1204 1139 1230 Θεὸν
1156 1204 1250 1231 ἑαυτὸν
1262 1204 1399 1236 ἐδείκνυε,
1415 1205 1461 1231 καὶ
1480 1204 1529 1239 τὴν
1543 1204 1627 1240 ξηρὰν
1647 1205 1727 1239 χεῖρα
1749 1203 1863 1237 πεποίη-

1075 1259 1122 1277 κεν
1137 1251 1212 1285 ὑγιᾶ,
1234 1251 1258 1277 οἱ
1274 1251 1323 1286 μὲν
1336 1251 1477 1286 Φαρισαῖοι
1487 1271 1493 1281 ,
1515 1250 1666 1283 ἐξελθόντες
1679 1271 1685 1283 ,
1705 1249 1864 1284 συμϐούλιον

1075 1296 1171 1323 ἕλαῦον
1184 1297 1244 1323 κατ’
1254 1297 1347 1327 αὑτοῦ,
1360 1297 1434 1328 ὅπως
1451 1297 1531 1323 αὐτὸν
1543 1296 1711 1323 ἀπολέσωσιν
1724 1304 1730 1310 ·
1746 1296 1759 1322 ὁ
1770 1295 1797 1320 δὲ
1814 1295 1866 1329 Ἰη-

1077 1341 1139 1375 σοῦς
1156 1344 1236 1377 γνοὺς
1254 1342 1426 1378 ἀνεχώρησεν
1451 1343 1564 1369 ἐκεῖθεν.
1593 1342 1648 1369 Καὶ
1669 1342 1722 1377 γὰρ
1740 1341 1783 1367 ὅτε
1810 1340 1865 1376 (Η)

1075 1390 1120 1415 τὸν
1133 1389 1257 1425 Λάζαρον
1271 1390 1382 1424 ἤγειρεν
1400 1390 1432 1415 ὲκ
1444 1389 1548 1425 νεκρῶν
1559 1409 1567 1420 ,
1593 1389 1654 1414 ’Λπ“
1674 1387 1801 1420 ἐκείνης,
1820 1395 1868 1420 φη-

1079 1437 1116 1467 σί,
1135 1435 1191 1470 τῆς
1205 1435 1317 1470 ’ἡμέρας
1330 1435 1561 1467 ἐϐουλεύσαντο,
1582 1435 1631 1460 ἵνα
1650 1433 1870 1460 ἀποκτείνωσιν

1077 1483 1178 1508 αὐτόν.
1201 1483 1232 1508 '0
1247 1479 1303 1509 οὗν
1321 1482 1436 1514 Ἰησοῦς
1448 1480 1546 1507 οὐκέτι
1563 1479 1713 1514 παρρησίᾳ
1730 1477 1868 1512 περιεπεί-

242 1525 386 1560 Antequam
409 1524 543 1552 Abraham
565 1525 638 1558 ﬁeret
653 1534 699 1560 ego
722 1534 791 1557 sum,
811 1525 900 1552 Juda'i
922 1526 1025 1560 quidem

1081 1537 1120 1555 τει
1140 1528 1174 1554 ἐν
1193 1527 1255 1560 τοῖς
1274 1527 1431 1560 Ἰουδαίοις
1444 1548 1451 1558 ,
1469 1527 1538 1554 ἀλλ’
1551 1525 1689 1560 ἀπῆλθεν
1701 1525 1814 1552 ἐκεῖθεν
1827 1526 1872 1558 εἰς

241 1570 342 1605 lapides
358 1570 486 1602 tulerunt,
513 1576 540 1597 ut
559 1571 677 1605 jacerenl
699 1573 726 1598 in
745 1580 815 1604 eum,
841 1571 918 1598 Jesus
941 1577 1028 1598 autent

1081 1574 1136 1608 τὴν·
1158 1573 1257 1608 χώραν
1275 1573 1366 1608 ἐγγὺς
1384 1572 1440 1606 τῆς
1459 1573 1580 1607 ἐρήμου.
1599 1569 1665 1598 Εἶτα
1684 1571 1807 1605 λέγοντος
1824 1570 1871 1596 τοῦ

241 1616 375 1642 abscondit
392 1624 427 1648 se,
439 1621 463 1643 et
478 1616 554 1642 exiuit
572 1619 603 1643 ue
616 1616 710 1649 templo
726 1617 765 1649 “;
782 1622 820 1647 et,
834 1615 973 1643 Transisti:
984 1625 1030 1651 per

242 1662 356 1689 medium
369 1662 476 1689 illorum
493 1663 545 1689 ibat
555 1663 590 1695 ",
607 1662 696 1696 itaque
711 1669 740 1689 se
757 1662 895 1689 subduxit.

1078 1619 1216 1655 Σωτῆρος,
1234 1619 1308 1653 Πρὶν
1322 1620 1449 1653 ’Λΰριιὰμ
1464 1618 1611 1653 γενέσθαι,
1627 1617 1683 1652 ἐγώ
1694 1618 1762 1652 ειμι,
1779 1618 1803 1643 ol
1815 1615 1874 1650 μὲν

1083 1665 1215 1692 Ἰουδαῖοι
1229 1664 1306 1700 ἦραν
1322 1665 1377 1698 (12)
1397 1665 1515 1697 λίθους,
1535 1665 1587 1691 ἵνα
1601 1664 1741 1695 βάλωσιν
1760 1663 1806 1689 ἐπ’
1822 1664 1875 1688 αὺ-

243 1709 315 1736 τόνι
337 1711 354 1736 ὀ
374 1710 408 1736 δὲ
425 1710 540 1744 Ἰησοῦς
563 1710 672 1744 ἐκρύϐη
685 1729 692 1742 ,
711 1709 760 1736 καὶ
780 1709 910 1743 ἐξῆλθεν
927 1709 961 1736 ἐκ
987 1711 1040 1737 τοῦ
1059 1712 1148 1747 ἱεροῦ·
1169 1713 1226 1746 καὶ,
1243 1712 1371 1740 Διελθὼν
1386 1712 1437 1738 διὰ
1448 1712 1546 1746 μέσου
1575 1711 1683 1744 αὐτῶν,
1697 1711 1874 1746 ἐπορεύετο,

245 1758 292 1784 καὶ
306 1758 429 1793 παρῆγεν
442 1758 537 1790 οὕτως.

257 1816 266 1824 -
284 1803 328 1830 15.
349 1803 411 1831 Haec
434 1811 497 1839 ergo
515 1811 577 1832 cum
594 1803 714 1835 videant,
733 1810 780 1830 seu
799 1803 888 1837 potius
908 1803 1031 1836 audiant,

247 1849 314 1877 nihil
325 1849 423 1884 quippe
437 1851 546 1878 vident:
558 1850 704 1885 quomodo,
721 1850 758 1876 uti
772 1850 901 1884 scriptum
915 1854 966 1882 est,
980 1858 1032 1877 non

247 1900 341 1931 optant
361 1897 422 1929 igne
439 1896 572 1928 comburi,
597 1904 658 1924 cum
678 1896 761 1931 gestis
776 1896 961 1931 doctrinaeque
983 1896 1034 1924 Do-

248 1944 313 1970 mini
329 1943 441 1970 adversa
457 1943 506 1977 ipsi
524 1943 636 1970 consilia
659 1943 753 1970 ineant
765 1943 901 1978 verbaque
922 1942 1034 1975 profun-

247 1989 312 2016 dant
321 1988 362 2015 “2
377 1988 481 2015 Etenim
493 1996 554 2016 cum
567 1987 685 2016 Joannes
694 1989 853 2023 martyrium
862 1989 1036 2020 snhiisset,et

250 2034 374 2069 discipuli
395 2034 454 2069 ejus
467 2042 563 2069 corpus
586 2035 759 2066 humassent,
775 2035 818 2062 his
832 2035 930 2062 auditis
944 2034 1034 2067 Jesus.

250 2081 357 2107 recessit
377 2081 437 2107 inde
458 2082 485 2107 in
508 2080 628 2107 navicula
650 2080 678 2107 in
701 2080 786 2107 locum
811 2081 941 2107 desertum
965 2089 1035 2108 teor-

251 2135 309 2154 sunt
325 2126 359 2154 ".
378 2126 439 2154 Haec
460 2131 539 2154 erant
561 2126 641 2161 igitur
661 2126 766 2153 Domini
785 2131 860 2161 gesta
878 2134 883 2151 :
908 2126 964 2153 haec
978 2126 1036 2161 ejus

1121 1804 1165 1831 13.
1182 1803 1253 1839 Ἀρα
1266 1803 1353 1829 ταῦτα
1369 1802 1523 1837 βλέποντες,
1545 1801 1643 1837 μᾶλλον
1659 1801 1687 1827 δὲ
1699 1800 1750 1827 κᾶν
1763 1799 1877 1826 ἀκούον-

1067 1883 1070 1886 _
1085 1859 1130 1882 τες
1144 1850 1210 1885 (l5),
1227 1850 1287 1876 ἐπεὶ
1301 1850 1338 1885 μὴ
1354 1849 1491 1883 βλέπουσι,
1513 1848 1571 1879 πῶς
1585 1847 1656 1874 κατὰ
1673 1847 1704 1873 τὸ
1717 1847 1879 1882 γεγραμμέ-

1086 1905 1131 1923 νον
1147 1896 1177 1922 ού
1198 1895 1339 1930 θελήσουσι
1354 1895 1479 1929 γενέσθαι
1500 1894 1690 1929 πυρίκαυστοι,
1709 1893 1749 1919 ὅτι
1770 1892 1878 1918 ἐναντία

1085 1938 1123 1968 ὦν
1144 1942 1158 1968 ό
1179 1940 1280 1976 Κύριος
1299 1943 1371 1967 ποιεῖ
1398 1940 1444 1966 καὶ
1472 1940 1607 1971 διδάσκει,
1636 1937 1804 1974 βουλεύονται
1831 1937 1879 1964 καὶ

1088 1987 1268 2022 φθέγγονται;
1296 1987 1352 2013 Καὶ
1374 1986 1427 2022 γὰρ
1449 1986 1493 2012 ὅτε
1517 1985 1643 2019 Ἰωάννης
1670 1983 1878 2020 μεμαρτύρηκε,

1089 2034 1135 2060 καὶ
1149 2034 1173 2060 οἱ
1191 2033 1311 2069 μαθηταὶ
1331 2033 1361 2058 τὸ
1377 2032 1456 2068 σῶμα
1471 2031 1583 2066 ἔθαψαν,
1600 2031 1720 2061 ἀκούσας
1734 2031 1748 2056 ὁ
1766 2029 1881 2064 Ἰησοῦς,

1089 2079 1281 2113 ἀνεχώρησεν
1298 2078 1412 2105 ἐκεῖθεν
1432 2078 1466 2104 ἐν
1479 2077 1574 2110 πλοίῳ
1593 2077 1637 2109 εἰς
1658 2075 1769 2110 ἔρημον
1789 2075 1882 2100 τόπον

1090 2125 1153 2152 κατ’
1167 2125 1254 2151 [δίαν.
1270 2125 1299 2150 Ὀ
1315 2125 1365 2160 μὲν
1380 2121 1426 2150 οὖν
1438 2123 1538 2158 Κύριος
1553 2122 1638 2148 ἐποίει
1651 2121 1746 2152 ταῦτα,
1767 2121 1815 2146 καὶ
1826 2119 1881 2154 (Η)

252 2171 385 2200 doctrina.
400 2170 510 2198 Utinam
525 2171 561 2198 illi
575 2171 617 2198 vel
633 2171 669 2197 ita
682 2171 779 2198 saltem
793 2170 992 2202 erubescerent,
1011 2177 1029 2197 cl

1088 2171 1174 2202 οὕτως
1196 2171 1345 2198 ἐδίδασκεν.
1369 2169 1434 2196 Εἴθε
1455 2169 1482 2195 δὲ
1507 2165 1579 2195 οὗτοι
1598 2167 1650 2194 κᾶν
1670 2167 1756 2198 οὕτως
1773 2167 1884 2200 αἰσχυν-

253 2218 375 2246 homines
395 2218 482 2245 solum
499 2225 546 2244 sua
572 2217 727 2244 temeritate
747 2216 969 2251 aggrederentur,
991 2223 1040 2244 nec

254 2263 357 2298 majore
372 2264 445 2291 ducti
462 2263 567 2291 insania
582 2264 670 2298 ipsum
692 2262 862 2290 Salvatorem
887 2263 1043 2290 timiditatis

255 2309 411 2337 incusarent
425 2310 431 2335 !
447 2316 480 2336 eo
492 2309 563 2336 enim
578 2309 685 2336 tandem
703 2308 741 2335 illi
752 2308 897 2339 devenere,
911 2312 940 2334 ut
950 2313 1045 2335 contra

256 2355 330 2384 illum
343 2356 435 2384 ausint
448 2356 650 2390 blasphemare.
666 2354 719 2381 Sed
733 2355 768 2381 ita
786 2353 944 2381 furibundas
961 2354 1047 2381 homi-

258 2409 305 2429 nes
321 2409 399 2429 nemo
419 2401 499 2429 ierat.
520 2401 590 2434 Quin
612 2401 693 2427 etiam
711 2400 773 2427 hinc
794 2400 937 2427 evincetur
956 2399 1045 2426 Evan-

258 2449 328 2483 gelia
341 2448 400 2475 illos
415 2447 528 2475 minime
543 2454 650 2481 capere.
668 2446 755 2474 Causa
771 2451 863 2473 autent
880 2453 1002 2473 secessus
1017 2453 1047 2473 ac

259 2493 330 2529 fugae
347 2493 506 2527 Salvatoris,
529 2501 610 2529 quam
627 2492 798 2528 evangelista:
819 2497 978 2524 memorant,
1003 2499 1043 2518 ra-

1093 2217 1175 2248 θῶσι,
1196 2217 1242 2243 καὶ
1264 2216 1344 2252 μέχρι
1367 2215 1422 2242 τῶν
1446 2213 1597 2249 ἀνθρώπων
1622 2213 1757 2248 στήσωσιν
1781 2212 1884 2238 ἑαυτῶν

1094 2263 1142 2298 τὴν
1159 2262 1334 2298 προπέτειαν,
1355 2262 1401 2288 καὶ
1423 2261 1460 2296 μὴ
1475 2260 1554 2286 πλέον
1573 2259 1701 2294 μανέντες
1716 2257 1885 2291 ὲγκαλέσωσι

1064 2340 1065 2343 η
1095 2309 1142 2336 καὶ
1156 2308 1195 2344 τῷ
1206 2308 1312 2343 Σωτῆρι
1325 2308 1436 2339 δειλίαν,
1455 2306 1528 2338 ἅπαξ
1542 2306 1601 2333 κατ’
1618 2305 1699 2332 αὑτοῦ
1716 2305 1888 2340 βλασφημεῖν

1096 2354 1315 2390 μελετήσαντεςί
1339 2354 1408 2380 Ἀλλ’
1435 2353 1496 2379 οὔτε
1531 2352 1702 2387 μαινομένων
1728 2350 1818 2376 αὐτῶν
1845 2359 1887 2386 τις

1095 2401 1218 2433 ἀνέξεται
1229 2410 1235 2416 ·
1256 2400 1354 2436 μᾶλλον
1367 2400 1394 2426 δὲ
1412 2399 1459 2426 καὶ
1483 2399 1517 2425 τὰ
1538 2398 1691 2432 Εὑαγγέλια
1710 2398 1746 2432 μὴ
1764 2396 1888 2427 νοοῦντες

1095 2447 1314 2483 ἐλεγχθήσονται.
1335 2447 1413 2472 Ἔστι
1429 2445 1482 2481 γὰρ
1502 2446 1518 2480 ἡ
1542 2444 1675 2479 πρόφασις
1695 2443 1744 2477 τῆς
1762 2441 1888 2476 τοιαύτης

1096 2493 1298 2529 ἀναχωρήσεως
1315 2493 1362 2519 καὶ
1376 2492 1465 2526 φυγῆς
1477 2490 1586 2524 εῠλογος
1601 2490 1648 2516 καὶ
1661 2488 1762 2524 ἀληθὴς
1775 2509 1782 2521 ,
1796 2489 1830 2524 ἢν
1844 2487 1891 2514 ἐπὶ

296 2554 317 2570 ¹⁷
331 2554 424 2582 Matth.
437 2562 512 2586 xxrv,
528 2553 622 2581 15-18.
662 2553 684 2569 ’⁸
703 2552 797 2579 Matth.
811 2559 841 2583 tt,
858 2552 902 2578 15.
940 2552 961 2568 ¹⁰
979 2551 1029 2578 Mat

1087 2560 1162 2586 xxvi,
1177 2553 1206 2580 4.
1243 2553 1265 2568 ²⁰
1284 2552 1362 2580 Joan.
1380 2560 1417 2585 tu,
1434 2551 1477 2584 53,
1498 2551 1543 2578 54.
1581 2550 1603 2566 ¹¹
1620 2548 1698 2577 Joan.
1712 2556 1769 2581 vtu,
1781 2547 1826 2580 58,
1845 2547 1890 2574 59.

263 2590 285 2605 “
303 2589 369 2617 Luc.
392 2597 429 2622 tv,
444 2589 489 2616 50.
527 2589 549 2604 ¹²
569 2589 620 2616 lsa.
636 2596 674 2620 ix,
689 2588 715 2615 5.
765 2587 788 2603 “
809 2587 904 2614 Matth.
927 2594 982 2618 ειν,
1001 2586 1045 2615 15.

300 2653 338 2686 (8)
354 2651 471 2687 Anglic.,
482 2652 521 2683 εἰς
536 2651 569 2678 τὰ
582 2651 643 2686 ὅρη.
657 2650 713 2676 Καὶ
723 2650 748 2676 ὁ.
764 2649 836 2676 Infra
851 2649 932 2681 idem,
946 2648 993 2675 ἐπὶ
1003 2648 1029 2675 τί

1104 2646 1255 2687 utsic}??-

263 2688 363 2719 οἰκίας.

302 2723 339 2758 (9)
352 2722 469 2756 Anglic.,
484 2721 631 2758 πολιτείας.

304 2754 362 2792 (lit)
375 2754 453 2790 ιὼς..
469 2758 501 2783 ὲκ
515 2756 561 2783 τοῦ
578 2755 834 2792 δείκνυσινηὲαυτόν,
849 2754 957 2792 omissis
971 2754 1055 2792 inter-—

268 2788 373 2819 mediis.
391 2788 471 2822 Editi.
485 2792 574 2822 αὑτός.
593 2791 683 2825 Angl.,
696 2790 782 2822 οὕτως
796 2791 842 2816 καὶ
855 2790 886 2815 ὲκ
900 2790 993 2816 τούτου
1001 2789 1056 2815 δει-
1106 2788 1171 2820 Θεὸς

268 2827 360 2854 κνύειν
383 2827 477 2854 ἑαυτὸν
505 2826 761 2861 ὲνανθρωπήσαντα,
785 2824 814 2857 eg
831 2825 918 2861 ἀρχῆς
936 2825 984 2861 μὲν
998 2824 1054 2861 ἅμα

270 2864 301 2889 τὸ
317 2870 373 2895 γεν.
389 2862 472 2890 Paulo
488 2867 556 2896 post,
572 2862 615 2888 ὅτε
633 2861 708 2888 deest
722 2861 746 2888 in
762 2861 865 2893 Anglic.
881 2860 954 2888 Idem
973 2860 1050 2890 ihid.,
1074 2865 1079 2870 ’

1140 2673 1196 2716 (ll)
1213 2673 1259 2709 Sic
1273 2680 1416 2716 Regiuset
1428 2678 1569 2716 Anglican.
1584 2676 1667 2709 Editi,
1680 2674 1736 2702 Καὶ
1749 2673 1805 2710 γὰρ
1817 2674 1876 2701 καί.

1141 2713 1196 2751 (12)
1215 2717 1292 2743 Socr.
1313 2713 1340 2742 et
1358 2713 1552 2752 Νἰοη-ἕλαϐοιξ
1593 2746 1600 2752 _
1683 2750 1687 2752 α
1714 2745 1722 2752 ι
1770 2744 1786 2752 ν
1849 2739 1865 2752 ,

1142 2744 1298 2787 (15)Socr.,
1315 2744 1619 2787 “mathesim-tto
1631 2750 1689 2782 post
1709 2744 1828 2780 Anglia,
1847 2744 1870 2778 ᾧ
1882 2744 1899 2771 ὰ

1188 2783 1273 2813 ἐποίει
1286 2786 1332 2813 καὶ
1345 2785 1463 2812 διδάσκει
1479 2783 1625 2818 βούλονται.

1144 2814 1200 2859 (li)
1214 2822 1269 2849 Καί
1291 2823 1367 2850 dcest
1392 2821 1418 2849 in
1433 2814 1536 2856 Anglic.
1556 2817 1627 2846 Infra
1647 2816 1758 2851 Regius,
1780 2814 1896 2849 στήσου-

1109 2868 1123 2885 σ
1127 2868 1160 2886 ιν.
