2007 3044
130 161 180 192 661

716 163 889 192 APOLOGIA
908 164 952 193 DE
973 165 1065 194 FUGA
1087 166 1163 194 SUA.

1699 166 1754 194 66?.

129 220 176 247 τοῦ
190 220 315 256 Σωτῆρος
338 221 468 257 κειμένην
493 222 518 248 oi
544 221 734 257 εὐαγγελισταὶ
758 223 920 259 ἀπεμνημό-

973 225 1037 252 tioni
1049 230 1230 253 consentanea
1243 232 1275 252 ac
1289 224 1408 259 legitima
1423 228 1474 257 est,
1490 232 1603 260 eamque
1615 231 1664 252 nos
1678 224 1754 250 drcct

129 275 238 293 νευσαν.
259 267 305 293 Δεῖ
315 266 343 294 δὲ
356 269 429 302 ἡμᾶς
444 268 476 294 ὲκ
498 267 592 294 τούτου
609 269 655 295 καὶ
672 269 718 295 ἐπὶ
740 269 848 295 πάντων
865 269 918 298 τῶν

129 312 214 347 ἁγίων
235 313 283 348 τὴν
299 313 384 349 αὐτὴν
403 313 558 348 λογίζεσθαι
595 314 623 350 (ἃ
647 314 702 350 γὰρ
719 315 782 351 περὶ
798 314 845 342 τοῦ
864 316 919 341 Σω-

128 357 212 393 τῆρος
229 358 407 394 ἀνθρωπίνως
421 360 585 395 γέγραπται,
598 359 685 386 ταῦτα
697 360 736 396 τῷ
753 360 834 396 κοινῷ
847 360 919 395 γένει

128 402 182 429 τῶν
195 402 345 438 ἀνθρώπων
359 405 543 440 ἀναφέρεσθαι
559 407 703 442 προσήκει,
721 407 757 433 Τὸ
773 406 828 442 γὰρ
840 407 919 442 ἡμῶν

133 449 237 481 ἐκεῖνος
254 450 369 486 ἐφὸρεσε
383 451 481 486 σῶμα,
502 451 550 478 κα)¹
574 452 624 488 τὴν
645 452 819 489 ἀνθρωπίνην
838 453 918 480 ἀσθέ-

129 503 204 522 νειαν
218 496 274 531 (15)
289 497 454 524 ἐνεδείκνυτο
466 499 491 533 )’
512 498 545 534 ἢν
558 498 572 524 ὁ
591 499 717 535 Ἰωάννης
733 499 852 535 έγραψεν
874 499 920 526 οῦ-

129 548 183 572 τως
193 547 200 554 ·
220 541 356 575 Ἐζήτουν
367 543 459 570 αὑτὸν
470 543 586 576 πιάσαι,
603 545 651 571 καὶ
665 545 764 578 οὐδεὶς
774 545 920 573 ἐπέϐαλεν

129 587 176 613 ἐπ’
192 587 285 615 αὐτὸν
302 588 359 622 τὴν
382 589 477 624 χεᾷὶα,
500 590 544 616 ὅτι
567 590 649 617 οὔπω
672 591 813 625 ἐληλύθει
826 593 845 626 ἡ
860 591 921 627 ὥρα

130 633 232 661 αὑτοῦ.
248 635 302 662 Καὶ
317 635 370 671 γὰρ
387 637 434 662 καὶ
449 637 502 672 πρὸ
517 636 620 671 ταύτην
636 637 692 672 (16)
710 638 796 664 ἐλθεῖν
806 659 813 670 ,
828 638 920 673 ἔλεγεν

130 679 210 712 αὐτὸς
222 682 254 716 τῇ
273 681 322 716 μὲν
337 682 437 718 μητρί·
448 683 536 709 Οὔπω
555 683 621 717 ἣκει
635 684 654 718 ἢ
669 683 729 718 ὥρα
736 693 810 718 μου·
824 686 881 716 τοῖς
891 685 920 712 δὲ

131 726 332 760 χρηματίσασιν
362 726 486 761 ἀδελφοῖς
519 727 622 754 αὑτοῦ·
657 727 683 754 Ὀ
713 728 784 762 ἐμὸς
819 728 931 762 καιρὸς

130 771 211 798 οὔπω
226 771 361 806 πάρεστι.
378 773 463 799 Πάλιν
472 781 513 805 τε,
523 773 646 806 ἐλθόντος
658 774 705 800 τοῦ
723 773 830 810 καιροῦ,
844 773 920 808 ἔλεγε

130 818 185 849 τοῖς
213 818 360 854 μαθηταίς’
390 819 553 846 Καθεύδετε
582 819 615 846 τὸ
638 819 747 846 λοιπὸν
774 820 824 847 καὶ
847 820 919 847 ἁνα-

131 864 262 891 παύεσθε
289 865 362 900 (i7)'
391 865 455 893 ἰδοὺ
483 865 539 900 γὰρ
566 865 688 900 ἤγγικεν
715 866 735 899 ἡ
765 865 841 900 ὥρα,
871 866 920 893 καὶ

131 910 148 935 δ
170 909 234 943 Υἱὸς
261 910 314 937 τοῦ
341 911 497 946 ἀνθρώπου
526 911 722 946 παραδίδοται
747 913 791 945 εὶς
818 912 919 947 χεῖρας
935 909 955 937 Β

130 956 321 991 ἁμαρτωλῶν.
832 972 833 977 η

166 1002 210 1029 14.
226 1002 270 1034 Ὣς
285 1002 333 1038 μὲν
347 999 393 1030 οὖν
404 1002 470 1034 Θεὸς
484 1003 531 1029 καὶ
540 1003 625 1037 Λόγος
633 1003 670 1030 ὢν
679 1002 725 1029 τοῦ
734 1003 850 1039 Πατρῦς,
861 1013 920 1031 και-

131 1048 177 1085 ρδν
190 1048 239 1076 οὐκ
250 1046 323 1084 εἶχεν
335 1058 341 1064 ·
362 1049 442 1081 αὐτὸς
457 1050 511 1085 γὰρ
525 1049 579 1076 τῶν
593 1049 696 1086 καιρῶν
715 1051 772 1076 ἐστι
788 1050 919 1086 δημιουρ-

129 1093 194 1128 γός·
214 1094 355 1130 ἄνθρωπος
372 1094 400 1121 δὲ
414 1095 558 1130 γενόμενος
572 1095 619 1121 καὶ
643 1094 723 1121 τοῦτο
748 1095 844 1129 λέγων,
867 1092 920 1122 δεῖ·

131 1148 226 1166 κνυσιν
238 1140 343 1175 ἑκάστῳ
356 1140 409 1166 τῶν
421 1139 570 1176 ἀνθρώπων
587 1141 681 1176 χρόνον
694 1138 762 1167 εἷναι
783 1149 920 1176 μεμετρη-

132 1187 212 1221 μένον
224 1194 230 1202 ·
254 1186 301 1212 καὶ
314 1186 409 1222 χρόνον
422 1186 453 1212 οὺ
468 1186 513 1212 τὸν
531 1186 601 1213 κατὰ
619 1186 711 1222 τύχην,
727 1187 765 1218 ὥς
782 1196 854 1219 τινες
867 1187 920 1214 τῶν

137 1231 270 1266 Ἐλλήνων
295 1232 449 1267 νομίζοντες
479 1232 688 1267 μυθολογοῦσιν,
712 1233 813 1260 ἀλλ’ὃν
840 1233 920 1264 αὐτὸς

130 1276 294 1312 δημιουργὸς
307 1277 344 1304 ὢν
356 1297 364 1309 ,
387 1277 425 1310 ὡς
436 1277 567 1314 ἠθέλησεν
589 1280 603 1305 ὁ
619 1278 712 1314 Πατὴρ
722 1298 729 1310 ,
745 1278 844 1314 ὥρισεν
858 1278 921 1305 ἑκά-

131 1331 197 1358 στῳ.
213 1324 266 1350 Καὶ
277 1324 355 1350 τοῦτο
365 1324 530 1360 γέγραπται,
546 1325 593 1351 καὶ
605 1326 671 1351 πᾶσι
686 1324 780 1359 γέγονε
793 1325 918 1360 φανερόν·

131 1369 155 1395 ei
172 1369 226 1405 γὰρ
233 1369 398 1406 κέκρυπται,
414 1371 461 1397 καὶ
471 1370 596 1398 λανθάνει
611 1371 715 1402 πάντας
724 1370 772 1396 ἀνθ
778 1370 884 1405 ρώπους
891 1370 921 1396 τὸ

132 1414 202 1445 πῶς,
217 1413 263 1440 καὶ
276 1414 306 1440 τὸ
318 1415 400 1442 πόσον
408 1415 516 1451 ἑκάστῳ
526 1415 705 1450 μεμέτρηται,
716 1414 772 1440 ἀλλ’
783 1415 857 1450 ὅμως
867 1415 921 1446 πᾶς

130 1459 254 1487 ὁστισοῦν
262 1458 343 1494 οἶδεν,
351 1461 391 1487 ὅτι
401 1460 457 1496 (l8)
467 1461 504 1493 ὡς
513 1461 591 1497 ἔαρος
601 1461 648 1488 καὶ
656 1460 762 1496 θέρους,
772 1460 819 1487 καὶ
831 1460 922 1494 φθινο-

131 1505 224 1542 πώρου
232 1506 278 1533 καὶ
294 1507 427 1543 χειμῶνός
441 1508 499 1534 ἐστι
516 1508 621 1542 καιρὸς,
637 1507 733 1540 οὕτως,
749 1506 820 1534 κατὰ
831 1507 861 1533 τὸ
875 1515 922 1540 γε-

130 1552 298 1588 γραμμένον,
315 1554 409 1589 καιρὸς
421 1553 469 1580 τοῦ
483 1554 627 1581 ἀποθανεῖν
643 1554 689 1580 καὶ
707 1553 802 1589 καιρὸς
816 1553 862 1579 τοῦ
871 1552 921 1588 ζῇν

131 1597 187 1633 (19)
199 1599 267 1624 ἐστι.
276 1599 326 1624 Διὰ
339 1598 417 1625 τοῦτο
427 1599 477 1634 τῆς
492 1600 540 1635 μὲν
549 1600 618 1626 κατὰ
632 1599 692 1626 Νῶε
701 1600 796 1633 γενεᾶς
803 1600 817 1625 ὁ
827 1599 920 1634 χρόνος
934 1590 955 1619 C

131 1643 274 1680 ἀπετμήθη
283 1651 291 1659 ·
307 1644 353 1671 καὶ
364 1644 401 1676 ὡς
411 1644 457 1671 τοῦ
473 1645 569 1681 καιροῦ
582 1645 688 1672 πάντων
702 1645 844 1680 παρόντος,
859 1653 922 1670 συν-

131 1689 231 1724 εστάλη
255 1689 289 1716 τὰ
310 1689 366 1725 έτη.
391 1690 446 1717 Καὶ
464 1690 503 1726 τῷ
520 1691 630 1726 Ἐζεκίᾳ
651 1690 852 1727 προσετέθησαν
874 1690 921 1726 ἔτη

131 1733 199 1761 δέκα
215 1735 262 1762 καὶ
286 1735 377 1762 πέντε.
402 1736 456 1762 Τοῦ
479 1737 507 1763 δὲ
520 1737 585 1763 Θεοῦ
614 1737 846 1772 ἐπαγγελλομένου
867 1739 922 1769 τοῖς

132 1778 250 1815 γνησίως
265 1779 339 1815 αὐτῷ
351 1780 537 1817 λατρεύουσιν,
550 1783 591 1809 ὃτι
601 1783 652 1810 Τὸν
664 1783 780 1819 ἀριθμὸν
790 1782 844 1810 τῶν
858 1784 924 1819 ἡμε-

134 1826 189 1860 ρῶν
206 1833 252 1852 σου
270 1825 326 1861 (20)
349 1826 538 1864 ἀναπληρώσω
549 1849 556 1862 ,
573 1830 587 1856 ὁ
603 1829 652 1864 μὲν
671 1829 796 1865 Ἀϐραὰμ
818 1829 924 1866 πλήρης

133 1871 243 1907 ἡμερῶν
259 1871 441 1908 ἀποθνήσκει*
466 1874 481 1900 ὁ
501 1874 529 1900 δὲ
546 1874 628 1901 Δαϐιδ
651 1874 800 1909 παρεκάλει
816 1874 902 1909 λέγων
915 1883 922 1890 '

134 1916 183 1951 Μὴ
196 1917 349 1953 ἀναγάγῃς
366 1928 405 1954 με
429 1919 464 1946 ἐν
486 1920 589 1955 ἡμίσει
614 1920 731 1955 ἡμερῶν
748 1929 824 1956 μου·
844 1921 891 1948 καὶ
909 1922 923 1948 ὁ

135 1964 184 1999 μὲν
199 1961 239 1996 εἷς
254 1964 309 1991 τῶν
327 1965 411 1999 φίλων
426 1966 473 1992 τοῦ
494 1966 553 1993 ’1ὼὸ
565 1987 572 2000 ,
593 1967 715 2001 Ἐλιφὰξ,
739 1966 818 1994 τοῦτο
835 1967 924 1999 καλῶς

133 2009 211 2042 εἰδὼς
221 2029 228 2042 ,
245 2010 336 2045 ἔλεγεν
346 2019 353 2025 ·
376 2012 506 2046 Ἐλεύσῃ
522 2012 556 2039 δὲ
568 2013 602 2040 ἐν
617 2013 709 2048 τάφῳ,
724 2013 824 2047 ὥσπερ
839 2013 924 2046 σῖτος

132 2055 257 2091 ὥριμος,
279 2057 355 2084 κατὰ
371 2058 475 2093 καιρὸν
489 2058 688 2094 θεριζόμενος,
710 2060 729 2093 ἢ
753 2059 854 2094 ὥσπερ
874 2061 925 2093 θη-

130 2102 227 2136 ιιωνια
247 2102 362 2136 ἅλωνος
386 2105 451 2131 καθ’
474 2104 554 2139 ὥραν
577 2105 834 2140 συγκομισθεᾶγαο
861 2106 875 2132 ὁ
895 2105 924 2132 δὲ

132 2147 272 2183 Σολομὼν,
289 2148 494 2185 ὲπισφραγίζων
507 2149 602 2179 τούτου
624 2150 673 2185 τὴν
696 2151 804 2186 φωνὴν,
822 2151 903 2186 φησιν
915 2159 923 2166 ·

139 2194 342 2228 Ἆφαιροῦνται
364 2195 452 2230 ἄωροι
467 2196 563 2230 ψυχαὶ
585 2197 773 2231 παρανόμων.
797 2196 842 2223 Διδ
867 2197 923 2232 (21)

133 2241 263 2289 παραινεῖ
275 2241 303 2289 εν
318 2240 355 2289 τῷ
373 2241 569 2277 Ἐκκλησιαστῇ
583 2242 684 2277 λέγων·
700 2242 749 2276 Μὴ
767 2242 922 2277 ἀσεϐήσῃς
937 2261 959 2289 D

133 2285 223 2318 πολὺ,
245 2286 293 2313 καὶ
306 2286 349 2321 μὴ
370 2287 454 2321 γίνου
470 2287 616 2323 σκληρὸς,
640 2289 691 2316 ἵνα
706 2288 750 2323 μὴ
768 2288 921 2324 ἀποθάνῃς

134 2331 170 2358 ἐν
186 2332 222 2359 οὐ
241 2331 332 2366 καιρῷ
347 2340 415 2360 σου.

170 2377 213 2406 15.
235 2378 340 2413 ’Ὠσπερ
353 2378 382 2405 δὲ
398 2379 484 2406 ταῦτα
501 2380 666 2416 γέγραπται,
683 2380 818 2407 δείκνυσιν
831 2379 887 2415 (22)
901 2381 915 2407 ὁ

168 2468 192 2485 ’⁸
210 2469 287 2497 Joan.
301 2475 349 2500 vn,
363 2468 442 2496 4-30.

132 2511 196 2536 xxv,
211 2505 238 2532 8.
276 2505 297 2520 ³·
317 2503 386 2531 Psal.
404 2511 439 2536 cr,
456 2503 501 2531 25.

501 2468 524 2484 ’⁸
542 2468 619 2496 Joan.
636 2477 667 2500 ll,
681 2469 708 2496 4.

171 2561 301 2604 (ξδχηαξο
317 2562 356 2604 sic
370 2561 470 2604 habent
484 2561 596 2604 Socrat._
616 2568 645 2604 et
663 2562 776 2604 Nicepli.
786 2583 794 2595 ,
810 2563 850 2604 Τᾲ
865 2563 919 2604 ’ίὰρ

133 2596 332 2634 ἡμῶνεκεῖνος
343 2596 495 2634 ἀνεδέξατο.
508 2598 555 2624 καὶ
568 2598 602 2624 τὰ
616 2598 664 2633 τῆς
681 2596 820 2634 ἡμετέρας
837 2596 918 2625 ἁσοεὶ-

134 2632 209 2664 νείας
225 2632 401 2661 ἐνεδείκνυτο.
433 2633 497 2658 Ibid.
510 2633 625 2666 Anglic...
643 2632 824 2660 ἐνεδείκνυτο.
840 2635 918 2660 ’Ἐστι

135 2668 163 2694 δὲ
182 2668 199 2703 ἡ
213 2670 348 2703 πρόφασις
360 2668 394 2702 ἢν
404 2667 531 2704 Ἰωάννης
546 2668 714 2704 ὑπέγραψεν.
733 2669 802 2696 Inita
819 2669 918 2696 Socra—

136 2710 191 2739 tes.
204 2702 257 2739 frti;
270 2704 374 2738 χεῖρας.
400 2737 405 2739 _
452 2737 469 2739 μ
764 2738 767 2739 ν

134 2737 225 2808 ﬂgiti)
237 2737 377 2765 BaSiliens.
393 2737 532 2773 Anglican.
550 2742 579 2766 et-
594 2739 711 2772 Socrat.,
722 2738 775 2775 πρὸ
788 2739 834 2766 τοῦ
850 2738 918 2765 ταύ-

763 2469 786 2485 ²⁷
805 2469 883 2496 Joan.
903 2477 951 2502 vn,
962 2470 990 2497 6.

540 2504 562 2519 ³⁸
581 2503 640 2531 Job.
656 2512 683 2536 ν,
697 2504 742 2531 26.
779 2505 801 2520 ³³
818 2505 898 2532 Prov.
917 2513 944 2539 x,
959 2505 1004 2533 27.
1042 2506 1065 2522 ³⁵
1084 2506 1224 2539 Eccle.vn,
1241 2506 1284 2533 18.

970 271 1095 299 omnibus
1107 271 1210 298 sanctis
1227 271 1432 298 accommodare
1448 270 1526 307 (quae
1545 271 1618 297 cnim
1641 272 1675 297 de
1691 270 1752 296 Sal-

970 323 1064 345 vatore
1079 319 1226 345 secundum
1242 317 1437 344 humanitatem
1450 317 1550 350 scripta
1567 319 1640 348 sunt,
1656 323 1686 342 ea
1705 322 1754 349 par

971 369 1013 392 est
1036 364 1171 392 communi
1197 363 1334 390 hominum
1361 362 1452 397 generi
1477 362 1606 389 referre:
1630 366 1753 388 nostrum

971 413 1069 447 quippe
1082 419 1180 446 corpus
1197 411 1242 438 ille
1255 410 1382 446 gestavit,
1397 414 1424 437 ct
1434 411 1580 437 humanam
1597 409 1623 435 in
1635 415 1664 435 se
1678 408 1753 435 exhi-

971 458 1029 485 buit
1043 457 1348 492 inﬁrtnilatem);quam
1371 457 1438 491 fugae
1456 463 1564 482 causam
1585 455 1620 482 ita
1637 454 1754 482 Joannes

972 503 1113 538 descripsit
1126 512 1133 529 :
1154 502 1310 535 Quwrebanl
1324 509 1382 528 eum
1402 506 1497 532 tenere,
1512 505 1535 527 et
1550 507 1625 526 nemo
1639 500 1709 525 misit
1727 499 1754 524 in

971 549 1045 576 illum
1070 557 1186 582 manum,
1211 549 1273 583 quia
1292 548 1408 575 nondum
1428 552 1532 574 uenerat
1558 547 1623 573 hora
1638 545 1705 581 iejus
1719 545 1752 571 ⁸³.

973 595 1076 623 Etenim
1088 600 1231 629 antequam
1243 594 1287 621 illa
1300 594 1500 621 veniretaiebat
1513 593 1569 626 ipse
1582 592 1661 618 matri
1676 598 1751 618 suae:

973 640 1099 667 Nondum
1115 641 1182 667 venit
1197 640 1262 666 hora
1284 647 1341 666 mea
1353 639 1396 665 ‘°:
1417 638 1503 672 iisque
1521 637 1565 671 qui
1592 636 1689 663 fratres
1712 636 1752 662 sui

973 687 1155 714 vocabantur:
1177 685 1286 717 Tempus
1306 693 1391 711 meum
1403 685 1518 711 nondum
1539 682 1641 710 advenit
1658 682 1691 708 ’⁷.
1715 680 1754 708 Ac

974 741 1078 760 rursum
1093 740 1153 760 cum
1174 732 1328 758 advenisset
1344 735 1461 765 tempus.
1479 728 1617 764 discipulis
1637 727 1723 754 aiebat
1743 735 1751 754 :

971 779 1091 807 Dormite
1102 779 1159 813 jam
1179 783 1203 804 et
1219 778 1392 812 requiescite:
1409 783 1466 802 ecce
1482 775 1550 801 enim
1563 774 1754 809 appropinaua-

973 825 1007 852 vit
1024 824 1100 853 hora.
1116 829 1139 851 et
1157 822 1245 850 Filius
1261 823 1371 849 hominis
1389 822 1508 849 tradetur
1521 821 1548 848 in
1563 829 1656 848 manus
1666 828 1755 855 pecca-

973 875 1060 897 torum
1071 869 1103 896 “.

1007 1007 1090 1044 260
1109 1007 1152 1034 M.
1174 1007 1318 1034 Enimvero
1338 1011 1367 1033 ut
1383 1006 1452 1033 Deus
1473 1011 1500 1032 et
1516 1004 1633 1032 Verbum
1654 1002 1753 1035 Patris,

972 1055 1077 1086 tempus
1097 1059 1148 1079 non
1171 1051 1280 1084 habuit;
1304 1051 1361 1084 ipse
1384 1050 1455 1077 enim
1477 1053 1584 1076 creator
1604 1053 1754 1082 temporum

972 1102 1023 1124 est.
1036 1097 1103 1124 Cum
1117 1101 1205 1124 autem
1220 1097 1301 1124 homo
1315 1096 1402 1124 factus
1417 1096 1474 1123 lucc
1488 1095 1522 1122 sit
1537 1095 1652 1126 locutus,
1668 1098 1756 1120 osten-

972 1144 1010 1171 dit
1025 1143 1137 1174 singulis
1150 1143 1304 1171 hominibus
1314 1147 1419 1177 tempus
1430 1150 1506 1169 suum
1521 1149 1580 1169 esse
1592 1141 1752 1171 dimensum,

972 1197 1004 1216 ac
1016 1193 1122 1224 tempus
1142 1196 1196 1216 non
1212 1196 1244 1216 ex
1259 1188 1324 1220 fato,
1340 1192 1368 1214 ut.
1385 1187 1562 1224 quorumdam
1581 1185 1754 1213 fabulantium

972 1235 1127 1263 Graecorum
1149 1234 1201 1261 fert
1222 1234 1328 1269 opinio,
1344 1233 1390 1260 sed
1414 1233 1484 1267 quod
1506 1233 1562 1266 ipse
1582 1232 1627 1266 qui
1650 1235 1756 1258 creator

973 1285 1014 1308 est.
1026 1280 1102 1316 juxta
1115 1279 1203 1307 Patris
1214 1279 1340 1314 placitum
1355 1278 1467 1313 singulis
1481 1277 1612 1305 definivit.
1628 1276 1681 1303 Res
1691 1282 1757 1303 sane

973 1326 1018 1353 illa
1033 1331 1061 1353 et
1072 1326 1176 1360 scripta
1189 1329 1217 1352 et
1239 1325 1303 1352 nulli
1321 1332 1373 1351 non
1393 1323 1532 1357 explorata
1552 1328 1613 1350 est:
1633 1322 1757 1357 quamvis

972 1373 1045 1400 enim
1059 1372 1178 1407 ignotum
1193 1371 1238 1403 sit.
1254 1378 1403 1405 omnesque
1425 1370 1550 1397 homines
1571 1370 1665 1400 lateat,
1687 1373 1757 1402 quo-

974 1419 1052 1446 modo
1069 1418 1123 1445 vita
1143 1418 1178 1444 sit
1193 1417 1354 1449 claudenda,
1382 1421 1428 1443 aut
1451 1421 1582 1450 quantum
1609 1414 1756 1449 unicuique

975 1463 1102 1497 temporis
1114 1462 1229 1496 spatium
1245 1461 1280 1488 sit
1302 1461 1440 1488 deﬁnitum
1450 1481 1457 1493 ,
1474 1465 1592 1487 attamen
1607 1459 1756 1493 unusquis-

974 1517 1028 1544 que
1050 1508 1136 1541 novit,
1153 1508 1224 1534 sicut
1245 1507 1327 1539 veris,
1349 1507 1448 1538 :ctatis.
1468 1506 1588 1533 autumni
1612 1511 1639 1533 et
1660 1506 1758 1533 hiemis

975 1559 1044 1582 stata
1061 1558 1123 1581 sunt
1141 1558 1280 1587 tempora,
1302 1553 1338 1579 ita
1361 1560 1486 1587 quoque,
1502 1557 1531 1580 ut
1553 1552 1683 1586 scriptum
1704 1557 1756 1582 est,

973 1605 1076 1635 tempus
1092 1599 1222 1627 moriendi
1239 1606 1298 1626 esse
1315 1599 1416 1634 pariter
1433 1606 1464 1625 ac
1477 1598 1582 1625 vivendi
1593 1598 1625 1624 ’⁸.
1638 1598 1759 1631 Quapro-

972 1651 1030 1681 pter
1044 1645 1227 1681 generationis
1244 1652 1304 1679 quae
1323 1648 1402 1672 aetate
1417 1643 1474 1671 Noe
1494 1644 1556 1675 l'uit,
1576 1644 1637 1670 vita:
1654 1647 1758 1676 tempus

972 1692 1109 1719 concisum
1128 1696 1170 1719 est
1187 1698 1194 1718 :
1214 1696 1251 1723 et,
1268 1690 1343 1724 quasi
1362 1691 1481 1717 omnium
1501 1695 1605 1724 tempus
1618 1689 1757 1720 adfuisset.

973 1739 1037 1766 anni
1049 1738 1181 1765 contracti
1196 1741 1268 1764 sunt.
1283 1737 1403 1764 Ezechiae
1417 1741 1506 1764 autem
1519 1736 1596 1763 anuis
1605 1735 1757 1770 quindecim

973 1789 1036 1812 sunt
1050 1783 1225 1818 superadditi.
1239 1783 1307 1810 Cum
1322 1783 1467 1822 vero'Deus
1482 1782 1514 1809 iis
1527 1781 1573 1816 qui
1600 1788 1630 1808 se
1643 1780 1759 1815 legitime

973 1828 1107 1856 coluerint
1128 1828 1180 1855 hoc
1196 1827 1330 1862 pollicitus
1345 1827 1379 1854 sit
1396 1836 1402 1854 :
1417 1825 1564 1853 Numerum
1581 1825 1682 1852 dierum
1697 1829 1758 1851 tuo-

973 1882 1032 1902 rum
1042 1874 1202 1909 adimplebo,
1213 1874 1350 1900 Abraham
1361 1873 1458 1907 plenus
1472 1872 1575 1899 dierum
1590 1871 1704 1898 moritur
1713 1871 1735 1886 '°
1748 1879 1756 1898 :

974 1920 1059 1948 David
1075 1923 1164 1947 autem
1180 1919 1232 1946 hoc
1248 1918 1402 1953 postulabat
1418 1917 1481 1944 .‘Ne
1502 1925 1603 1943 revoces
1627 1924 1667 1942 me
1681 1916 1707 1941 in
1721 1916 1760 1942 di-

974 1967 1055 1994 midio
1067 1967 1169 1994 dierum
1184 1973 1300 1992 meorum
1312 1964 1333 1980 ’ί
1347 1973 1354 1992 :
1370 1969 1396 1991 et
1407 1971 1475 1991 unus
1486 1971 1519 1990 ex
1533 1963 1627 1989 amicis
1637 1961 1689 1989 Job
1703 1961 1758 1988 Eli-

974 2013 1054 2049 phaz,
1075 2014 1125 2040 hoc
1139 2020 1200 2041 cum
1215 2012 1298 2047 probe
1316 2015 1417 2043 nosset,
1432 2010 1521 2037 aiebat
1534 2018 1541 2036 :
1564 2008 1656 2036 Venias
1671 2014 1757 2035 autem

974 2060 1002 2087 in
1020 2059 1171 2094 sepulcrum
1186 2065 1213 2085 ut
1236 2066 1307 2093 88.498
1324 2063 1427 2084 malum
1444 2065 1491 2083 ιιιο
1504 2061 1617 2094 tempore
1629 2056 1757 2086 demessa,

975 2111 1020 2132 aut
1034 2106 1100 2132 sicut
1120 2113 1227 2132 acervus
1249 2111 1318 2131 area:
1335 2111 1382 2130 suo
1397 2108 1510 2136 tempore
1522 2106 1701 2136 comportatus
1716 2101 1758 2133 ";

975 2157 1002 2180 et
1024 2151 1152 2179 Salomon
1172 2151 1252 2186 hujus
1267 2156 1418 2177 sermonem
1440 2149 1596 2182 obsignans,
1613 2148 1673 2174 ait:
1696 2146 1758 2173 τοι·

975 2196 1065 2223 Itmlur
1079 2191 1139 2223 ante
1153 2200 1254 2228 tempus
1271 2195 1366 2221 anima:
1381 2194 1521 2227 impiarum
1536 2193 1568 2218 ³³.
1585 2192 1715 2224 Quocirca
1731 2192 1756 2218 in

975 2241 1138 2269 Ecclesiaste
1150 2241 1190 2268 his
1204 2240 1291 2268 verbis
1304 2240 1448 2266 admonet:
1466 2237 1506 2264 Ne
1521 2238 1599 2270 impie
1614 2245 1677 2271 ugus
1693 2237 1760 2262 mul—

974 2293 1039 2321 tum,
1067 2293 1089 2314 et
1105 2287 1159 2314 noli
1175 2295 1230 2314 esse
1244 2287 1338 2318 durus,
1356 2293 1386 2311 ne
1402 2284 1525 2311 moriaris
1540 2284 1567 2309 in
1582 2288 1694 2316 tempore
1708 2290 1759 2308 non

972 2338 1016 2360 tua
1028 2333 1059 2360 ".

1009 2379 1052 2407 15.
1072 2379 1143 2414 ,11ωο
1168 2386 1228 2406 cum
1254 2378 1355 2412 scripta
1381 2376 1445 2409 sint,
1469 2378 1666 2402 commonstrat
1690 2373 1759 2400 ratio

1040 2471 1063 2487 ¹⁸
1081 2471 1174 2498 Matth.
1193 2479 1264 2503 xxvi,
1283 2470 1328 2497 45.
1381 2470 1403 2486 ’³
1424 2469 1513 2496 Eccle.
1526 2476 1566 2498 nt.
1582 2467 1610 2495 2.
1647 2466 1670 2483 ⁸⁸
1688 2465 1757 2494 Cen.

1009 2564 1239 2600 (I8)Sic‘llegius
1258 2563 1464 2599 ctAnglicanus
1484 2562 1580 2590 codex.
1595 2560 1678 2592 Editi,
1699 2559 1758 2591 πῶς

972 2598 1094 2627 ὁστισοῦν
1106 2598 1191 2631 οἷδενξ
1199 2600 1246 2631 ὡς,
1259 2605 1311 2626 etc.

1023 2635 1064 2671 19)
1080 2636 1243 2665 Anglicanus
1255 2634 1411 2671 codexpxal.
1421 2633 1467 2659 τοῦ
1481 2633 1540 2669 ζῇν.

1019 2669 1064 2704 “20)
1082 2671 1132 2697 Σου
1149 2671 1223 2697 deest
1241 2672 1265 2696 in
1282 2669 1386 2703 Anglic.

1017 2706 1062 2740 ⁴21)
1082 2706 1180 2740 Regius
1195 2706 1290 2736 codex,
1306 2705 1352 2731 Διὸ
1370 2703 1426 2731 καί.

1015 2735 1061 2774 9.2}
1079 2735 1204 2780 Anium.
1227 2735 1332 2780 ’Ὠσπερ
1352 2739 1530 2780 γὰριτούτων
1557 2735 1758 2780 Ϊεγραιξλμένων

968 2772 1211 2804 δείκνυσινζΡειιΙο
1230 2780 1290 2811 post
1310 2772 1397 2805 Rath;
1412 2775 1519 2809 ἑκάστῳ
1537 2772 1591 2800 τῶν
1606 2772 1757 2811 ᾲνθρὼῖιων

135 2842 142 2851 9
163 2807 396 2851 '(l?)__Sic_l_legitus
407 2807 489 2851 Basil.
504 2808 606 2851 Anglic.
623 2812 651 2851 et
664 2809 754 2851 Soc_r.,
771 2809 918 2851 xatdeerat

972 2821 1003 2848 με
1001 2820 1092 2851 μετρῃ
1095 2811 1188 2851 μένον.
1206 2812 1224 2838 Α
1230 2807 1309 2851 nglic.
1316 2831 1323 2841 .
1331 2810 1444 2851 ῥκόισῖῳ
1456 2818 1496 2851 ,με
1501 2807 1585 2851 μετρῃ
1590 2809 1676 2851 μένων
1686 2807 1758 2836 οὕτω

135 2843 269 2884 nine-ditis.
286 2843 346 2872 Mox
362 2843 428 2878 Reg.
454 2843 532 2872 Socr.
550 2843 682 2880 ’Nicephw
712 2844 840 2880 ἤγγικεν,
872 2845 916 2872 ubi

972 2843 1014 2874 τοῦ
1036 2843 1145 2884 μηδένα.
1164 2847 1190 2874 In
1203 2843 1294 2879 cdiiis,
1311 2846 1364 2873 τῶν
1378 2843 1528 2881 ἀνθρώπων
1546 2843 1629 2873 (lceat.

135 2878 201 2906 editi
215 2876 304 2906 ἦλθεν.
