2007 3044
264 150 318 178 605

554 151 582 178 S.
603 151 790 181 ATHANASII
811 153 887 181 OPP.
908 152 1000 182 PARS
1020 154 1040 181 I.
1058 170 1091 175 —
1106 153 1293 183 lilSTORlCA
1308 154 1353 183 ET
1371 155 1581 185 DOGMATICA.

1835 159 1890 187 66$

261 212 346 246 probe
366 212 437 239 scire
461 216 581 245 sanctos,
605 213 752 249 unicuique
777 215 916 242 hominum
941 221 1040 252 tempus

1098 215 1176 250 λόγος
1182 217 1246 248 τοὺς
1252 217 1345 251 ἁγίους
1351 218 1448 244 ειδέναι
1456 218 1548 254 χρόνον
1556 218 1661 254 ἑκάστῳ
1670 228 1702 254 με
1707 228 1814 255 μετρημ
1819 221 1891 250 ἐνον,

261 265 322 284 esse
343 258 505 285 dimensum.
524 258 602 292 Quod
623 265 712 287 autem
737 269 815 289 nemo
831 262 903 289 illius
916 265 1046 297 temporis

262 303 408 329 terminum
430 304 511 335 norit,
534 311 696 339 argumento
720 307 785 333 illttd
800 313 850 338 est.
874 309 944 342 quod
963 310 1046 337 David

259 347 333 374 dicat
349 356 356 374 :
375 346 541 375 Paucitatem
562 350 664 377 dierum
678 359 793 378 meorum
812 354 905 379 nuntia
919 354 983 380 mihi
997 354 1018 369 ³³
1037 363 1043 380 :

259 391 298 418 rei
313 399 428 427 namque
442 393 518 428 cujus
537 394 645 428 ignarus
660 401 719 422 erat
740 397 863 424 notitiam
880 399 1043 432 postulabat.

259 437 442 471 Quamobrem
464 440 539 466 dives
555 440 598 467 ille
620 441 664 475 qui
688 449 717 469 se
732 443 776 470 diu
795 443 929 471 victurum
953 445 1046 472 existi-

257 483 359 516 mabat,
374 485 432 512 haec
446 486 547 512 audivit
560 496 566 514 :
590 487 685 519 Stube.
705 488 754 515 hac
768 494 842 516 nocte
856 496 970 523 repetent
985 492 1044 518 ani—

257 537 327 556 mam
340 535 493 565 tummquu!
507 537 594 558 autem
607 534 708 566 parasti
723 534 798 568 cujus
814 540 888 562 erunt
899 535 938 561 αἱ)
955 535 1045 563 Eccle-

257 575 356 603 siastes
379 584 443 604 vero
457 585 518 604 cum
537 578 649 613 Spiritui
674 586 768 607 sancto
792 582 950 614 confideret,
976 583 1045 610 itauc

257 623 372 657 protulit
385 625 547 651 sententiam
562 633 569 652 :
584 624 616 652 Et
630 627 711 652 nescit
724 626 800 654 homo
812 633 913 661 tempus
925 637 999 655 suum
1011 623 1042 655 ³⁷.

257 666 372 702 ideoque
386 668 541 702 patriarcha
562 669 636 698 Isaac
653 671 709 698 lucc
734 672 788 699 [ilio
803 681 851 700 suo
868 673 938 700 Esau
952 674 1044 709 loque-

256 713 336 739 batur
350 721 356 740 :
372 713 440 740 Ecce
453 722 499 749 ego
516 717 600 749 senui,
613 721 637 743 et
649 717 741 750 ignoro
755 719 824 744 diem
840 720 930 746 mortis
939 729 1002 747 mea:
1011 721 1042 748 ³⁸.

255 757 350 792 Itaque
369 758 509 793 Dominus,
533 767 625 796 utpote
649 762 720 791 Deus
740 772 771 791 ac
799 764 916 793 Verbum
943 766 1042 799 Patris,

256 812 357 839 gnarus
371 811 437 841 quot
448 807 545 842 cuique
559 816 646 836 annos
659 815 732 837 esset
755 811 811 844 ipse
828 811 976 846 dimensus,
994 821 1044 841 nec

255 851 387 886 ignorans
407 854 542 888 quodnam
569 856 678 890 proprio
700 858 806 890 corpori
832 858 864 884 ad
887 859 1041 892 patiendum

1097 259 1150 285 Τοῦ
1164 260 1192 286 δὲ
1211 260 1313 295 μηδένα
1328 261 1471 295 γινώσκειν
1490 262 1521 289 τὸ
1540 263 1615 294 τέλος
1637 263 1684 289 τοῦ
1704 265 1800 300 χρόνου
1817 267 1891 300 γνώ-

1098 314 1182 340 ρισμα
1195 306 1224 332 τὸ
1239 306 1328 340 λέγειν
1340 307 1385 334 τὸν
1396 307 1478 333 Δαϐίδ
1489 317 1495 324 ·
1512 307 1571 340 Τὴν
1584 308 1741 343 ὀλιγότητα
1752 309 1811 336 τῶν
1822 311 1891 344 ἠμε-

1092 351 1157 385 ρῶν
1176 361 1236 386 μου
1265 353 1444 388 ἀνάγγειλόν
1461 362 1529 389 μοι·
1553 355 1567 382 ὃ
1592 355 1646 391 γὰρ
1669 355 1719 382 οὐκ
1741 356 1886 390 ἠπίστατο,

1096 397 1175 424 τοῦτο
1193 399 1287 434 μαθεῖν
1303 400 1388 436 ἠξίου.
1409 400 1459 427 Διὰ
1474 401 1552 428 τοῦτο
1574 401 1639 436 γοῦν
1656 403 1670 428 ὁ
1687 401 1829 434 πλούσιος,
1846 411 1890 428 νο-

1097 443 1183 478 μίζων
1195 444 1235 470 ἓτι
1251 445 1333 472 πολὺν
1346 446 1473 481 ζήσεσθαι
1492 447 1587 482 χρόνον
1597 467 1604 478 .
1618 447 1749 482 ἤκουσεν·
1768 448 1887 482 Ἄφρων,

1095 490 1187 525 ταύτῃ
1212 490 1250 524 τῇ
1264 491 1351 518 νυκτὶ
1368 491 1489 525 ζητοῦσὶ
1505 500 1562 519 σου
1579 492 1636 526 τὴν
1657 493 1827 528 ψυχήνβὶδ)
1840 502 1846 508 ·
1868 493 1889 521 d

1095 537 1129 564 δὲ
1156 539 1321 573 ἡτοίμασας
1343 539 1401 565 τίνι
1428 539 1528 570 ἕστα[;
1563 539 1592 566 ‘0
1620 539 1649 566 δὲ
1675 539 1900 575 Ἑκκλησιαςιτὴς¹

1095 584 1274 619 ἀποφαίνεται
1287 585 1394 621 θαρρῶν
1407 585 1446 620 τῷ
1461 585 1599 621 Πνεύματι
1618 586 1659 622 τῷ
1676 587 1757 622 ἁγίῳ,
1774 586 1821 613 καί
1836 595 1886 622 φης

1096 638 1122 655 σι
1132 639 1139 645 ⁸
1156 631 1211 657 Καί
1227 639 1258 665 γε
1284 631 1339 657 οὐκ
1351 630 1427 664 Errat
1436 630 1590 665 ἄνθρωπος
1603 632 1656 658 τὸν
1667 631 1771 666 καιρὸν
1779 631 1883 659 αὑτοῦ.

1095 674 1143 701 Διὰ
1164 674 1243 700 τοῦτο
1271 674 1325 710 γὰρ
1351 676 1397 702 καὶ
1416 677 1430 702 ὁ
1448 676 1619 712 πατριάρχης
1640 677 1732 704 Ἰσαὰκ
1750 676 1826 711 ἔλεγε
1847 677 1887 712 τῷ

1095 719 1144 754 υἱῷ
1159 719 1241 746 αὐτοῦ
1261 719 1346 747 Ὶὶσαῦ
1357 730 1363 734 -
1388 720 1460 747 Ἰδοὺ
1473 721 1530 755 ἐγὼ
1549 721 1706 756 γεγήρακα,
1721 722 1769 748 καὶ
1786 723 1822 749 οὐ
1840 731 1886 756 τι-

1094 764 1199 791 νὼσχω
1214 765 1271 799 τὴν
1287 765 1397 800 ἡμέραν
1411 765 1464 799 τῆς
1476 766 1620 800 τελευτῆς
1630 776 1700 801 μου.
1723 767 1752 793 '0
1768 767 1816 801 μὲν
1838 765 1886 794 οὖν

1095 811 1206 847 Κύριος,
1221 813 1310 840 καίτοι
1328 813 1393 844 Θεὸς
1410 813 1446 840 ὢν
1466 814 1513 840 καὶ
1527 814 1610 848 Λόγος
1626 814 1671 840 τοῦ
1690 814 1812 850 Πατρὸς,
1837 815 1886 842 καὶ

1095 858 1175 890 εἰδὼς
1201 859 1247 886 τὸν
1274 859 1442 896 μετρηθέντα
1457 862 1514 892 τοῖς
1539 861 1605 886 πᾶσι
1627 859 1661 887 δι’
1678 860 1760 887 αὐτοῦ
1777 862 1885 896 καιρὸν,

256 901 363 932 tempus
386 898 574 933 praatinivisset
595 910 602 927 ε
628 902 755 936 quoniam
778 910 828 937 pro
857 905 933 931 nobis
961 905 1040 932 homo

1095 905 1141 931 mi.
1160 905 1301 939 γινώσκων
1324 906 1353 932 δν
1368 906 1448 938 αὐτὸς
1469 906 1551 940 ὥρισε
1574 907 1620 933 καὶ
1640 906 1679 942 τῷ
1702 907 1760 942 ἰδίῳ
1777 907 1885 943 σώματι

255 942 345 972 factus
358 951 428 977 erat,
449 946 545 973 diebus
561 951 660 974 statum
675 953 779 983 tempus
801 953 1040 985 praecurrentibus,

255 997 332 1017 more
357 994 460 1023 nostro,
475 998 536 1018 sese
557 992 620 1019 dum
633 998 800 1027 quzereretur
821 995 985 1030 occultabat,
1000 998 1042 1024 in-

255 1035 394 1069 sidiasque
407 1035 557 1069 declinans,
576 1036 616 1063 sic
633 1039 801 1072 praeteribat,
816 1047 849 1067 ac
869 1049 915 1074 per
926 1043 1042 1069 medium

255 1081 363 1107 illorum
378 1081 431 1107 ibat
445 1080 478 1107 ⁸³.
501 1081 568 1109 Cum
584 1088 673 1110 autem
697 1084 837 1112 deﬁnitum
858 1094 872 1113 a
891 1095 921 1114 se
938 1094 1042 1124 tempus

255 1127 413 1154 adduxisset
430 1128 498 1162 ipse,
518 1136 573 1163 quo
588 1131 767 1164 corporaliter
785 1139 833 1166 pro
847 1134 974 1161 omnibus
987 1137 1040 1169 pati

253 1168 426 1206 decreverat,
438 1174 471 1200 de
485 1174 537 1201 hoc
550 1174 608 1209 ipso
628 1180 748 1209 tempore
762 1176 869 1204 Patrem
884 1168 1040 1213 alloquitur.

254 1219 298 1246 his
316 1219 404 1246 verbis
428 1228 434 1246 :
459 1219 551 1254 Pater,
582 1222 649 1248 venit
674 1222 765 1248 hora:
795 1223 914 1258 glori/ica
942 1224 1041 1253 Filium

254 1268 329 1290 luunt
342 1264 364 1279 ⁸⁸
378 1273 385 1291 :
400 1271 451 1291 nec
464 1272 524 1292 sese
544 1265 614 1292 ultra
632 1267 665 1294 ab
679 1267 877 1302 inquirentibus
889 1269 1040 1304 abscondit,

254 1309 302 1337 sed
316 1310 438 1337 stabatut
449 1313 733 1346 comprehenderetur.
746 1314 810 1341 Nam
822 1315 899 1347 dixit,
910 1317 948 1343 ait
958 1317 1041 1344 Evan-

254 1355 366 1390 gelium,
379 1356 412 1383 iis
429 1357 475 1391 qui
497 1365 527 1385 se
547 1358 674 1386 adibant:
691 1359 772 1392 Quem
784 1363 923 1395 quam'tis?
937 1363 1041 1397 illisque

255 1403 483 1435 respondentibus
500 1411 507 1428 :
526 1403 616 1430 Jemm
635 1404 803 1433 Nazarenam
816 1426 824 1438 ,
841 1407 879 1434 ait
894 1408 945 1435 illis
959 1417 966 1435 :
985 1408 1040 1444 Ego

254 1454 313 1473 sum
346 1454 426 1481 quem
455 1448 575 1482 quaeritis
587 1448 635 1482 ";
672 1457 759 1484 neque
786 1452 869 1478 semel
900 1453 1040 1486 duntaxat,

253 1493 300 1520 sed
318 1497 346 1520 et
368 1494 464 1520 iterum
481 1493 542 1521 illud
558 1495 612 1530 egit
629 1504 636 1521 :
655 1501 734 1530 atque
751 1498 786 1524 ita
804 1498 901 1527 deinde
921 1501 1040 1528 adduxe-

254 1543 387 1567 runteum
401 1540 433 1566 ad
449 1539 576 1568 Pilatum.
590 1540 675 1569 Porro
686 1550 772 1577 neque
783 1549 846 1572 ante
861 1550 965 1581 tempus
979 1555 1038 1582 per-

253 1584 328 1611 misit
342 1593 372 1612 se
392 1587 555 1620 apprehemli
575 1596 582 1614 :
604 1594 692 1622 neque
715 1597 776 1616 cum
803 1595 907 1626 tempus
933 1594 1038 1621 adesset

253 1637 314 1658 sese
327 1630 493 1658 occultavit:
516 1633 562 1659 sed
581 1633 773 1662 insidiantibus
788 1637 907 1671 seipsum
930 1639 1038 1673 obtulit,

253 1680 284 1702 ut
306 1675 395 1710 palam
417 1677 543 1704 omnibus
567 1677 680 1711 faceret,
704 1679 843 1708 hominum
864 1682 945 1709 vitam
963 1684 1039 1718 juxta

252 1727 286 1746 ac
300 1726 411 1748 mortem
426 1729 440 1748 a
455 1729 572 1757 superno
583 1724 700 1758 pendere
710 1725 823 1760 judicio,
849 1733 877 1754 et
890 1730 947 1756 sine
960 1729 1040 1757 Patre

252 1771 346 1794 nostro
362 1767 407 1802 qui
426 1769 451 1795 in
472 1769 549 1797 eml’is
565 1775 606 1797 est
630 1770 707 1806 261
728 1779 762 1799 ne
787 1773 911 1807 capillum
930 1776 1038 1809 quidem

252 1811 372 1840 hominis
383 1819 430 1840 aut
446 1814 536 1842 album
552 1820 599 1842 aut
616 1817 721 1851 nigrum
743 1818 811 1851 lieri,
828 1827 916 1854 neque
933 1828 1041 1856 passer-

252 1859 343 1886 culum
361 1860 387 1886 in
404 1860 528 1895 laqueum
547 1861 666 1889 incidere
677 1863 711 1890 η.

1094 952 1188 987 χρόνον
1202 953 1242 984 εἰς
1259 953 1288 978 τὸ
1305 952 1416 979 παθεῖν·
1434 953 1528 988 ἐπειδὴ
1544 953 1577 979 δι’
1590 954 1662 988 ἡμᾶς
1681 953 1824 989 ἅνθρωπος
1838 954 1885 989 γέ-

1093 1007 1166 1032 γονε,
1182 998 1231 1031 τὰς
1245 998 1300 1033 (24)
1322 999 1370 1034 μὲν
1392 999 1446 1035 πρὸ
1469 998 1514 1025 τοῦ
1533 999 1579 1025 τὸν
1599 999 1692 1035 χρόνον
1714 999 1800 1026 ἐλθεῖν
1815 1000 1886 1036 ἠμέ-

1094 1053 1144 1079 ρας
1168 1045 1214 1071 καὶ
1236 1045 1328 1077 αὐτὸς,
1355 1045 1392 1077 ὡς
1417 1046 1508 1081 ἡμεῖς,
1533 1045 1682 1081 ἐκρύπτετο
1709 1045 1884 1082 ζητούμενος,

1092 1091 1255 1127 διωκόμενος
1273 1101 1301 1118 τε
1318 1092 1426 1126 ἔφευγε,
1451 1093 1498 1119 καὶ
1520 1092 1568 1124 τὰς
1585 1093 1730 1125 ἐπιϐουλὰς
1752 1093 1885 1120 ἐκκλίνων

1092 1136 1163 1162 οὓτω
1188 1136 1314 1172 διήρχετο
1336 1137 1383 1163 καὶ
1400 1136 1448 1163 διὰ
1469 1136 1566 1171 μέσου
1588 1136 1688 1164 αὐτῶν
1703 1137 1860 1171 ἐπορεύετο
1875 1146 1881 1152 '

1091 1183 1135 1209 ὅτε
1148 1182 1177 1208 δὲ
1194 1183 1240 1209 καὶ
1261 1183 1306 1208 τὸν
1327 1182 1469 1218 ὁρισθέντα
1486 1184 1550 1219 παρ’
1564 1182 1647 1209 αὑτοῦ
1669 1183 1764 1218 καιρὸν
1779 1184 1884 1219 ἢγαγεν

1092 1229 1190 1260 αὐτὸς,
1217 1230 1246 1255 ἐν
1269 1226 1291 1262 ᾦ
1306 1229 1362 1263 (25)
1389 1229 1485 1256 παθεῖν
1503 1229 1666 1264 σωματικῶς
1686 1229 1757 1265 ὑπὲρ
1775 1229 1883 1256 πάντων

1092 1273 1181 1309 ἡοελε,
1194 1274 1287 1300 τοῦτον
1302 1274 1350 1309 μὲν
1366 1273 1522 1310 προσφωνεῖ
1537 1274 1576 1309 τῷ
1591 1274 1690 1310 Πατρὶ,
1704 1275 1790 1308 λέγων
1806 1283 1812 1290 ·
1824 1275 1884 1301 Πά-

1090 1327 1150 1353 τερ,
1164 1319 1315 1354 ἐλήλυθεν
1327 1321 1344 1353 ἡ
1359 1319 1419 1355 ὥρα
1428 1330 1434 1336 ·
1451 1321 1585 1353 δόξασόν
1599 1328 1656 1348 σου
1668 1321 1722 1348 τὸν
1738 1322 1806 1348 Υἰόν
1815 1329 1821 1335 '
1832 1322 1883 1348 οὐκ

1091 1365 1131 1391 ἔτι
1153 1365 1182 1391 δὲ
1203 1365 1294 1392 λοιπὸν
1319 1365 1375 1401 (26)
1392 1367 1453 1398 τοὺς
1472 1367 1620 1402 ζητοῦντας
1633 1367 1800 1403 ἐκρύπτετο,
1825 1367 1882 1394 ἀλλ’

1090 1413 1207 1448 εἱστήκει
1233 1413 1317 1440 θέλων
1343 1414 1512 1450 κρατηθῆναι
1535 1415 1580 1442 ὑπ’
1605 1415 1704 1442 αὐτῶν.
1727 1413 1797 1442 Eine
1817 1415 1881 1451 γὰρ,

1090 1459 1168 1494 φησὶ,
1183 1461 1239 1491 τοῖς
1257 1459 1364 1487 ἐλθοῦσι
1377 1460 1445 1496 πρὸς
1461 1461 1541 1488 αὐτόν
1553 1469 1560 1476 '
1586 1462 1655 1488 Τίνα
1673 1461 1804 1496 (utsin;
1828 1462 1884 1489 τῶν

1089 1505 1118 1531 δὲ
1141 1506 1383 1541 ἀποκριναμένων·
1410 1506 1528 1540 Ἰησοῦν
1550 1507 1602 1534 τὸν
1624 1506 1791 1542 Ναζωραῖον
1809 1508 1880 1543 (27)-

1091 1550 1182 1584 ἔλεγεν
1198 1551 1289 1582 αὐτοῖς
1301 1559 1307 1566 ·
1331 1551 1403 1586 Ἐγώ
1418 1553 1476 1587 εὶμι
1492 1552 1522 1578 ὃν
1542 1552 1663 1588 ζητεῖτε·
1686 1554 1824 1581 καὶτοῦτο
1834 1548 1894 1590 οὐχ’

1093 1596 1175 1629 ἅπαξ,
1192 1596 1259 1623 ἀλλὰ
1279 1597 1326 1624 καὶ
1340 1598 1465 1634 δεύτερον
1484 1599 1635 1634 πεποίηκε·
1656 1600 1702 1626 καὶ
1720 1600 1806 1632 οὕτως
1826 1600 1882 1628 λοι-

1093 1642 1143 1668 πὸν
1159 1642 1301 1678 ἀπήγαγον
1320 1643 1400 1670 αὑτὸν
1415 1644 1483 1680 πρὸς
1497 1644 1542 1671 τὸν
1555 1645 1680 1671 Πιλᾶτον.
1704 1645 1772 1672 Οὔτε
1783 1646 1811 1672 δέ
1829 1646 1884 1682 πρὸ

1093 1686 1139 1713 τοῦ
1156 1687 1201 1713 τὸν
1220 1688 1313 1723 χρόνον
1329 1688 1416 1714 ἐλθεῖν
1429 1689 1508 1724 ἦφιεν
1522 1689 1619 1716 ἐαυτὸν
1632 1690 1806 1726 κρατεῖσθαι,
1820 1690 1882 1717 οὔτε

1091 1731 1138 1758 τοῦ
1159 1732 1254 1768 καιροῦ
1275 1733 1407 1768 παρόντος
1423 1733 1590 1769 ἐκρύπτετο,
1614 1735 1681 1761 ἀλλὰ
1706 1735 1754 1762 καὶ
1776 1735 1884 1763 ἔκδοτον

1093 1779 1188 1805 ἑαυτὸν
1212 1779 1297 1806 ἐδίδου
1314 1779 1370 1815 (28)
1396 1781 1451 1812 τοῖς
1476 1781 1713 1814 ἐπιϐουλεύουσιν,
1743 1784 1786 1810 ἵνα
1808 1783 1884 1820 δείξῃ

1093 1826 1177 1857 πᾶσι,
1202 1826 1252 1860 τῆς
1270 1826 1372 1853 ἄνωθεν
1392 1827 1508 1863 κρίσεως
1529 1828 1663 1863 ἠρτῆσθαι
1684 1829 1732 1864 τὴν
1747 1829 1818 1865 ζωὴν
1835 1830 1882 1856 καὶ

1092 1871 1137 1897 τὸν
1151 1871 1264 1898 θάνατον
1279 1872 1333 1898 τῶν
1350 1872 1518 1908 ἀνθρώπων,
1533 1875 1580 1900 καὶ
1599 1873 1663 1901 ἄνευ
1681 1875 1736 1909 (29)
1760 1875 1806 1902 τοῦ
1824 1876 1882 1903 Πα-

251 1907 315 1944 τρδς
327 1908 406 1943 ἡμῶν
425 1908 471 1935 τοῦ
491 1910 520 1936 ἐν
533 1910 589 1942 τοῖς
619 1911 744 1946 οὐρανοῖς
775 1912 835 1939 οὐδὲ
856 1913 916 1949 θρὶξ
937 1915 1079 1952 ἀνθρώπου
1099 1918 1209 1946 δύναται
1227 1920 1328 1956 λευκὴ,
1345 1919 1361 1955 ἢ
1377 1920 1490 1955 μέλαινα
1508 1920 1651 1955 γενέσθαι,
1666 1907 1732 1948 οὐδὲ,
1744 1923 1882 1958 στρουθίον

251 1955 292 1987 εἰς
309 1955 410 1990 παγίδα
424 1957 556 1992 ἐμπεσεῖν
572 1967 647 1986 ποτε.

287 2000 332 2029 iii.
356 2002 484 2030 Dominus
500 2010 566 2038 ergo
587 2005 625 2032 ita
647 2013 677 2032 se
700 2006 756 2040 ipse
775 2015 823 2041 pro
837 2009 982 2043 omnibus,
999 2012 1038 2038 uti

251 2052 333 2079 supra
349 2046 449 2074 dictum
461 2053 514 2081 est,
529 2049 635 2077 obtulit.
655 2051 747 2079 Sancti
764 2058 864 2086 autent,
883 2054 933 2082 hac
949 2062 964 2081 a
979 2056 1039 2083 Sal-

249 2097 344 2120 vatore
375 2099 484 2129 accepta
516 2103 609 2123 norma
640 2098 694 2136 (ab
724 2099 781 2133 ipso
803 2100 875 2126 enim
905 2102 1038 2136 antehac,

251 2137 306 2165 imo
317 2145 433 2173 semper,
446 2146 542 2166 omnes
555 2141 642 2168 edocti
659 2134 757 2178 fuere),
768 2151 829 2170 cum
838 2144 968 2172 adversus
977 2134 1038 2180 per;

1128 2011 1170 2039 16.
1189 2012 1217 2038 Ὀ
1233 2011 1281 2047 μὲν
1293 2009 1339 2037 οὖν
1352 2011 1452 2045 Κύριος
1460 2010 1546 2043 οὓτως
1553 2011 1648 2038 ἑαυτὸν
1659 2012 1796 2047 προσῆγεν
1811 2012 1882 2047 ὑπὲρ

1091 2059 1210 2088 πάντων,
1227 2057 1264 2088 ὡς
1278 2055 1454 2092 προείρηται-
1469 2056 1493 2082 οἱ
1512 2056 1540 2082 δέ
1558 2056 1646 2091 ἅγιοι,
1662 2056 1708 2082 καὶ
1725 2056 1819 2082 τοῦτον
1835 2056 1881 2082 τὸν

1092 2104 1176 2131 τύπον
1192 2103 1266 2138 παρὰ
1277 2102 1323 2129 τοῦ
1335 2102 1460 2138 Σωτῆρος
1480 2101 1610 2137 μαθόντες
1635 2102 1711 2138 (παρ’
1728 2102 1809 2128 αὑτοῦ
1825 2101 1881 2137 γὰρ

1093 2150 1140 2178 καὶ
1155 2149 1208 2185 πρὸ
1225 2148 1319 2175 τούτου
1342 2149 1389 2175 καὶ
1406 2149 1448 2175 ἀεὶ
1470 2148 1569 2179 πάντες
1593 2148 1789 2184 ἐδιδάσκοντο),
1812 2148 1881 2183 πρὸς

250 2188 390 2212 secutores
412 2185 598 2220 decertarent,
620 2187 813 2223 aufugiebant,
830 2191 868 2217 uti
893 2191 934 2219 ias
951 2198 1010 2219 erat
1030 2201 1037 2219 :

1093 2196 1141 2232 μὲν
1157 2196 1218 2226 τοὺς
1232 2194 1379 2226 διώκοντας
1393 2193 1597 2229 ἀγωνιζόμενοι,
1614 2194 1737 2229 νομίμως
1751 2193 1878 2228 ἔφευγον,

251 2229 369 2264 dumque
381 2230 415 2258 ab
427 2231 479 2276 illis
491 2233 720 2273 perquirerenlur,
732 2243 792 2263 sese
804 2236 939 2264 abdebant
949 2247 956 2271 ;
968 2246 1040 2266 cum-

250 2284 314 2312 que,
327 2282 421 2312 utpote
433 2279 567 2312 homines,
582 2280 684 2308 deliniti
697 2281 748 2309 sibi
760 2290 775 2309 a
788 2283 959 2311 Providentia
974 2290 1040 2312 tem-

249 2325 325 2359 poris
343 2327 488 2354 terminum
518 2327 691 2362 ignorarent,
709 2330 839 2358 nolebant
855 2332 959 2366 seipsos
976 2333 1041 2359 insi-

250 2371 400 2398 diatoribus
418 2372 556 2400 dedititios
580 2373 696 2408 offerre;
714 2383 829 2410 cumque
848 2377 912 2404 item
929 2382 1041 2404 nossent

250 2417 316 2444 illud
331 2418 401 2452 quod
419 2419 550 2453 scriptum
566 2425 617 2452 est,
632 2429 727 2456 nempe
741 2422 767 2449 in
782 2423 906 2450 manibus
918 2423 965 2450 Dei
979 2431 1038 2451 esse

249 2468 338 2490 sortes
349 2465 488 2492 hominum
501 2465 535 2498 ⁸³,
551 2471 580 2493 et
595 2467 737 2494 Dominum
753 2469 919 2496 mortificare
931 2475 957 2497 et
970 2470 1038 2496 vivi-

252 2511 335 2538 iicare
349 2511 384 2544 “,
403 2512 463 2539 ideo
478 2513 512 2539 ad
527 2513 607 2541 linem
628 2522 715 2549 usque
729 2521 939 2550 exspectarunt,
956 2522 985 2544 ut
1003 2517 1037 2545 ait

1092 2242 1139 2268 καὶ
1159 2240 1319 2276 ζητούμενοι
1340 2239 1405 2274 παρ’
1419 2239 1506 2266 αὐτῶν
1521 2239 1701 2275 ἐκρύπτοντο·
1721 2239 1880 2273 ἀγνοοῦντες

1091 2287 1119 2313 δὲ
1133 2287 1169 2318 ὡς
1184 2286 1321 2321 ἄνθρωποι.
1333 2284 1379 2312 τοῦ
1389 2285 1541 2320 ὁρισθέντος
1555 2286 1645 2316 αὐτοῖς
1660 2284 1734 2321 παρὰ
1749 2284 1798 2319 τῆς
1806 2284 1879 2320 Upo-

1090 2333 1163 2364 νοίας
1178 2332 1273 2368 χρόνου
1285 2332 1315 2358 τὸ
1329 2332 1414 2364 τέλος,
1428 2332 1478 2358 οὐκ
1492 2331 1631 2358 ἐϐούλοντο
1644 2331 1774 2366 παρέχειν
1787 2329 1879 2361 ἁπλῶς

1090 2379 1202 2410 ἑαυτοὺς
1217 2378 1340 2409 ἐκδότους
1350 2379 1405 2410 τοῖς
1422 2377 1640 2404 ἐπιϐουλεύουσιν
1651 2385 1657 2391 ”
1672 2377 1771 2407 εἰδότες
1785 2376 1814 2402 δὲ
1829 2376 1878 2402 πά-

1085 2418 1129 2457 ’λιν
1144 2426 1175 2452 τὸ
1191 2425 1391 2461 γεγραμμένον,
1409 2425 1449 2452 ὅτι
1464 2426 1493 2452 ἐν
1504 2425 1562 2456 ταῖς
1578 2425 1655 2459 χερσὶ
1669 2423 1716 2449 τοῦ
1728 2423 1795 2449 Θεοῦ
1809 2423 1879 2450 εἰσιν

1081 2465 1114 2496 Ἅι
1140 2469 1235 2504 κλῆροι
1258 2469 1310 2495 τῶν
1332 2469 1499 2504 ἀνθρώπων,
1517 2469 1563 2496 καὶ
1581 2469 1682 2504 Κύριος
1703 2468 1812 2494 θανατοῖ
1830 2468 1879 2494 καὶ

1089 2515 1193 2551 Κύριος
1210 2515 1335 2548 ζωοποιεῖ
1351 2515 1418 2551 (50),
1442 2515 1539 2550 μᾶλλον
1555 2514 1608 2546 ἕως
1624 2514 1716 2545 τέλους
1731 2513 1876 2549 ὑπέμενον,

289 2594 312 2632 ‘f
332 2593 402 2620 Psal.
418 2602 453 2624 ct.
476 2595 523 2632 25:
560 2595 582 2632 'f
602 2595 666 2623 Luc.
686 2605 735 2629 ιιι,
748 2597 793 2625 ‘20.
833 2598 853 2613 ³⁷
865 2596 955 2624 Eccle.
971 2595 1040 2632 ιςᾼὲ

1093 2594 1114 2610 ³⁸
1133 2592 1370 2632 ϐοιιθεαιινι-ιμὲ.
1401 2593 1422 2609 ⁸⁸
1444 2592 1508 2632 Lﬁuc.
1519 2601 1555 2626 ιν,
1575 2593 1618 2620 30.
1640 2593 1662 2608 ⁸³
1677 2593 1754 2621 Joan.
1769 2602 1836 2626 xvii,
1850 2595 1875 2621 ἱ.

249 2627 271 2644 ⁸⁵⁸
291 2628 370 2656 Joan.
384 2637 461 2663 mn,
474 2630 535 2657 4-6.
573 2631 597 2648 ⁸³
617 2632 712 2659 Matth.
730 2627 759 2665 iv,
775 2632 828 2667 36;
845 2641 872 2665 ιι,
891 2632 936 2659 29.
974 2631 997 2647 ⁸⁸
1016 2630 1040 2657 Ρη

1107 2628 1227 2661 xxx,16.
1265 2628 1288 2644 ⁸⁵
1304 2627 1314 2654 l
1328 2627 1394 2662 Reg.
1412 2636 1442 2659 ιι,
1460 2629 1484 2654 6.

284 2697 341 2737 (23)
362 2688 521 2733 Anglicait.,
547 2699 693 2726 ἀπαιτοῦσι
721 2709 767 2727 σου
793 2700 843 2736 τὴν
870 2700 958 2736 ψυχὴν
984 2699 1038 2726 ἀπὸ

250 2739 344 2806 Ῐοῖἑω
362 2768 407 2806 Sic
423 2769 526 2804 Rngn
540 2770 620 2798 editis
633 2778 708 2802 vero.
723 2771 773 2803 τάς
787 2773 873 2800 deest.
884 2770 967 2798 Paulo
979 2773 1039 2806 post

251 2801 317 2841 Reg.
327 2801 589 2841 νει-Ληριξὲφευγε.
602 2807 684 2838 Editi,
697 2801 790 2841 ἔφυγε.

253 2879 273 2897 τ
286 2839 343 2875 (25)
359 2839 473 2874 Regius,
491 2839 520 2868 ἐν
537 2839 560 2875 ᾧ
580 2841 635 2868 καί.
655 2839 724 2870 Μοι(
737 2839 891 2878 Angliam,
910 2841 970 2869 τότε
989 2840 1038 2876 μὲν

265 2881 297 2908 sp,

1127 2697 1183 2734 (26)
1198 2697 1301 2734 Λοιπόν
1313 2696 1392 2734 (ἱερειὲ
1403 2697 1433 2734 in
1444 2696 1550 2734 A_nglic.
1560 2696 1643 2724 Paulo
1657 2703 1718 2731 post
1728 2697 1795 2733 Reg.
1808 2697 1877 2734 παρ’

1091 2733 1191 2764 αὐτῶν,
1206 2733 1249 2759 ubi
1260 2732 1334 2763 editi,
1348 2732 1393 2758 ὑπ’
1406 2732 1503 2759 αὐτῶν.

1127 2768 1184 2803 (27)
1204 2768 1281 2801 ΒΘΗ..
1297 2766 1465 2803 Ναζωραῖον.
1485 2767 1565 2800 Edili,
1580 2767 1744 2803 Ναζαραῖον.

1112 2802 1499 2842 ’(ἓὲ)ᾼηεῑίρηέιπεὲίδουκ.
1552 2837 1576 2842 ..
1662 2802 1674 2842 μ
1721 2837 1732 2842 -
1758 2835 1781 2842 ..
1833 2838 1836 2842 .

1128 2837 1185 2871 (29)
1200 2835 1369 2873 Αιιέιίοηρτι
1387 2837 1460 2864 ἄνευ.
1475 2837 1537 2866 Mox
1552 2837 1632 2871 idem,
1646 2837 1706 2864 οὔτε
1720 2835 1792 2873 θρίξ,

1129 2872 1183 2909 (50)
1194 2872 1309 2907 Anglic,
1322 2871 1456 2907 ζωογονεί.
