2007 3044
114 153 162 184 665

699 147 870 176 APOLOGIA
891 147 933 173 DE
948 145 1040 174 FUGA
1056 145 1133 173 SUA.

1669 143 1721 170 666

110 213 142 244 ὡς
149 211 256 248 εἴρηκεν
265 212 280 238 6
287 210 453 242 Ἀπόστολος,
463 208 680 244 περιερχόμενοι
686 208 721 235 ὲν
728 207 888 243 μηλωταῖς,

944 205 1086 240 Apostolus
1104 225 1111 236 ,
1135 205 1325 230 circumeuntes
1338 203 1364 230 in
1380 203 1492 233 melotis.
1506 203 1534 229 in
1552 202 1661 236 pellibus
1677 211 1721 228 ca-

111 257 141 283 ἐν
149 257 267 290 αἰγείοις
279 255 431 290 δέρμασιν,
443 255 653 288 ὑστερούμενοι
665 273 673 284 ,
689 253 887 287 κακουχούμε-

110 310 160 333 νοι,
179 301 228 328 ἐπὶ
245 301 379 336 ἐρημίαις
392 299 588 334 πλανώμενοι,
607 298 655 325 καί
674 298 708 324 ἐν
729 297 887 331 σπηλαίοις

111 347 154 374 καί
162 347 226 380 ταῖς
233 347 318 380 ὀπαῖς
326 345 379 380 τῆς
386 345 442 380 γῆς
451 345 655 379 κρυπτόμενοι,
669 344 720 376 ἕως
733 344 764 370 ἂν
774 344 790 378 ἢ
806 343 861 378 (51)
873 343 888 370 ὁ

110 393 255 428 ὡρισμένος
268 392 315 419 τοῦ
334 392 448 419 Θανάτου
461 391 553 428 χρόνος
567 391 630 426 ἔλθῃ
640 411 648 423 ,
665 390 681 425 ἢ
701 391 715 416 6
733 390 777 416 τὸν
793 390 887 425 χρόνον

110 439 197 473 ὁρίσας
210 437 275 470 Θεὸς
288 438 391 474 λαλήσῃ
406 438 472 473 πρὸς
483 437 589 468 αὐτοὺς,
601 437 647 464 καὶ
658 436 749 472 παύσῃ
757 437 818 468 τοὺς
829 437 887 462 ἑπι-

111 483 290 515 6ουλεύοντας,
311 484 327 519 ἢ
351 483 470 518 δηλονότι
492 482 604 518 παραδῷ
625 482 688 513 τοὺς
708 481 887 516 διωκομένους

110 529 161 567 τοῖς
176 528 327 560 διώκουσιν,
346 528 382 559 ῶς
397 527 429 554 ἄν
452 528 525 563 αὐτῷ
541 528 602 563 δόξῃ
625 527 713 558 καλῶς
729 526 810 562 ἔχειν.
833 526 888 553 Καὶ

109 574 181 601 τοῦτο
195 574 258 609 περὶ
271 574 378 601 πάντων
394 574 447 600 ἀπὸ
459 573 504 600 τοῦ
518 573 598 600 Δαϐὶδ
611 573 668 599 ἐστι
682 572 775 607 μαθεῖν
787 572 886 604 καλῶς’

109 621 149 646 ὅτε
159 620 212 655 γὰρ
224 619 292 646 κατὰ
305 620 350 646 τοῦ
362 619 448 646 Σαοὺλ
464 618 619 655 παρώξυνεν
634 618 714 645 αὑτὸν
728 619 817 648 Ἰωὰϐ.
831 618 888 645 ἐλε-

110 674 154 700 γεν
168 666 248 697 αὑτός
259 675 266 682 ·
289 665 333 699 Ζῇ
349 666 455 699 Κύριος
470 666 525 701 (59.)
537 686 543 698 ,
559 665 612 692 ἐὰν
625 665 667 699 μὴ
682 667 698 691 ὁ
709 665 815 698 Κύριος
834 666 887 691 αὺ-

110 712 161 738 τὸν
171 712 277 746 παίσῃ,
292 711 311 746 ἢ
325 711 398 745 ἔλθῃ
414 711 510 745 ἡμέρα
526 711 578 737 τοῦ
601 710 730 738 θανάτου
746 710 848 743 αὑτοῦ,
866 710 886 745 ἣ

110 755 217 790 καταϐῇ
234 757 277 789 εις
290 756 431 790 πόλεμον,
446 755 495 782 καὶ
512 754 660 789 προστεθῇ
678 756 721 787 εις
742 755 812 787 τοὺς
832 756 888 781 ὑπ-

109 803 271 835 εναντίους,
291 803 326 828 οὺ
343 801 386 836 μὴ
403 802 514 828 ἑποίσω
532 801 615 835 zsipa'
629 809 687 835 μου
701 801 749 827 ἐπὶ
764 800 888 834 χριστὸν

110 848 226 882 Κυρίου.

941 251 1036 285 prinis,
1053 256 1163 285 egentes,
1179 249 1331 284 angustiuti,
1348 249 1374 275 in
1395 248 1578 275 solitudinibus
1592 252 1719 279 errantes,

941 295 969 322 in
982 295 1110 329 speluncis
1123 300 1145 320 et
1159 294 1185 320 in
1198 294 1312 320 cauernis
1327 298 1403 319 terra:
1415 293 1521 319 latentes
1530 292 1565 324 ",
1578 292 1663 320 donec
1675 292 1721 319 de-

942 340 1045 368 finitum
1067 340 1161 367 mortis
1177 344 1280 372 tempus
1298 338 1452 369 adveniret,
1478 342 1523 364 aut
1546 338 1592 372 qui
1614 342 1721 371 tempus

942 387 1083 414 deﬁnierat
1099 386 1167 413 Deus
1179 392 1225 412 eos
1240 385 1434 419 alloqueretur,
1448 391 1480 410 ac
1493 384 1669 411 insidiatores
1682 390 1722 410 se-

942 431 1031 463 daret,
1050 435 1095 457 aut
1113 434 1185 456 certe
1204 428 1421 463 persecutoribus
1439 426 1653 461 persecutionem
1673 433 1721 460 pa.

942 478 1038 504 tientes
1054 476 1183 507 traderet,
1200 480 1230 502 ut
1246 475 1295 501 sibi
1311 481 1458 508 congruum
1471 473 1557 500 visum
1572 472 1651 509 foret.
1665 470 1721 498 Hoc

942 531 974 550 ex
995 522 1095 549 Davide
1112 529 1172 547 cum
1190 521 1284 555 primis
1306 519 1417 554 pulchre
1441 519 1561 546 ediscere
1580 523 1637 551 est;
1659 525 1720 544 cuin

942 569 1012 596 enim
1025 568 1098 594 illum
1112 567 1180 594 .loab
1191 567 1334 593 adversum
1346 565 1410 592 Saul
1423 565 1581 596 concitaret,
1596 564 1633 590 ait
1646 564 1721 600 ipse:

946 613 1014 641 Vivit
1031 614 1170 646 Dominus,
1187 613 1250 647 quia
1270 612 1320 639 nisi
1336 612 1461 638 Dominus
1480 610 1637 645 percusserit
1651 618 1721 642 eum,

941 665 987 687 aut
1001 660 1096 688 venerit
1111 661 1165 686 dies
1182 659 1272 685 mortis
1293 659 1360 693 ejus,
1379 658 1417 684 vel
1434 657 1595 684 descenderit
1614 657 1642 684 in
1655 664 1722 690 prtu-

942 706 1016 737 lium,
1042 711 1065 732 et
1095 705 1186 731 abierit
1211 705 1280 736 apud
1305 703 1482 734 adversarios,
1510 709 1561 729 mm
1581 701 1722 728 immittam

942 759 1047 778 manum
1058 758 1142 777 meum
1154 750 1182 777 in
1196 749 1320 777 Christum
1333 748 1438 775 Domini
1452 748 1485 774 ⁸⁸.

146 893 187 920 l7.
214 894 245 920 Εἰ
261 893 290 919 δέ
306 901 370 919 ποτε
393 892 439 919 καὶ
461 892 604 927 φεύγοντες
626 891 811 926 προσήρχοντο
833 892 889 923 τοῖς

976 895 1019 922 17.
1039 894 1066 922 Si
1081 895 1189 930 quando
1199 902 1263 922 vero
1273 894 1335 921 dum
1349 894 1484 930 fugerent,
1496 893 1617 922 canvcrsi
1629 893 1725 921 deinde

110 939 243 975 ζητοῦσιν,
272 939 332 965 οὐδὲ
359 938 438 965 τοῦτο
470 937 561 969 ἁπλῶς
586 937 735 972 ἔπραττον·
765 937 812 964 τοῦ
835 937 889 972 γὰρ

110 985 176 1012 Πνεύ
181 993 263 1020 ματος
276 983 417 1015 λαλοῦντος
428 984 529 1015 αὐτοῖς,
542 982 627 1014 οὕτως
637 982 762 1018 ἀπήντων
774 982 888 1014 ἐκείνοις

111 1029 239 1063 Θεοφιλεῖς
251 1028 442 1063 τυγχάνοντες·
464 1028 511 1054 καὶ
533 1026 603 1053 οὕτω
625 1027 704 1053 πάλιν
719 1027 767 1062 τὴν
786 1027 890 1054 ἑαυτῶν

111 1074 230 1110 ὑπακοὴν
259 1074 305 1100 καὶ
331 1072 483 1109 προθυμίαν
511 1072 736 1107 ἐπιδεικνύμενοι.
770 1069 831 1104 Οἷος
856 1070 889 1107 ἦν

116 1119 216 1150 Ἠλίας,
228 1118 333 1144 ἀκούων
347 1118 422 1153 παρὰ
434 1118 480 1144 τοῦ
492 1117 659 1152 Πνεύματος,
675 1118 720 1143 καὶ
732 1117 890 1152 φαινόμενος

110 1164 148 1200 τῷ
165 1163 265 1199 Ἀχαὰὸ
275 1184 283 1196 ,
298 1164 417 1199 Μιχαίας
431 1172 460 1190 τε
476 1165 490 1190 6
504 1164 645 1199 προφήτης
659 1163 803 1199 ἐρχόμενος
823 1163 890 1198 πρὸς

111 1210 191 1236 αὑτὸν
209 1210 255 1237 τὸν
277 1209 388 1244 Ἀχαὰϐ,
420 1209 466 1236 καὶ
485 1209 499 1235 ὁ
523 1208 753 1243 ἐπικαλεσάμενος
782 1209 890 1244 προφήν

110 1247 158 1291 της
184 1255 229 1281 ἐπὶ
254 1255 285 1282 τὸ
309 1254 499 1289 θυσιαστήριον
514 1254 570 1289 (55)
586 1254 635 1289 τῆς
653 1253 806 1289 Σαμαρείας
818 1275 825 1287 ,
844 1255 891 1280 καὶ

111 1302 246 1336 ἐντρέπων
268 1301 313 1328 τὸν
331 1301 447 1336 Ῥοϐοέιμ
478 1300 552 1335 (54),
588 1301 634 1326 καὶ
661 1300 765 1331 Παῦλος
793 1301 890 1326 ἐπικα-

111 1347 237 1382 λούμενος
250 1347 385 1382 Καίσαρα.
402 1347 439 1374 Οὐ
453 1345 506 1382 γὰρ
529 1346 561 1381 δὴ
580 1345 624 1372 διὰ
646 1346 746 1372 δειλίαν
766 1346 890 1381 ἔφευγον,

112 1393 149 1429 μὴ
171 1393 290 1427 γένοιτοι
319 1393 417 1428 μᾶλλον
444 1392 497 1428 γὰρ
522 1391 570 1427 τὴν
595 1392 682 1428 φυγὴν
708 1389 779 1427 εἶχον
799 1392 892 1426 ἀγῶνα

111 1439 157 1465 καὶ
169 1438 282 1474 μελέτην
295 1438 364 1465 κατὰ
380 1438 426 1464 τοῦ
439 1438 564 1465 Θανάτου.
588 1437 666 1464 Ἀλλὰ
682 1437 727 1464 δύο
742 1437 815 1464 ταῦτ’
831 1438 892 1472 ἐφύ-

110 1484 202 1511 λαττον
213 1485 259 1510 καὶ
272 1483 442 1510 ἐϐουλεύοντο
455 1483 554 1517 καλῶς,
569 1484 610 1510 ὅτι
623 1483 679 1519 (55)
694 1485 762 1519 μήτε
780 1485 892 1516 ἑαυτοὺς

110 1530 202 1562 ὡπλῶς
217 1531 363 1567 προσῆγον,
379 1530 457 1556 τοῦτο
477 1530 531 1565 γὰρ
552 1528 586 1565 ἦν
608 1530 702 1557 ἑαυτὸν
725 1531 891 1563 ἀποκτεῖναι,

943 941 1124 976 quaerentibus
1148 947 1208 967 sese
1235 939 1378 972 offerrent,
1405 947 1457 966 non
1476 944 1574 966 temere
1591 939 1641 966 hoc
1662 946 1725 973 ago-

942 987 1024 1018 bant;
1051 993 1112 1013 nam
1140 984 1255 1020 religiosi
1286 992 1347 1012 cum
1373 989 1474 1017 essent,
1501 983 1580 1018 jussu
1608 982 1724 1018 Spiritus

944 1032 1037 1059 Sancti
1055 1031 1235 1058 occurrebant
1250 1030 1303 1057 illis
1326 1039 1333 1057 :
1356 1037 1409 1064 quo
1423 1034 1503 1064 pacto
1517 1029 1721 1063 obsequentiam

944 1076 1168 1110 alacritatemque
1184 1083 1258 1103 suam
1287 1076 1546 1103 commonstrabant.
1562 1074 1724 1108 Hujusmodi

943 1128 1002 1150 erat
1018 1122 1099 1154 Elias,
1116 1122 1161 1156 qui
1187 1120 1265 1155 jussu
1297 1120 1412 1156 Spiritus
1430 1121 1540 1148 Achaho
1554 1129 1646 1149 coram
1661 1121 1724 1148 asti-

945 1165 1010 1192 tit"
1039 1176 1045 1192 :
1068 1164 1193 1192 Miclueas
1221 1165 1284 1191 item
1314 1165 1445 1199 propheta
1472 1165 1518 1199 qui
1545 1164 1632 1199 ipsum
1658 1165 1726 1192 adiit

944 1211 1082 1238 Acltabum
1102 1210 1141 1244 ‘3;
1165 1211 1295 1245 propheta
1316 1211 1395 1237 etiam
1419 1210 1464 1244 qui
1489 1210 1573 1237 altare
1595 1210 1724 1238 Samaria:

945 1257 1124 1291 compellavit.
1148 1255 1344 1290 Jeroboamque
1367 1255 1469 1289 pudore
1496 1255 1606 1282 suffudit
1625 1255 1648 1271 δ’
1670 1264 1677 1282 :
1698 1261 1725 1283 et

944 1302 1042 1329 Paulus
1060 1303 1103 1336 qni
1121 1302 1253 1330 Caesarem
1273 1301 1418 1336 appellavit
1433 1302 1466 1328 ⁸ο.
1493 1301 1550 1329 Non
1572 1302 1643 1329 enim
1669 1310 1725 1337 prae

944 1349 1088 1376 formidine
1113 1349 1267 1385 fugiebant,
1295 1350 1383 1376 absit!
1406 1350 1459 1377 imo
1485 1350 1575 1383 potius
1592 1349 1652 1384 fuga
1672 1350 1725 1377 illis

945 1402 994 1429 pro
1008 1395 1156 1423 certamine
1167 1399 1195 1422 et
1206 1395 1380 1422 meditatione
1392 1395 1486 1422 mortis
1498 1399 1567 1422 erat.
1583 1395 1635 1422 Sed
1651 1400 1725 1423 recte

945 1441 997 1468 sibi
1011 1441 1180 1468 consulentes
1197 1441 1253 1468 haec
1270 1441 1323 1468 duo
1339 1441 1492 1474 servabant,
1508 1446 1537 1468 ut
1556 1441 1657 1468 scilicet
1675 1449 1725 1468 nec

946 1487 1026 1520 seipsi
1044 1492 1146 1514 temere
1165 1486 1309 1518 oilerrent,
1324 1487 1421 1514 fuisset
1437 1487 1509 1514 enim
1527 1486 1590 1514 illud
1609 1492 1723 1514 mortem

946 1533 997 1559 sibi
1018 1532 1205 1563 consciscere,
1222 1533 1390 1566 propriaeque
1416 1532 1490 1558 necis
1506 1539 1580 1558 reum
1607 1531 1676 1563 fieri,
1693 1540 1725 1560 ac

111 1574 258 1601 ὑπεύθυνόν
274 1583 304 1600 τε
326 1574 440 1601 Θανάτου
458 1574 593 1608 γενέσθαι,
616 1574 662 1600 καὶ
681 1575 842 1610 ἀντιπρᾶξαι
855 1575 890 1611 τῷ

945 1577 1057 1605 Domino
1084 1585 1232 1612 repugnare
1255 1577 1354 1605 dicenti
1375 1585 1383 1604 :
1407 1577 1472 1610 Qua:
1491 1577 1562 1604 Deus
1578 1578 1723 1612 conjunxit,

110 1620 203 1655 Κυρίῳ
226 1619 345 1654 λέγοντι·
370 1621 399 1647 Ἃ
415 1621 430 1647 ὀ
449 1620 520 1652 Θεὸς
536 1619 663 1652 ἔζευξεν,
681 1620 833 1655 ἄνθρωπος
849 1621 892 1656 μὴ

110 1666 252 1702 χωριζὲτω
265 1675 272 1682 ·
297 1667 365 1702 μήτε
389 1666 491 1702 μέμψιν
511 1666 654 1701 ὀλιγωρίας
677 1668 770 1703 ἤθελον
791 1669 893 1704 ὑπομέ-

110 1721 176 1744 νειν,
194 1712 231 1745 ὡς
250 1713 426 1748 ὰτονήσαντες
445 1711 512 1746 πρὸς
530 1712 580 1743 τὰς
595 1712 624 1738 ἐν
639 1714 672 1748 τῇ
691 1715 762 1749 φυγῇ
781 1714 893 1749 Θλίψεις,

112 1758 224 1794 μείζονα
252 1758 298 1785 καὶ
313 1758 462 1793 δεινότερον
481 1758 560 1785 πόνον
577 1758 693 1793 ἐχούσας
706 1759 752 1785 τοῦ
766 1759 893 1787 θανάτου.

116 1805 146 1831 Ὀ
172 1804 219 1839 μὲν
240 1805 294 1839 γὰρ
315 1803 455 1830 ἀποθανὼν
479 1803 615 1830 πέπαυται
639 1804 686 1831 τοῦ
709 1807 813 1832 πονεῖν⁹
836 1806 850 1831 ὁ
867 1806 895 1832 δὲ

110 1849 219 1885 φεύγων
232 1849 385 1885 προσδοκῶν
398 1850 457 1876 καθ’
469 1850 575 1886 ἡμέραν
585 1851 633 1882 τὰς
644 1851 718 1885 παρὰ
729 1850 782 1877 τῶν
791 1851 894 1888 ἐχθρῶν

109 1896 231 1930 ἐφόδους,
249 1895 410 1930 κουφότερον
428 1896 534 1930 ήγεῖται
551 1895 596 1922 τὸν
613 1895 726 1923 Θάνατον
738 1905 744 1911 ”
762 1897 831 1924 ὥστε
848 1898 894 1924 καὶ

109 1943 172 1974 τοὺς
182 1944 210 1968 ὲν
220 1944 252 1977 τῇ
266 1944 337 1977 φυγῇ
348 1941 537 1974 τελειωθέντας
549 1943 585 1978 μὴ
598 1942 701 1974 ἀκλεῶς
712 1943 766 1978 (56)
779 1943 895 1979 ἀποθνή-

110 1995 196 2019 σκειν,
214 1987 270 2013 ἀλλ’
289 1987 361 2022 ἔχειν
376 1987 421 2013 καὶ
436 1987 532 2018 αὐτοὺς
555 1987 602 2014 τοῦ
624 1988 770 2023 μαρτυρίου
783 1988 813 2014 τὸ
827 1988 894 2014 καύ-

109 2041 195 2068 χημα.
212 2033 260 2059 Διὰ
275 2033 353 2059 τοῦτο
367 2032 421 2069 γὰρ
435 2034 449 2059 ὁ
464 2033 523 2059 Ἰὼϐ
537 2034 566 2060 ἐν
588 2033 697 2069 ἀνδρείᾳ
715 2034 799 2069 μέγας
811 2034 895 2068 ἐγνώ-

110 2078 161 2112 σθη
170 2098 177 2109 ,
194 2077 285 2113 ἐπειδὴ
300 2077 353 2109 ζῶν
366 2077 507 2109 τοσούτους
520 2078 565 2104 καὶ
581 2077 753 2113 τηλικούτους
766 2078 893 2113 ὑπέμεινε

108 2124 207 2154 πόνους
222 2123 288 2159 (57),
305 2120 341 2150 ὦν
355 2123 482 2158 οὐδεμίαν
497 2123 620 2159 αἴσθησιν
632 2123 793 2159 ἐλάμϐανεν,
811 2124 834 2149 εἰ
849 2133 893 2150 τε-

107 2170 241 2206 λευτήσας
256 2168 299 2206 ἦν.
314 2170 363 2196 Διὰ
376 2170 454 2197 τοῦτο
467 2171 512 2197 καὶ
525 2171 600 2197 αὐτοὶ
618 2171 643 2196 οἱ
659 2171 787 2206 μακάριοι
804 2171 892 2197 Πατέ-

109 2225 158 2253 ρες
180 2216 306 2252 τοιαύτην
317 2214 389 2252 εἶχον
400 2216 450 2251 τῆς
466 2217 601 2248 πολιτείας
616 2216 664 2251 τὴν
680 2217 790 2251 ἀγωγήν
800 2225 806 2231 '
832 2217 892 2243 διω-

107 2262 220 2297 κόμενοι
238 2262 286 2296 μὲν
299 2261 353 2297 γὰρ
371 2261 420 2287 οὐκ
433 2261 559 2293 ὲδειλίων,
576 2261 643 2287 ἀλλὰ
659 2261 705 2288 καὶ
721 2261 774 2296 (58)
794 2261 892 2296 μᾶλλον

106 2308 243 2335 ἐδείκνυον
259 2307 362 2334 ἑαυτῶν
375 2307 423 2342 τὴν
439 2307 487 2342 τῆς
511 2307 598 2342 ψυχῆς
613 2307 752 2342 ἀνδρείαν,
768 2307 852 2339 οὕτως
863 2308 892 2334 ἐν

106 2356 250 2390 πνιγηροῖς
266 2355 312 2381 καὶ
328 2354 472 2384 σκοτεινοῖς
485 2353 575 2385 τύποις
596 2353 707 2385 ἑαυτοὺς
721 2353 892 2380 κατακλείον-

105 2409 166 2433 τες,
183 2400 231 2427 καὶ
251 2399 374 2434 σκληρῶς
390 2398 502 2429 ἑαυτοὺς
518 2398 628 2431 ἄγοντες
639 2405 645 2412 ·
664 2399 784 2433 παρόντα
797 2399 824 2425 δὲ
839 2399 889 2425 πά-

105 2447 152 2474 λιν
172 2446 217 2473 τοῠ
234 2446 347 2473 Θανάτου
373 2445 418 2472 τὸν
440 2445 532 2479 καιρὸν
550 2445 580 2470 οὐ
603 2444 786 2480 παρῃτοῦντο·
811 2444 891 2479 ἔμελε

145 2550 169 2567 ⁸⁵
188 2550 268 2578 llehr.
283 2557 313 2581 ιι,
333 2549 378 2578 37.
414 2549 437 2565 ⁸⁸
451 2548 460 2575 l
476 2549 540 2583 Reg.
553 2556 627 2582 xxvt,
640 2548 684 2581 10,
701 2548 744 2575 Η.
782 2548 804 2564 ⁸⁷
816 2548 850 2576 Ill
866 2548 888 2575 Β

955 2554 1032 2579 xvttt,
1047 2545 1091 2573 i7.

105 2587 136 2614 2.
175 2586 198 2602 ⁵⁰
214 2585 274 2613 Act.
295 2593 358 2616 xxv,
386 2584 430 2611 Η.
467 2585 489 2600 ⁵¹
511 2585 605 2611 Matth.
630 2592 686 2616 nx,
708 2584 735 2610 6.

145 2655 201 2691 (5t)
216 2655 253 2691 ᾜ
267 2655 341 2691 deest
352 2653 498 2691 in_Anglic.

145 2687 203 2726 (3‘2)
219 2690 291 2726 Haec,
304 2690 337 2725 ζῇ
351 2687 462 2724 Κύριος,
472 2690 583 2726 deerant
593 2687 620 2726 in
630 2687 720 2720 editis,
729 2687 783 2726 _sed
796 2687 822 2726 i_n
832 2687 888 2726 An-

105 2722 210 2762 glican.
230 2729 257 2752 et
271 2722 341 2762 aug}
358 2722 500 2762 habentur.
515 2723 575 2750 Mox
593 2723 670 2762 Reg,
686 2722 780 2762 παίσῃ.
794 2722 885 2757 Angl.,

104 2758 254 2794 παιδεύσῃ.
270 2758 349 2794 Ediii,
360 2758 453 2794 παύσῃ
467 2778 474 2790 ,
487 2762 594 2794 praestat
605 2759 690 2791 prima
701 2758 789 2794 lectio.

144 2769 206 2788 ιιοευ
247 2779 254 2786 ι
270 2769 349 2792 bal“,
360 2769 453 2794 παυσῃ
467 2778 474 2790 ι
487 2769 594 2792 prastat
606 2769 690 2791 prima
701 2769 789 2785 ICCIIU-

144 2769 384 2833 (33)mn_glie'auus
411 2795 506 2833 codex,
522 2793 580 2833 “cui
595 2793 639 2820 τὸν
661 2793 734 2821 ναόν.
758 2792 825 2815 Ιι·⁶“ο··
846 2791 884 2830 ιδή

103 2828 171 2867 post
181 2828 238 2867 γάρ
249 2828 332 2867 deest,
339 2831 363 2856 in
376 2828 470 2867 eodem
481 2828 586 2860 codice.

144 2863 200 2903 (50)
213 2863 294 2901 Lege,
315 2863 464 2901 Ἱεροῦοάμ.

936 2823 1055 2857 ἑαυτούς.
1069 2825 1149 2856 Editi,
1163 2823 1286 2855 σαυτούς.

936 2861 1089 2897 ἀσκληρῶς,
1102 2860 1181 2888 male.

946 1623 1021 1650 homo
1038 1632 1088 1650 non
1104 1628 1205 1658 separet
1222 1623 1261 1655 “;
1284 1630 1372 1657 neque
1387 1623 1414 1650 in
1431 1623 1542 1657 ignavia:
1565 1623 1666 1650 crimen
1684 1624 1725 1650 in-

945 1677 1056 1697 currere
1067 1669 1176 1703 vellent,
1186 1669 1262 1704 quasi
1277 1676 1306 1696 se
1320 1669 1429 1696 taederet
1441 1670 1508 1703 fuga:
1520 1671 1655 1696 aerumnas
1665 1669 1724 1702 ipsa

945 1720 1032 1742 morte
1061 1715 1182 1742 duriores
1207 1714 1396 1749 gravioresque
1422 1714 1552 1748 perferre.
1583 1713 1649 1741 Nam
1678 1714 1724 1749 qui

946 1765 1068 1788 mortuus
1085 1765 1135 1792 est.
1159 1759 1275 1787 miseriis
1288 1759 1392 1786 levatur
1409 1768 1416 1786 :
1432 1759 1478 1794 qui
1492 1767 1556 1790 vero
1570 1759 1648 1794 fugit,
1662 1767 1723 1786 cum

945 1806 1064 1840 quotidie
1094 1806 1190 1832 anxius
1217 1804 1388 1832 inimicorum
1414 1810 1554 1840 exspectet
1587 1806 1722 1838 incursus,

946 1857 1057 1880 mortem
1075 1852 1135 1887 fuga
1150 1852 1275 1880 leviorem
1289 1852 1438 1879 existimat.
1453 1851 1622 1886 Quapropter
1637 1851 1682 1886 qui
1697 1852 1723 1878 in

947 1898 1006 1932 fuga
1032 1898 1182 1930 intereunt,
1198 1898 1268 1924 haud
1289 1897 1397 1932 inglorii
1418 1897 1580 1930 moriuntur,
1602 1897 1649 1925 sed
1673 1897 1723 1931 ipsi

945 1951 1051 1978 quoque
1078 1943 1188 1978 gloriam
1214 1949 1415 1978 consequuntur
1436 1943 1568 1978 martyrii.
1591 1943 1722 1977 Quocirca

944 1988 994 2016 Job
1018 1989 1176 2017 fortitudine
1199 1990 1281 2017 animi
1309 1998 1422 2025 magnus
1453 1990 1642 2025 comprobatus
1670 1995 1722 2023 est,

945 2034 1016 2069 quod
1038 2035 1113 2062 vivus
1128 2040 1165 2062 tot
1181 2040 1322 2070 tantasque
1334 2043 1467 2062 aerumnas
1481 2035 1637 2069 pertulerit,
1654 2043 1722 2070 qna-

945 2087 1003 2106 rum
1016 2080 1037 2106 si
1054 2084 1177 2107 mortuus
1189 2079 1284 2107 fuisset
1296 2087 1330 2107 ne
1342 2081 1480 2107 minimum
1492 2080 1599 2114 quidem
1614 2088 1722 2107 sensum

944 2129 1118 2159 percepturus
1138 2129 1207 2151 erat.
1224 2124 1403 2158 Quamobrem
1419 2126 1499 2152 etiam
1516 2126 1565 2160 ipsi
1582 2125 1653 2153 beati
1669 2125 1722 2152 Pa-

945 2173 999 2196 tres
1019 2170 1070 2197 lioc
1083 2170 1188 2197 vivendi
1210 2170 1335 2198 instituto
1351 2175 1415 2198 sunt
1435 2170 1475 2197 usi
1498 2180 1505 2197 :
1531 2175 1724 2205 persequentes

944 2215 1015 2242 enim
1029 2222 1058 2242 se
1073 2223 1240 2250 nequaquam
1255 2215 1476 2247 reformidabant,
1491 2216 1544 2242 imo
1558 2216 1644 2250 potius
1659 2223 1721 2242 cum

946 2260 980 2287 ita
994 2268 1024 2288 se
1042 2261 1068 2288 in
1091 2261 1212 2296 angustis
1234 2265 1261 2288 et
1277 2261 1426 2288 tenebrosis
1448 2261 1513 2288 locis
1535 2260 1722 2292 includerent,

945 2315 1005 2335 cum
1021 2314 1116 2341 aspero
1131 2307 1235 2334 vivendi
1255 2313 1353 2342 genere
1371 2309 1520 2337 uterentur,
1542 2305 1582 2332 sui
1598 2305 1723 2332 ostende-

945 2353 1010 2380 bant
1027 2353 1110 2379 anitni
1129 2352 1313 2380 fortitudinem
1331 2361 1339 2380 :
1363 2352 1408 2378 ubi
1423 2359 1487 2378 vero
1503 2351 1598 2378 mortis
1619 2357 1723 2384 tempus

945 2398 1049 2431 aderat,
1064 2406 1122 2424 eam
1140 2398 1250 2425 minime
1261 2397 1431 2424 recusabant.
1448 2396 1475 2423 ld
1491 2397 1562 2423 enim
1580 2403 1650 2422 cura:
1670 2395 1723 2422 illis

944 2448 1003 2471 erat
1019 2449 1048 2471 ιιι
1061 2451 1109 2470 nec
1124 2447 1283 2478 prtesentem
1296 2447 1409 2469 mortem
1423 2442 1656 2477 pertimescerent,
1672 2448 1722 2468 nec

1142 2545 1165 2561 ⁸⁸
1178 2544 1212 2572 ιιι
1234 2545 1299 2580 Reg.
1321 2551 1389 2577 xui,
1408 2544 1451 2571 15.
1491 2543 1513 2559 "
1534 2542 1565 2570 lll
1581 2543 1646 2577 Reg.
1660 2550 1722 2575 aut,

979 2650 1035 2692 (_35)
1054 2649 1133 2685 Reg.,
1152 2649 1206 2676 ὅτε.
1219 2648 1290 2676 Infra
1304 2647 1382 2682 Reg.,
1399 2647 1437 2682 τῷ
1452 2646 1558 2682 Κυρίῳ.
1579 2646 1662 2678 Editi,
1684 2645 1723 2681 τῷ

942 2686 1035 2754 Θεῗὲίὶ)
1048 2720 1210 2753 Anglicanus
1224 2720 1318 2750 codex,
1334 2717 1453 2748 ἀκλεεῖς.

974 2756 1029 2792 (57)
1050 2755 1167 2792 item
1180 2754 1286 2792 πεένουςν
1305 2753 1424 2792 Attalis-
1476 2786 1494 2792 ..
1574 2785 1616 2792 ,.
1662 2784 1677 2792 ..

973 2784 1029 2826 (58)
1049 2784 1192 2826 Καίηιοὲει
1209 2790 1234 2815 in
1253 2784 1360 2826 _Anglic:
1382 2787 1453 2826 infra
1476 2786 1542 2826 Reg.
1556 2788 1584 2825 et
1602 2784 1718 2826 Anglic?

1328 2830 1362 2852 0x
1381 2822 1460 2858 Reg,
1481 2819 1614 2856 σκληρῶς.
1635 2819 1717 2852 Editi,
