2007 3044
290 155 346 185 687

590 155 619 182 S.
640 153 825 182 ATHANASII
845 154 920 182 OPP.
941 153 1030 182 PARS
1048 154 1069 181 Ι.
1090 170 1123 174 -
1143 154 1327 183 HISTORICA
1348 154 1392 182 ET
1406 154 1618 183 DOGMATICA.

1874 157 1920 184 ωδε

292 214 432 242 deﬁnitum
446 221 459 240 a
472 212 642 240 Providentia
655 214 792 240 decretum
808 219 1018 247 anteverterenl,
1032 223 1070 243 au‘

1129 213 1183 249 γὰρ
1197 214 1288 246 αὐτοῖς
1308 215 1376 250 μήτε
1390 213 1485 240 τοῦτον
1498 214 1619 249 παρόντα
1637 214 1776 249 πτήσσειν,
1796 215 1863 250 μήτε
1877 216 1919 251 τὴν

292 261 389 287 divinae
410 259 576 287 obsisterent
597 259 804 294 dispensationi,
826 260 859 286 ad
879 262 957 294 cujus
978 268 1007 287 se
1030 269 1080 288 nu-

291 311 346 332 tum
363 309 514 332 reservatos
536 305 658 332 sciebant
679 315 686 333 :
711 313 745 332 ne
759 309 861 332 temere
881 308 986 341 agendo
998 307 1079 342 262

291 349 339 384 ipsi
355 350 405 377 sibi
420 350 569 377 formidinis
584 355 677 377 essent
697 355 823 377 auctores
840 358 848 382 ;
864 351 904 378 sic
921 352 992 379 enim
1010 353 1078 379 scri-

289 400 362 429 pttttn
377 401 418 422 est
433 404 439 422 :
457 396 509 428 Qui
523 404 637 430 prmceps
651 402 688 422 est
702 396 789 429 labiis,
800 398 915 431 seipsum
926 398 1031 424 terrebit
1042 398 1075 425 ".

288 441 345 478 (40)
379 443 460 469 αῐτιοι
492 441 539 468 τοῦ
564 441 703 469 πτοεῖσθαι
744 443 894 476 γένωνται”
919 443 990 470 οὓτω
1019 443 1073 479 γὰρ

287 487 406 516 ἑαυτόν.

323 533 368 562 18.
384 535 422 561 Ac
437 541 530 562 revera
546 535 580 562 ad
608 535 773 562 fortitudinis
804 535 932 562 virtutem
947 535 984 562 ita
997 539 1075 562 erant

287 580 446 615 comparati,
465 584 494 607 ut
511 588 600 613 nemo,
622 581 777 616 quicunque
789 581 897 608 tandem
915 581 959 613 sit,
978 582 1028 608 hac
1039 581 1074 608 de

288 633 316 653 re
340 626 477 660 ambigere
504 627 600 660 possit.
622 626 728 654 Etenim
753 627 905 661 patriarcha
924 626 1010 654 Jacob
1028 628 1073 661 qui

286 673 362 706 prius
383 681 396 699 a
414 673 482 700 facie
506 673 576 700 Esau
596 673 704 708 fugerat
720 674 754 705 ",
781 679 941 708 pnesentem
959 680 1074 700 mortem

287 726 457 753 nequaquam
472 719 562 745 tinmit
578 719 601 734 "
618 726 625 745 :
642 719 706 753 quin
729 720 817 754 potius
833 726 865 746 eo
881 720 938 753 ipso
954 724 1076 754 tempore

286 764 399 799 singulis
418 764 635 798 patriarcharum
657 772 705 798 pro
722 765 854 799 cujusque
867 765 973 791 meritis
992 765 1072 792 bene-

286 811 430 838 dictionem
448 811 606 846 impertivit.
630 810 742 846 Magnus
767 811 829 837 item
848 810 954 845 Moyses
976 811 1022 844 qui
1045 818 1075 838 se

285 863 347 884 ante
361 864 376 883 a
396 856 539 884 Pharaone
563 857 725 888 occultarat,
746 863 777 883 ac
794 856 864 883 illius
879 855 1023 883 formidine
1047 857 1072 882 in

286 908 386 929 terram
408 902 523 929 Madiam
536 908 701 933 secesserat,
723 903 766 929 his
793 903 891 929 auditis
905 923 912 934 ,
946 902 1017 929 Vade
1039 903 1068 929 in

285 949 445 984 ligyptum,
468 950 570 984 absque
598 954 669 976 metu
693 949 798 984 jussum
826 949 956 983 implevit.
984 950 1072 984 Atque

284 995 383 1022 iterum
400 994 492 1028 jussus
508 995 534 1021 in
554 1000 672 1022 montem
693 995 804 1021 Abarim
820 995 1017 1027 conscendere,
1043 1001 1072 1023 ut

284 1040 339 1067 illic
352 1041 438 1068 obiret
451 1041 485 1074 ⁸⁵,
498 1049 669 1076 nequaquam
683 1048 716 1068 ex
733 1047 806 1069 metu
824 1042 956 1073 substitit,
973 1043 1019 1070 sed
1038 1042 1071 1069 li-

284 1085 380 1113 benter
390 1093 423 1113 eo
435 1087 586 1113 contendit.
604 1087 686 1113 David
698 1094 806 1121 quoque
814 1089 859 1121 qui
870 1093 949 1115 antea
961 1096 976 1114 a
990 1089 1072 1116 Saule

284 1130 401 1165 fugerat,
416 1138 468 1158 non
484 1138 539 1166 prae
555 1130 701 1158 formidine
717 1132 850 1158 recusavit
867 1132 929 1159 belli
945 1132 1072 1168 periculis

283 1183 333 1210 pro
347 1176 445 1211 populo
458 1176 606 1204 subeundis
622 1184 681 1203 sese
695 1184 755 1204 cum
780 1177 875 1212 primis
888 1177 986 1205 offerre
1001 1188 1007 1205 :
1025 1178 1071 1206 sed

283 1222 328 1249 ubi
351 1223 444 1250 mortis
464 1222 505 1250 vel
523 1222 592 1257 fuga:
616 1223 753 1258 optionem
774 1224 824 1250 sibi
842 1231 905 1251 esse
921 1224 1069 1257 audiisset,

283 1275 344 1294 cum
365 1269 476 1303 perinde
496 1268 591 1297 liceret
603 1273 649 1296 aut
666 1269 759 1304 fugere
783 1275 830 1296 aut
851 1270 938 1302 mori.
961 1271 1070 1305 sapiens

283 1313 328 1341 ille
346 1314 388 1341 vir
410 1319 525 1341 mortem
553 1316 723 1349 praeoptavit.
744 1315 854 1350 Magnus
880 1321 971 1342 autem
996 1316 1070 1344 Elias

283 1360 329 1394 qui
342 1367 371 1387 se
383 1367 398 1386 a
413 1359 538 1388 Jezabele
553 1361 617 1388 olitn
634 1361 794 1394 occultarat,
816 1362 928 1389 minime
943 1361 1069 1390 reformi-

284 1404 367 1438 davit,
384 1404 497 1438 jubente
513 1405 616 1440 Spiritu
639 1411 750 1438 saneto,
772 1406 884 1434 Achabo
905 1414 1069 1440 occurrere,

283 1450 484 1486 Ochoziamque
509 1451 682 1486 redarguere.
708 1451 806 1479 Petrus
840 1459 906 1480 vero
934 1453 980 1487 qui
1010 1461 1070 1481 sese

283 1501 356 1523 metu
373 1495 526 1524 Iudaeorum
548 1497 743 1529 absconderat,
766 1502 794 1525 et
811 1498 910 1525 Paulus
931 1500 1068 1534 apostolus

1132 259 1290 294 ὡρισμένην
1307 259 1381 295 παρὰ
1404 259 1455 294 τῆς
1472 260 1604 294 Προνοίας
1621 259 1709 294 κρίσιν
1726 259 1782 294 (59)
1800 260 1912 296 προλαμ

1133 305 1235 337 ὁάνειν,
1257 306 1318 342 μήτ’
1334 304 1367 333 αὖ
1395 305 1462 342 πρὸς
1489 305 1539 340 τὴν
1565 305 1720 340 οἰκονομίαν
1745 306 1830 340 αὐτῆς
1851 307 1917 333 ἀντι-

1133 352 1274 388 πράττειν,
1291 353 1331 384 είς
1345 353 1378 387 ἢν
1399 352 1446 378 καὶ
1467 351 1685 386 φυλαττομένους
1699 352 1812 383 ἑαυτοὺς
1829 352 1918 386 ἐγίνω-

1133 406 1212 424 σκον·
1231 398 1273 424 ἵνα
1292 397 1329 433 μὴ
1352 398 1416 429 καὶ,
1441 396 1584 433 προπετῶς
1611 397 1790 431 πράττοντες,
1820 397 1916 431 ἑαυτοῖς

1110 443 1158 470 καὶ
1190 443 1357 478 γέγραπται·
1394 444 1420 469 '0
1459 442 1611 477 προπετὴς
1642 443 1757 476 χείλεσι
1799 444 1917 477 πτοήσει

1164 533 1206 560 18.
1233 533 1341 569 ’Λμέλει
1355 533 1482 560 τοσοῦτον
1500 531 1570 569 ἦσαν
1586 536 1839 571 παρεσκευασμένοι
1855 539 1917 573 προς

1127 579 1176 614 τὴν
1189 579 1238 614 τῆς
1249 578 1375 614 ἀνδρείας
1387 579 1499 614 ἀρετὴν.
1521 579 1559 611 ὡς
1574 579 1641 616 μηδὲ
1655 580 1699 607 τὸν
1714 581 1831 616 τυχόντα
1844 583 1916 609 δύνα-

1129 625 1190 651 σθαι
1204 625 1326 652 διστάσαι
1344 625 1408 661 περὶ
1430 625 1535 652 τούτου.
1557 626 1585 652 Ὁ
1605 626 1654 662 μὲν
1674 627 1729 663 γάρ
1749 628 1917 664 πατριάρχης

1135 671 1231 698 Ἰακὼὸ
1241 692 1249 704 ,
1265 672 1373 706 φεύγων
1396 671 1526 708 πρότερον
1541 672 1586 698 τὸν
1603 672 1690 699 Ἠσαῦ
1704 693 1711 704 ,
1731 673 1781 700 οὐκ
1799 674 1915 710 ἐφοϐήθη

1125 718 1247 752 παρόντα
1262 717 1308 744 τὸν
1320 718 1448 744 θάνατον’
1472 718 1572 753 μᾶλλον
1587 718 1641 754 γὰρ
1652 719 1681 745 ὲν
1692 718 1766 753 αὐτῷ
1778 719 1816 754 τῷ
1833 719 1917 755 καιρῷ

1126 763 1185 789 κατ’
1201 763 1280 796 ἀξίαν
1304 764 1418 790 ἕκαστον
1435 764 1488 790 τῶν
1508 764 1686 800 πατριαρχῶν
1702 765 1831 800 ηὐλόγει·
1854 766 1868 791 ὁ
1889 766 1916 792 δὲ

1127 807 1213 842 μέγας
1229 807 1341 842 Μωσῆς,
1363 808 1550 843 κρυπτόμενος
1564 808 1616 844 πρὸ
1634 809 1728 835 τούτου
1746 809 1790 836 τὸν
1807 809 1915 845 Φαραὼ,

1124 854 1171 879 καὶ
1198 853 1232 879 δι’
1254 854 1334 880 αὐτὸν
1362 854 1542 889 ἀποδημήσας
1571 855 1610 886 είς
1633 855 1761 890 Μαδιὰμ,
1787 855 1914 888 ἀκούσας,

1125 900 1247 926 Ἃπελθε
1260 900 1303 932 εἰς
1310 899 1469 933 Αἴγυπτον,
1486 901 1535 926 οὐκ
1544 901 1663 937 ὲφοῦήθη
1674 910 1681 916 '
1696 901 1777 928 πάλιν
1791 910 1820 928 τε
1832 911 1915 937 προσ-

1121 946 1232 980 ταχθεὶς
1255 946 1386 982 ἀναϐῆναι
1404 946 1459 981 (41)
1483 949 1522 979 είς
1541 947 1571 973 τὸ
1593 947 1655 982 ὅρος
1687 948 1718 974 τὸ
1742 947 1851 983 Ἀϐαρεὶ
1869 949 1916 975 καὶ

1122 993 1261 1028 τελευτᾷν;
1282 993 1313 1019 οὺ
1328 992 1465 1024 δειλιάσας
1480 993 1639 1028 ἀπέμεινεν,
1658 993 1724 1020 ἀλλά
1739 994 1786 1020 καὶ
1801 994 1916 1029 ἄσμενος

1122 1037 1252 1073 ὥρμησεν
1265 1038 1305 1070 είς
1321 1038 1412 1064 αὐτόν.
1427 1038 1482 1064 Καὶ
1498 1039 1512 1065 ό
1525 1039 1574 1073 μὲν
1590 1038 1682 1070 Δαϐὶδ,
1695 1038 1802 1073 φεύγων
1817 1039 1914 1075 πρότε-

1123 1093 1169 1119 ρον
1183 1084 1228 1110 τὸν
1243 1084 1341 1116 Σαοὺλ,
1359 1084 1407 1110 οὐκ
1431 1083 1553 1118 ἐφοϐεῖτο
1569 1084 1784 1120 προκινδυνεύων
1809 1086 1838 1112 ἐν
1860 1087 1916 1118 τοῖς

1122 1130 1251 1166 πολέμοις
1271 1130 1340 1166 ὑπὲρ
1363 1130 1418 1157 τῶν
1441 1130 1532 1157 λαῶν·
1555 1130 1623 1157 ἀλλά
1645 1131 1691 1157 καὶ
1716 1132 1780 1166 περὶ
1799 1131 1913 1158 θανάτου

1121 1176 1167 1203 καὶ
1189 1176 1279 1211 φυγῆς
1305 1175 1410 1211 αἵρεσιν
1431 1175 1561 1208 ἀκούσας,
1580 1175 1639 1208 ἐξὸν
1654 1176 1728 1212 αὑτῷ
1742 1177 1852 1211 φεύγειν
1869 1178 1914 1204 καὶ

1121 1223 1182 1258 ζῇν,
1202 1222 1300 1257 μᾶλλον
1315 1222 1403 1248 εἵλετο
1417 1221 1462 1249 τὸν
1478 1221 1593 1248 Θάνατον
1605 1224 1619 1249 ό
1636 1223 1716 1257 σοφός
1726 1231 1732 1238 ·
1758 1223 1772 1249 ό
1786 1223 1813 1250 δὲ
1829 1223 1913 1258 μέγας

1127 1268 1219 1301 Ἠλίας
1231 1289 1238 1300 ,
1259 1268 1447 1304 κρυπτόμενος
1459 1267 1540 1294 πάλαι
1556 1267 1604 1303 τὴν
1627 1267 1754 1300 Ἰεζάϐελ,
1778 1269 1827 1295 οὐκ
1847 1269 1912 1295 ἐδει-

1120 1315 1220 1347 λίασεν,
1235 1314 1354 1346 ἀκούσας
1370 1314 1445 1350 παρά
1465 1314 1511 1341 τοῦ
1533 1314 1690 1350 Πνεύματος
1703 1315 1857 1350 ἀπαντῆσαι
1873 1315 1912 1350 τῷ

1125 1361 1237 1396 Ἀχαὰ6,
1253 1361 1299 1387 καὶ
1317 1360 1363 1387 τὸν
1378 1360 1500 1396 Ὀχοζίαν
1520 1360 1574 1395 (42)
1589 1360 1707 1394 ἐλέγξαι.
1734 1361 1835 1395 Πέτρος
1855 1361 1883 1388 δὲ
1897 1362 1912 1388 ό

1119 1407 1163 1434 διὰ
1178 1407 1223 1433 τὸν
1240 1406 1322 1441 φόϐον
1341 1406 1394 1432 τῶν
1413 1405 1545 1432 Ἰουδαίων
1560 1405 1763 1441 κρυπτόμενος,
1780 1402 1825 1432 καὶ
1838 1405 1912 1432 Παῦ-

1119 1453 1163 1486 λος
1171 1453 1185 1479 ὁ
1193 1452 1338 1484 ἀπόστολος
1347 1453 1376 1478 ἐν
1385 1452 1506 1487 σαργάνῃ
1515 1451 1659 1487 χαλασθεὶς
1668 1452 1716 1478 καὶ
1725 1453 1827 1486 φυγὼν,
1837 1452 1914 1479 ἀκού-

1120 1508 1223 1531 σαντες,
1252 1499 1299 1530 Εἰς
1318 1497 1425 1534 (45-44)
1445 1497 1553 1533 Ῥώμην
1572 1497 1612 1524 δεῖ
1633 1498 1705 1533 ὑμᾶς
1728 1499 1912 1534 μαρτυρῆσαι,

283 1542 329 1576 qui
352 1541 379 1569 in
398 1546 488 1577 sporta
509 1543 644 1570 demissus
668 1543 708 1571 sic
731 1549 876 1576 evaserat,
901 1545 943 1572 his
969 1546 1068 1574 auditis

1123 1547 1169 1573 οὐκ
1182 1545 1342 1572 ἀνεϐάλοντο
1361 1543 1409 1579 τὴν
1429 1543 1597 1579 ἀποδημίαν·
1620 1544 1760 1579 χαίροντες
1772 1544 1800 1570 δὲ
1815 1545 1914 1579 μᾶλλον

281 1588 385 1619 verbis,
404 1588 516 1623 Oportet
541 1597 590 1616 vos
603 1589 697 1617 Romae
714 1590 872 1625 martyrium
890 1591 991 1623 subire,
1007 1599 1070 1626 pro-

282 1634 382 1662 fectum
403 1642 457 1662 non
475 1634 602 1662 distulere
622 1643 711 1668 suum,
736 1636 791 1663 imo
809 1638 897 1670 potius
921 1638 1068 1672 gaudentes

281 1681 421 1714 abierunt,
438 1685 465 1707 et
490 1680 535 1708 ille
551 1681 660 1716 quidem
682 1686 712 1708 ut
732 1682 765 1709 ad
781 1690 844 1709 suos
861 1691 1020 1717 properans,
1035 1683 1068 1711 de

282 1734 349 1753 nece
357 1734 404 1754 sua
414 1726 557 1761 gaudebat,
568 1727 611 1754 hic
628 1735 693 1754 vero
707 1735 766 1755 cum
784 1733 890 1763 tempus
904 1729 1010 1761 adesset
1024 1737 1071 1756 ne-

282 1779 415 1807 quaquam
426 1772 581 1804 exhorruit,
595 1773 641 1800 sed
657 1773 847 1808 gloriabundus
863 1774 902 1800 ait
917 1783 923 1801 :
938 1773 992 1810 Ego
1000 1774 1069 1801 enim

279 1826 336 1853 μνη
353 1818 466 1851 detibor,
477 1823 500 1845 et
513 1824 612 1853 tempus
628 1819 794 1847 resolutionis
807 1828 870 1847 meo:
881 1821 960 1848 instat
971 1822 1004 1847 ".

319 1862 362 1889 19.
383 1862 447 1890 Haec
461 1867 551 1891 autem
570 1869 643 1891 recte
662 1864 819 1896 declarant,
841 1872 890 1892 nec
903 1865 1020 1899 priorem
1036 1867 1069 1894 il-

282 1908 368 1935 lorum
389 1908 479 1943 fugam
497 1916 531 1937 ex
550 1915 623 1937 metu
644 1909 727 1937 fuisse
750 1916 914 1945 susceptam.
937 1919 985 1939 nec
1008 1920 1069 1947 quae

282 1953 310 1980 in
331 1953 457 1987 praesenti
482 1954 598 1988 agebant
628 1954 748 1990 vulgaris
773 1955 915 1991 cujusdam
942 1957 1069 1985 facinoris

282 1999 477 2031 testimonium,
497 2000 544 2027 sed
566 2007 669 2034 magna:
687 2001 808 2033 virtutis,
833 2001 998 2031 fortitudinis
1018 2004 1070 2031 sci-

282 2043 365 2076 licet,
379 2049 568 2079 argumentum
582 2053 652 2073 esse.
674 2045 766 2080 Neque
787 2048 859 2074 enim
874 2056 922 2084 per
933 2050 1068 2084 ignaviam

281 2090 461 2122 secedebant,
478 2090 524 2118 sed
541 2096 604 2118 tunc
629 2092 777 2126 impensius
794 2095 929 2128 augebant
944 2103 1021 2123 suam
1041 2099 1068 2124 in

281 2137 383 2164 virtute
402 2137 636 2166 exercitationem.
651 2137 743 2173 Neque
758 2140 792 2167 ob
808 2140 896 2176 fugam
914 2142 1067 2177 intprohuli,

281 2183 325 2211 vel
339 2183 493 2212 timiditatis
505 2185 624 2212 accusati
639 2191 703 2212 sunt
717 2187 750 2214 ab
765 2187 917 2221 huiusmodi
932 2189 1008 2222 viris,
1023 2197 1069 2218 cu-

1120 1591 1240 1628 ἀπῆλθον
1252 1599 1258 1606 ·
1276 1590 1323 1617 καὶ
1344 1591 1358 1616 ό
1380 1590 1440 1624 μὲν,
1456 1589 1493 1621 ὡς
1512 1590 1580 1625 πρὸς
1595 1590 1659 1621 τοὺς
1681 1589 1762 1621 ἰδίους
1780 1590 1912 1622 σπεύδων,

1120 1638 1251 1672 ὲγάννυτο
1268 1635 1446 1671 σφαζόμενος,
1469 1637 1483 1662 ό
1502 1635 1532 1662 δὲ
1555 1635 1602 1662 καὶ
1626 1635 1745 1671 παρόντα
1761 1636 1806 1662 τὸν
1819 1637 1914 1671 καιρὸν

1119 1685 1149 1711 οὐ
1179 1684 1378 1719 κατέπτησσεν,
1398 1682 1466 1709 ἀλλὰ
1493 1682 1541 1709 καὶ
1560 1683 1694 1717 ἐκαυχᾶτο
1708 1682 1813 1716 λέγων’
1842 1683 1916 1718 Ἐτὼ

1119 1730 1174 1765 γὰρ
1191 1729 1249 1764 ἤδη
1267 1728 1444 1763 σπένδομαι,
1461 1728 1510 1755 καὶ
1527 1729 1543 1754 ὁ
1559 1727 1659 1762 καιρὸς
1673 1727 1729 1761 τῆς
1738 1728 1916 1768 ἀναλεξσεώς

1116 1785 1176 1811 μου
1192 1775 1372 1810 ἐφέστηκεν.

1155 1822 1198 1849 19.
1213 1821 1306 1848 Ταῦτα
1315 1821 1342 1848 δὲ
1354 1820 1415 1847 οὕτε
1428 1820 1477 1856 τὴν
1487 1820 1621 1856 προτέραν
1633 1819 1722 1846 αὐτῶν
1734 1820 1822 1855 φυγὴν
1844 1821 1918 1847 κατὰ

1119 1868 1218 1895 δειλίαν
1231 1867 1393 1902 γεγενῆσθαι
1407 1866 1542 1893 δείκνυσιν
1554 1886 1560 1898 ,
1576 1865 1637 1892 οὗτε
1649 1865 1732 1892 τανῦν
1747 1866 1797 1901 τὴν
1817 1865 1917 1901 τυχοῦ-

1120 1923 1170 1941 σαν
1190 1915 1280 1945 αὐτοῖς
1298 1912 1396 1949 πρᾶξιν
1413 1914 1564 1949 μαρτυρεῖ,
1584 1912 1704 1948 μεγάλην
1724 1911 1752 1938 δέ
1781 1920 1842 1938 τινα
1865 1914 1917 1947 τῆς

1119 1961 1244 1995 ἀνδρείας
1262 1960 1351 1987 αὐτῶν
1367 1960 1417 1994 τὴν
1441 1959 1542 1994 ἀρετὴν
1559 1958 1749 1994 ἀνακηρύττει.
1777 1958 1844 1984 Οὐδὲ
1860 1958 1916 1995 γὰρ

1119 2008 1178 2034 ἀντὶ
1197 2006 1253 2042 (45)
1269 2006 1403 2042 ῥᾳθυμίας
1419 2002 1490 2041 εἶχον
1506 2004 1555 2040 τὴν
1575 2004 1765 2040 ἀναχώρησιν,
1782 2003 1850 2031 ἀλλά
1869 2005 1918 2031 καὶ

1121 2053 1231 2089 μείζονα
1257 2052 1322 2079 τότε
1345 2051 1391 2078 τὸν
1408 2051 1483 2078 τόνον
1506 2051 1555 2086 τῆς
1587 2051 1729 2085 ἀσκήσεως
1753 2050 1894 2077 ἐπέτεινον
1908 2058 1915 2064 ·

1118 2100 1178 2127 οὐδὲ
1192 2099 1425 2133 κατεγινώσκοντο
1449 2097 1612 2132 φεύγοντες,
1630 2097 1689 2123 οὐδὲ
1712 2095 1918 2132 κατηγοροῦντο

1118 2146 1216 2178 δειλίας
1231 2146 1305 2180 παρά
1320 2144 1457 2175 τοιούτων,
1474 2141 1524 2170 οἷοι
1547 2143 1595 2170 νῦν
1618 2142 1673 2177 (46)
1696 2143 1764 2168 εἰσιν
1789 2139 1867 2168 οὗτοι
1891 2143 1917 2168 οἱ

1119 2191 1247 2227 φιλαίτιοι
1258 2198 1264 2204 ³
1284 2189 1351 2217 ἀλλὰ
1374 2189 1422 2216 καὶ
1437 2187 1536 2223 μᾶλλον
1554 2186 1752 2222 ἐμακαρίζοντο
1767 2187 1844 2220 παρά
1867 2185 1917 2212 τοῦ

279 2230 396 2265 jusmodi
418 2236 481 2258 sunt
498 2231 541 2258 isti
565 2232 598 2259 ad
626 2233 826 2261 criminandum
850 2238 985 2271 prompti;
1013 2237 1067 2264 imo

1123 2237 1222 2274 Κυρίου
1237 2237 1360 2271 λέγοντος
1371 2243 1377 2249 ·
1397 2234 1540 2268 Μακάριοι
1560 2234 1585 2259 οὶ
1607 2231 1794 2266 δεδιωγμένοι
1809 2231 1918 2258 ἕνεκεν

281 2282 347 2304 vero
363 2276 432 2303 beati
450 2276 482 2303 ab
497 2275 554 2311 ipso
572 2277 684 2304 Domino
702 2278 840 2312 prredicati
856 2285 938 2313 sunt,
951 2281 993 2309 his
1006 2290 1068 2309 ver-

281 2322 325 2349 bis
341 2331 347 2348 :
360 2321 435 2348 Beati
446 2322 490 2357 qui
500 2324 706 2356 persecutionem
719 2325 855 2358 patiuntur
869 2332 974 2361 propter
981 2328 1066 2362 justi-

283 2369 346 2394 tiam
363 2368 396 2394 "’.
415 2367 468 2394 Nec
486 2368 537 2395 iste
554 2368 630 2395 labor
651 2369 705 2396 illis
729 2369 818 2397 fructu
839 2373 954 2399 vacabat
975 2381 983 2400 :
1003 2382 1064 2402 nam

282 2413 352 2440 sicut
366 2421 462 2440 aurum
479 2414 505 2440 in
523 2414 631 2440 fornace
648 2415 791 2449 probatos,
807 2421 837 2444 ut
856 2418 894 2444 ait
912 2418 1063 2453 Sapientia,

283 2460 385 2487 invenit
398 2460 457 2487 illos
472 2459 601 2488 Dominus
616 2461 710 2496 dignos
725 2470 754 2490 se
771 2462 805 2490 ⁸⁸.
822 2463 855 2490 Et
870 2464 920 2498 ipsi
934 2469 988 2492 tum
1007 2473 1065 2493 ma-

317 2551 340 2568 "
364 2554 441 2578 t'rov.
470 2559 528 2583 χιιι,
553 2552 579 2578 3.

296 2587 340 2614 ‘10.
378 2587 401 2603 ⁵⁸
420 2587 483 2621 Sap.
499 2595 540 2619 ttt,
555 2587 582 2614 5.

318 2647 375 2683 (59)
396 2647 494 2683 Regius
505 2652 532 2675 et
543 2647 658 2683 Anglic.,
678 2646 779 2683 κρίσιν.
794 2645 876 2683 Είίνὶιῑ.
894 2645 1000 2683 κλῆσιν.

318 2681 374 2718 (40)
393 2681 490 2717 Regius
505 2681 600 2714 codex:
610 2681 721 2709 ἑαυτῶν.
732 2681 812 2714 Editi,
827 2682 942 2712 ἑαυτοῖς,
958 2681 1066 2708 rectius.

283 2719 353 2746 Infra
368 2719 485 2753 Anglia.
501 2719 613 2753 πτοήσει
630 2717 740 2744 ἑαυτοῦ.

318 2728 353 2746 [Nl
368 2728 485 2753 Augur...
501 2728 552 2745 πτο
574 2728 613 2745 σει
630 2728 740 2744 εαυτου.

318 2755 373 2789 (41)
385 2755 475 2787 Angl.,
487 2728 626 2788 Ἀνὰἓηθι.
643 2753 702 2789 Μοιι
719 2754 799 2784 idem,
816 2752 862 2778 καὶ
871 2750 1071 2789 τελεύταᾼδέιυ-

285 2789 310 2816 Ιο
322 2785 382 2824 pust
393 2791 419 2816 in
430 2785 536 2824 Anglic.
549 2785 717 2821 (tamam,
733 2789 760 2815 itt
785 2788 864 2815 editis
883 2794 948 2814 vero
960 2785 1006 2813 καί
1022 2787 1070 2813 de-

284 2823 335 2852 est.
350 2825 428 2859 Reg,
445 2823 514 2851 ἀλλά
524 2823 581 2850 καί.

321 2860 376 2895 (49.)
395 2860 498 2893 Anglic.
520 2859 599 2890 male,
614 2859 715 2890 Ὀζίαν.

269 2907 272 2911 <
321 2891 644 2930 (ιη’-Η)Ἁιιειίοῐιηηὸτι
660 2895 709 2927 εἰς.
725 2893 785 2922 Mox
798 2893 878 2929 idem,
894 2891 1072 2921 ἀπεϐάλοντο.

1119 2283 1324 2315 δικαιοσύνης.
1346 2280 1415 2306 Ἀλλ’
1431 2279 1492 2306 οὐδὲ
1504 2277 1644 2313 ἀνωφελὴς
1658 2277 1749 2308 αὺτοῖς
1762 2277 1776 2303 ό
1790 2276 1916 2307 τοιοῦτος

1119 2329 1222 2363 ὲγίνετο
1239 2328 1295 2363 (47)
1308 2328 1430 2362 κάματος
1444 2335 1450 2340 ·
1466 2325 1503 2357 ὠς
1517 2325 1570 2360 γὰρ
1585 2323 1685 2359 χρυσὸν
1696 2323 1724 2349 ἐν
1737 2322 1916 2358 χωνευτηρίῳ

1117 2374 1331 2410 δοκιμασθέντας
1341 2393 1348 2405 ,
1362 2373 1399 2404 ὼς
1418 2370 1494 2398 εἶπεν
1506 2372 1523 2407 ή
1536 2371 1632 2404 Σοφία,
1651 2368 1776 2404 εὕρισκεν
1789 2368 1892 2399 αὐτοὺς
1902 2368 1916 2393 ό

1117 2419 1184 2451 Θεὸς
1208 2418 1299 2452 ἀξίους
1320 2416 1426 2444 ἑαυτοῦ.
1446 2416 1502 2443 Καὶ
1524 2414 1599 2441 αὐτοὶ
1612 2413 1668 2448 (48)
1685 2413 1744 2439 τότε
1764 2413 1867 2448 μᾶλλον
1878 2413 1917 2444 ὡς

1122 2465 1270 2501 σπινθῆρες
1284 2464 1439 2499 ἀνέλαμπον
1449 2484 1456 2496 ,
1472 2461 1619 2497 σωζόμενοι
1633 2459 1681 2495 μὲν
1693 2459 1747 2486 ἀπὸ
1760 2459 1815 2486 τῶν
1829 2468 1919 2487 κατα-

618 2553 640 2569 ¹³
654 2553 752 2581 Cenes.
766 2562 839 2581 ttth.
875 2553 898 2569 ⁵⁸
917 2552 1002 2580 Exod.
1018 2561 1060 2586 ιιι,

1160 2553 1182 2569 ⁵⁸
1201 2553 1279 2581 Deut.
1294 2551 1428 2583 xum“).
1465 2551 1489 2566 ⁸⁸
1502 2549 1523 2578 ll
1535 2549 1606 2579 Tim.
1619 2560 1657 2592 ιν,
1672 2551 1699 2580 6.
1737 2552 1760 2568 "’
1773 2551 1874 2580 Matth.
1888 2560 1917 2583 ν,

1120 2645 1192 2673 Infra
1205 2646 1271 2679 Reg.
1284 2651 1311 2674 et
1324 2646 1389 2673 edit.
1404 2646 1547 2677 Commel..
1560 2646 1628 2681 πρὸς
1643 2646 1706 2678 τοὺς
1724 2645 1817 2678 ἰδίους.
1831 2645 1920 2680 Aegi.

1117 2689 1145 2708 et
1161 2682 1225 2708 edit.
1243 2681 1342 2717 Paris,
1359 2682 1427 2717 πρὸς
1444 2682 1506 2711 τοὺς
1517 2682 1671 2714 Ἰουδαίους,
1687 2682 1776 2709 minus
1791 2687 1879 2713 recte,
1891 2686 1922 2708 et

1120 2717 1156 2743 ita
1176 2717 1240 2750 legit
1250 2716 1386 2744 Nannius.
1486 2724 1488 2727 '

1153 2751 1210 2786 (45)
1228 2751 1420 2786 Αιιειίοηορδὲ
1437 2751 1491 2786 γὰρ
1503 2751 1575 2778 οὐδέ.

1167 2787 1212 2821 46)
1227 2784 1346 2822 Anglic”;
1357 2784 1412 2813 οἷον
1422 2784 1513 2813 οίνῧν.

1167 2823 1213 2858 47)
1224 2822 1340 2857 Anglie.,
1355 2821 1528 2856 ἐγινώσκετο.
1543 2821 1603 2850 Mox
1620 2821 1700 2856 idem,
1720 2821 1846 2858 χρυσίον.

1157 2826 1199 2855 μ’]
1224 2826 1340 2857 Anglie.,
1355 2826 1490 2856 ἐγινώσκει

1157 2826 1213 2895 (483
1228 2858 1347 2893 Anglic.,
1360 2857 1441 2884 Αὐτοὶ
1451 2857 1490 2885 δέ.
