2007 3044
136 147 187 174 669

731 151 901 180 APOLOGIA
919 151 962 179 DE
981 150 1075 180 FUGA
1093 151 1172 180 SUA.

1702 149 1756 179 870

134 210 284 237 διωκόντων
300 209 397 242 αὐτοὺς
408 230 415 242 ,
435 210 578 245 ῥυσθέντες
592 210 620 237 δὲ
644 211 677 237 ὲκ
688 211 742 238 τῶν
758 212 919 246 ἐπιϐουλῶν,

976 212 1013 247 gis
1027 212 1103 247 quasi
1119 211 1243 240 scintillae
1259 211 1426 247 refulgebant
1444 221 1450 238 :
1468 211 1552 246 erepti
1567 218 1581 238 a
1598 215 1741 246 pet-secuto

135 256 182 281 sta".
196 255 239 281 διὰ
260 255 338 282 τοῦτο
362 256 542 291 φυλαχθέντες
566 258 621 289 τοῖς
646 257 718 288 λαοῖς
735 259 775 289 είς
795 258 922 285 διδασκα-

135 299 205 332 λίαν,
222 300 291 327 ὥστε
307 302 353 328 καὶ
368 301 417 338 τὴν
431 302 520 338 φυγὴν
540 303 639 336 αὐτῶν,
667 304 713 330 καὶ
727 304 757 330 τὸ
781 305 921 340 διαδρᾶναι

135 345 188 373 τῶν
196 346 346 381 ζητούντων
354 347 399 374 τὸν
411 347 507 383 θυμὸν,
520 348 579 375 κατ’
587 349 742 384 οἰκονομίαν
757 350 921 386 τοῦ”Κυρίου

135 391 313 426 γεγενῆσθαι·
326 392 388 418 τότε
410 392 464 428 γὰρ
485 392 571 424 οὕτως
588 393 635 419 καὶ
650 393 781 428 θεοφιλεῖς
793 395 921 429 ἐγίνοντο,

136 438 182 464 καὶ
193 437 338 473 καλλίστην
357 437 428 474 εῐχον
440 439 490 474 τῆς
506 439 687 475 ἀνδραγαθίας
701 440 749 476 τὴν
758 441 920 477 μαρτυρίαν.

170 515 214 543 20.
237 517 265 544 Ὀ
285 518 350 551 γοῦν
368 517 538 553 πατριάρχης
555 518 652 545 Ἰακὼϐ
672 520 779 554 φεύγων
794 520 923 547 πλειόνων

135 561 282 595 ὀπτασιῶν,
298 564 344 590 καὶ
357 563 460 592 τούτων
473 564 564 596 θείων,
580 563 752 600 κατηξιοῦτο·
764 567 810 592 καὶ
823 567 923 602 μᾶλλον

137 608 247 645 ἠρεμῶν
270 609 360 641 αὐτὸς,
385 609 463 645 ἔσχεν
486 610 555 645 ὑπὲρ
574 610 671 637 ἑαυτοῦ
695 611 740 638 τὸν
756 612 856 648 Κύριον
878 613 924 640 τὺν

138 655 187 690 μὲν
201 655 293 682 Λάϐαν
316 656 495 691 ὲντρέποντα,
514 657 560 684 τὸν
580 657 608 683 δὲ
627 657 711 684 Ἠσαῦ
727 658 922 694 ἐμποδίζοντα·

137 703 182 728 καὶ
196 702 264 738 μετὰ
279 702 364 729 ταῦτα
378 702 472 737 γέγονε
484 703 531 730 τοῦ
549 703 633 730 Ἰούδα
647 705 747 741 πατὴρ,
768 705 796 738 ἐξ
808 701 838 731 οὗ
854 696 924 732 κατὰ

137 749 226 784 σάρκα
249 748 385 775 ἀνέτειλεν
407 750 421 775 ὁ
436 748 547 784 Κύριος,
571 751 618 777 καὶ
646 750 696 782 τὰς
719 750 844 785 εὐλογίας
867 752 924 783 τοῖς

136 794 318 831 πατριάρχαις
335 795 488 830 διηκόνησε.
515 796 617 830 Μωσῆς
642 805 671 822 τε
690 797 704 823 ὁ
720 796 855 832 θεοφιλὴς,
879 797 923 823 ὅτε

135 841 243 876 ἔφευγε,
266 841 325 867 τότε
344 841 390 868 καὶ
403 841 452 877 τὴν
468 841 590 877 μεγάλην
608 842 703 877 ὅρασιν
719 840 783 874 εἶδε,
801 843 848 869 καὶ
869 842 924 869 δια-

136 887 232 919 σωθεὶς
252 887 306 914 ἀπὸ
325 888 378 914 τῶν
391 887 553 919 διωκόντων,
568 889 709 924 προφήτης
731 889 771 920 είς
787 889 923 923 Αἴγυπτον
940 892 961 922 Β

136 933 313 960 ἀπεστέλλετο
325 954 332 967 ,
349 934 470 966 διάκονός
482 943 511 961 τε
524 935 578 961 τῶν
591 934 724 961 τοσούτων
739 935 859 970 σημείων
877 936 924 962 καὶ

135 973 182 1007 τοῦ
196 980 278 1016 νόμου
290 980 445 1015 γενόμενος,
463 980 637 1016 καθηγήσατο
654 980 700 1008 τοῦ
713 981 841 1008 τοσούτου
859 981 924 1008 λαοῦ

136 1029 165 1054 ιν
182 1029 215 1064 τῇ
227 1028 331 1064 ἐρήμῳ.
349 1027 404 1054 Καὶ
417 1028 431 1053 ὁ
447 1027 495 1062 μὲν
505 1026 587 1053 Δαὸὶδ
599 1027 762 1062 διωκόμενος
777 1027 923 1054 ἐδίδασκεν·

143 1073 336 1108 Ὲξτιρεύξιιτο
358 1073 377 1107 ἠ
396 1072 502 1107 καρδία
525 1081 584 1107 μου
607 1074 700 1108 λόγον
717 1073 845 1108 ἀγαθὸν,
867 1074 924 1104 καὶ,

143 1120 169 1146 '0
186 1120 257 1152 Θεὸς
270 1118 354 1154 ἡμῶν
366 1118 504 1154 ἐμφανῶς
519 1118 599 1152 ἥξει·
616 1120 632 1145 ό
647 1119 718 1151 Θεὸς
729 1119 812 1154 ἡμῶν
829 1120 878 1146 καὶ
889 1120 925 1146 οὐ

137 1165 412 1201 παρασιωπήσεται.
431 1165 486 1192 Καὶ
504 1164 602 1200 μᾶλλον
618 1164 646 1191 δὲ
665 1165 740 1200 ἴσχυε
754 1165 840 1199 λέγων
853 1175 860 1181 ·
879 1166 927 1192 Ἐν

138 1211 200 1245 τοῖς
224 1211 342 1246 ἐχθροῖς
362 1220 422 1246 μου
441 1210 559 1237 ἐπεῖδεν
573 1211 589 1237 ὁ
604 1211 758 1245 ὀφθαλμός
777 1220 851 1246 μου”
878 1212 927 1238 καὶ

137 1257 217 1285 πάλιν
230 1266 237 1272 ⁸
262 1257 328 1284 Ἐπὶ
348 1256 387 1289 τῷ
398 1256 459 1288 Θεῷ
476 1255 602 1290 ἤλπισα,
618 1257 653 1283 οὐ
672 1257 879 1292 φοϐηθήσομαι
898 1258 927 1284 τί

137 1304 256 1337 ποιήσει
277 1312 327 1338 μοι
347 1302 510 1337 ἄνθρωπος.
537 1302 647 1337 Φεύγων
670 1312 700 1330 τε
716 1304 763 1330 καὶ
782 1304 928 1340 encampe-

138 1358 211 1376 σκων
225 1349 278 1376 ἀπὸ
297 1349 443 1385 προσώπου
455 1348 541 1375 Σαοὺλ
557 1349 597 1380 είς
612 1349 642 1375 τὺ
659 1349 800 1384 σπήλαιον,
819 1350 924 1384 ἔλεγεν·

144 1395 371 1428 Ἐξαπέστειλεν
385 1394 419 1426 ἐξ
433 1394 573 1429 οὐρανοῦ,
594 1395 642 1421 καὶ
659 1395 757 1422 ἔσωσέ
778 1404 816 1430 με
827 1417 834 1429 ,
854 1395 926 1423 ἐδω-

138 1450 192 1469 κεν
219 1443 262 1474 ει(-
278 1441 392 1474 ὄνειδος
419 1441 490 1474 τοὺς
522 1441 767 1475 καταπατοῶτάς
788 1451 835 1477 με.
862 1442 927 1475 Ἐξ-

137 1489 317 1516 απέο-τειλεν
336 1490 352 1515 d
372 1488 444 1521 Θεὸς
454 1487 488 1514 τὸ
502 1487 587 1520 ἕλεος
601 1487 694 1515 αὑτοῦ
708 1487 758 1514 καὶ
778 1487 836 1522 τὴν
855 1488 928 1522 ἀλή-

138 1535 221 1561 θειαν
231 1534 334 1566 αὐτοῦ,
351 1534 400 1560 καὶ
410 1534 558 1567 ὲῤῥύσατο
568 1533 625 1567 τὴν
640 1534 746 1568 ψυχήν
755 1543 814 1569 μου
827 1535 861 1562 ἐκ
875 1535 928 1570 μέ-

137 1587 196 1607 σου
212 1581 362 1615 σκύμνων.
379 1579 456 1606 Οὕτω
478 1579 506 1606 δὲ
526 1579 621 1612 σωθεὶς
635 1581 695 1606 κατ’
708 1580 862 1616 οἰκονομίαν
881 1582 928 1608 καὶ

138 1626 229 1657 αὐτὸς,
254 1625 347 1660 γέγονε
366 1624 435 1660 μετὰ
444 1624 530 1651 ταῦτα
544 1625 679 1660 βασιλεὺς,
694 1626 741 1652 καὶ
753 1626 801 1662 τὴν
814 1627 928 1662 ἐπαγγε-

138 1672 198 1699 λίαν
219 1672 297 1707 ἔσχεν
321 1672 354 1698 ὲκ
379 1671 537 1706 σπέρματος
556 1671 638 1698 αὐτοῦ
659 1671 703 1698 τὸν
725 1671 826 1707 Κύριον
849 1673 927 1708 ἡμῶν

138 1717 285 1745 ἀνατεῖλαι.
307 1718 336 1744 Ὁ
347 1717 375 1743 δὲ
390 1717 475 1752 μέγας
493 1717 585 1749 Ἠλίας
598 1717 747 1753 ἀναχωρῶν
763 1719 802 1750 είς
816 1719 847 1745 τὸ
858 1720 928 1755 Καρ-

141 1764 235 1800 μήλιον
251 1763 312 1799 δρος
328 1763 486 1790 ἐπεκαλεῖτο
497 1762 552 1798 (49)
572 1763 618 1789 τὸν
629 1763 694 1789 Θεόν
707 1771 714 1779 ν
736 1764 784 1790 καὶ
803 1764 866 1796 τοὺς
879 1766 928 1800 μὲν

138 1810 188 1844 τῆς
203 1809 276 1836 Βάαλ
291 1809 435 1844 προφήτας
449 1809 640 1844 τετρακοσίους
661 1809 741 1841 ὄντας
755 1810 801 1836 καὶ
820 1810 928 1843 πλείους

138 1855 244 1891 ἀθρόως
259 1854 403 1890 ὰπήλειψε,
418 1855 481 1886 τοὺς
495 1855 523 1882 δὲ
542 1855 717 1890 πεμφθέντας
732 1856 776 1882 ἐπ’
788 1857 868 1883 αὐτὸν
882 1857 929 1884 δύο

140 1901 392 1938 πεντηκοντάρχους
420 1902 489 1937 μετὰ
508 1901 563 1928 τῶν
585 1902 690 1933 ἑκατὸν,
715 1902 812 1937 λέγων,
835 1905 930 1930 Κατα-

140 1948 217 1981 ϐήτω
230 1949 290 1983 πῦρ
303 1949 352 1975 ἀπ’
371 1948 511 1982 οὐρανοῦ,
536 1949 565 1974 ὲν
585 1947 672 1983 τούτῳ
691 1948 737 1974 καὶ
754 1948 857 1980 τούτοις
884 1950 930 1976 ὲπ-

140 1995 252 2031 ετίμησε
264 2015 272 2026 ,
295 1995 440 2031 τετήρηται
466 1995 494 2021 δὲ
512 1995 558 2022 καὶ
573 1994 654 2026 αὐτὸς
665 2014 672 2026 ,
690 1994 759 2021 ὥστε
783 1994 828 2021 τὸν
845 1994 930 2021 Ἐλισ-

142 2043 216 2068 σαῖον
232 2041 290 2068 ἀνθ’
307 2042 404 2068 ἑαυτοῦ
423 2043 527 2077 χρῖσαι,
549 2043 597 2069 καὶ
612 2042 695 2074 τύπος
709 2042 749 2073 εἰς
762 2041 877 2077 ἄσκησιν
888 2050 930 2076 γε-

140 2087 233 2114 νέσθαι
249 2090 305 2119 τοῖς
320 2089 386 2120 υἱοῖς
400 2088 454 2114 τῶν
467 2089 624 2124 προφητῶν.
642 2087 746 2120 Παῦλος
765 2087 793 2114 δὲ
807 2088 821 2114 ὁ
839 2087 929 2123 μακά-

143 2143 199 2170 ριος
216 2134 345 2170 γράφων·
363 2135 452 2168 οἵους
474 2135 620 2170 διωγμοὺς
636 2134 803 2169 ὑπήνεγκα,
822 2135 872 2161 καὶ
896 2135 929 2161 ἐκ

142 2181 260 2209 πάντων
276 2190 315 2216 με
327 2182 471 2216 ὲρῤύσατο
487 2183 502 2208 ό
513 2182 631 2216 Κύριος,
648 2180 697 2208 καὶ
709 2181 845 2214 ῥύσεται,
863 2181 931 2216 μᾶλ-

974 259 1061 291 ribus,
1081 259 1116 286 ab
1135 266 1285 293 eorumque
1304 258 1410 286 insidiis
1433 257 1556 291 liberati,
1570 263 1656 291 eoque
1679 261 1758 291 pacto

971 305 1090 337 servati,
1117 309 1147 332 ut
1163 305 1274 340 populos
1298 307 1456 332 edocercnl.
1478 304 1571 338 Itaque
1585 304 1657 338 quod
1679 303 1758 338 fugo-

972 352 1037 382 rint,
1057 356 1083 378 et
1097 351 1167 386 quod
1189 352 1367 386 quaerentium
1381 358 1410 378 se
1427 350 1547 378 furorem
1563 349 1711 382 evaserint,
1726 349 1759 376 il:

973 397 1016 425 lud
1034 405 1065 424 ex
1082 398 1186 425 Domini
1209 397 1411 432 dispensatione
1427 396 1526 424 factum
1543 401 1584 423 est
1608 405 1614 423 :
1632 404 1664 424 eo
1684 396 1757 424 enim

972 445 1052 472 modo
1066 451 1130 471 tunc
1144 445 1198 472 Deo
1222 444 1279 471 cari
1303 443 1412 475 redditi,
1429 448 1456 470 et
1475 443 1687 477 pulcherrimum
1701 441 1758 469 for-

974 491 1097 518 titudinis
1110 498 1164 518 suze
1177 490 1363 518 testimonium
1379 494 1440 516 sunt
1454 489 1601 516 consecuti.

1008 537 1054 564 20.
1073 535 1233 563 Patriarcha
1245 540 1319 562 certe
1333 533 1416 562 Jacob
1430 535 1491 562 dum
1505 534 1621 569 fugeret,
1636 533 1758 568 pluribus

973 582 1133 614 visionibus,
1149 582 1266 616 ipsisque
1276 581 1384 613 divinis,
1402 580 1497 615 dignus
1511 585 1553 607 est
1563 580 1686 611 habitus;
1702 579 1758 608 imo

974 628 1037 655 dum
1053 629 1109 663 ipse
1124 627 1150 654 in
1171 626 1263 662 quiete
1278 626 1397 661 degeret,
1411 625 1554 653 Dominum
1569 625 1759 660 opitulatorem

974 673 1083 705 habuit,
1098 673 1143 708 qui
1166 672 1258 699 Laban
1283 672 1387 706 pudore
1405 670 1533 702 suﬂ‘ndit,
1553 675 1579 698 et
1599 671 1668 698 Esau
1681 678 1759 698 coer-

974 720 1029 748 cuit
1042 720 1075 747 ‘9.
1095 719 1120 746 ls
1134 726 1243 753 quoque
1263 724 1324 753 post
1338 718 1395 745 haec
1413 722 1490 752 pater
1507 717 1556 744 fuit
1570 716 1646 744 Iudae
1659 723 1691 743 ex
1705 723 1760 750 quo

975 765 1121 793 secundum
1137 772 1246 792 carnem
1263 768 1339 791 ortus
1356 769 1398 792 est
1420 763 1550 791 Dominus
1569 772 1575 790 :
1594 762 1760 790 benedictio-

975 819 1076 846 nesque
1101 811 1159 846 ipse
1184 810 1345 846 patriarchis
1372 808 1546 844 di5pensavit.
1566 807 1672 844 Moyses
1695 807 1760 835 item

974 857 1031 885 Deo
1054 864 1132 884 carus
1151 861 1206 884 tum
1230 863 1354 891 magnam
1381 854 1454 882 illam
1473 854 1604 882 visionem
1618 854 1761 889 conspexit

975 911 1036 931 eum
1059 902 1178 938 fugeret,
1196 906 1223 929 et
1243 910 1257 928 a
1275 900 1497 936 persequentibus
1523 900 1667 932 liberatus,
1695 907 1760 934 pro-

974 949 1054 984 pheta
1077 949 1104 975 in
1126 947 1273 984 Egyptum
1290 947 1407 979 missus,
1431 951 1620 981 tantorumque
1637 946 1761 973 minister

974 995 1113 1030 signorum
1136 994 1259 1027 ell‘ectus,
1286 993 1376 1029 populi
1404 993 1512 1020 tandem
1537 992 1563 1019 in
1592 999 1683 1019 eremo
1707 992 1761 1019 dux

976 1041 1035 1068 fuit.
1057 1041 1090 1068 Et
1115 1040 1197 1068 David
1221 1047 1283 1068 cum
1305 1039 1522 1074 persecutionem
1541 1042 1680 1073 pateretur
1703 1038 1761 1066 hate

976 1086 1067 1114 docuit
1083 1094 1090 1113 :
1107 1085 1244 1112 Eructavit
1259 1092 1305 1112 cor
1316 1093 1399 1111 meum
1416 1084 1522 1110 verbum
1535 1084 1630 1110 bonum
1645 1083 1668 1099 ”
1695 1091 1702 1111 :
1723 1088 1760 1116 et,

976 1132 1045 1159 Deus
1057 1136 1144 1159 noster
1160 1131 1241 1167 263
1255 1131 1394 1165 manifeste
1410 1131 1491 1158 veniet
1509 1137 1518 1157 :
1537 1130 1605 1157 Deus
1621 1135 1719 1162 noster,
1736 1134 1761 1157 et

976 1186 1027 1205 non
1046 1175 1131 1205 sile'bit
1147 1177 1180 1204 ⁸¹.
1201 1178 1257 1204 lmo
1272 1178 1359 1211 magis
1377 1176 1490 1204 invaluit
1511 1184 1572 1204 cum
1597 1177 1654 1203 haec
1669 1176 1737 1203 dixit
1752 1184 1760 1203 :

976 1223 1102 1251 Inimicos”
1118 1215 1186 1251 nieos
1198 1224 1313 1258 despexit
1331 1223 1422 1250 oculus
1439 1230 1512 1249 meus
1526 1223 1547 1238 θ’
1565 1229 1573 1248 :
1589 1228 1616 1249 et
1629 1230 1736 1250 rursum
1752 1231 1760 1250 :

976 1269 1010 1297 In
1024 1269 1078 1297 Deo
1091 1270 1202 1304 speravi.
1217 1277 1269 1296 non
1281 1269 1375 1296 timebo
1386 1269 1448 1304 quid
1461 1269 1544 1303 faciat
1559 1268 1622 1294 mihi
1638 1268 1715 1295 homo
1726 1268 1760 1295 ".

976 1314 1042 1342 Cum
1059 1319 1146 1342 autem
1165 1315 1280 1349 fugeret,
1295 1321 1310 1341 α
1323 1313 1444 1349 facieque
1458 1314 1547 1352 Saulis
1561 1314 1587 1340 in
1603 1313 1763 1348 speluncam

977 1361 1150 1394 declinaret,
1162 1361 1219 1388 haec
1236 1361 1295 1388 ait:
1315 1361 1387 1388 Misit
1409 1361 1441 1388 de
1456 1360 1519 1388 caelo
1535 1365 1560 1388 et
1576 1361 1685 1388 saluauit
1709 1369 1761 1394 me,

977 1408 1049 1434 dedit
1066 1407 1093 1434 in
1106 1408 1271 1442 opprobrium
1284 1407 1466 1434 conculcanm
1479 1415 1530 1434 me.
1548 1406 1620 1434 Misit
1633 1407 1702 1434 Deus
1716 1407 1764 1434 mi.

977 1453 1147 1480 sericordiam
1164 1461 1239 1479 suam
1252 1458 1276 1479 et
1295 1453 1429 1479 veritatem
1445 1459 1531 1484 suam,
1549 1455 1574 1478 et
1587 1451 1683 1485 eripuit
1703 1450 1762 1477 ani.

978 1507 1047 1525 mam
1062 1506 1145 1525 meam
1159 1498 1189 1525 de
1201 1499 1286 1525 media
1303 1498 1450 1525 catulorum
1464 1497 1567 1524 leonum
1581 1497 1613 1524 “.
1626 1497 1714 1532 Atque
1726 1497 1764 1524 ita

979 1550 1102 1573 servatus
1118 1545 1174 1579 ipse
1189 1553 1237 1579 per
1251 1544 1297 1572 Dei
1310 1543 1507 1580 providentiam
1521 1544 1548 1570 in
1565 1550 1654 1578 regem
1671 1547 1764 1578 postea

981 1590 1032 1618 fuit
1049 1595 1205 1626 cooptatus,
1228 1590 1444 1625 promissumque
1466 1589 1518 1616 fuit
1541 1589 1578 1616 illi
1594 1596 1632 1627 .ex
1658 1589 1764 1616 semine

980 1637 1038 1671 ejus
1054 1637 1195 1665 Dominum
1216 1641 1340 1664 nostrum
1361 1635 1508 1663 oriturum.
1533 1634 1644 1670 Magnus
1669 1637 1764 1662 autem

979 1681 1053 1710 Elias
1066 1683 1128 1710 dum
1144 1683 1179 1710 ad
1195 1681 1347 1710 Carmelom
1375 1685 1495 1708 montem
1512 1680 1662 1712 secederet,
1677 1679 1762 1707 Deum

980 1728 1127 1757 invocavit.
1143 1728 1220 1764 Isque
1236 1728 1293 1762 ipse
1305 1727 1393 1754 Baalis
1408 1726 1553 1761 prophetas
1570 1733 1683 1753 numero
1697 1732 1763 1760 qua-

981 1774 1149 1810 dringentos,
1168 1775 1222 1802 imo
1241 1773 1343 1808 plures,
1358 1780 1412 1799 una
1430 1771 1529 1800 delevit
1544 1780 1550 1798 :
1567 1771 1634 1799 duos
1648 1778 1713 1799 vero
1730 1771 1764 1798 ad

979 1828 1009 1849 se
1028 1821 1130 1856 legatos
1144 1819 1389 1856 quinquagenarias
1404 1826 1465 1846 cum
1485 1822 1594 1846 centum
1607 1817 1682 1850 viris,
1706 1817 1764 1845 haec

979 1867 1150 1902 proferendo,
1161 1867 1307 1894 Descendat
1318 1867 1385 1902 ignis
1397 1866 1428 1893 de
1436 1865 1499 1893 uelo
1511 1865 1546 1897 “,
1557 1865 1596 1893 sic
1606 1865 1666 1893 illos
1681 1865 1762 1898 ultus,

981 1914 1038 1949 ipse
1058 1918 1181 1941 servatus
1196 1918 1256 1945 est,
1274 1917 1302 1940 ut
1320 1913 1380 1940 vice
1398 1912 1441 1940 sui
1459 1911 1585 1939 Elismum
1610 1911 1763 1947 inungeret,

981 1966 1064 1994 seque
1078 1959 1135 1993 ipse
1145 1959 1169 1984 in
1180 1958 1331 1993 exemplum
1342 1957 1365 1974 ⁸⁸
1379 1957 1413 1985 ad
1425 1957 1531 1984 virtutis
1540 1957 1764 1984 exercitationem

982 2004 1043 2033 [iliis
1065 2004 1256 2040 prophetarum
1282 2003 1434 2031 exhiberet.
1456 2003 1556 2031 Beatus
1578 2010 1644 2030 vero
1663 2002 1764 2030 Paulus

980 2058 1041 2077 cum
1057 2050 1114 2077 haec
1131 2050 1295 2084 scripsisset,
1320 2049 1417 2082 Quales
1433 2050 1625 2084 persecutiones
1639 2048 1764 2080 sustinui.

979 2100 1005 2123 et
1019 2104 1051 2123 ea:
1065 2096 1187 2123 omnibus
1201 2097 1297 2131 eripuit
1312 2103 1352 2123 me
1368 2095 1507 2128 Dominus,
1521 2099 1546 2122 et
1560 2095 1655 2129 eripiet
1671 2095 1705 2127 ⁸⁷,
1718 2094 1764 2122 de-

980 2142 1044 2170 hinc
1063 2142 1149 2178 magis
1163 2142 1286 2175 invaluit,
1297 2142 1355 2169 haec
1371 2141 1445 2169 aiens
1459 2150 1466 2169 :
1482 2141 1534 2169 Sed
1548 2142 1575 2168 in
1589 2141 1630 2168 Itis
1646 2140 1764 2167 omnibus

980 2196 1133 2223 supernatus
1149 2196 1158 2214 :
1178 2187 1244 2215 nihil
1271 2189 1341 2215 enim
1365 2196 1411 2215 nos
1439 2187 1571 2221 separabit
1595 2195 1612 2213 a
1637 2185 1764 2212 chariton

141 2227 185 2255 λον
200 2228 276 2263 ἴσχυε
291 2227 377 2262 λέγων
388 2236 394 2243 ·
417 2228 492 2255 Ἀλλ’
506 2228 541 2255 ἐν
561 2228 677 2260 τούτοις
697 2227 794 2255 πᾶσιν
811 2229 926 2261 ὑπερνι-

982 2233 1078 2260 Cltristi
1093 2234 1126 2261 ⁸³.
1147 2232 1223 2261 Tunc
1245 2233 1316 2261 enim
1341 2233 1470 2268 temporis
1493 2239 1578 2267 usque
1599 2232 1632 2258 ad
1655 2231 1764 2258 tertium

141 2274 248 2308 πῶμεν,
268 2273 358 2301 οὐδὲν
371 2273 425 2308 γὰρ
444 2273 520 2308 ἡμᾶς
532 2274 652 2308 χωρίσει
665 2272 724 2300 ἀπὸ
744 2272 799 2307 τῆς
814 2272 926 2307 ἀγάπης

981 2278 1079 2306 caelum
1098 2283 1202 2314 raptus,
1217 2283 1244 2306 et
1262 2279 1288 2306 in
1305 2279 1460 2314 paradisum
1475 2277 1590 2309 delatus.
1612 2276 1666 2303 illic
1688 2275 1764 2303 audi-

140 2319 194 2347 τοῦ
217 2319 363 2355 Χριστοῦ·
385 2320 446 2347 τότε
468 2320 522 2356 γὰρ
548 2320 596 2347 κα)¹
618 2320 671 2352 ἓως
695 2319 788 2354 τρίτου
817 2318 926 2354 οὐρανοί

981 2324 1020 2351 vit
1038 2332 1137 2352 arcana
1154 2325 1235 2352 verba
1256 2332 1315 2359 quae
1333 2332 1385 2352 non
1410 2324 1473 2352 licet
1489 2323 1591 2351 homini
1613 2322 1697 2357 loqui.
1723 2321 1763 2349 ld-

139 2366 279 2402 ὴρπάσοη.
302 2367 349 2393 καὶ
375 2368 415 2399 εις
434 2367 479 2393 τὸν
497 2366 659 2403 παράδεισον
675 2365 835 2401 ἀπηνέχθη,
864 2365 926 2392 ἔνθα

981 2376 1066 2404 eoque
1081 2370 1125 2397 ille
1140 2375 1204 2397 tunc
1217 2376 1340 2398 servatus
1355 2375 1414 2405 est,
1430 2374 1460 2396 ut
1473 2370 1508 2397 ab
1528 2368 1703 2404 Jerosolymis
1720 2375 1763 2395 us-

141 2415 187 2439 καὶ
209 2414 323 2448 ἤκουσεν
339 2414 445 2449 ἀρρητα
461 2414 588 2449 ῥήματα,
609 2413 627 2440 ἃ
649 2412 687 2448 μὴ
711 2411 771 2444 ἐξὸν
792 2411 926 2448 ἀνθρώπῳ

980 2422 1032 2449 que
1043 2415 1075 2442 ad
1091 2415 1225 2450 Illyricum
1240 2415 1376 2450 Evangelii
1393 2415 1610 2450 praedicationem
1630 2414 1764 2448 impleret.

140 2459 265 2494 λαλῆσαι.
294 2460 343 2486 Διὰ
367 2459 445 2486 τοῦτο
470 2459 526 2496 (50)
545 2459 605 2486 τότε
625 2458 805 2493 πεφύλακται,
829 2457 898 2484 ὥστε
915 2459 969 2486 ἀπὸ
991 2460 1166 2496 Ἰερουσαλὴμ
1192 2460 1273 2496 μέχρι
1303 2460 1350 2488 τοῦ
1383 2460 1530 2496 Ἰλλυρικοῦ
1559 2459 1704 2496 πληρῶσαι
1733 2459 1763 2486 τὸ

139 2507 321 2542 Εὑαγγέλιον.·

173 2556 218 2582 21.
238 2555 275 2582 Οὺ
301 2554 426 2590 μεμπτέα
452 2554 516 2591 ἄρα,
542 2554 603 2581 οὐδὲ
628 2554 700 2590 ἀργὴ
724 2553 778 2580 τῶν
807 2553 924 2589 ἁγίωνὴ

1013 2553 1058 2580 21.
1073 2552 1247 2588 Nequaquam
1259 2551 1435 2587 vituperanda
1452 2550 1533 2585 igitur
1545 2552 1587 2577 est
1602 2553 1648 2575 aut
1659 2546 1762 2574 inutilis

140 2602 227 2637 φυγή·
251 2602 274 2627 εί
297 2601 351 2637 γὰρ
378 2601 416 2637 μὴ
440 2601 660 2635 ὲξέκλινονλτοὺς
684 2599 841 2631 διώκοντας,
867 2599 925 2631 πῶς

979 2604 1135 2627 sanctorum
1159 2598 1220 2633 fuga
1233 2607 1240 2625 :
1253 2605 1315 2626 nam
1333 2598 1355 2625 si
1372 2605 1387 2624 a
1405 2594 1621 2631 persecutoribus
1639 2601 1691 2620 non
1712 2593 1762 2620 de-

139 2647 242 2682 ὲγίνετο
255 2646 286 2673 τὸ
297 2647 353 2682 (51)
379 2648 411 2674 ὲκ
434 2647 590 2683 σπέρματος
612 2645 694 2672 Δαϐὶδ
716 2645 855 2673 ἀνατεῖλαι
879 2645 925 2672 τὸν

979 2644 1136 2678 clinassent,
1153 2644 1287 2679 quomodo
1310 2651 1344 2671 ex
1364 2642 1467 2671 semine
1487 2640 1570 2669 David
1593 2644 1669 2668 ortus
1691 2643 1763 2668 essat

175 2727 198 2744 "
216 2727 313 2755 Cenes.
327 2735 402 2758 χχιι.
419 2731 446 2754 et
457 2735 543 2754 xxx".
583 2727 606 2743 ⁸ο
620 2726 692 2753 Psal.
710 2734 785 2758 thv,
798 2726 824 2753 1.
859 2725 881 2740 ⁶¹
893 2725 926 2752 Ps

978 2721 1088 2758 xux,5.
1104 2721 1148 2758 A“
1163 2720 1233 2748 Psal.
1249 2720 1367 2758 uulgi
1402 2720 1424 2736 "
1439 2719 1509 2750 Psal.
1525 2719 1616 2756 Lv,ll,
1652 2718 1675 2735 "
1687 2717 1762 2747 Psal.

137 2770 194 2794 Lvt.
206 2763 266 2796 ιβ.
304 2763 326 2779 ⁸⁸
345 2758 376 2790 iV
391 2755 548 2797 Reg.t,10.
586 2763 610 2778 ⁸⁸
619 2762 672 2789 'l‘it.
691 2769 720 2796 tt,
735 2762 761 2789 7.
779 2755 783 2758 ’
801 2759 855 2787 "li
868 2760 926 2788 Cor.

984 2759 1028 2786 l0.
1065 2757 1088 2772 ⁸⁸
1102 2756 1182 2784 Rom.
1197 2762 1257 2788 vin,
1276 2755 1322 2788 55,
1335 2756 1379 2783 57.

177 2821 230 2856 (t9)
247 2820 442 2854 Reg.etAngl..
453 2820 623 2848 ἐπεκαλεῖτο.
640 2819 722 2854 Editi,
735 2817 925 2855 παρεκαλεῖτο.

177 2857 212 2885 ira
227 2857 344 2886 Anglic"
357 2855 402 2882 ὑπ’
421 2855 513 2882 αὐτόν.

1027 2814 1062 2843 50
1090 2813 1205 2850 Anglic.,
1225 2812 1269 2839 διὰ
1285 2812 1363 2840 τοῦτο
1380 2813 1437 2843 καί.

1014 2814 1072 2886 imi
1087 2849 1123 2877 T6
1139 2851 1215 2878 deest
1229 2849 1256 2876 in
1268 2848 1374 2884 Anglic.

141 2848 212 2886 Infra
223 2848 344 2888 [Aug-lic"
357 2848 408 2882 ὑπῗ
421 2848 513 2882 α’ὺτόν.
715 2848 722 2854 ’
775 2848 781 2855 ’

1014 2848 1069 2886 (5t)
1087 2849 1123 2877 T6
1136 2848 1215 2878 deest
1229 2849 1256 2876 in
1268 2848 1374 2884 Anglic.
