2007 3044
159 143 211 171 στι

736 142 906 172 APOLOGIA
925 142 970 172 DE
988 143 1083 173 FUGA
1104 143 1183 174 SUA.

1722 148 1775 177 674

159 201 246 237 ἐχειν·
265 199 333 228 εἶναι
347 201 438 238 μέντοι
459 201 567 234 τούτους
578 202 631 238 (59)
645 202 777 238 ἑτοίμους,
789 203 870 234 ὥστε,
884 212 942 230 και-

995 204 1029 231 rit
1042 212 1050 231 :
1065 204 1171 239 sintque
1186 203 1281 239 parati,
1296 207 1325 231 ut
1339 207 1452 232 vocante
1469 210 1516 232 eos
1528 209 1627 233 statuto
1642 210 1773 241 tempore,

161 247 208 282 ροῦ
229 247 401 279 καλέσαντος,
423 248 469 275 καὶ
487 248 671 284 κρατηθέντας
685 249 864 282 ἀγωνίζεσθαι
875 249 944 285 ὑπὲρ

159 293 210 328 τῆς
223 293 350 329 ἀληθείας
366 293 444 329 μέχρι
460 293 586 320 θανάτου.
604 293 695 320 Ταῦτα
711 293 757 320 καὶ
776 295 799 320 οἱ
813 294 943 329 μακάριοι

162 338 299 374 μάρτυρες
316 339 344 365 ὲν
359 340 416 371 τοῖς
435 339 505 366 κατὰ
520 340 630 375 καιροὺς
644 339 772 374 διωγμοῖς
784 339 941 373 ἐφύλαττον,

160 383 208 410 καὶ
229 384 386 419 διωκόμενοι
408 385 456 420 μὲν
481 385 603 420 ἔφευγον,
628 386 674 412 καὶ
697 385 872 417 λανθάνοντες
888 385 942 419 (60)

159 430 335 466 ἐκαρτέρουν,
348 430 534 466 εὑρισκόμενοι
555 431 584 457 δὲ
609 430 790 466 ἐμαρτύρουν.
811 431 841 456 El
855 430 882 456 δὲ
897 431 943 457 καί

159 483 231 506 τινες
252 474 282 508 ἐξ
303 475 392 502 αὐτῶν
414 476 503 508 αὺτοῖς
528 476 713 512 προσήρχοντο
734 476 788 507 τοῖς
803 475 940 507 διώκουσι,

159 521 295 548 καὶτοῦτο
307 521 355 556 οὐχ
368 521 460 554 ἁπλῶς
476 521 621 557 ἔπραττον·
637 520 809 556 ἐμαρτύρουν
824 520 878 557 γὰρ
898 521 942 547 εὐ-

159 566 217 599 θὺς,
230 567 276 594 καὶ
288 568 368 593 πᾶσιν
390 568 493 601 ἐγίνετο
507 567 631 602 φανερὸν,
646 567 686 593 ὅτι
702 566 777 604 παρὰ
797 567 844 594 τοῦ
858 567 942 594 “vsti—

160 621 243 647 ματος
253 610 287 648 ἦν
302 613 348 639 καὶ
360 612 449 639 αὐτῶν
461 614 476 648 ἡ
489 612 627 649 προθυμία
646 613 693 639 καὶ
704 613 720 648 ἡ
733 613 850 650 τοσαύτη
863 614 943 650 πρόσ-

157 659 226 691 οδος.

192 705 236 732 25.
254 705 358 733 οὐκοῦν
373 705 415 733 ὅτι
426 705 480 741 (61)
496 705 608 732 τοιαῦτα
625 705 670 733 τοῦ
688 706 814 742 Σογτῆρός
831 707 889 734 ἐστι
906 707 940 734 τὰ

157 751 384 787 παραγγέλματα,
401 753 448 779 καὶ
460 751 581 779 τοιαῦται
599 751 654 779 τῶν
667 752 753 787 ἁγίων
769 753 797 780 ai
816 753 942 789 πράξεις,

156 796 310 823 εἰπάτωσαν
322 797 390 832 ἡμῖν
403 797 428 824 οἰ
442 796 502 832 μηδ’
513 796 601 824 ὁτιοῦν
612 797 645 824 ἄν
655 806 697 830 τις
708 798 779 824 εἴποι
791 800 851 825 κατ’
864 798 942 831 ἀξίαν

157 841 259 869 ἑαυτῶν
272 841 327 877 (62)
346 842 500 875 ἀκούοντες,
519 843 600 870 πόθεν
615 843 715 879 ἔμαθον
731 843 808 870 αὐτοὶ
827 844 857 870 τὸ
877 844 941 871 διώ-

994 249 1165 285 apprehensi,
1174 249 1207 277 ad
1219 257 1302 284 usque
1317 254 1429 277 mortem
1441 250 1579 278 decertent
1593 259 1641 286 pro
1650 252 1774 280 veritate.

994 295 1055 322 Hice
1073 295 1250 323 observarunt
1264 296 1335 323 benti
1351 301 1484 331 martyres
1499 297 1524 324 in
1540 298 1774 332 persecutionibns

993 346 1052 374 qua:
1074 339 1130 366 suis
1152 347 1296 367 occurrere
1325 340 1506 373 temporibus;
1535 341 1561 367 in
1589 341 1776 375 persecutione

993 383 1095 410 scilicet
1111 382 1202 418 lugere
1222 384 1354 418 solebam,
1376 385 1401 412 in
1426 385 1588 419 latebrisque
1603 393 1775 420 permanere,

993 429 1152 464 deprehensi
1169 434 1257 457 autem
1275 430 1431 466 martyrium
1453 430 1558 458 fortiter
1579 431 1679 458 subire.
1694 431 1772 465 Quod

993 473 1015 500 si
1034 481 1066 501 ex
1088 474 1141 501 illis
1165 474 1273 509 quidam
1299 475 1515 509 persecutoribus
1541 482 1602 503 sese
1628 475 1773 509 oll'errcnt;

994 527 1046 546 non
1065 524 1164 548 temere
1185 520 1247 547 illud
1264 521 1401 555 agebant:
1416 520 1575 556 martyrium
1595 520 1694 556 quippe
1717 527 1775 548 sta-

994 567 1040 594 tim
1056 566 1238 602 perl‘erebant,
1259 567 1400 602 palamque
1421 566 1547 594 omnibus
1561 570 1620 593 erat
1636 573 1695 593 eam
1718 567 1776 593 ala-

993 612 1116 640 critatem
1136 620 1251 647 eumque
1273 613 1305 639 ad
1328 617 1513 647 persecutores
1535 619 1673 639 accessura
1691 612 1777 648 Spiri-

994 663 1049 686 tum
1067 663 1188 686 sanctum
1205 663 1341 686 auctorem
1355 659 1464 686 habere.

1027 701 1073 732 23.
1098 705 1161 732 Haec
1185 705 1276 739 itaque
1301 712 1360 732 cum
1381 705 1436 732 sint
1458 705 1607 733 Salvatoris
1631 709 1776 741 praecepta,

993 750 1200 785 hujusmodique
1224 754 1379 778 sanctorum
1404 755 1495 785 gesta;
1520 751 1610 778 dicant
1634 752 1698 779 mihi
1729 751 1777 785 illi,

993 803 1061 831 quos
1077 796 1155 831 digne
1181 804 1228 830 pro
1248 796 1326 823 lactis
1348 796 1510 831 compellare
1527 797 1678 832 nequimus,
1694 799 1778 825 unde‘

994 850 1054 870 nam
1067 842 1116 877 ipsi
1133 841 1276 869 didicerint
1287 843 1487 878 persecutiones
1500 850 1617 870 movere.
1634 843 1698 870 Illud
1712 851 1777 871 sane

158 896 231 921 xetv;
253 875 318 915 ’Ᾰπδ
335 888 384 923 μὲν
395 888 450 924 γὰρ
467 888 522 916 τῶν
537 875 637 923 ἁγίων,
650 889 699 915 οὐκ
714 889 747 916 ἂν
761 889 873 922 εἴποιεν,
890 890 942 916 ἀπὸ

994 895 1163 923 nequaquam
1180 888 1281 916 sanctis
1304 894 1442 923 acceptum
1464 888 1596 922 referent;
1621 894 1704 916 restat
1725 888 1776 923 igi-

159 933 186 960 δὲ
202 933 248 960 τοῦ
259 933 381 962 διαϐόλου
397 934 486 969 (τοῦτο
495 934 550 970 γὰρ
557 935 649 966 αὐτοῖς
663 926 849 970 περιλείπεται
861 935 941 972 [65],)

158 978 204 1006 τοῦ
227 979 365 1014 λέγοντος·
388 979 498 1013 Auitan
521 979 750 1014 καταλήψομαι·
769 981 816 1007 καὶ
837 980 868 1007 τὸ
895 978 943 1017 μὲν

156 1024 266 1058 φεύγειν
279 1025 294 1051 ὁ
309 1024 409 1060 Κύριος
425 1025 585 1060 προσέταξε,
598 1025 644 1052 καὶ
658 1026 683 1052 οἱ
697 1025 770 1061 ἅγιοι
785 1025 898 1061 ἔφυγον·
913 1026 944 1054 τὸ

154 1070 184 1097 δὲ
199 1070 306 1098 διώκειν
326 1071 480 1098 διαὸολικόν
503 1073 576 1099 ἐστιν
599 1071 777 1108 ἐπιχείρημα,
801 1073 847 1099 καὶ
872 1073 943 1100 κατὰ

157 1117 264 1144 πάντων
276 1117 357 1149 αὐτὸς
367 1117 483 1144 αἰτεῖται
493 1117 582 1145 τοῦτο.
593 1117 651 1144 Τίνι
662 1118 752 1145 τοίνυν
769 1117 810 1144 δεῖ
829 1118 943 1154 προσθέ-

157 1162 230 1195 σθαι,
247 1162 327 1190 πάλιν
351 1163 514 1197 λεγέτωσαν,
529 1164 584 1194 τοῖς
599 1163 646 1189 τοῦ
663 1164 765 1198 Κυρίου
781 1164 909 1199 ῥήμασιν,
925 1164 942 1200 ἦ

155 1209 216 1239 ταῖς
229 1208 318 1235 αὐτῶν
331 1208 521 1244 μυθολογίαις;
539 1208 624 1235 Τίνων
639 1208 667 1235 δὲ
682 1209 722 1235 δεῖ
737 1209 877 1245 μιμεῖσθαι
893 1209 943 1241 τὰς

155 1253 286 1289 πράξεις;
307 1254 360 1281 τῶν
375 1254 471 1289 ἁγίων,
496 1254 512 1290 ἢ
534 1251 571 1281 ὧν
596 1254 629 1281 ἂν
650 1255 828 1290 ὲπινοήσωσιν
849 1255 941 1288 uti-toi;

161 1299 268 1336 Ἐπειδὴ
288 1300 317 1327 δὲ
337 1300 402 1332 ἴσως
422 1300 482 1327 οὐδὲ
496 1300 581 1327 ταῦτα
597 1300 744 1336 διακρίνειν
760 1301 837 1328 αὐτοὶ
852 1301 943 1328 δύναν-

154 1355 200 1374 ται
214 1347 410 1384 (πεπήρωνται
423 1347 477 1384 γὰρ
492 1348 542 1384 τὴν
563 1347 681 1375 διάνοιαν
693 1348 740 1374 καὶ
754 1347 801 1383 τὴν
821 1347 943 1383 συνείδη-

154 1402 208 1426 σιν,
234 1393 270 1426 ὼ;
296 1391 372 1421 εἶπεν
385 1395 399 1420 ὁ
416 1394 540 1426 Ἡσαΐας,
562 1394 610 1420 καὶ
633 1393 772 1429 νομίζουσι
794 1393 824 1419 τὸ
845 1393 943 1429 πικρὸν

155 1438 223 1468 εἶναι
246 1440 342 1476 γλυκὺ,
366 1441 412 1467 καὶ
426 1439 456 1466 τὸ
472 1439 530 1474 φῶς
553 1439 674 1474 σκότος),
692 1439 831 1475 παρελθών
853 1447 894 1471 τις
913 1437 944 1470 ἐξ

153 1486 233 1522 ἡμῶν
261 1487 422 1522 Χριστιανὸς
451 1485 606 1521 ὲντρεψάτω
632 1485 743 1517 τούτους
775 1485 880 1521 μεγάλῃ
908 1485 942 1520 τῇ

154 1534 229 1568 φωνῇ
243 1533 344 1567 λέγων’
365 1531 478 1567 Ἀγαθὸν
494 1531 651 1558 πεποιθέναι
667 1531 713 1557 ἐπὶ
728 1530 840 1566 Κύριον,
852 1530 869 1566 ἢ
881 1531 942 1562 ταῖς
955 1541 976 1570 c

153 1578 255 1604 τούτων
271 1577 413 1614 προσέχειν
429 1576 616 1612 μωρολογίαις.
633 1576 673 1603 Τὰ
696 1576 745 1611 μὲν
758 1575 812 1612 γὰρ
826 1575 871 1602 τοῦ
884 1576 941 1602 Κυη

155 1624 214 1659 ρίου
231 1624 341 1659 ῥήματα
363 1622 434 1659 ζωὴν
449 1622 555 1649 αἰώνιον
577 1622 643 1657 ἔχει,
659 1621 693 1648 τὰ
706 1622 735 1649 δὲ
749 1621 824 1658 παρὰ
837 1621 940 1648 τούτων

153 1668 345 1703 προφερόμενα
367 1667 533 1702 πανουργίας
557 1667 605 1693 καὶ
621 1666 746 1702 αἱμάτων
765 1666 823 1694 ἐστὶ
843 1666 938 1702 μεστά.

188 1751 234 1779 24.
256 1751 347 1779 Ἱκανὰ
362 1751 411 1787 μὲν
423 1748 469 1779 οὖν
483 1751 569 1778 ταῦτα
587 1751 636 1786 τὴν
653 1751 751 1786 μανίαν
764 1752 818 1778 τῶν
835 1752 941 1779 ἀσεϐῶν

153 1797 314 1833 ἀνατρέψαι,
332 1798 379 1824 καὶ
392 1797 476 1830 δεῖξαι
493 1796 575 1832 μηδὲν
588 1797 681 1833 ἕτερον
703 1797 800 1829 αὐτοὺς
824 1797 940 1825 σπουδά-

154 1844 259 1878 ζοντας,
277 1844 294 1880 ἢ
313 1843 356 1870 ἵνα
379 1843 459 1879 μόνον
485 1844 525 1874 είς
546 1842 681 1877 λοιδορίας
702 1843 748 1869 καὶ
768 1842 942 1879 βλασφημίας

154 1889 350 1925 φιλονεικῶσιν.
377 1888 486 1924 Ἐπειδὴ
501 1888 530 1915 δὲ
551 1888 623 1921 ἅπαξ
638 1888 823 1925 Χριστομάχοι
841 1889 942 1925 τολμή-

154 1945 249 1968 σαντες
257 1934 337 1969 εἶναι,
348 1935 439 1962 λοιπὸν
447 1935 494 1962 καὶ
503 1935 721 1972 φιλοπράγμονες
728 1934 940 1970 γεγόνασιν(64),

154 1982 351 2016 ὲξεταζέτωσαν
362 1982 436 2017 ὅμως
447 1981 549 2008 καὶτὸν
560 1982 660 2017 τρόπον
670 1981 719 2017 τῆς
731 1981 940 2017 ἀναχωρήσεως,

154 2028 201 2055 καὶ
209 2027 417 2063 μανθανέτωσαν
429 2026 505 2063 παρὰ
513 2026 567 2053 τῶν
578 2026 661 2053 ἰδίων.
672 2024 762 2053 Ἦσαν
772 2025 826 2062 γὰρ
840 2026 942 2062 Ἀρεια-

153 2073 194 2100 νο).
208 2073 403 2109 συνδραμόντες
415 2074 471 2104 τοῖς
486 2071 664 2108 στρατιώταις
686 2072 726 2104 είς
738 2071 768 2098 τὸ
781 2071 941 2107 παροξύνειν

153 2118 261 2152 αὐτοὺς,
274 2118 321 2144 καὶ
335 2117 476 2152 ἀγνοοῦσιν
485 2118 576 2149 αὐτοῖς
586 2117 642 2152 (65)
650 2116 781 2144 δεικνύειν
792 2117 874 2152 ἡμᾶς.
887 2117 942 2144 Καὶ

153 2165 177 2190 εἰ
200 2164 246 2191 καὶ
269 2163 355 2196 οὕτως
376 2163 548 2199 ἀσυμπαθεῖς
571 2162 760 2198 τυγχάνουσιν,
791 2162 859 2189 ἀλλὰ
889 2162 941 2189 κᾶν

993 939 1037 962 tur
1053 939 1082 961 ut
1096 942 1111 961 a
1129 934 1234 962 diabolo
1251 934 1313 962 illud
1331 935 1496 969 acceperint,
1511 935 1555 968 qui
1572 936 1619 967 ait,
1633 943 1776 970 persequar

991 986 1015 1008 et
1038 981 1281 1017 comprehendam"
1295 989 1303 1009 :
1318 980 1409 1017 fugere
1432 981 1563 1015 siquidem
1589 981 1717 1008 Dominus
1735 981 1778 1008 in-

989 1025 1088 1060 junxit,
1104 1031 1130 1053 et
1149 1027 1233 1054 sancti
1258 1026 1308 1061 ipsi
1325 1026 1386 1061 luga
1410 1033 1439 1053 se
1455 1026 1613 1061 proripuere
1628 1035 1634 1052 :
1650 1026 1776 1061 persequi

991 1078 1056 1099 vero
1080 1071 1179 1099 diaboli
1196 1072 1334 1107 proprium
1354 1076 1396 1099 est
1419 1071 1533 1103 facinus,
1555 1071 1600 1106 qui
1617 1071 1641 1098 id
1658 1072 1778 1106 postulat

992 1121 1022 1144 ut
1034 1117 1084 1144 sibi
1106 1124 1201 1144 omnes
1216 1118 1340 1152 persequi
1356 1117 1448 1146 liceat.
1474 1116 1586 1145 Cuinam
1605 1117 1687 1153 igitur
1700 1119 1777 1145 obse-

993 1163 1138 1197 quendum,
1156 1162 1210 1197 iam
1227 1163 1325 1190 iterum
1353 1164 1544 1198 respondeant,
1567 1162 1708 1191 Dominine
1722 1171 1778 1190 ver-

992 1207 1045 1240 bis,
1063 1215 1096 1234 an
1111 1209 1186 1235 vanis
1202 1208 1258 1235 suis
1271 1208 1562 1236 sermocinationibus?
1578 1208 1697 1241 Quorum
1713 1217 1777 1237 vero

993 1260 1074 1288 opera
1090 1258 1152 1281 sunt
1166 1253 1313 1281 imitanda?
1328 1253 1538 1286 Sauctorumne,
1554 1262 1586 1280 an
1601 1262 1694 1282 eorum
1712 1264 1778 1290 quos

994 1298 1030 1325 illi
1045 1299 1156 1326 arbitrio
1177 1307 1226 1327 suo
1252 1300 1421 1334 cooptarint!
1449 1299 1672 1335 Quandoquidem
1688 1305 1776 1327 autem

993 1350 1028 1370 ne
1050 1343 1088 1370 illi
1113 1343 1229 1371 fortasse
1257 1344 1308 1371 hoc
1339 1344 1494 1372 discernere
1519 1345 1620 1376 valent,
1650 1343 1777 1371 obczccali

993 1387 1091 1423 quippe
1104 1393 1194 1416 mente
1209 1394 1236 1417 et
1251 1389 1426 1422 conscientia,
1443 1393 1473 1417 ut
1498 1390 1537 1417 ait
1559 1391 1687 1423 Isaias",
1710 1391 1779 1418 arbi-

995 1438 1099 1461 trantur
1110 1441 1232 1461 amarum
1251 1443 1311 1463 esse
1323 1435 1409 1468 dulce,
1427 1441 1454 1463 et
1466 1436 1543 1463 dulce
1557 1444 1698 1469 amarum;
1715 1438 1778 1472 qui-

993 1481 1034 1508 vis
1052 1487 1085 1508 ex
1107 1481 1184 1508 nobis
1203 1480 1373 1508 Christianus
1391 1482 1575 1516 pertransiens
1596 1483 1697 1516 pudore
1720 1483 1779 1510 illos

994 1525 1137 1558 suﬁ'undat,
1151 1533 1245 1560 magna
1259 1526 1315 1553 haec
1328 1533 1395 1554 voce
1409 1526 1649 1554 clamanszMelius
1664 1533 1706 1555 est
1717 1536 1781 1556 con-

994 1571 1076 1598 lidere
1092 1571 1118 1598 in
1141 1571 1264 1604 Domino,
1279 1579 1359 1606 quam
1381 1571 1486 1599 illorum
1502 1572 1677 1608 stultiloquiis
1689 1578 1780 1601 atten-

994 1617 1066 1644 dere.
1083 1616 1188 1644 Domini
1213 1617 1284 1644 enim
1308 1617 1389 1644 verba
1414 1617 1496 1644 vitam
1516 1623 1643 1645 :eternam
1660 1619 1779 1647 habent:

993 1663 1076 1691 verba
1091 1668 1180 1690 autem
1203 1663 1237 1690 ab
1255 1662 1307 1690 illis
1322 1662 1424 1698 prolata
1439 1663 1490 1691 doli
1505 1669 1532 1692 et
1546 1665 1685 1700 sanguinis
1701 1665 1780 1700 plena

993 1714 1066 1737 sunt.

1029 1754 1074 1781 24.
1091 1753 1153 1782 llaec
1178 1753 1232 1782 sint
1253 1754 1334 1788 igitur
1347 1755 1413 1781 satis
1430 1754 1463 1781 ad
1486 1754 1628 1789 impiorum
1646 1755 1779 1783 insaniam

994 1800 1179 1832 evertendam,
1191 1805 1219 1828 et
1235 1801 1267 1827 ad
1283 1801 1521 1828 demonstrandum
1536 1801 1602 1828 nihil
1618 1801 1689 1829 aliud
1707 1810 1780 1830 curta

995 1845 1048 1873 illis
1061 1854 1131 1878 esse,
1147 1854 1228 1881 quam
1241 1851 1268 1874 et
1282 1847 1410 1874 conviciis
1427 1848 1463 1874 et'
1477 1847 1651 1881 blasphemiis
1664 1853 1776 1875 conten-

996 1892 1069 1920 dere.
1082 1891 1134 1920 Sed
1144 1893 1207 1928 quia
1217 1893 1299 1921 semel
1309 1893 1408 1921 Christi
1421 1893 1513 1920 hostes
1525 1893 1592 1921 ellici
1602 1894 1670 1927 ausi,
1683 1895 1779 1921 deinde

995 1938 1094 1966 curiosi
1119 1938 1292 1973 indagatores
1319 1939 1407 1967 ellecti
1433 1943 1512 1969 sunt;
1543 1940 1627 1966 nostri
1657 1947 1779 1968 secessus

995 1984 1127 2012 rationem
1155 1985 1328 2012 seiscitentur
1357 1993 1371 2012 a
1394 1985 1504 2019 suisque
1528 1985 1659 2013 ediscant.
1687 1986 1778 2014 Ariani

996 2035 1069 2058 certe
1085 2038 1144 2058 sese
1165 2031 1296 2058 militibus
1313 2021 1502 2065 adjunxei-ant,
1527 2037 1555 2058 ιιι
1577 2031 1635 2069 illos
1660 2032 1779 2059 concita-

996 2082 1066 2109 rent,
1083 2084 1187 2112 uosque
1199 2077 1253 2104 illis
1262 2077 1366 2113 ignotos
1382 2077 1542 2104 indicarent.
1552 2076 1601 2110 Qui
1611 2077 1634 2104 si
1643 2077 1679 2105 ita
1691 2078 1780 2104 munis

996 2123 1239 2150 commiserationis
1261 2127 1325 2150 sunt
1348 2127 1484 2157 expertes,
1513 2123 1608 2150 saltent
1632 2123 1694 2150 dum
1722 2123 1780 2150 haec

996 2169 1118 2200 audiunt,
1135 2169 1238 2203 pmlore
1253 2167 1342 2196 affecti
1356 2168 1561 2203 conquiescant.
1580 2168 1637 2195 Nox
1650 2169 1706 2202 jam
1721 2174 1779 2195 erat

153 2210 297 2242 ἀκούοντες
314 2211 505 2246 ὴρεμείτωσαν
526 2211 726 2245 αἰσχυνόμενοι.
745 2208 804 2241 Νὺξ
826 2209 875 2244 μὲν
887 2209 942 2244 γὰρ

993 2219 1020 2244 et
1031 2215 1140 2249 quidam
1157 2221 1173 2241 e
1189 2214 1289 2249 populo
1311 2215 1481 2249 pervigilium
1503 2214 1620 2248 agebant
1639 2216 1777 2248 sequentis

154 2258 203 2293 ἠδη
218 2255 262 2293 ἦν,
278 2258 325 2284 καὶ
337 2256 384 2284 τοῦ
396 2256 460 2283 λαοῦ
471 2264 543 2288 τινες
560 2255 738 2291 ὲπαννύχιζον
749 2254 942 2290 προσδοκωμέ‹

153 2313 203 2339 νης
215 2304 363 2336 συνάξεως·
376 2304 390 2329 ὁ
404 2303 433 2329 δὲ
453 2302 639 2338 στρατηλάτης
649 2301 779 2337 Συριανδς
795 2300 848 2336 (66)
867 2300 941 2333 ἐξαί-

154 2359 222 2386 φνης
233 2350 333 2385 ὲπέστη
344 2349 411 2384 μετὰ
421 2348 595 2384 στρατιωτῶν
603 2348 693 2375 πλεῖον
704 2346 940 2382 πεντακισχιλίων,

153 2397 268 2432 ἐχόντων
283 2396 352 2423 ὅπλα
369 2395 416 2422 καὶ
430 2395 494 2430 ξίφη
517 2395 618 2430 γυμνὰ,
641 2395 688 2421 καὶ
707 2394 783 2426 τόξα,
803 2394 850 2421 καὶ
864 2393 940 2429 βέλη,

190 2467 211 2482 "
226 2466 310 2494 Exod.
326 2473 370 2499 xv,
385 2465 413 2492 9.
448 2465 471 2480 ⁷⁸
485 2465 535 2492 lsa.
558 2473 584 2496 ν,
597 2464 632 2491 20

188 2546 250 2582 (59).
258 2546 364 2581 Anglic.
380 2545 476 2578 οὕτως.
495 2545 566 2572 lnlra
580 2545 649 2572 idem
669 2545 739 2580 ὑπὲρ
754 2545 804 2580 τῆς
823 2545 937 2581 Ἐκκλη-

152 2591 242 2652 ali-(‘56)
258 2617 362 2651 Anglic.
375 2616 584 2652 épdlattovwxett
594 2615 769 2647 λανθάνοντες
789 2615 848 2650 μέν.
864 2615 935 2643 lul'ra

153 2653 221 2680 idem
236 2652 265 2684 ἐξ
280 2652 367 2678 αὐτῶν
384 2652 495 2683 ἑαυτοὺς
505 2651 660 2682 ἐξεδίδοντο.

187 2688 242 2723 (6t)
260 2688 324 2719 Reg.
342 2692 367 2715 et
384 2687 489 2723 Anglic.
510 2687 565 2713 ὅτε.
591 2686 661 2713 Editi
683 2686 735 2712 ὅτι.
750 2685 855 2720 Anglic.
870 2685 935 2713 ibid.

151 2722 262 2749 τοιαῦτα
273 2723 328 2752 τοῖς
340 2722 395 2748 τισὶ
407 2722 450 2747 τά.

188 2757 242 2791 (62)
253 2757 363 2791 ,Attglic.
382 2756 474 2783 αὑτοῦ.

188 2790 242 2828 (65)
257 2790 321 2825 Reg.
343 2791 503 2828 Teate-rip
525 2791 616 2828 αὐτοῖς
639 2791 834 2826 περιλείπεται.
857 2790 935 2828 Angl.

152 2826 350 2862 περιείληπται,
364 2826 392 2852 in
410 2827 491 2862 editis
504 2826 558 2861 γάρ
573 2827 659 2858 deest,
673 2827 825 2861 legituroue
837 2826 936 2859 περιεί-

151 2861 240 2898 ληται.
255 2861 323 2890 litlra
335 2862 437 2896 Anglic.
447 2861 571 2896 ἔφευγον.

315 2908 448 2938 Ρηιτιιοιι.
473 2907 531 2938 Gn.
556 2908 659 2938 XXV.

996 2262 1108 2297 synasis
1127 2269 1134 2288 :
1153 2268 1212 2288 cum
1237 2262 1288 2287 dux
1311 2262 1446 2288 exercitus
1477 2260 1608 2295 Syrianus
1634 2260 1778 2293 derepente

997 2313 1058 2333 cum
1083 2305 1213 2332 militibus
1234 2305 1331 2338 irrupit
1356 2305 1415 2339 plus
1439 2305 1560 2338 quinque
1584 2303 1712 2336 millibus,
1732 2305 1778 2338 qui

997 2351 1092 2384 armis,
1118 2350 1222 2377 strictis
1247 2349 1355 2385 gladiis,
1381 2350 1510 2382 arcubus,
1534 2349 1594 2377 telis
1618 2353 1646 2376 et.
1662 2349 1778 2376 fustibus

997 2398 1118 2425 instructi
1132 2402 1220 2429 erant,
1236 2397 1276 2423 uti
1290 2396 1414 2431 superius
1427 2396 1527 2423 dictum
1544 2399 1585 2423 est
1599 2405 1606 2423 :
1621 2395 1777 2423 ecclesiam-

1027 2544 1082 2579 (64)
1099 2543 1161 2571 llmc
1184 2541 1337 2570 referuntur
1355 2551 1369 2570 ο
1388 2542 1549 2570 ’l‘heodoret.
1575 2541 1621 2569 lib.
1643 2549 1663 2568 ιι
1691 2541 1777 2575 Ηίειη

990 2587 1016 2608 θ’
1026 2579 1081 2648 (10%)
1097 2613 1192 2644 Λὺτοῖς
1209 2613 1285 2648 deest
1314 2612 1382 2647 apud
1404 2611 1549 2648 Theodor.
1570 2610 1641 2648 Mox_
1656 2611 1724 2645 Reg.
1749 2620 1776 2638 Pl

991 2646 1125 2677 Tlteodur.
1147 2646 1372 2683 ἀσυμπαθείςίοι
1392 2652 1464 2674 recte
1487 2647 1607 2681 quidem.
1623 2646 1690 2683 Editi
1705 2655 1778 2677 συμ-

990 2684 1095 2715 παθεῖς.
1114 2683 1178 2716 Qum
1192 2682 1340 2716 sequuntur
1359 2689 1440 2716 porro
1469 2687 1631 2709 enarrantur
1646 2682 1727 2708 etiam
1747 2691 1774 2710 ιι.

991 2718 1117 2759 Apologia
1130 2719 1165 2758 ad
1184 2717 1365 2745 Constantium
1387 2717 1436 2744 sub
1454 2716 1547 2749 ﬁnem,
1569 2721 1597 2744 et
1613 2717 1638 2743 in
1655 2716 1774 2751 Epistula

990 2755 1024 2780 ad
1040 2755 1182 2779 solitarius.

990 2788 1095 2849 ﬂgiti?
1108 2787 1235 2849 ξὲξὲανός
1259 2790 1334 2816 deest
1359 2787 1428 2822 apud
1454 2786 1557 2815 Theod.
1583 2785 1644 2813 Mox
1671 2786 1774 2814 Thend.

990 2831 1069 2849 πλεῖον
1080 2831 1096 2858 η
1110 2831 1185 2849 πεντ.
1204 2845 1212 2854 λ

1581 2903 1618 2924 οι)

1581 2924 1619 2933 -.Α
