2007 3044
267 116 318 146 675

547 115 576 144 S.
596 115 781 144 ATHANASII
800 117 875 145 OPP.
897 117 987 145 PARS
1007 117 1026 146 1,
1049 134 1081 138 -
1101 118 1287 147 lllSTORlCA
1308 119 1351 147 ΕΤ
1371 120 1570 148 DOGMATICA

1832 120 1885 149 878

266 184 320 211 que
333 175 427 203 densis
437 176 574 203 collocatis
588 177 722 207 militibus
737 179 924 211 circumsedit.
937 189 970 208 ne
986 181 1031 215 qui

1098 183 1145 209 καὶ
1163 182 1277 217 ῥόπαλα,
1301 182 1371 209 καθά
1392 183 1438 209 καὶ
1460 184 1592 219 πρότερον
1614 182 1736 218 εἴρηται·
1765 182 1814 209 καὶ
1833 184 1884 219 τὴν

265 225 356 257 posset
370 221 403 249 ab
418 222 532 249 ecclesia
547 223 627 259 265
639 233 765 260 egressus
779 226 906 253 evadere.
918 226 973 261 Ego
984 235 1047 254 vero

265 275 325 294 cum
341 274 392 294 n0n
406 275 512 301 aequum
527 269 713 297 existimarem
735 271 762 297 in
779 276 854 298 tanto
871 272 985 298 tumultu
1000 280 1046 306 po-

265 313 354 347 pulum
379 313 513 345 deserere,
537 315 678 350 satiusque
702 311 829 344 ducerem
859 325 901 344 me
927 318 1045 351 priorem

264 358 382 393 pericqu
394 359 508 392 oll'erre;
524 360 551 386 in
568 360 665 387 throno
687 361 784 388 sedens
801 362 870 396 jussi
889 362 1004 390 diacono
1018 367 1047 390 ut

263 403 393 436 psalmum
414 403 522 438 legeret,
551 405 702 441 populoque
720 411 750 433 ut
767 407 950 441 responderet,
969 408 1041 440 Quo-

263 449 333 476 niam
346 449 374 476 in
387 450 511 477 amulum
534 452 713 479 misericordia
731 453 832 487 ejus",
851 461 884 481 ac
902 462 997 481 omnes
1008 455 1044 481 ita

263 496 420 523 recederent
437 497 594 532 abirentque
607 498 728 525 domum.
747 498 858 531 Verum,
871 507 931 526 cum
947 500 1000 527 dux
1019 499 1043 526 vi

264 542 289 567 in
309 541 436 575 templum
462 543 622 574 invasisset,
649 543 802 579 militesque
825 545 989 576 sacrarium,
1015 548 1044 571 ttt

262 594 310 614 nos
320 587 588 622 comprehenderent,
600 589 783 621 obsedissent;
797 594 928 625 quotquot
941 598 956 618 e
968 590 1043 618 clero

260 637 287 658 et
303 633 401 666 populo
417 633 477 660 istic
491 633 613 666 aderant,
628 633 746 661 clamare
756 639 783 662 et
795 635 940 662 obsecrare
955 641 984 662 ut
1000 643 1042 663 me

260 678 447 705 subducerent.
467 678 523 714 Ego
546 684 640 706 contra
664 688 763 715 negare
792 688 834 708 me
859 689 1039 714 recessurum,

259 723 310 750 nisi
328 723 453 751 omnibus
467 725 634 760 singulisque
648 726 774 761 egressis.
799 727 918 762 Surgens
940 728 1040 762 itaque,

259 776 291 796 ac
307 769 425 804 injuncta
443 770 576 803 oratione,
594 772 619 798 id
640 772 720 799 enixe
742 773 879 807 rogabam,
903 778 932 800 ιιι
947 781 1042 802 omnes

258 814 333 848 prius
346 815 525 848 discederent,
543 816 629 843 satius
645 824 706 844 esse
722 824 764 844 me
779 818 936 852 periclitari,
956 827 1036 853 quam

1098 227 1147 261 μὲν
1169 226 1314 261 ἐκκλησίαν
1335 227 1415 258 αὐτὸς
1440 226 1662 262 περιεκύκλωσε,
1688 226 1790 261 στήσας
1819 227 1882 256 τοὺς

1098 271 1264 307 στρατιώτας
1288 271 1430 306 σύνεγγυς,
1455 271 1493 303 ὠς
1509 271 1564 306 (67)
1588 271 1624 307 μὴ
1647 271 1775 298 δύνασθαί
1795 279 1880 304 τινας,

1096 317 1150 343 ἀπὸ
1175 317 1224 352 τῆς
1251 317 1398 353 ἐκκλησίας
1421 317 1584 349 ἐξελθόντας,
1611 316 1754 351 παρελθεῖν
1771 315 1879 347 αὐτούς.

1102 363 1172 397 Ἐγὼ
1194 364 1221 389 δὲ
1236 363 1330 397 ἄλογον
1344 364 1494 398 ἡγούμενος
1508 364 1537 389 ὲν
1551 362 1668 398 τοσαύτῃ
1689 362 1818 397 συγχύσει
1835 371 1880 388 κα-

1094 408 1217 443 ταλεῖψαι
1231 409 1292 440 τοὺς
1311 409 1403 440 λαοὺς,
1425 409 1471 435 καὶ
1495 409 1531 444 μὴ
1553 407 1652 443 μᾶλλον
1665 408 1879 442 προκινδυνεύειν

1094 454 1193 484 αὐτῶν,
1215 454 1356 486 καθεσθεὶς
1378 455 1423 481 ἐπὶ
1443 454 1490 480 τοῦ
1513 453 1620 489 θρόνου,
1644 453 1811 488 προέτρεπον
1834 453 1879 479 τὸν

1095 499 1144 534 μὲν
1161 498 1282 525 διάκονον
1303 497 1499 532 ἀναγινώσκειν
1520 497 1643 532 ψαλμὸν·
1666 498 1727 530 τοὺς
1750 498 1778 524 δὲ
1800 498 1879 529 λαοὺς

1093 544 1240 572 ὑπακούειν
1253 544 1324 579 (68),
1333 544 1396 570 Ὅτι
1410 545 1454 576 εὶς
1462 543 1516 570 τὸν
1525 543 1617 570 αἰῶνα
1631 543 1664 569 τὸ
1677 543 1763 576 ἕλεος
1775 544 1877 577 αὑτοῦ,

1093 591 1139 617 καὶ
1164 591 1267 621 πάντας
1285 589 1370 620 οὕτως
1389 590 1540 624 ἀναχωρεῖν
1552 608 1559 619 ,
1572 589 1619 615 καὶ
1641 590 1680 620 εἰς
1701 590 1765 620 τοὺς
1789 589 1878 621 οἴκους

1092 635 1210 662 ἀπιέναι.
1221 635 1300 661 Ἀλλά
1310 634 1356 661 τοῦ
1370 634 1552 670 στρατηλάτου
1564 633 1609 669 βία
1619 633 1674 669 (69)
1685 633 1777 660 λοιπόν
1788 634 1879 660 ἐπισ-

1091 680 1229 713 ελθόντος,
1253 680 1300 706 καὶ
1331 679 1385 705 τῶν
1415 678 1587 714 στρατιωτῶν
1621 677 1820 713 περιλαὸὁντων
1848 676 1879 703 τὸ

1093 729 1224 763 ἱερατείον
1236 728 1316 754 ἕνεκα
1331 726 1377 753 τοῦ
1392 725 1532 752 συλλαῦεῖν
1549 726 1632 760 ἡμᾶς,
1649 726 1673 751 oi.
1689 725 1738 760 μὲν
1753 724 1879 760 εὑρεθέν-

1090 782 1135 805 τες
1149 774 1207 800 ἐκεῖ
1221 773 1345 808 κληρικοὶ
1357 773 1403 800 καὶ
1417 774 1441 799 οἱ
1456 774 1510 800 ἀπὸ
1519 773 1573 800 τῶν
1582 772 1654 799 λαῶν
1677 771 1775 803 ὲόόων,
1784 769 1879 805 ἠξίουν

1090 819 1239 855 ἀναχωρεῖν
1255 817 1306 854 ἤδη
1321 819 1367 845 καὶ
1388 820 1476 854 ἡμᾶς·
1496 819 1550 853 ἐγὼ
1566 819 1594 845 δὲ
1620 817 1719 854 μᾶλλον
1735 817 1880 850 ἀντέλεγον

257 859 316 886 laedi
339 861 492 894 quempiam
514 869 529 888 e
553 861 658 896 populo.
681 862 805 897 Egressis
825 871 890 899 ergo
913 865 1032 898 plurimis

1090 866 1126 901 μὴ
1141 866 1273 901 πρότερον
1288 865 1483 900 ἀναχωρήσειν,
1496 866 1519 891 si
1531 865 1568 900 μὴ
1582 865 1682 895 πάντες
1691 863 1752 890 καθ’
1762 863 1879 889 ἕκαστον

257 905 415 939 ueterisque
431 906 667 940 subsequentibus,
688 908 732 942 qui
751 908 890 936 nobiscum
906 909 960 936 illic
974 909 1037 935 ade-

257 955 317 977 rant
339 951 462 978 tttonachi
486 957 513 979 et
535 959 568 979 ex
589 953 696 981 clericis
715 954 823 988 quidam
850 955 1037 987 ascendentes,

258 1002 307 1022 nos
322 1001 478 1030 pertraxere
492 1006 498 1024 :
513 1001 595 1032 atque
612 998 661 1030 ita,
683 1003 766 1026 testor
784 999 868 1034 ipsam
885 1000 1038 1032 veritatem,

255 1041 318 1069 licet
331 1050 346 1069 e
358 1042 486 1069 miiitibus
500 1043 544 1070 alii
559 1043 710 1070 sacrarium
722 1044 872 1078 cingerent,
886 1044 932 1071 alii
947 1045 1032 1072 eccle-

255 1088 322 1115 siam
340 1088 505 1122 obsiderent,
523 1088 639 1116 Domino
664 1093 753 1116 tamen
777 1089 845 1117 duce
860 1090 1037 1124 pertransivi-

254 1141 324 1164 mus,
341 1134 451 1168 ipsoque
463 1135 573 1162 custode
587 1135 657 1162 clam
674 1135 734 1162 illos
745 1135 919 1162 discessimus
931 1144 938 1162 :
951 1135 1036 1163 Deum

254 1187 415 1214 magnopere
431 1180 626 1215 gloriﬁcantes,
641 1181 711 1214 quod
731 1181 857 1215 populum
876 1188 928 1208 non
943 1182 1036 1216 prodi-

1087 911 1266 943 ὐπεξέλθοιεν.
1287 911 1419 942 ’Δναστάς
1442 910 1518 944 γοῦν,
1537 910 1584 937 καὶ
1612 909 1766 946 προστάξας
1781 909 1875 944 εὐχὴν.

1085 956 1173 988 οὕτως
1190 956 1331 991 ἀντηξίουν
1345 956 1453 982 ἀπιέναι
1470 956 1602 991 πρότερον
1616 955 1671 990 (70)
1683 955 1746 986 τοὺς
1760 955 1877 986 πάντας,

1087 1003 1189 1038 βέλτιον
1205 1000 1273 1028 εἶναι
1287 1001 1374 1036 λέγων
1390 1002 1439 1036 ἐμὲ
1454 1001 1616 1028 κινδυνεύειν
1632 1001 1648 1036 ἢ
1671 1000 1818 1036 βλαὸλῆναί
1833 1005 1877 1026 τι·

1085 1057 1133 1080 νας
1147 1048 1176 1081 ἐξ
1192 1048 1279 1083 ὑμῶν.
1306 1047 1480 1080 Ἐξελθόντων
1492 1047 1582 1073 τοίνυν
1597 1046 1652 1073 τῶν
1668 1046 1809 1078 πλείστων,
1826 1047 1876 1072 καὶ

1085 1089 1139 1121 τῶν
1151 1089 1252 1120 λοιπῶν
1268 1092 1528 1124 ἐπακολουθούντων,
1542 1093 1566 1118 οἱ
1582 1093 1630 1119 σὺν
1650 1093 1716 1127 ἡμῖν
1728 1092 1803 1123 ὅντες
1818 1092 1878 1118 ἐκεῖ

1086 1136 1198 1172 μοναχοὶ
1217 1137 1264 1163 καί
1285 1145 1357 1168 τινες
1373 1136 1426 1162 τῶν
1444 1136 1593 1172 κληρικῶν,
1613 1136 1769 1167 ἀνελθόντες
1786 1136 1877 1162 εἷλκυο

1085 1190 1133 1207 σαν
1149 1182 1238 1216 ἡμᾶς·
1257 1181 1303 1207 καὶ
1324 1180 1410 1212 οὕτως
1430 1181 1476 1206 ἐπὶ
1499 1181 1618 1216 μάρτυρι
1632 1180 1687 1215 (71)
1701 1181 1734 1216 τῇ
1751 1179 1874 1215 ἀληθείᾳ,

253 1224 395 1257 disse-nus,
409 1225 456 1252 sed
479 1226 536 1260 ipso
551 1225 702 1260 praemisso,
723 1225 918 1260 inquirentium
937 1234 1032 1254 manus

1087 1226 1135 1252 τῶν
1148 1226 1320 1261 στρατιωτῶν
1333 1226 1385 1252 τῶν
1400 1227 1448 1262 μὲν
1462 1225 1678 1261 περιεστηκότων
1691 1226 1720 1252 τὺ
1733 1227 1873 1261 ίερατεῖον,

253 1271 368 1297 evadere
380 1270 509 1298 licuisset.

1087 1272 1134 1298 τῶν
1160 1272 1188 1298 δὲ
1218 1272 1435 1307 περιερχομένων
1463 1273 1512 1307 τὴν
1535 1271 1696 1307 ἐκκλησίαν,
1720 1271 1873 1307 διήλθομεν,

251 1315 298 1342 τοῦ
314 1317 414 1351 Κυρίου
432 1316 600 1352 ὁδηγοῦντος,
621 1317 667 1343 καὶ
684 1317 766 1343 αὑτοῦ
783 1317 970 1351 φυλάττοντος,
1003 1317 1127 1348 λαθόντες
1145 1318 1200 1353 (7:2)
1217 1318 1316 1349 αὐτοὺς
1349 1318 1573 1353 ἀνεχωρήσαμεν,
1604 1316 1759 1348 δοξάζοντες
1790 1316 1875 1351 μεγά-

250 1360 303 1392 λιιις
317 1362 396 1388 αὑτὸν
411 1362 456 1389 τὸν
468 1362 544 1393 Θεὸν,
558 1363 598 1388 ὅτι
615 1363 682 1398 μήτε
713 1363 918 1399 προδεδώκαμεν
947 1363 1003 1398 (75)
1021 1363 1066 1389 τὸν
1084 1363 1157 1396 λαὸν,
1185 1363 1252 1389 ἀλλὰ
1275 1363 1322 1390 καὶ
1344 1363 1555 1398 προπέμψαντες
1581 1362 1688 1394 αὐτοὺς,
1708 1361 1873 1397 διασωθῆναι

251 1410 297 1436 καὶ
313 1410 452 1444 διαφυγεῖν
465 1410 513 1441 τὰς
524 1411 615 1445 χεῖρας
626 1410 679 1437 τῶν
690 1410 842 1446 ζητούντων
853 1411 970 1446 1ῐπδυνήθη
975 1419 1036 1446 μεν.

285 1457 330 1484 25.
345 1457 411 1484 Cum
432 1457 514 1492 igitur
529 1458 616 1484 divina
636 1458 806 1492 providentia
829 1466 877 1486 nos
898 1465 930 1485 eo
948 1459 1027 1485 modo

1113 1457 1157 1484 25.
1170 1457 1225 1491 Τῆς
1239 1455 1328 1482 τοίνυν
1340 1454 1470 1490 Προνοίας
1483 1455 1569 1486 οὕτως
1587 1455 1634 1481 καὶ
1647 1453 1702 1489 (74)
1714 1453 1873 1489 παραδόξως

250 1512 282 1531 ae
297 1504 455 1531 mirabiliter
474 1503 606 1534 liberarii.
628 1504 689 1538 quis
708 1504 785 1531 nobis
806 1503 869 1530 illud
890 1505 950 1538 jure
966 1504 1031 1531 vitio

249 1554 348 1582 vertat,
364 1549 435 1584 qttod
450 1549 647 1584 inquirentibus
662 1557 711 1576 nos
724 1549 795 1576 ultro
818 1557 869 1576 non
887 1550 1031 1576 tradideri-

249 1602 320 1626 mus,
335 1599 381 1620 aut
393 1594 492 1621 reversi
514 1601 565 1621 non
583 1594 649 1628 ipsis
664 1601 755 1621 coram
769 1594 940 1620 steterimus?
953 1593 1032 1621 Esset

249 1640 328 1674 plane
350 1639 415 1666 illud
436 1646 466 1666 se
487 1639 542 1666 Deo
566 1638 700 1672 ingratum
723 1643 862 1673 prtestare,
887 1644 914 1666 et
933 1645 1031 1673 praeter

248 1684 306 1718 ejus
334 1684 487 1711 mandatum
517 1691 609 1718 agere,
634 1691 695 1710 cum
722 1685 843 1719 actisque
873 1689 1030 1712 sanctorum

247 1737 378 1765 pugnare.
395 1730 448 1756 Aut
463 1729 485 1756 si
499 1730 560 1764 quis
572 1729 671 1763 estqui
687 1729 737 1756 hoc
752 1730 860 1757 crimini
878 1732 934 1762 det,
950 1730 972 1755 is
984 1739 1031 1756 :tu-

247 1775 309 1802 deat
328 1780 355 1802 et
372 1782 497 1810 magnum
515 1776 664 1809 apostolutn
682 1775 792 1802 Petrum
808 1775 943 1806 incusare,
960 1775 1030 1810 quod

248 1821 274 1848 in
290 1829 399 1848 carcere
410 1821 529 1848 reclusus
543 1825 570 1847 et
582 1828 597 1847 a
614 1821 741 1848 militibus
755 1821 918 1852 custoditus,
931 1828 1031 1847 vocan—

248 1871 301 1894 tem
317 1875 345 1894 sc
358 1867 481 1902 angelum
508 1872 617 1894 secutus
628 1867 663 1893 sit
677 1876 682 1894 :
696 1874 711 1893 e
727 1874 887 1900 carcereque
906 1873 1031 1902 egressus

247 1918 328 1947 atque
349 1913 487 1943 liberatus,
512 1921 565 1939 non
589 1913 707 1947 seipsum
734 1913 882 1939 traditurus
906 1911 1028 1943 redierit,

245 1958 297 1984 etsi
311 1957 423 1985 Herodis
440 1958 558 1985 facinora
573 1959 761 1992 comperisset.
778 1958 842 1984 lllud
863 1965 971 1993 quoque
989 1957 1031 1984 [ιι-

246 2004 334 2030 riosus
351 2002 467 2030 Arianus
489 2003 570 2030 Paulo
588 2003 709 2037 apostolo
726 2004 792 2030 vitio
810 2009 908 2035 vertat,
929 2003 1000 2038 quod
1014 2011 1029 2029 e

247 2057 323 2076 muro
338 2049 470 2076 demissus
488 2050 647 2076 sententiam
662 2057 715 2076 non
734 2050 855 2082 mutarit,
872 2057 921 2077 nec
938 2056 1029 2076 rever-

246 2103 292 2121 sus
316 2095 405 2129 seipse
434 2094 692 2130 tradideritznloysi
717 2095 779 2122 item
802 2095 873 2129 quod
900 2102 933 2121 ex
957 2099 1026 2121 terra

1086 1503 1250 1540 ῥυσαμένης,
1265 1501 1306 1533 τίς
1320 1501 1352 1528 ἂν
1363 1501 1475 1532 δικαίως
1492 1501 1594 1536 μέμψιν
1612 1500 1756 1535 ἐπαγάγοι,
1778 1501 1818 1526 ὅτι
1833 1501 1872 1536 μὴ

1083 1551 1138 1581 τοῖς
1153 1548 1278 1584 ζητοῦσιν
1301 1548 1413 1579 ἑαυτοὺς
1432 1547 1556 1578 ἐκδότους
1581 1546 1747 1581 δεδώκαμεν,
1769 1546 1786 1581 ἢ
1804 1547 1873 1572 ὐπο-

1084 1596 1246 1632 στρέῲαντες
1261 1594 1457 1629 ὲνεφανίσαμεν
1469 1593 1581 1624 ἑαυτούς
1594 1601 1601 1625 ;
1622 1592 1707 1619 Τοῦτο
1727 1592 1781 1627 γάρ
1796 1593 1872 1619 ἐστιν

1083 1642 1211 1676 ἄντικρυς
1229 1639 1409 1675 ἀχαριστῆσαι
1430 1638 1469 1673 τῷ
1486 1638 1591 1674 Κυρίῳ,
1610 1639 1674 1674 παρ’
1692 1638 1800 1673 ἐντολήν
1813 1637 1871 1672 (75)

1082 1695 1111 1713 τε
1128 1685 1209 1712 αὐτοῦ
1222 1685 1334 1721 πρᾶξαι,
1350 1684 1397 1711 καὶ
1415 1685 1475 1715 ταῖς
1487 1684 1540 1709 τῶν
1555 1683 1639 1718 ἁγίων
1655 1683 1785 1718 μάχεσθαι
1799 1683 1873 1719 πρά-

1083 1732 1165 1764 gem.
1185 1731 1219 1757 Ἣ
1241 1732 1255 1757 ὁ
1275 1730 1352 1756 τοῦτο
1375 1729 1547 1764 μεμφόμενος
1569 1729 1730 1763 τολμησάτω
1754 1729 1801 1755 κα)⁵
1824 1729 1872 1755 τὸν

1083 1778 1169 1812 μέγαν
1197 1776 1344 1803 ἀπόστολον
1367 1775 1468 1810 Πέτρον
1490 1774 1671 1806 αἰτιάσασθαι,
1700 1774 1750 1806 ὅτι,
1780 1773 1871 1801 καίτοι

1083 1822 1267 1857 συγκλεισθεὶς
1288 1822 1335 1848 καὶ
1350 1821 1516 1856 ’πηρούμενος
1531 1820 1582 1846 ὑπὸ
1606 1820 1787 1855 στρατιωτῶν,
1802 1821 1871 1854 ὴκοτ

1080 1869 1194 1904 λούθησε
1215 1867 1253 1902 τῷ
1268 1866 1393 1893 καλοῦντι
1414 1866 1532 1901 ἀγγέλῳ,
1555 1865 1602 1892 καὶ
1619 1864 1734 1897 ἐξελθὼν
1752 1865 1805 1892 ἀπὸ
1818 1865 1869 1901 τῆς

1080 1911 1202 1947 φυλακῆς
1214 1911 1260 1937 καὶ
1278 1910 1430 1942 διασωθεὶς,
1452 1910 1501 1945 οὐχ
1518 1909 1671 1945 ὑπέστρεψε
1683 1910 1730 1936 καὶ
1745 1909 1870 1945 παρέδω-

1080 1966 1126 1984 κεν
1141 1957 1196 1993 (76)
1212 1957 1317 1988 ἑαυτὸν,
1331 1955 1431 1990 καίπερ
1449 1955 1566 1986 ἀκούσας
1578 1955 1595 1981 ἃ
1617 1955 1765 1990 πεποίηκεν
1784 1954 1869 1990 Ἡρώ-

1078 2003 1141 2037 δης”
1161 2001 1309 2037 μεμφέσθω
1327 2001 1355 2027 δὲ
1369 2001 1461 2036 μανεὶς
1476 2001 1490 2027 ὁ
1510 2000 1722 2035 ’Δρειανδς(77),
1737 2001 1779 2026 ὅτι
1794 2001 1867 2035 μήτε

1079 2048 1183 2079 Παῦλος
1205 2048 1220 2073 ὸ
1235 2046 1390 2078 ἀπόστολος,
1405 2046 1546 2080 χαλασθεὶς
1561 2045 1613 2071 ἀπὸ
1628 2045 1675 2071 τοῦ
1688 2045 1791 2080 τείχους
1817 2045 1866 2071 καὶ

1078 2092 1229 2123 διασωθεὶς,
1248 2091 1380 2126 μετέγνω,
1401 2091 1448 2117 καὶ
1461 2090 1634 2125 ὑποστρέψας
1650 2089 1756 2116 ἔκδοτον
1768 2089 1865 2116 ἑαυτὸν

245 2140 350 2167 Madian
366 2141 392 2167 itt
407 2139 552 2175 Egyptum
567 2147 704 2174 regressus
717 2148 768 2167 non
781 2140 826 2171 sit,
839 2144 894 2166 uta
907 2147 1028 2171 quaeren-

1087 2138 1192 2164 Ξέδωκε·
1217 2137 1284 2172 μήτε
1299 2136 1346 2162 ὃτι¹
1361 2136 1463 2171 Μωσῆς
1487 2135 1656 2171 ὑπέστρεψεν
1674 2135 1728 2161 ἀπὸ
1750 2135 1865 2170 Μαδιάμ

246 2187 315 2213 tibus
329 2193 358 2212 se
375 2186 619 2220 apprehenderetur
633 2195 639 2212 :
655 2185 744 2212 Davidi
757 2185 828 2218 quod
846 2185 909 2212 dum
923 2184 948 2211 in
964 2191 1027 2219 spe-

244 2232 321 2259 lunca
340 2237 421 2263 esset,
439 2232 510 2259 Sauli
528 2240 580 2259 non
599 2233 703 2259 venerit
716 2232 822 2258 obviam
836 2240 843 2258 :
856 2231 903 2258 sed
918 2234 945 2257 et
959 2238 1024 2264 pro-

244 2279 384 2312 phetarum
402 2278 463 2306 ﬁliis
479 2279 549 2313 quod
567 2286 591 2305 tn
609 2278 745 2312 speluncis
771 2281 941 2304 remanentes
963 2283 1023 2304 sese

277 2347 300 2362 τ’
312 2346 383 2373 Psal.
405 2353 514 2378 cxxxvr,
534 2346 547 2373 Ι
572 2353 649 2380 seqq.

277 2414 331 2449 (67)
351 2414 466 2447 Anglic.,
481 2413 561 2440 ὥστε.

275 2447 330 2483 (08)
345 2449 532 2475 ’Υπιικούειιπ
547 2448 633 2475 Minus
652 2453 723 2475 recte
734 2447 854 2475 Nannius
866 2448 956 2478 vertit,
972 2455 1020 2474 au-

240 2482 379 2515 scultat-et,
391 2491 450 2510 cutn
471 2485 506 2509 sit
522 2485 689 2515 vertendum,
710 2483 884 2517 responderet.
900 2482 1020 2509 Valesius

241 2521 267 2546 it.
285 2520 354 2545 t-ntis
366 2519 398 2544 ad
416 2518 614 2544 Titemlorctum
625 2539 632 2550 ,
645 2520 678 2544 ad
695 2525 756 2553 pag.
773 2518 821 2550 88,
839 2522 913 2551 putat
930 2517 1020 2553 legen-

239 2555 302 2581 dum
327 2554 453 2588 ὑπηχεῖνξ
476 2553 528 2579 Sed
551 2559 623 2580 recte
648 2553 728 2579 habet
752 2558 892 2588 contextus
914 2560 920 2578 :
945 2552 1020 2588 vocis

240 2590 337 2622 quippe
351 2587 497 2614 ὑπακούειν
510 2588 532 2613 is
546 2595 610 2615 usus
621 2593 661 2613 est
673 2588 742 2620 apud
750 2587 926 2622 Grzecosmon
941 2587 1020 2622 modo

239 2621 446 2655 ecclesiasticos,
472 2622 518 2648 sed
539 2623 620 2649 etiam
632 2622 768 2656 profanos.
792 2621 920 2655 Exempla
937 2621 1019 2647 multa

240 2659 337 2684 vitiosis
354 2659 379 2684 itt
408 2657 505 2683 Lexico
520 2657 700 2689 Constantini,
725 2657 861 2684 Francisci
887 2656 957 2682 Porli
974 2657 1021 2682 ad-

239 2693 383 2719 tlitionihus
406 2698 495 2722 aucto,
523 2699 622 2719 excuso
643 2699 713 2719 anno
737 2691 814 2719 1592.
857 2691 1020 2725 Epiphanius

238 2728 413 2754 scholasticus
427 2728 495 2753 hunc
509 2726 594 2753 locum
610 2728 699 2758 vet-tit,
716 2728 806 2760 populi
822 2726 1018 2759 responderent.

239 2760 305 2788 Vide
315 2769 375 2822 qitze
391 2769 471 2794 supra
484 2762 600 2789 diximus
613 2770 640 2788 tn
652 2762 778 2796 Apologia
793 2762 826 2787 ad
837 2760 1019 2788 Constantium

239 2803 311 2822 nutu.
364 2815 370 2822 .

236 2803 311 2823 nutu.
329 2797 370 2822 16.

272 2831 326 2866 (69)
343 2830 392 2866 Bia
405 2832 481 2859 deest
501 2832 571 2865 apud
586 2831 687 2859 Theod.
707 2831 767 2859 Mox
788 2831 852 2866 Reg.
869 2836 896 2858 et
916 2829 1019 2857 Thcod.

1080 2185 1120 2214 είς
1131 2183 1276 2217 Αἴγυπτον,
1289 2183 1333 2209 ἵνα
1345 2182 1467 2218 κρατηθῇ
1480 2182 1533 2208 ὑπὸ
1544 2181 1598 2208 τῶν
1609 2181 1759 2217 ζητούντων
1769 2189 1775 2196 ·
1791 2181 1864 2216 μήτε

1078 2230 1092 2254 ὁ
1108 2229 1190 2256 Δαῦὶδ
1213 2230 1241 2255 ἐν
1263 2228 1302 2263 τῷ
1327 2227 1448 2262 σπηλαίῳ
1470 2226 1569 2260 ἔδειξεν
1588 2227 1683 2254 ἑαυτὸν
1705 2227 1744 2262 τῷ
1761 2227 1862 2254 Σαούλ·

1076 2275 1142 2302 ἀλλά
1158 2277 1204 2301 καὶ
1217 2276 1241 2301 οἱ
1256 2275 1308 2301 υἱοὶ
1322 2274 1376 2300 τῶν
1393 2274 1538 2309 προφητῶν
1551 2273 1661 2308 ἔμειναν
1682 2274 1711 2300 ἐν
1722 2274 1780 2305 τοῖς
1795 2281 1865 2308 στι-η-

1069 2409 1252 2440 στρατιωτῶν.
1273 2406 1342 2434 Editi
1358 2405 1427 2433 male
1443 2405 1578 2440 στρατῶν.

1105 2439 1159 2478 (70)
1178 2444 1204 2469 In
1220 2441 1326 2478 Anglic.
1339 2446 1366 2467 et
1382 2439 1638 2478 thteodL-ath-rspov
1650 2439 1734 2478 deest.

1104 2473 1159 2514 (71)
1177 2478 1242 2512 Reg.
1258 2473 1285 2504 Et
1297 2476 1398 2503 Theod.
1412 2475 1457 2501 ἐπὶ
1468 2473 1599 2510 μάρτυρι,
1610 2478 1692 2501 recte.
1707 2473 1775 2500 Editi
1792 2480 1861 2501 vero

1068 2515 1114 2540 imi.
1130 2514 1279 2548 μάρτυρος.

1117 2545 1161 2583 ῑέ)
1173 2545 1296 2583 ’Τιιὸοιίη
1312 2545 1499 2583 λανθανοντες.

1117 2549 1161 2583 72)
1182 2549 1296 2578 Theod.,
1312 2549 1499 2575 λανθάνοντες.

1104 2549 1160 2619 (75)
1183 2582 1303 2617 Anglic.,
1330 2580 1536 2616 προύδώκαμεν.
1560 2577 1645 2605 Paulo
1668 2582 1728 2613 post
1752 2577 1859 2605 'l‘beod.

1068 2618 1232 2645 διεκωυγεῐν.

1109 2626 1232 2652 κφυγειν.

1105 2653 1161 2688 (74)
1177 2652 1317 2688 Καίνςίθθει
1329 2651 1354 2688 in
1368 2649 1474 2688 Anglic.

1104 2681 1160 2723 (‘75)
1174 2687 1290 2723 Anglic.,
1308 2686 1354 2712 καὶ
1366 2681 1441 2720 παρ’.
1455 2683 1526 2712 Infra
1538 2683 1606 2710 idem
1617 2683 1631 2709 ὁ
1642 2681 1729 2717 τούτῳ
1747 2681 1859 2717 μεμφό-

1092 2731 1149 2749 ενος
1154 2743 1159 2749 .

1071 2731 1159 2758 μενος.

1105 2755 1461 2792 (76Ηὶεθπαραδέδωκενη
1487 2788 1496 2792 Δ
1541 2788 1564 2792 __
1629 2787 1654 2792 __
1681 2788 1692 2792 η
1716 2786 1728 2791 _

1110 2785 1165 2827 (77)
1178 2785 1300 2824 Au'glieq'
1311 2792 1428 2827 Ἄρειος.
1455 2788 1524 2816 Infra
1541 2788 1609 2815 idem
1629 2786 1758 2820 Μωῧσῆς.
1772 2785 1860 2813 Paulo

1074 2825 1133 2863 ροσε.
1147 2825 1212 2862 Reg.
1227 2826 1300 2861 παρὰ
1318 2826 1371 2852 τὼν
1385 2825 1443 2859 ζητ-
