2007 3044
240 144 294 175 67‘)

550 147 577 174 S.
598 146 783 176 ATHANASII
800 147 885 183 οΡΡ.ξ
896 145 986 174 PARS
1005 147 1026 174 1.
1046 163 1080 169 -—
1095 143 1283 177 ηιδτοηιῦΑ
1300 150 1345 177 ΕΤ
1364 149 1573 178 ΒΟΟΜΑΤΙΟΑ.

1813 144 1869 176 σεο

245 202 343 237 injuste
360 202 402 238 agi
415 202 582 236 existiment,
595 204 677 238 quod,
695 209 724 232 ut
743 204 808 237 disi,
824 205 883 232 illos
895 205 1025 240 supersti-

1076 206 1121 232 καὶ
1134 207 1287 242 νομίζουσιν
1299 208 1460 240 ἀδικεῖσθαι,
1475 206 1550 239 ὅταν,
1566 206 1638 234 καθὰ
1651 203 1790 243 προεῖπον,
1807 206 1867 242 βλὲ-

241 254 282 278 tes
301 249 420 280 videant.
435 256 501 284 quos
517 249 567 284 ipsi
582 255 712 285 cuperent
731 257 850 279 ettectos.
869 250 974 278 Utinam
989 251 1025 278 ita

243 304 304 324 cum
318 296 370 323 illis
387 295 486 331 injuste
500 301 606 331 agatur,
628 302 656 324 ut
675 297 725 331 ipsi
740 298 766 324 in
785 298 937 331 irrogandis
953 298 1024 332 inju-

242 343 292 371 rils
306 342 405 370 inlirmi
419 342 535 370 evadant
550 351 556 369 :
571 343 617 377 qui
638 350 702 370 vero
724 344 940 379 persecutionem
965 343 1025 371 illo-

243 396 302 417 rum
311 389 450 424 patiuntur
460 389 573 417 Domino
582 391 684 425 gratias
695 396 786 424 agaut,
794 395 821 418 et
833 391 890 418 haec
904 391 1024 418 vicesimi

242 435 310 462 sexti
325 435 418 470 psalmi
433 435 540 464 dicant:
552 435 678 464 Dominus
691 437 847 464 illuminatio
858 445 914 464 mea
925 442 949 464 et
962 437 1026 464 Sal-

241 485 316 508 uator
335 488 418 513 meus,
440 489 516 515 quens
538 482 655 509 timebo!
677 482 804 510 Dominus
822 488 954 518 protector
969 485 1027 510 sitit

243 533 319 559 mete,
334 534 350 554 a
362 535 413 562 quo
424 527 576 561 trepidabo?
588 527 655 555 Dum
669 530 822 563 appropiant
837 537 914 563 super
927 537 966 555 me
978 537 1027 555 no-

243 577 339 605 centes,
358 578 386 600 ut
400 574 478 600 edant
492 582 584 600 carnes
604 582 674 601 meas
688 582 696 600 :
708 575 753 610 qui
767 574 896 601 tribu/ant
918 582 958 601 me
976 575 1027 600 ini-

243 619 304 646 mici
318 619 378 652 mei,
393 620 443 654 ipsi
462 621 589 653 inﬁrmati
605 626 665 647 sunt
680 626 703 647 ct
718 621 905 648 ceciderunt".
922 620 954 648 Et
968 628 1028 648 rur-

243 672 302 692 sum
316 665 341 692 in
361 665 499 692 tricesimo
515 666 636 700 psalmo:
650 666 765 693 Salvasti
780 667 812 693 de
833 666 1027 693 necessitatibus

243 713 359 739 animam
382 720 476 745 meam,
497 720 541 738 nec
562 712 712 738 conclusisti
732 720 773 739 me
795 712 822 738 in
845 712 964 738 manibus
979 712 1028 738 ini-

243 759 302 785 mici
317 767 326 785 :
341 758 457 786 statuisti
482 758 509 784 in
531 758 588 784 loco
613 758 730 792 spatioso
752 758 830 792 pedes
860 758 969 784 meos".
998 757 1026 784 In

243 803 350 832 Christo
363 803 426 831 Jesu
441 804 552 831 Domino
568 808 660 831 nostro
675 811 722 838 per
734 811 814 838 quem
830 803 904 830 Patri
916 807 943 830 et
966 803 1028 838 Spi-

243 849 307 876 ritui
327 853 421 877 sancto
435 849 518 884 gloria
537 853 564 876 et
583 848 724 876 imperium
742 848 769 875 in
793 848 892 876 saecula
911 848 1026 876 saculo-

1076 262 1146 280 πωσι
1162 253 1275 287 ζῶντας,
1291 254 1337 287 οὒς
1350 255 1530 291 ἀποθνήσκειν
1544 254 1681 291 βούλονται
1690 252 1755 288 (91).
1771 253 1820 288 Εῐη
1836 253 1865 278 δε

1075 299 1183 331 τούτους
1192 299 1276 332 οὕτως
1284 300 1442 332 ἀδικεῖσθαι,
1452 299 1521 326 ὥστε
1538 299 1636 330 αὐτοὺς
1645 297 1694 333 μὲν
1701 296 1822 323 ἀσθενεῖν
1835 296 1866 322 ἐν

1074 347 1134 377 ταῖς
1150 345 1266 378 ἀδικίαις
1287 346 1387 378 αὐτῶν,
1409 347 1473 378 τοὺς
1495 345 1523 372 δὲ
1541 343 1721 379 διωκομένους
1736 343 1800 378 παρ’
1815 342 1864 368 αὑ-

1076 392 1130 418 τῶν
1146 392 1315 427 εὐχαριστεῖν
1327 391 1365 427 τῷ
1382 391 1488 427 Κυρίῳ,
1503 391 1550 418 καὶ
1564 390 1653 424 λέγειν
1667 388 1701 415 τὰ
1714 389 1743 415 ὲν
1764 387 1803 423 τῷ
1816 390 1863 419 κε’

1075 437 1186 473 ψαλμῷ-
1212 438 1319 472 Κύριος
1343 438 1494 472 φωτισμός
1512 445 1572 472 μου
1597 435 1646 462 καὶ
1672 433 1772 468 Σωτήρ
1790 441 1862 467 μου.

1076 484 1142 510 τίνα
1171 483 1395 519 φοϐηθήσομαυ
1419 485 1527 518 Κύριος
1554 480 1785 516 ὑπερασπιστὴς
1809 477 1865 512 τῆς

1076 528 1149 563 ζωῆς
1162 538 1232 564 μου.
1244 529 1303 557 ἀπὸ
1316 530 1397 562 τινος
1406 529 1563 560 δειλιάσω;
1576 529 1625 554 Ἐν
1637 524 1804 561 τῷὲτγίζειν
1817 525 1864 551 ἐπ’

1075 575 1127 609 ἐμὲ
1143 575 1312 608 κακοῦντας
1324 596 1331 608 ,
1349 575 1402 602 τοῦ
1420 575 1527 610 φαγεῖν
1540 575 1593 608 τὰς
1608 573 1724 608 σάρκας
1732 581 1791 607 μου
1803 580 1810 587 ·
1837 573 1866 598 οι

1077 620 1230 653 θλίϐοντές
1242 629 1280 655 με
1293 621 1341 647 καὶ
1355 623 1381 648 ol
1394 621 1496 655 ἐχθροί
1505 629 1575 655 μου,
1591 619 1675 647 αὐτοὶ
1689 618 1867 653 ἠσθένησαν

1077 665 1125 692 καὶ
1143 665 1334 701 ἔπεσον-(92)·
1353 666 1399 692 καὶ
1411 666 1492 693 πάλιν
1509 667 1537 692 ὲν
1551 665 1590 701 τῷ
1603 665 1625 691 λ’
1774 664 1868 690 Ἕσω-

1076 717 1134 743 truc
1148 710 1182 737 ἐκ
1196 710 1255 737 τῶν
1271 710 1410 745 ἀναγκῶν
1422 710 1479 745 τὴν
1496 709 1601 745 ψυχήν
1614 718 1673 744 μου
1683 709 1750 744 (95),
1767 708 1815 735 καὶ
1829 709 1868 735 οὑ

1077 755 1279 788 σινὲκλεισὰς
1296 764 1335 790 με
1355 757 1398 789 εις
1415 755 1516 791 χεῖρας
1532 754 1660 789 ἐχθρῶν·
1678 754 1813 787 ἐστησας
1831 752 1868 778 ἐν

1075 802 1233 837 εὐρυχώρῳ
1247 803 1318 835 τοὺς
1333 795 1427 835 πόδας
1443 811 1512 837 μου.
1536 803 1580 829 Ἐν
1598 800 1708 837 Χριστῷ
1727 799 1812 834 Ἰησοῦ
1827 798 1868 834 τῷ

1076 849 1172 884 Κυρίῳ
1184 848 1273 884 ἡμῶν,
1289 849 1323 876 δι’
1341 846 1371 876 οὗ
1390 849 1430 885 τῷ
1444 850 1532 885 Harp).
1556 849 1584 875 ὲν
1611 847 1680 882 ἁγίῳ
1693 845 1832 880 Πνεύματι
1849 844 1869 879 ἡ

1043 894 1064 922 Β
1078 894 1141 927 δόξα
1162 895 1209 922 καὶ
1231 895 1262 922 τὸ
1286 895 1386 931 κράτος
1400 895 1440 926 εις
1461 895 1525 927 τοὺς
1547 893 1647 926 αἰῶνας
1672 892 1726 919 τῶν
1749 890 1868 918 αἰώνων.

1088 940 1183 975 ’Λμήν.

244 903 314 923 rum.
332 896 430 924 Amen.

292 1005 299 1020 '
314 1005 384 1032 Psal.
396 1012 473 1037 xsvx,
487 1004 551 1036 Li.
587 1005 610 1021 "
622 1004 693 1032 Psal.
708 1012 772 1035 ns,
783 1003 843 1032 1-9.

279 1061 335 1098 ἱ91)
358 1060 424 1096 Reg.
447 1068 527 1097 quem
544 1062 682 1097 sequimur
702 1061 852 1097 βούλονται.
874 1061 953 1096 Editi_
967 1060 1029 1096 βού-

243 1098 470 1167 λωῖέὲἶᾏηειίοη
484 1139 563 1166 quem
585 1131 706 1167 sequitur
730 1131 861 1167 Nannius,
877 1130 1029 1167 ὴσϐένῃᾳαν

244 1165 291 1194 ita);
305 1165 416 1193 ἐπέπεσαν.
445 1165 507 1193 Ἐὰν
528 1165 717 1202 παρατᾶξηται
739 1167 782 1193 ἐπ’
796 1166 846 1202 ἐμὲ
858 1165 1029 1202 παρεμῦολὴ,

243 1203 274 1229 οὐ
289 1202 471 1238 φυσηθήσεται
492 1203 509 1238 ἡ
529 1201 627 1238 turpata
649 1211 711 1237 μου.
739 1202 802 1228 Ἐὰν
822 1203 956 1237 ἐπανεστῇ
968 1201 1029 1236 (sic)

1082 1061 1125 1087 ἐπ’
1136 1060 1187 1097 ἐμὲ
1199 1061 1326 1096 πόλεμος,
1338 1062 1366 1088 ὲν
1377 1062 1411 1097 τῇ
1423 1061 1522 1096 ἀμάχῳ
1531 1060 1579 1088 τοῦ
1589 1060 1656 1087 Θεοῦ
1676 1060 1749 1096 δεξιᾷ
1764 1061 1871 1090 ἐλπίσω

1082 1096 1129 1157 υἷα).
1142 1095 1222 1123 πάλιν
1233 1095 1272 1123 ὲν⁷
1283 1096 1332 1132 τῷ,
1352 1095 1411 1132 (ιυῶ
1431 1095 1521 1124 diuitiis
1538 1103 1554 1123 a
1575 1102 1702 1124 contextu
1715 1095 1868 1132 .Scriptune

1083 1140 1090 1156 ι
1103 1137 1250 1165 Iscrepttltl.

1083 1165 1272 1237 ἐὲῦὸλὲᾦικι.
1287 1170 1316 1194 et
1337 1165 1436 1199 Nanu.,
1461 1166 1510 1204 τὴν
1529 1165 1616 1202 ψυχήν
1627 1175 1678 1202 μου
1701 1166 1819 1203 {meae
1838 1169 1870 1194 ιν

1099 1210 1112 1228 υ
1134 1210 1190 1236 υχω
1234 1221 1242 1228 .

1099 1210 1242 1236 υρυχωρῳ.

247 1278 1862 1294 .___—————_———————————‘————-——_———-—

378 1373 728 1421 ADMONITIO
770 1375 833 1419 IN
871 1374 1026 1419 EPIS']

1075 1373 1214 1418 )LAM
1241 1373 1314 1417 AD
1341 1373 1404 1418 SE
1416 1373 1728 1420 RAPIONEM

907 1475 950 1503 DE
975 1475 1094 1503 MOBTE
1116 1475 1203 1507 ARII.
1223 1499 1225 1504 .

725 1559 773 1589 ET
789 1558 828 1589 ΙΝ
843 1556 1070 1588 EPISTOLAM
1086 1556 1139 1586 AD
1154 1555 1386 1586 MONACHOS.

280 1720 360 1756 267
377 1718 397 1746 I.
419 1718 537 1754 Epistola
554 1717 587 1744 ad
603 1717 777 1752 Serapionem
794 1718 827 1745 ile
837 1722 924 1744 morte
939 1717 1006 1750 Arii,
1021 1717 1124 1744 tametsi
1140 1717 1237 1752 scripta
1253 1721 1290 1744 est
1304 1723 1360 1752 post
1373 1716 1519 1749 Epistulam
1534 1716 1568 1743 ad
1581 1716 1738 1750 mcuacltos,
1754 1717 1869 1750 priorem

246 1774 332 1796 tamen
347 1767 390 1794 hic
409 1766 495 1794 locum
511 1771 629 1799 occupat,
639 1765 746 1798 perinde
762 1769 840 1799 atque
854 1766 881 1791 in
894 1765 1087 1800 antiquioribus
1108 1765 1306 1799 manuscriptis,
1324 1773 1433 1800 veroque
1446 1765 1531 1792 simile
1543 1770 1579 1791 est
1596 1764 1658 1791 illas
1674 1773 1703 1791 eo
1715 1765 1748 1791 ad
1761 1773 1807 1792 nos
1822 1773 1870 1792 oro

246 1816 305 1843 dine
319 1816 476 1850 pervenisse,
487 1822 538 1848 quo
555 1813 590 1840 ad
603 1813 774 1845 Serapionem
785 1813 871 1840 missio
883 1816 955 1840 sunt.
966 1811 1081 1847 Rogatus
1095 1813 1189 1846 quippe
1202 1811 1234 1839 ab
1251 1813 1307 1847 ipso
1320 1811 1466 1846 Serapione
1483 1811 1654 1842 Athanasius,
1675 1816 1702 1838 ut
1721 1820 1806 1838 rerum
1821 1819 1870 1838 suo

246 1868 360 1898 tempore
379 1867 510 1896 gestarum
524 1859 672 1892 historiam,
691 1859 823 1886 Arianicae
845 1859 985 1893 impietatis
1004 1859 1220 1893 confutationem,
1243 1856 1352 1895 Ariique’
1364 1859 1449 1886 obitus
1471 1860 1597 1886 rationem
1619 1860 1653 1885 ad
1671 1867 1697 1886 se
1709 1861 1873 1886 transmitte-

248 1913 285 1934 ret
299 1928 306 1941 ,
321 1907 411 1942 priora
425 1907 477 1932 duo
496 1905 639 1940 postulata,
654 1904 776 1931 subnexis
787 1904 892 1938 scriptis
907 1904 962 1930 suis
975 1904 1008 1930 ad
1029 1904 1171 1930 monachos
1194 1905 1360 1938 nuncupatis,
1380 1904 1489 1938 explerit
1506 1911 1515 1930 :
1529 1905 1634 1931 tertium
1649 1913 1708 1931 vero
1725 1906 1751 1931 in
1773 1913 1822 1932 sua
1834 1906 1870 1931 ad

246 1952 363 1979 eumdem
380 1949 549 1984 Serapionem
561 1948 690 1984 Epistula,
705 1956 784 1982 quant
812 1949 912 1976 steteris
926 1949 1080 1982 praeposuit,
1093 1954 1230 1976 exsecutus
1251 1954 1299 1976 est.
1319 1948 1430 1976 Mortem
1443 1950 1523 1984 igitur
1542 1950 1616 1983 Arii,
1636 1958 1713 1984 quam
1730 1951 1823 1984 paucis
1842 1951 1870 1976 in

246 1998 364 2033 Epistola
377 1998 410 2024 ad
434 1997 576 2032 cpiscopus
600 1995 708 2031 Egypti
726 2001 754 2022 et.
769 1996 858 2031 Libyae
881 1997 1016 2030 attigerat,
1029 1997 1071 2023 hic
1093 1997 1181 2030 fusius
1197 1997 1362 2032 prosequitur
1379 1997 1410 2025 S.
1429 1997 1535 2031 Doctor,
1554 2003 1631 2032 prout
1651 2006 1708 2025 eum
1722 2007 1737 2024 a
1751 1997 1871 2025 Macario

244 2046 405 2080 presbytero.
425 2043 531 2070 oculato
548 2048 622 2074 teste,
637 2044 777 2070 didicerat.
799 2042 858 2070 Hac
878 2043 998 2070 absoluta
1014 2045 1177 2076 narratione,
1191 2050 1264 2079 rogat
1285 2044 1473 2080 Serapionem,
1491 2050 1519 2072 ut
1534 2045 1654 2080 perlectis
1670 2046 1725 2073 suis
1746 2046 1869 2072 adversus

243 2094 358 2120 Arianos
374 2092 491 2126 scriptis,
507 2091 554 2118 illa
572 2093 606 2117 ad
618 2099 645 2118 se
656 2091 849 2126 quamprimum
865 2097 938 2118 curet
952 2092 1173 2124 transmittenda;
1188 2093 1276 2128 sicque
1290 2092 1357 2120 hanc
1375 2092 1475 2120 claudit
1489 2092 1637 2127 epistolam.

281 2141 311 2168 ll.
329 2140 448 2176 Epistola
462 2140 495 2166 ad
515 2133 661 2166 monachus
680 2139 734 2173 (9h
749 2142 786 2165 est
803 2140 880 2165 ueluti
902 2139 1025 2174 prologus
1047 2139 1082 2165 ad
1105 2139 1244 2165 historiam
1266 2147 1353 2166 rerum
1373 2145 1505 2174 gestarum
1527 2139 1558 2166 ab
1580 2139 1657 2166 initio
1677 2139 1819 2166 Arianismi
1834 2138 1870 2164 ad

246 2197 345 2218 annum
373 2188 424 2216 357
441 2193 465 2216 et
480 2187 514 2214 ad
529 2186 713 2213 Arianicorum
728 2189 879 2220 dogmatum
895 2185 1111 2219 confututt'onem,
1127 2187 1196 2221 quod
1213 2192 1349 2220 utrumque
1365 2195 1429 2221 opus
1445 2187 1638 2221 postulantibus
1655 2186 1788 2214 monachis
1807 2193 1870 2212 con-

243 2238 348 2272 scripsit
365 2235 537 2262 Athanasius.
555 2232 588 2259 In
603 2234 650 2260 hac
666 2238 754 2260 autem
775 2233 884 2265 epistola
900 2237 1007 2259 enarrat
1026 2233 1056 2260 S.
1078 2233 1186 2266 Doctor,
1207 2239 1335 2269 quantum
1350 2234 1377 2261 in
1397 2234 1427 2261 iis
1449 2241 1509 2269 quae
1537 2233 1614 2261 Verbi
1631 2234 1793 2260 divinitatem
1808 2241 1869 2267 spe-

244 2289 316 2312 ctant
332 2281 537 2313 conscribendis,
553 2280 583 2307 ob
603 2279 749 2315 argumenti
762 2278 1113 2310 sublimitatem,elaborarit
1127 2286 1137 2305 :
1153 2284 1277 2314 rogatque
1291 2279 1431 2306 monachos
1449 2284 1476 2305 ut
1495 2287 1526 2306 ne
1537 2279 1597 2306 aliis
1610 2280 1657 2306 illa
1668 2279 1868 2306 communicent.

244 2338 325 2364 neque
344 2329 393 2356 sibi
412 2326 600 2358 transcribant,
614 2334 664 2352 non
677 2329 761 2351 tutum
776 2332 830 2350 esse
844 2325 929 2355 aiens.
943 2330 972 2350 ut
987 2324 1156 2351 balbutientis
1180 2330 1203 2351 et
1227 2325 1341 2360 imperiti
1358 2325 1470 2351 ltominis
1484 2325 1582 2359 scripta
1604 2325 1638 2351 ad
1655 2329 1772 2359 posteros
1783 2332 1870 2358 perue-

243 2380 336 2410 niant;
352 2377 389 2405 ita
415 2376 502 2403 sobrie
516 2380 540 2402 et
556 2374 690 2401 moderate
705 2373 736 2400 de
749 2380 777 2399 se
791 2372 846 2406 ipse
865 2372 992 2399 sentiebat
1011 2379 1021 2399 :
1040 2380 1100 2407 quia
1122 2372 1203 2399 animi
1222 2372 1394 2407 temperantia
1411 2371 1493 2400 elucet
1509 2373 1572 2400 item
1587 2373 1613 2398 in
1629 2377 1682 2399 toto
1694 2379 1800 2404 operum
1813 2372 1870 2406 ejus

244 2425 364 2452 decursu.

279 2473 319 2500 Ill.
342 2472 398 2499 Ista
423 2479 501 2506 porro
515 2477 574 2505 qua:
590 2471 624 2496 ad
645 2469 834 2503 confutandam
856 2469 983 2495 Arianam
1005 2469 1142 2500 Ittcresim,
1156 2473 1181 2495 et
1197 2469 1232 2494 ad
1253 2468 1328 2495 Verbi
1349 2469 1510 2496 divinitatem
1534 2472 1752 2505 propugnandarx
1771 2472 1870 2506 scripta

245 2525 316 2552 sunt,
330 2527 365 2546 an
379 2519 436 2553 jam
461 2517 602 2551 supersint,
617 2517 757 2542 incertum.
773 2516 850 2548 Quod
865 2516 939 2541 aiunt
957 2515 1026 2542 enim
1043 2515 1173 2548 nonnulli,
1189 2515 1303 2548 idipsum
1326 2524 1380 2542 esse
1394 2517 1464 2550 quod
1478 2521 1590 2549 quatuor
1603 2515 1748 2544 Orationes
1771 2525 1869 2545 centra

242 2567 368 2598 Arianos,
386 2565 412 2592 id
435 2564 587 2599 difficultate
601 2572 652 2590 non
676 2567 762 2590 vacat.
782 2561 851 2588 Nam
867 2562 895 2588 in
918 2570 948 2588 eo
964 2561 1033 2596 quod
1053 2562 1087 2587 ad
1103 2562 1243 2588 monachos
1265 2562 1371 2588 missum
1388 2567 1424 2588 est
1441 2562 1581 2596 rescripto,
1601 2563 1691 2597 paucis
1710 2563 1870 2590 Arianorum

243 2611 349 2639 hrcresis
370 2609 575 2644 impugnabatur
586 2628 594 2642 ,
607 2613 634 2634 ut
648 2608 704 2641 ipse
729 2612 839 2634 testatur
859 2606 1020 2633 Athanasius
1035 2614 1106 2632 num.
1129 2606 1154 2633 Ι.
1171 2606 1314 2634 Orationes
1330 2612 1415 2634 autent
1435 2612 1530 2635 contra
1549 2608 1666 2635 Ariauos
1680 2609 1746 2636 adeo
1759 2609 1870 2643 prolixae

242 2662 312 2690 sunt,
334 2662 362 2684 ut
379 2657 421 2684 uia:
435 2655 568 2687 credatur,
583 2663 627 2682 eas
643 2655 815 2681 Athanasium
828 2654 919 2689 paucis
936 2653 1097 2686 conscriptas
1113 2653 1220 2685 dixisse,
1242 2654 1286 2688 qui
1305 2653 1406 2680 nullum
1429 2658 1509 2681 tnan
1527 2654 1688 2688 prolixitatis
1704 2662 1786 2689 opus.
1799 2655 1870 2690 quod

242 2705 368 2736 sciamus,
384 2711 500 2738 unquam
511 2701 604 2729 edidit.
624 2701 701 2733 Quod
723 2707 782 2726 vero
801 2704 895 2734 putant
908 2698 1015 2733 quidam
1031 2698 1080 2725 viri
1098 2698 1279 2730 eruditissimi,
1295 2698 1440 2733 Epistolam
1456 2699 1489 2726 ad
1514 2699 1698 2735 Serapionem,
1708 2708 1767 2736 quae
1783 2701 1870 2735 prima

243 2753 354 2782 habetur
369 2754 398 2781 in
410 2751 590 2787 superioribus
612 2750 700 2781 editis,
715 2757 823 2784 quisque
836 2748 892 2782 iam
903 2756 950 2775 sua
964 2747 1056 2774 ordine
1069 2747 1190 2774 restituta
1202 2747 1343 2774 secundum
1358 2747 1454 2775 obtinet
1477 2747 1572 2780 locum,
1588 2747 1665 2782 quasi
1682 2747 1807 2782 synopsin
1827 2755 1871 2774 rs-

278 2819 334 2855 (94)
354 2819 529 2846 Athanasium
551 2817 641 2855 secuti
661 2818 730 2855 hanc
763 2815 902 2852 epistolam
934 2813 1132 2850 inscripsimus,
1155 2815 1190 2842 ad
1209 2814 1360 2842 monachos.
1377 2813 1442 2843 Vide
1459 2814 1529 2843 infra
1551 2815 1579 2842 in
1593 2814 1679 2843 Epist.
1694 2815 1728 2843 ad
1743 2814 1871 2850 Serapio-

243 2851 300 2882 nem
314 2851 346 2882 de
359 2859 440 2881 nlorle
453 2855 522 2887 Arii,
538 2851 614 2882 num,
630 2853 642 2879 1
660 2857 687 2879 et
698 2851 724 2878 5.
