2007 3044
165 145 216 174 08!
523 142 631 171 EPIST.
651 142 697 170 AD
718 141 935 170 SERAPIONEM
954 140 998 168 DE
1018 139 1137 169 MORTE
1155 139 1235 167 ΑΒΗ.
1251 153 1286 159 —-
1298 137 1484 167 MONl'l'UM.’
1736 127 1801 163 0452‘

164 203 254 235 scripti
271 201 306 229 ad
326 201 466 229 monachos
481 201 566 236 missi,
594 202 662 237 quod
676 201 826 229 earumdem
849 205 941 235 rogatu
955 200 1036 235 fuerit
1052 200 1079 227 in
1100 200 1228 233 epitomen
1244 199 1378 225 redactum
1393 205 1401 229 ;
1417 195 1495 229 illud,
1510 196 1626 231 inquam,
1636 200 1723 221 verum
1737 200 1787 219 non

163 255 220 274 esse
233 251 303 281 patet
317 253 349 273 ea:
359 254 389 272 ea
407 246 464 280 ipsa
476 251 500 273 et
512 254 545 274 etc
558 247 674 282 sequenti
688 247 721 273 ad
734 245 908 280 Serapionem
923 245 1035 280 epistola
1051 252 1059 271 :
1079 244 1122 271 ubi
1139 244 1187 271 Itoc
1202 252 1282 270 unum
1298 243 1334 269 ait
1348 241 1526 274 Athanasius,
1537 239 1681 275 postulasse
1693 238 1787 272 fratres

163 298 192 320 ut
206 301 237 320 ea
253 300 312 328 qua
329 293 416 327 fusius
428 293 454 320 in
471 293 557 327 prima
571 302 620 321 sua
636 294 670 320 ad
686 293 854 328 Serapionem
868 294 899 320 de
915 292 1015 327 Spiritu
1027 297 1120 320 sancto
1132 292 1292 324 disputarat,
1309 291 1398 324 paucis
1413 289 1446 316 ad
1462 287 1660 315 commodiorem
1675 286 1786 320 fratrum

164 348 242 367 nsum
264 340 441 375 perscriberet.
457 339 534 372 Quod
560 345 699 375 antequam
719 345 804 374 ageret
819 339 850 366 S.
867 339 974 372 Doctor,
990 339 1075 373 primo
1092 347 1149 373 qua:
1167 336 1232 364 Filii
1256 336 1417 363 divinitatem
1430 339 1546 369 spectant
1569 332 1715 359 brevissime
1728 338 1788 366 per»

163 387 285 414 tractauit
300 395 310 419 ;
327 391 355 413 ut
371 386 423 413 illis
436 387 591 421 praemissis,
611 387 717 420 facilius
727 387 821 414 exinde
839 387 871 413 de
894 385 995 421 Spiritu
1010 391 1101 413 sancto
1119 386 1146 412 in
1168 386 1244 412 tertia
1268 392 1316 411 sua
1338 383 1371 410 ad
1395 381 1568 415 Serapionem
1592 376 1716 412 cpistola,
1729 375 1787 402 bre-

161 435 267 470 piusque
280 435 424 462 dissereret.
446 434 501 462 Nec
517 434 648 462 ullatenus
665 434 699 461 ibi
723 434 838 461 meminit
850 434 1009 461 Athanasius
1032 434 1186 468 prolixioris
1201 436 1327 459 tractatus
1346 432 1377 458 de
1396 429 1468 457 Verbi
1488 427 1622 454 divinitate
1635 427 1669 452 ad
1690 430 1784 470 mona-

162 469 230 508 chos
239 481 322 507 missi.
343 479 438 515 Itaque
454 480 610 515 supersitne,
624 487 658 506 an
672 479 777 514 penitus
796 479 924 506 interierit
946 479 992 505 illa
1014 478 1158 505 Arianismi
1184 477 1327 511 confutatio
1344 476 1377 502 ad
1394 475 1533 503 monachos
1547 474 1621 504 data,
1641 470 1717 498 ualde
1736 469 1785 495 du-

163 526 245 553 bium.
262 525 427 553 Postremum
449 535 512 554 sane
528 526 692 553 Athanasius
717 526 828 552 suadere
849 525 969 557 videtur,
985 525 1047 551 dum
1066 525 1208 551 monac/tos
1237 529 1259 550 et
1278 524 1362 557 ipsum
1389 521 1558 556 Serapionem
1578 519 1690 552 impense
1708 522 1784 551 rogat

161 575 229 601 nulli
243 579 272 601 ut
290 577 396 602 tradant
411 576 565 610 rescriptum
580 582 667 606 suunt,
680 582 760 608 neque
773 574 951 601 transcribunt
965 574 1015 601 sibi
1027 581 1036 600 :
1049 574 1094 600 sed
1105 578 1162 608 post
1175 573 1269 600 lectum
1284 579 1358 606 opus.
1369 570 1492 598 continuo
1505 568 1538 596 ad
1553 575 1580 595 se
1593 565 1783 596 transmittant,

161 630 193 650 ne
211 622 324 655 imperiti
338 622 454 649 hominis
472 623 520 655 (sic
536 622 590 656 ille)
605 622 702 655 scripta
719 627 773 648 tum
786 621 847 648 altis
861 621 892 648 de
912 621 986 647 rebus
1002 621 1036 647 ad
1052 625 1170 656 posteros
1181 619 1343 655 perveniant.
1362 618 1420 651 Quo
1427 618 1496 652 forte
1510 617 1630 644 innuitur
1648 615 1680 642 ab
1698 613 1782 641 Atha-

159 668 236 695 nasio
250 669 307 702 ipso
325 676 492 702 suppressum
515 660 667 701 opusculum
683 667 777 701 fuisse.

195 713 238 741 IV.
258 713 403 740 Historiam
418 713 562 740 Arianismi
582 713 652 746 quod
669 717 778 747 spectat,
790 720 849 747 quia
866 711 925 738 item
939 711 1125 738 monachorum
1137 716 1228 746 rogatu
1244 715 1342 744 scripta
1361 713 1416 742 est,
1431 709 1465 736 ad
1480 709 1588 744 illosque
1601 709 1691 741 missa,
1706 707 1782 734 initio

157 759 278 786 mutilam
303 767 368 792 esse,
379 768 420 787 res
443 760 500 793 ipsa
519 767 564 792 per
582 766 610 785 se
628 758 725 785 clamat
739 766 749 790 ς
767 757 804 784 sic
822 757 891 789 enim
905 757 946 784 inc

989 761 1065 783 stur:
1080 756 1160 783 Αὐτοὶ
1176 756 1204 783 δὲ
1227 753 1265 782 ὧν
1287 755 1373 782 ταῦτα
1397 755 1602 790 ἐμηχανήσαντο
1622 754 1712 790 χάριν,
1737 753 1781 780 ubi

156 807 287 841 particula
298 807 461 835 adversatiua
472 807 502 833 δέ
517 807 640 833 innuitur
654 807 791 841 pra’missa
806 806 926 840 qua'dam
941 805 1033 839 fuisse.
1049 805 1108 832 Ima
1124 813 1184 831 vero
1197 812 1228 831 ea:
1242 803 1454 839 subsequentibus
1465 802 1552 837 palam
1563 807 1600 829 est
1611 802 1686 837 longe
1700 802 1781 830 altius

156 854 262 879 ductam
283 853 363 887 fuisse
383 853 575 880 narrationem.
599 852 653 879 Cur
679 858 766 879 autem
790 856 873 878 totum
893 851 1017 877 omissum
1039 851 1072 877 sit
1094 850 1216 890 initium,
1234 849 1305 876 haud
1333 848 1436 882 diﬁicile
1459 852 1497 875 est
1519 847 1658 882 augurari.
1681 845 1781 881 Nempe

156 907 329 927 amanaenses
350 908 410 927 cum
431 905 563 928 cernerent
577 899 652 927 illam
673 900 787 935 priorem
809 898 929 926 historia:
946 905 1058 933 partem,
1072 898 1191 925 eamdem
1213 903 1257 924 aut
1282 898 1336 932 fere
1354 896 1466 924 similem
1480 904 1534 923 esse
1555 895 1695 930 posteriori
1708 895 1781 930 Apo-

155 944 232 979 logia;
245 949 337 972 contra
351 945 465 973 Arianos
475 946 556 980 parti,
575 954 647 973 num.
662 945 706 976 59,
721 945 764 972 ubi
785 944 818 971 ab
833 944 927 972 exodio
945 944 1089 971 Arianismi
1104 952 1144 970 res
1160 949 1244 979 gestas
1267 947 1377 970 recenset
1395 942 1571 974 Athanasius,
1588 941 1710 976 editaque
1727 949 1781 968 mo-

155 995 276 1018 numenta
297 991 387 1027 refert,
412 993 444 1019 ab
461 1000 492 1019 ea
508 993 677 1020 describenda
698 993 924 1027 supersederunt:
938 992 1001 1025 quia
1027 999 1117 1026 nempe
1130 992 1221 1018 iisdem
1237 996 1282 1017 aut
1300 991 1355 1024 fere
1374 989 1503 1016 similibus
1526 989 1608 1017 verbis
1631 989 1780 1023 conscripta

153 1042 219 1064 erat.
233 1037 305 1065 Illud
328 1039 397 1066 enim
423 1044 546 1073 perpetuo
569 1040 754 1073 observarunt,
773 1044 801 1066 ut
827 1039 897 1073 quod
925 1038 982 1072 jant
1005 1038 1034 1065 in
1054 1037 1230 1073 superioribus
1251 1037 1409 1071 descriptum
1432 1035 1589 1068 haberetur,
1606 1043 1657 1062 non
1684 1035 1780 1062 iterum

153 1085 368 1113 transcriberent.
386 1085 516 1113 Fatemur
529 1091 615 1114 tamen
630 1087 712 1114 solere
723 1086 782 1113 illos
795 1086 899 1113 initium
915 1085 1086 1119 repetitarunt
1099 1084 1269 1118 epistolarum
1292 1090 1422 1118 apponere
1440 1088 1595 1115 monereque
1610 1081 1698 1108 haberi
1717 1079 1779 1108 illas

152 1129 272 1163 superius
287 1130 450 1163 descriptas:
467 1131 512 1158 sed
524 1131 680 1166 quandoque
691 1131 758 1158 nihil
771 1131 923 1163 admonent,
937 1139 968 1157 ac
980 1139 1011 1157 ne
1027 1130 1102 1157 uerbo
1116 1130 1220 1165 quidem
1234 1129 1364 1163 apposito,
1377 1131 1461 1154 totum
1480 1135 1544 1161 opus
1556 1126 1775 1162 prtetermittunt.

153 1176 230 1209 Quod
243 1178 270 1204 in
291 1178 344 1212 fine
357 1177 436 1213 hujus
456 1178 574 1206 historice
593 1179 726 1206 advertere
744 1184 792 1210 est,
807 1178 851 1204 ubi
866 1177 1028 1204 Athanasius
1040 1185 1067 1204 se
1079 1175 1245 1204 Sardicensis
1258 1175 1351 1208 synodi
1362 1174 1485 1208 epistolas
1498 1174 1683 1209 conscripsisse
1699 1178 1778 1201 testa-

150 1227 209 1254 tur,
224 1231 335 1256 quarunt
357 1229 444 1251 tamen
468 1232 499 1252 ne
518 1225 652 1261 uestigium
673 1226 709 1252 ibi
728 1230 870 1261 comparet,
889 1225 951 1259 quia
967 1224 1068 1252 scilicet
1090 1224 1222 1260 superius,
1237 1231 1328 1258 nempe
1345 1222 1373 1249 in
1394 1220 1522 1258 Apologia
1540 1225 1634 1249 contra
1650 1220 1776 1254 Arianos,

150 1269 288 1304 descriptce
308 1268 424 1303 fuerant.

186 1315 216 1343 V.
239 1315 386 1349 Opinamur
409 1317 498 1352 itaque
518 1326 533 1344 a
549 1319 663 1345 secunda
679 1318 816 1352 Apologia:
838 1322 911 1352 parte
934 1317 1040 1345 initium
1059 1317 1137 1352 hujus
1158 1317 1275 1344 historice
1297 1317 1403 1344 duxisse
1422 1318 1595 1345 Athanasium
1611 1317 1777 1352 :seriemque

149 1361 311 1388 narrationis
336 1363 453 1389 eamdem
475 1371 583 1396 prorsus
599 1371 659 1390 cum
679 1368 805 1391 servasset
828 1371 910 1398 usque
931 1363 965 1389 ad
988 1362 1117 1397 synodum
1139 1361 1409 1397 Hierosolymitanam
1428 1364 1493 1391 anni
1514 1363 1626 1396 535,ibi
1646 1363 1775 1389 diversam

148 1408 275 1434 narrandi
294 1409 362 1435 ciant
376 1409 473 1435 iniisse.
497 1409 528 1435 In
545 1408 594 1436 hac
606 1409 698 1444 quippe
712 1409 824 1435 historia
847 1409 884 1436 sic
902 1409 940 1435 hat

993 1408 1094 1435 :At’asoi.
1109 1408 1138 1434 δὲ
1158 1404 1196 1435 ὢν
1217 1408 1304 1435 ταῦτα
1332 1408 1539 1444 ἐμηχανήσαντο
1555 1407 1646 1443 χάριν,
1667 1407 1718 1433 οὐκ
1735 1407 1774 1438 εις

149 1455 258 1490 μακρὰν
278 1456 440 1492 ἱπλήρωσαν
454 1465 460 1471 ·
478 1457 536 1492 ἅμα
559 1456 613 1492 γὰρ
635 1456 842 1489 ἐπεϐούλευσαν,
860 1457 908 1484 καὶ
934 1456 1013 1488 εὐθὺς
1029 1456 1092 1488 τοὺς
1107 1457 1170 1493 περὶ
1184 1456 1291 1492 ’Δρειον
1306 1457 1345 1488 είς
1361 1455 1503 1483 κοινωνίαν
1516 1454 1649 1487 ἐδέξαντο.
1660 1453 1694 1481 Id
1708 1458 1745 1480 est
1764 1460 1776 1480 :

147 1503 186 1530 Illi
203 1510 267 1531 vero
282 1511 324 1537 ea,
341 1512 455 1539 quorum
470 1505 555 1540 gratia
570 1505 627 1532 lucc
642 1505 727 1533 moliti
743 1509 817 1539 sunt,
832 1513 884 1533 non
905 1505 949 1533 diu
974 1510 1067 1540 postea
1084 1505 1263 1540 impleverunt
1279 1513 1286 1531 :
1302 1505 1392 1533 statim
1415 1504 1485 1532 enim
1503 1508 1564 1539 post
1580 1508 1689 1538 paratas
1703 1503 1775 1538 ejus-

147 1550 219 1578 modi
240 1551 364 1585 insidias,
380 1553 475 1580 Arium
490 1561 550 1580 cum
565 1553 621 1580 suis
635 1554 668 1580 ad
689 1554 905 1581 communionem
927 1557 1106 1588 receperunt;
1127 1553 1155 1580 in
1178 1553 1306 1588 Apologia
1325 1561 1383 1580 vero
1401 1552 1438 1579 sic
1457 1559 1530 1580 num.
1546 1551 1701 1579 διεταῦτα
1727 1551 1775 1578 καὶ

145 1595 181 1622 τὰ
200 1596 311 1623 τοιαῦτα
327 1597 479 1629 συνθέντες,
491 1598 572 1630 εὐθὺς
586 1599 633 1625 καὶ¹
646 1598 695 1634 τὴν
707 1599 796 1626 αἰτίαν
810 1599 844 1625 δι’
857 1599 889 1634 ἣν
901 1598 987 1626 ταῦτα
1000 1598 1131 1635 ἔπραξαν,
1145 1598 1320 1633 ὲφανέρωσαν
1330 1606 1337 1613 ·
1355 1597 1538 1632 ἀπερχόμενοι
1550 1596 1615 1633 γὰρ,
1630 1597 1773 1632 ἀπήγαγον

148 1639 206 1674 μεθ’
217 1640 321 1667 ἑαυτῶν
334 1641 397 1673 τοὺς
418 1641 571 1677 Ἀρειανοὺς
584 1643 624 1674 είς
639 1643 687 1678 τὴν
709 1643 896 1679 Ἰερουσαλὴμ,
912 1644 992 1670 κάκεῖ
1015 1643 1125 1676 τούτους
1142 1644 1181 1675 είς
1196 1643 1336 1670 κοινωνίαν
1355 1643 1488 1676 ἐδέξαντο.
1504 1645 1539 1672 Id
1551 1650 1600 1678 est,
1616 1644 1772 1680 liujusmodi

148 1692 190 1712 tes
205 1686 368 1717 machinati,
386 1686 449 1714 talia
462 1688 557 1722 agendi
571 1696 681 1717 causam
698 1697 759 1717 mox
783 1690 871 1725 palam
890 1690 978 1718 fecere
993 1699 1000 1716 :
1023 1691 1084 1718 inde
1108 1698 1223 1725 namque
1243 1690 1367 1725 proiecti,
1382 1690 1497 1719 Arianos
1512 1699 1602 1720 secum
1617 1692 1772 1727 Hierosoly-

146 1738 218 1757 mam
233 1731 381 1765 adduxere,
397 1740 497 1767 eosque
513 1733 569 1761 illic
581 1735 614 1762 ad
629 1736 846 1763 communionem
870 1737 1014 1764 admisere.
1036 1736 1085 1764 His
1100 1737 1225 1765 accinunt
1243 1745 1301 1773 qua’
1323 1738 1350 1764 in
1367 1737 1433 1764 libro
1457 1738 1493 1765 De
1510 1739 1636 1774 synodis.
1648 1744 1705 1773 post
1721 1739 1772 1774 epi-

145 1779 240 1806 stolam
253 1780 370 1814 ejusdem
385 1780 631 1817 llierosolymitana:
642 1783 748 1817 synodi,
761 1783 884 1818 leguntur
898 1791 907 1810 .'
921 1792 936 1810 u

991 1784 1072 1811 icitur
1085 1784 1177 1812 Arium
1196 1793 1255 1812 cum
1267 1784 1354 1817 sociis,
1371 1784 1453 1820 268
1469 1786 1577 1821 Ἄρειον
1590 1785 1637 1812 καὶ
1649 1786 1710 1818 τοὺς
1721 1786 1772 1814 σὺν

145 1824 232 1860 αὐτῷ,
247 1826 391 1852 admissum
407 1827 442 1852 ad
457 1827 664 1854 communionem
681 1827 774 1861 fuisse.
791 1827 945 1856 Notandum
963 1835 1061 1863 autem,
1074 1830 1132 1857 licet
1146 1831 1339 1864 apertissimum
1359 1831 1403 1862 sit,
1415 1835 1565 1856 truncatam
1576 1832 1608 1857 ab
1620 1831 1694 1857 initio
1715 1839 1770 1858 esse

146 1874 214 1900 hanc
225 1873 260 1900 ad
274 1873 415 1901 monac/tos
431 1874 536 1901 missam
548 1872 706 1906 historiam;
720 1879 833 1900 attamen
846 1882 904 1903 curti
919 1883 1010 1902 eorum
1021 1883 1081 1909 qute
1087 1877 1146 1910 jam
1159 1881 1296 1910 supersunt
1309 1875 1414 1904 initium
1427 1884 1443 1902 a
1461 1884 1488 1902 re
1497 1875 1637 1910 percelebri
1645 1876 1768 1910 ducatur,

145 1920 298 1956 integraque
313 1928 419 1954 prorsus
435 1921 469 1948 sit
480 1921 620 1953 sententia,
634 1926 731 1948 certum
748 1921 841 1954 videri,
867 1930 917 1949 non
942 1930 1007 1949 casu
1026 1923 1072 1950 sed
1091 1923 1201 1950 consilio
1224 1923 1400 1958 praetermissa
1413 1922 1502 1957 priora
1519 1920 1610 1956 fuisse.
1624 1921 1707 1948 Nulla
1721 1929 1771 1948 au-

146 1972 196 1994 tem
209 1975 263 1993 sese
278 1967 354 2002 offert
365 1967 420 1994 lucc
432 1968 568 1994 omittendi
587 1976 679 2001 causa,
693 1976 770 2000 quam
788 1976 847 2004 qua:
858 1977 874 1995 a
892 1969 966 1996 nobis
980 1970 1101 2004 superius
1115 1969 1197 1996 allata
1209 1975 1257 1997 est.

182 2013 225 2041 Vl.
245 2014 331 2042 Unum
347 2020 433 2042 tamen
445 2021 481 2043 est
495 2016 566 2050 quod
583 2016 720 2051 quidpiam
743 2017 838 2051 negotii
855 2016 984 2049 facessere
999 2018 1083 2051 possit
1101 2025 1111 2050 ;
1130 2025 1230 2052 nempe,
1245 2017 1324 2052 paulo
1339 2022 1396 2051 post
1415 2017 1528 2044 ntediunt
1544 2017 1622 2051 hujus
1641 2017 1767 2049 historice,

145 2060 190 2086 ubi
207 2061 259 2095 agit
277 2060 437 2089 Athanasius
455 2063 487 2089 de
509 2063 625 2090 secunda
643 2063 820 2095 persecutione
839 2062 937 2090 Alexun

977 2064 1019 2090 ina
1037 2064 1084 2090 sub
1106 2062 1260 2090 Constantio
1270 2084 1278 2096 ,
1290 2064 1337 2096 nit,
1352 2063 1370 2089 ἃ
1384 2062 1474 2098 μικρῷ
1491 2061 1607 2098 πρόσθεν
1622 2061 1655 2088 δι’
1671 2062 1769 2097 ὀλίγων

145 2108 261 2144 εῐρηται,
277 2117 336 2143 quas
349 2109 427 2144 paulo
438 2115 502 2138 ante
516 2110 608 2145 paucis
620 2115 783 2146 pertractata
795 2115 868 2143 sunt,
882 2111 1037 2146 quo-innuit
1049 2120 1077 2138 se
1091 2111 1151 2145 jam
1173 2116 1233 2138 ante
1248 2111 1275 2138 in
1292 2112 1339 2138 hac
1354 2111 1462 2138 historia
1482 2111 1514 2137 de
1528 2110 1574 2137 illa
1593 2110 1769 2145 persecutione

145 2155 222 2181 verba
233 2154 324 2189 fecisse
336 2163 346 2182 :
359 2157 426 2183 unde
437 2156 516 2190 infert
534 2155 735 2190 Felcltmttnnus,
749 2165 807 2183 cum
819 2157 847 2184 in
858 2157 890 2184 iis
906 2165 964 2192 qua:
975 2157 1034 2192 jam
1047 2162 1150 2184 exstant
1160 2158 1364 2191 persecutionem
1379 2156 1450 2183 illam
1466 2163 1517 2182 non
1534 2156 1674 2187 euarrarit,
1691 2157 1719 2182 in
1736 2155 1768 2181 iis

145 2210 203 2236 quae
218 2202 251 2228 ab
264 2202 338 2230 initio
349 2204 446 2230 amissa
459 2208 530 2235 sunt,
549 2208 701 2230 enarratum
716 2204 790 2230 illam
802 2204 883 2238 fuisse
900 2213 908 2231 :
924 2205 993 2231 unde
1007 2204 1077 2239 forte
1099 2205 1158 2239 quis
1172 2204 1287 2239 colligat,
1300 2213 1360 2231 cum
1377 2205 1404 2232 in
1416 2204 1529 2231 secunda
1547 2204 1684 2239 Apologia
1695 2209 1768 2238 parte

145 2256 178 2274 ne
191 2248 296 2274 verbum
306 2249 411 2283 quidem
427 2249 458 2276 de
471 2250 517 2276 illa
532 2250 712 2284 persecutione
727 2255 887 2284 compareat,
903 2259 956 2277 non
975 2251 1056 2281 fuisse
1067 2251 1140 2278 illam
1156 2251 1217 2277 huic
1227 2251 1346 2278 historiae
1366 2251 1398 2278 ab
1411 2250 1555 2277 Athanasio
1573 2251 1710 2282 adnexam,
1722 2250 1768 2276 sed

145 2295 219 2322 aliud
239 2295 270 2322 ab
284 2296 330 2323 illa
350 2297 480 2324 diversum
496 2298 598 2324 initium
612 2298 746 2325 adteItum
762 2298 852 2332 fuisse.
868 2299 899 2324 At
914 2298 1016 2324 etiarnsi
1032 2299 1153 2325 secunda:
1169 2298 1305 2332 Apologia:
1318 2299 1389 2332 parti
1418 2300 1449 2325 de
1466 2299 1579 2325 secunda
1592 2297 1767 2332 persecutione

144 2341 325 2368 Alexandrina
345 2343 463 2369 nonniltil
487 2344 630 2371 addidisset
651 2344 812 2372 Athanasius
822 2365 829 2376 ,
846 2353 896 2372 non
911 2345 1048 2371 obstitisset
1068 2344 1134 2370 illud
1147 2345 1209 2379 quin
1224 2351 1394 2370 antanuenses
1406 2344 1462 2370 hinc
1472 2352 1530 2370 cum
1551 2345 1650 2370 ca'teris
1665 2344 1767 2370 omitte-

145 2393 221 2420 rent;
238 2388 356 2423 exempla
381 2389 450 2416 enim
464 2390 615 2424 hujusmodi
628 2393 798 2419 omissionum
816 2393 911 2419 oidesis
930 2393 958 2419 in
978 2391 1107 2427 Apologia
1126 2396 1221 2419 contra
1237 2392 1364 2423 Arianos,
1383 2399 1455 2418 num.
1471 2391 1506 2418 Η
1521 2396 1545 2417 et
1564 2390 1608 2423 78,
1627 2391 1671 2417 ubi
1690 2399 1766 2417 anta-

146 2443 253 2463 nucnses
267 2444 317 2463 non
337 2437 413 2464 modo
430 2439 553 2472 epistolas
566 2444 627 2466 ante
646 2440 790 2473 descriptas
800 2441 923 2466 omittunt
934 2461 941 2473 ,
959 2441 1004 2467 sed
1023 2444 1047 2466 et
1062 2440 1084 2466 si
1106 2439 1169 2474 quid
1185 2440 1340 2473 posteriores
1360 2447 1376 2465 a
1390 2439 1522 2472 prioribus
1541 2439 1696 2473 discrepent,
1712 2439 1768 2472 ple-

146 2489 254 2516 rumque
279 2482 344 2508 nihil
360 2483 498 2514 ntonendo,
525 2484 554 2510 id
569 2492 628 2511 cum
644 2485 705 2512 aliis
728 2485 941 2520 prteterrnittunt.
961 2484 1210 2518 Observandumque
1227 2489 1301 2511 notus
1325 2485 1494 2512 omissionum
1517 2493 1576 2520 quas
1598 2494 1613 2511 a
1637 2485 1766 2518 prioribus

145 2528 349 2556 amanuensibus
365 2531 493 2564 apposita:
517 2531 634 2565 fuerant,
651 2532 732 2566 fuisse
746 2542 762 2559 a
785 2533 973 2567 posterioribus
992 2533 1184 2567 praetermissus
1201 2540 1210 2559 .'
1230 2534 1299 2568 quod
1317 2533 1388 2560 haud
1409 2533 1486 2560 semel
1506 2533 1576 2568 apud
1593 2532 1766 2559 Athanasium

145 2573 387 2602 animadvertimus.
408 2575 576 2604 Arbitrantur
601 2582 687 2606 tamen
706 2579 773 2606 illud
796 2579 888 2615 μικρῷ
908 2579 1025 2615 πρόσθεν
1048 2580 1142 2614 referri
1162 2587 1213 2606 non
1233 2588 1307 2614 posse
1326 2581 1360 2606 ad
1378 2587 1434 2606 eam
1449 2579 1565 2606 historia:
1587 2584 1685 2613 partem
1709 2587 1767 2613 qua-

144 2620 220 2647 initio
234 2622 331 2649 omissa
346 2628 394 2650 est.
413 2623 484 2650 Nam
496 2625 553 2660 qui,
568 2634 666 2662 qutzso,
677 2627 757 2662 paulo
772 2633 834 2654 ante
849 2632 973 2655 enarrata
985 2628 1032 2654 illa
1043 2628 1150 2660 diceret,
1163 2637 1222 2664 qua:
1233 2628 1292 2663 plus
1305 2637 1384 2663 quatit
1401 2629 1575 2663 quadraginta
1589 2632 1652 2654 ante
1664 2628 1766 2662 paginis

144 2668 312 2696 haberentur.
329 2669 421 2706 Itaque
432 2671 500 2698 illud
515 2674 593 2708 paulo
604 2679 667 2702 ante
692 2675 856 2709 referendum
877 2676 978 2702 videtur
992 2675 1026 2701 ad
1042 2683 1072 2702 ca
1092 2683 1151 2709 quae
1164 2676 1250 2702 media
1269 2680 1329 2702 ante
1349 2678 1445 2711 pagina
1464 2677 1495 2703 de
1514 2676 1692 2703 Alexandrina
1709 2683 1767 2708 per-

144 2717 285 2749 secutione,
301 2716 334 2744 δι’
348 2717 460 2753 ὀλίγων,
476 2719 568 2753 paucis
582 2720 690 2753 scilicet,
699 2726 824 2747 memorat
838 2720 1008 2753 Athanasius,
1021 2727 1046 2747 et
1058 2720 1092 2747 ad
1107 2729 1137 2748 ea
1149 2729 1206 2756 qua:
1222 2729 1295 2748 num.
1311 2720 1346 2750 32
1358 2723 1390 2749 de
1404 2720 1510 2757 Syriani
1524 2722 1668 2758 irruptiona
1680 2721 1766 2748 leviter

144 2764 260 2798 attingit.

182 2809 235 2837 VII.
255 2809 332 2837 Circa
347 2812 466 2844 superius
483 2812 593 2839 allatum
613 2813 720 2848 hujusce
729 2814 845 2840 Iristaria-
859 2814 975 2846 initium,
992 2819 1068 2849 prout
1087 2816 1187 2842 scilicet
1202 2816 1258 2850 jam
1271 2820 1366 2851 exstat,
1383 2817 1497 2852 ingentes
1518 2817 1645 2845 induxere
1659 2824 1765 2846 contro-

145 2858 242 2885 uersias
263 2858 312 2885 tiri
326 2860 430 2891 quidam
445 2860 632 2896 eruditissimi,
645 2862 688 2895 qui
702 2870 760 2889 cum
782 2862 924 2890 Alexandri
938 2861 1222 2901 Constantinopolitani
1236 2866 1332 2892 a‘bitum
1347 2866 1380 2892 ad
1399 2874 1495 2893 annum
1506 2867 1554 2894 551
1572 2867 1764 2902 referant,ltias
