2007 3044
229 150 282 182 685
514 151 542 178 S.
563 147 749 178 ATIiANASIi
770 146 846 178 OPP.
868 147 957 179 PARS
973 150 992 178 I.
1011 167 1042 173 —
1063 147 1248 179 HISTORICA
1269 148 1314 178 ΕΤ
1331 146 1540 177 DOGMATICA.
1797 150 1850 178 685

229 213 412 244 consequenter
423 207 546 242 colligunt
563 216 615 235 non
632 208 722 234 Arium
741 208 944 235 hteresiarcham
961 208 1103 234 admissum
1117 208 1198 242 fuisse
1215 208 1242 234 in
1266 206 1506 240 Hierosolymilana
1523 208 1632 242 synodo,
1652 214 1723 234 anno
1734 207 1787 234 535
1806 216 1850 234 ce-

227 259 338 291 l'ebrata,
353 258 397 284 sed
411 257 492 283 alium
515 254 696 283 hceresiurcha:
719 258 895 290 cognominem
913 258 1020 291 ejusque
1042 263 1186 290 sequacem.
1210 255 1280 281 Alibi
1301 260 1386 281 autem
1406 255 1498 281 Arium
1525 256 1614 282 dicunt
1631 264 1676 290 pro
1697 255 1803 283 Arionis
1820 265 1850 282 eo

227 307 278 333 loci
288 307 319 332 ab
332 304 476 331 Athanasio
491 304 631 330 nominari.
647 303 699 330 Sed
712 309 821 338 utraque
832 304 880 330 illa
894 304 1020 330 sententia
1037 311 1067 330 ne
1082 303 1217 329 minimum
1229 303 1332 337 quidem
1347 302 1540 336 probabilitati:
1555 303 1641 329 habet.
1655 303 1725 329 Nam
1737 305 1848 336 primum

226 355 295 387 quod
309 357 418 386 spectat,
436 353 493 386 quis
512 359 625 386 unquam
645 352 694 378 sibi
716 353 884 386 persuaserit.
896 352 1068 378 Athanasium
1083 352 1111 377 in
1133 350 1260 386 Apologia
1279 355 1371 376 contra
1389 350 1513 381 Arianos,
1525 350 1548 376 e‘t
1559 351 1585 376 in
1599 350 1664 376 libro
1681 350 1716 377 De
1729 351 1846 385 synodis,

224 405 359 434 postquam
376 400 403 424 in
423 399 489 425 serie
503 399 662 424 narrationis
685 399 828 425 sexcenties
850 398 1053 424 ha'resiarcham
1070 397 1161 424 Arium
1188 397 1342 428 nominavit,
1366 396 1409 422 ubi
1434 396 1467 422 ad
1482 397 1578 430 synodi
1602 395 1850 430 Hierasolymitana:

225 447 539 480 narrationempervenit,
554 446 689 480 derepente
704 446 784 472 alium
799 446 956 472 substituere
972 444 1131 476 Arium;ila
1152 448 1178 470 at
1202 451 1248 470 nec
1267 447 1381 474 moueat,
1402 451 1447 469 nec
1470 443 1511 469 vel
1535 444 1642 469 minimo
1658 444 1730 476 signa
1753 444 1848 470 indicet

224 501 279 520 esse
296 493 371 519 illum
388 493 469 519 alium
485 493 516 518 ab
530 493 722 523 ltwresiarcha;
737 497 763 518 ut
779 500 866 517 omnes
884 490 989 518 omnino
1002 491 1030 516 in
1044 497 1160 516 errorem
1177 489 1292 515 inducat.
1305 488 1375 520 Quid
1387 497 1445 514 vero
1462 489 1612 515 absimilius
1627 489 1720 520 ?Quid
1738 490 1848 516 alienius

224 550 240 568 α
254 541 368 575 sapiente
378 547 551 575 accurateque
568 541 702 572 scriptore,
716 539 817 574 qualem
829 539 909 572 fuisse
921 535 1095 565 Athanasium
1117 545 1190 563 nemo
1205 541 1247 563 eat
1262 535 1455 569 inﬁcias?Ruit
1472 544 1534 562 sane
1551 536 1617 561 illud
1631 536 1667 562 vel
1686 536 1770 568 primo
1784 544 1848 569 pru-

223 587 308 613 dentis
323 586 426 612 lectoris
446 592 562 620 aspectu.
577 584 632 611 Nec
643 585 700 619 plus
714 585 788 611 habet
803 584 936 618 firmitatis
954 583 1024 617 quod
1037 583 1123 613 aiunt,
1137 582 1249 608 Arianos
1264 581 1300 606 ibi
1314 581 1371 607 Arii
1386 580 1490 606 nomine
1506 581 1637 607 indicatos
1650 588 1722 607 esse:
1737 586 1847 607 testatur

222 633 316 667 quippe
329 631 486 658 Athanasius
502 631 568 658 libro
579 629 616 657 De
627 630 748 664 syttotlis,
768 635 898 662 receptum
914 628 969 654 illic
987 628 1014 662 fu

1056 636 1069 654 e
1087 628 1199 663 Ἀρειον
1216 627 1262 652 καὶ
1277 626 1339 658 τοὺς
1359 626 1407 652 σὺν
1422 625 1508 661 αὐτῷ,
1519 627 1593 660 quasi
1607 627 1703 652 diceret
1718 626 1809 653 Arium
1822 631 1847 653 et

221 679 335 706 Arianos
355 687 364 705 .'
384 679 427 705 ubi
448 686 506 704 cum
528 683 615 711 aperte
639 677 783 710 distinguat
800 677 892 703 Arium
908 684 924 702 a
942 675 1096 710 sequacibus
1108 695 1116 707 ,
1137 674 1308 708 manifestum
1327 677 1364 700 est
1381 673 1472 699 Arium
1491 673 1588 705 ipsum,
1605 678 1660 699 tum
1672 673 1846 707 superstitem,

221 733 278 751 cum
291 724 397 750 Arionis
413 724 556 750 admissum
572 724 606 748 ad
623 721 831 749 communionem
850 721 941 754 fuisse.

259 773 322 800 VIII.
344 772 420 804 Quod
436 771 553 798 eruditos
569 771 636 797 viros
655 770 688 795 ad
705 777 762 795 eam
776 769 984 803 amplectendam
1003 768 1158 794 sententiam
1177 767 1312 802 compulit,
1322 767 1399 794 verba
1413 771 1473 792 sunt
1490 765 1735 800 Philippopolitana:
1752 767 1844 801 synodi

220 819 253 845 ab
266 818 372 845 Arionis
389 817 525 844 celebratio
542 825 610 842 anno
628 814 690 846 547,
703 814 778 847 cuius
794 814 905 847 epistola
928 814 1038 840 habetur
1050 814 1077 839 in
1092 812 1261 846 Fragmentis
1283 812 1391 839 Hilarii.
1410 812 1452 838 Ibi
1475 812 1555 838 aiunt
1569 812 1695 843 Itarretici,
1712 821 1782 838 num.
1798 812 1842 843 15.

220 864 335 891 Paulum
362 863 683 896 Constantinopolitnuum
707 861 846 887 Athanasii
867 861 1025 893 expositioni
1039 867 1083 886 seu
1100 859 1258 893 depositioni
1280 858 1446 892 interfuisse,
1460 857 1586 891 illumque
1601 858 1748 884 damnasse.
1769 856 1844 884 Unde

218 915 333 945 arguunt
349 911 400 942 illi,
410 911 469 945 jam
490 915 605 942 tempore
631 908 718 942 Tyria:
742 908 835 942 synodi
860 907 904 933 ubi
925 908 1068 933 damnatus
1091 905 1252 932 Athanasius
1275 905 1340 939 fuit,
1360 905 1473 932 Paulum
1495 905 1575 939 fuisse
1601 904 1843 939 Constantinopolis

218 957 364 991 episcopqu
381 965 390 983 :
410 962 486 991 atque
503 955 568 982 adeo
585 961 698 989 tempore
710 954 804 989 synodi
824 953 921 988 Tyria',
935 961 966 979 ac
983 958 1168 987 consequenter
1186 952 1433 987 Hierosolymitana.’
1444 959 1502 985 qum
1518 956 1575 984 post
1592 950 1699 983 Tyriam
1714 952 1841 978 celebrata

217 1011 267 1038 est,
281 1005 433 1038 defunctum
447 1004 541 1030 Arium
559 1003 652 1037 fuisse,
667 1003 760 1037 quippe
781 1001 826 1035 qui
845 1006 906 1027 ante
921 1000 1101 1026 Alexandrum
1114 997 1194 1025 Pauli
1209 1000 1369 1025 dei-esserem
1384 999 1485 1024 abierit.
1501 998 1554 1025 Sed
1576 1007 1634 1032 quia
1645 998 1709 1032 fides
1723 999 1841 1025 lmbenda

217 1052 277 1082 huic
299 1051 479 1078 ha'reticorum
498 1049 623 1084 epistola’,
640 1056 698 1082 qua:
722 1047 861 1074 calumniis
878 1051 902 1072 et
925 1045 1068 1073 mendaciis
1089 1053 1205 1079 respersa
1224 1050 1263 1071 est
1278 1045 1290 1071 2³
1305 1053 1361 1071 cum
1379 1046 1522 1078 prtesertint
1545 1046 1632 1071 eodem
1655 1046 1706 1071 loci
1725 1046 1839 1075 dicatur.

217 1096 353 1129 Asclepam
373 1096 405 1122 ab
423 1095 566 1122 Athanasio
583 1094 736 1120 danmatum
751 1093 843 1127 fuisse,
862 1092 932 1126 quod
947 1091 1121 1125 falsissimum
1135 1096 1183 1121 est,
1204 1091 1416 1124 impudenterqite
1432 1091 1479 1117 sub
1497 1091 1582 1126 ipsum
1592 1091 1714 1124 'epistolm
1737 1091 1841 1117 initium

216 1145 305 1170 dicunt
319 1142 446 1175 lueretici,
456 1150 483 1168 se
500 1141 620 1168 Sardicte
639 1141 768 1175 synodum
782 1140 936 1172 celebrasse,
951 1139 1020 1173 quod
1033 1147 1048 1165 a
1060 1146 1119 1166 vero
1135 1139 1286 1172 abhorrere,
1302 1138 1367 1165 nulli
1389 1144 1478 1165 nolunt
1494 1147 1544 1165 non
1561 1145 1626 1166 erat.
1644 1139 1682 1165 De
1695 1139 1732 1166 Itis
1746 1140 1841 1165 iterum

215 1189 244 1215 iu
260 1187 319 1215 Vita
337 1187 489 1215 Athanasii.

250 1233 295 1260 IX.
316 1233 393 1260 Aliud
414 1238 502 1260 autem
523 1233 636 1267 afferunt
656 1237 839 1267 argumentum
853 1252 859 1263 ,
872 1232 965 1259 Arium
981 1231 1080 1258 scilicet
1097 1231 1301 1258 Itarresiarcham
1320 1233 1365 1257 diu
1386 1235 1446 1257 ante
1467 1230 1621 1257 celebratam
1633 1230 1759 1265 synodum
1775 1229 1840 1256 Hie-

214 1279 434 1314 rosolymitanam
450 1279 532 1312 fuisse
548 1279 582 1304 ad
596 1279 804 1306 communionem
830 1278 974 1304 admissum
990 1286 998 1308 ;
1017 1283 1093 1312 atque
1114 1278 1178 1303 adeo
1200 1285 1251 1303 non
1270 1280 1390 1303 eumdem
1414 1283 1542 1308 receptum
1566 1276 1646 1310 fuisse
1662 1277 1688 1302 in
1715 1276 1840 1308 praedicta

213 1324 325 1357 synodo.
341 1322 392 1349 Sed
411 1323 517 1349 omnino
540 1327 664 1356 repugnat
682 1322 748 1348 illud
769 1322 933 1352 Athanasio,
950 1323 994 1354 qui
1018 1322 1146 1355 Apologia
1166 1327 1259 1348 contra
1277 1321 1406 1353 Ariauos,
1423 1330 1495 1348 num.
1509 1322 1553 1353 59,
1571 1323 1617 1352 ait,
1635 1321 1746 1348 Eusebio
1764 1322 1841 1348 insti-

214 1374 291 1403 gante
300 1368 410 1402 jussisse
429 1368 479 1394 sibi
504 1367 705 1394 Constantinum
724 1373 750 1392 ut
767 1366 861 1392 Arium
880 1367 1021 1400 reciperet;
1043 1367 1122 1400 idque
1138 1367 1281 1401 denegante
1303 1367 1464 1398 Athanasio,
1484 1372 1560 1400 atque
1575 1368 1623 1394 sibi
1648 1368 1702 1400 fasi
1718 1375 1768 1394 non
1784 1375 1840 1395 esse

213 1414 369 1447 imperatori
391 1414 518 1440 suadente
530 1434 537 1446 ,
549 1413 607 1439 ideo
628 1412 790 1440 Eusebianos
809 1413 836 1438 in
860 1411 1032 1438 Athanasium
1051 1412 1199 1438 calumnias
1221 1413 1357 1439 struxisse.
1373 1412 1468 1440 Postea
1482 1422 1540 1440 vero
1554 1421 1625 1440 nam.
1641 1413 1674 1439 84
1689 1413 1736 1445 ait,
1751 1421 1795 1440 eos
1811 1413 1840 1440 in

211 1461 312 1495 synodo
339 1461 579 1495 Hierosolymitana
605 1461 693 1495 palam
714 1460 818 1494 fecisse,
834 1468 861 1486 se
875 1461 930 1486 hinc
951 1461 1037 1486 omnia
1053 1468 1108 1487 esse
1129 1460 1291 1486 machinatus
1305 1461 1364 1487 Arii
1385 1470 1442 1488 cum
1463 1461 1517 1488 sitis
1534 1461 1673 1494 recipiendi
1691 1469 1781 1494 causa,
1795 1466 1838 1487 at-

211 1516 261 1542 que
283 1517 341 1535 eum
366 1509 402 1535 ibi
428 1517 515 1535 revera
537 1509 571 1535 ad
593 1509 800 1535 communionem
825 1509 905 1541 fuisse
921 1509 1084 1541 admissum,
1098 1514 1126 1535 ut
1146 1514 1258 1535 testatur
1279 1510 1358 1536 etiam
1382 1511 1437 1543 ipse
1458 1511 1484 1536 in
1506 1511 1572 1536 libro
1595 1511 1630 1536 De
1646 1510 1756 1544 synodis
1781 1514 1837 1542 post

211 1554 349 1587 epistolam
365 1553 481 1588 ejusdem
497 1554 590 1587 synodi
608 1553 866 1588 Hierosolymitanw.
880 1551 922 1580 Ex
935 1555 974 1580 his
990 1553 1130 1580 Athanasii
1149 1553 1213 1580 locis
1232 1554 1288 1586 ipsa
1303 1554 1360 1580 luce
1372 1554 1470 1580 clarius
1488 1561 1525 1582 est
1538 1555 1622 1589 ipsunt
1635 1555 1836 1582 hrcresiarcham

211 1602 239 1627 in
253 1603 351 1636 synodo
365 1601 606 1636 Hierosolymitaua
622 1603 685 1628 anni
703 1601 755 1628 555
772 1601 806 1628 ad
830 1601 1037 1628 communionem
1055 1601 1137 1635 fuisse
1159 1602 1313 1628 admissum.
1328 1601 1426 1628 Mirum
1441 1610 1503 1629 sane
1515 1603 1643 1637 ejusmodi
1661 1603 1716 1638 loco
1733 1601 1836 1628 innixos

210 1648 329 1674 eruditos
345 1648 423 1679 viros,
436 1647 616 1674 incredibilem
632 1651 656 1673 et
677 1646 824 1673 Athanasio
841 1647 1023 1673 adversantem
1038 1648 1161 1673 statuisse
1172 1647 1337 1673 sententiam.
1350 1646 1450 1674 Caetera
1468 1655 1528 1680 qua:
1540 1648 1651 1681 afferunt
1667 1647 1764 1673 nullius
1775 1651 1834 1672 sunt

209 1696 346 1727 momenti,
363 1703 409 1721 nec
425 1695 603 1729 canfutatione
614 1701 697 1729 egent.
715 1694 774 1721 Duo
792 1700 879 1721 tamen
899 1695 1000 1721 monitu
1013 1694 1091 1729 digna
1106 1700 1243 1728 supersunt
1261 1701 1270 1721 :
1286 1695 1313 1721 1ο
1335 1695 1423 1722 Alium
1443 1703 1530 1722 revera
1543 1696 1624 1729 fuisse
1645 1694 1735 1720 Arium
1753 1694 1835 1720 htere-

208 1741 323 1767 siarcha:
336 1748 482 1774 sequacem.
497 1741 542 1774 qui
556 1749 608 1767 una
625 1749 683 1767 cum
700 1741 745 1767 illo
764 1741 796 1767 ab
813 1741 964 1767 Alexandro
980 1740 1162 1767 Alexandrino
1178 1742 1319 1768 damnatus
1333 1741 1453 1775 ferturin
1467 1742 1574 1775 epistola
1585 1742 1702 1775 ejusdem
1721 1739 1835 1766 Alexan-

209 1788 254 1814 dri
273 1789 383 1823 inferius
400 1789 519 1821 edenda;
534 1789 578 1815 sed
597 1789 696 1815 nullius
718 1789 832 1816 nominis
847 1789 988 1820 hominem,
1005 1789 1051 1822 qui
1072 1797 1103 1815 ne
1125 1789 1205 1815 semel
1231 1789 1337 1823 quidem
1363 1790 1431 1823 apud
1455 1790 1628 1816 Athanasium
1653 1793 1835 1819 memoratur;

207 1836 236 1863 2⁸
248 1835 382 1862 Ili/arium
398 1835 463 1862 duos
480 1836 556 1862 Arios
573 1837 721 1862 nominasse
733 1836 830 1870 fragm.
843 1836 871 1867 2,
884 1843 910 1862 η.
924 1835 960 1862 26
975 1844 982 1868 ;
999 1836 1045 1862 sed
1059 1835 1122 1862 solet
1143 1835 1265 1862 Hilarius
1287 1837 1400 1863 Ariauos
1418 1838 1493 1865 Arios
1515 1846 1676 1870 nuncupare,
1693 1841 1720 1863 ut
1745 1837 1834 1862 obser-

207 1887 302 1907 varunt
320 1881 400 1907 nostri
416 1882 443 1907 in
457 1886 586 1915 pastrema
601 1879 699 1905 Hilarii
723 1880 836 1906 editione
851 1886 860 1904 .'
874 1880 918 1906 ubi
934 1881 995 1906 item
1015 1881 1089 1907 aiunt
1107 1881 1154 1907 hoc
1176 1880 1276 1907 Hilarii
1291 1881 1348 1907 loco
1362 1882 1482 1916 deceptos
1499 1882 1620 1910 Severum
1638 1882 1787 1917 Sulpicium
1804 1885 1829 1907 et

215 1928 338 1963 vigiliam
353 1928 508 1962 Tapsensent
523 1929 588 1954 duos
604 1929 739 1955 induxisse
754 1929 842 1955 Arios.
860 1928 929 1955 Ibid.
946 1929 1050 1956 videsis.

243 1974 277 2001 X.
299 1974 443 2008 Pastquam
459 1974 707 2008 llierosolymitaua:
723 1974 815 2007 synodi
834 1979 904 2007 gesta
920 1974 1004 2000 leviter
1022 1975 1109 2009 attigit
1127 1975 1299 2007 Athanasius,
1319 1980 1432 2002 recenset
1454 1976 1585 2010 episcopos
1606 1975 1638 2001 ab
1655 1974 1761 2000 Arionis
1776 1972 1834 2000 dire

206 2025 325 2052 vexatos,
337 2025 502 2054 extorresque
520 2018 612 2052 factos.
629 2018 701 2044 Hinc
716 2024 822 2044 enarrat
843 2026 884 2044 res
899 2023 986 2052 gestas
999 2020 1031 2045 ab
1050 2029 1119 2046 anno
1137 2020 1189 2048 358
1213 2021 1247 2047 ad
1266 2028 1365 2048 artuum
1382 2021 1444 2054 557,
1464 2030 1495 2048 ac
1516 2021 1663 2048 intermissa
1682 2021 1833 2055 plerumque

207 2067 368 2093 narrationis
387 2067 465 2098 serie,
478 2067 576 2092 acriter
591 2066 618 2092 iu
634 2065 814 2091 Constantium
826 2070 849 2090 et
868 2067 894 2090 iu
910 2065 1020 2092 Ariauos
1033 2066 1173 2092 invehitur.
1187 2066 1256 2093 Huic
1272 2068 1389 2094 historia:
1402 2076 1457 2094 sese
1469 2068 1534 2094 Acta
1553 2067 1715 2094 Sardicensis
1727 2066 1831 2101 synodi,

206 2112 440 2146 obtestationesque
466 2111 555 2146 populi
577 2111 749 2137 Alexandrini
766 2110 836 2136 circa
857 2109 964 2145 Syriaui
979 2112 1164 2144 irruptionem,
1182 2114 1351 2146 subiuna‘isse
1370 2120 1496 2141 memorat
1511 2113 1541 2140 S.
1566 2113 1670 2140 Doctor.
1686 2113 1736 2139 Sed
1751 2113 1788 2139 ibi
1800 2113 1831 2138 ob

205 2160 327 2193 superius
348 2158 456 2185 allatam
476 2160 612 2190 rationem,
628 2157 792 2184 Sardicensis
805 2158 900 2192 synodi
922 2159 1037 2191 epistolis
1055 2160 1163 2186 minime
1182 2167 1342 2192 comparent.
1360 2161 1402 2188 Ex
1417 2161 1630 2187 obtestationibus
1643 2168 1700 2186 vero
1717 2161 1832 2186 secunda

205 2212 308 2234 tantum
323 2208 359 2234 ibi
377 2204 540 2234 subnectitur
552 2214 561 2232 ι
579 2206 664 2240 prima
678 2213 738 2232 vero
751 2205 789 2232 vel
803 2206 835 2231 ab
854 2205 997 2232 Athanasio
1020 2206 1102 2241 269
1121 2215 1253 2242 nunquam
1273 2209 1326 2235 illic
1348 2210 1465 2243 apposita
1482 2214 1530 2240 est,
1545 2209 1606 2243 quia
1620 2216 1679 2234 cum
1694 2208 1721 2234 in
1745 2214 1831 2234 eremo

206 2262 260 2283 tum
279 2261 427 2282 versaretur
443 2263 500 2281 cum
517 2255 572 2281 ha'c
589 2253 703 2287 scripsit,
719 2253 794 2279 illam
813 2253 924 2286 fortasse
940 2254 1055 2280 nancisci
1070 2256 1233 2289 nequiverit:
1250 2261 1297 2282 aut
1317 2257 1383 2290 forte
1407 2265 1466 2283 cum
1489 2257 1653 2291 subsequenti
1667 2256 1773 2282 omnino
1791 2255 1831 2281 si-

206 2303 276 2329 milis
293 2307 369 2335 esset,
386 2302 525 2336 eademque
543 2300 651 2336 Syriani
664 2301 778 2335 irruptio
793 2300 829 2327 ibi
842 2305 1022 2335 enarraretur,
1034 2306 1062 2328 ut
1077 2303 1170 2336 palatii
1185 2309 1221 2330 est
1243 2312 1273 2330 ea:
1294 2305 1408 2331 secanda
1423 2313 1481 2340 qua:
1496 2305 1553 2339 jam
1570 2309 1693 2339 superest,
1710 2304 1741 2330 ab
1756 2311 1831 2329 ama-

206 2350 348 2376 nuensibus
363 2351 394 2374 de
410 2356 480 2375 more
495 2347 590 2374 omissa
605 2347 665 2380 fuit.

242 2396 286 2423 ΧΙ.
304 2396 392 2423 Restat
412 2401 439 2422 ut
456 2403 554 2422 annum
566 2398 714 2421 statuamus
727 2403 777 2429 quo
796 2394 851 2422 hazc
863 2395 962 2428 scripta
982 2401 1053 2423 sunt.
1073 2395 1192 2424 Valesius
1209 2399 1236 2423 in
1257 2399 1324 2424 notis
1344 2399 1378 2425 ad
1396 2399 1540 2430 Socratem,
1556 2398 1699 2424 Barouiutu
1712 2403 1829 2431 secutus,

203 2444 340 2472 Leontium
360 2442 552 2470 Antiochenam
564 2442 696 2469 existimat
711 2442 808 2469 abiisse
823 2450 893 2469 anno
908 2441 970 2474 356,
982 2442 1085 2477 illisque
1096 2443 1164 2477 facet
1177 2444 1310 2478 Socrates,
1325 2446 1369 2480 qui
1382 2447 1418 2472 ait
1439 2447 1483 2472 lib.
1501 2454 1529 2478 ll,
1543 2453 1600 2479 cap.
1618 2446 1662 2477 57,
1679 2445 1829 2472 Εαάοπὶωιτ

200 2493 376 2520 Germaniciw
391 2495 539 2527 episcopum
562 2498 670 2519 mortem
687 2492 788 2519 Leontii
809 2493 932 2519 didicisse
949 2493 1011 2518 dum
1036 2491 1127 2519 Roma:
1150 2493 1251 2528 degeret
1270 2503 1327 2521 cum
1348 2495 1516 2526 Constantio;
1531 2496 1577 2521 sub
1593 2493 1697 2520 initium
1717 2493 1828 2525 scilicet,

200 2545 246 2567 aut
262 2541 354 2567 saltem
369 2545 428 2566 ante
445 2548 558 2567 mensem
575 2539 676 2566 Maium
697 2548 760 2566 anns
774 2540 837 2568 557.
855 2539 926 2566 Ναηι
941 2540 1018 2566 initio
1034 2539 1112 2572 Maii,
1127 2545 1154 2566 ut
1170 2542 1281 2572 tardius,
1303 2541 1385 2568 Roma
1409 2542 1538 2576 profectus
1557 2547 1593 2568 est
1617 2541 1784 2568 Constantius
1800 2546 1830 2567 ut

200 2588 327 2616 Sirmium
341 2597 368 2616 se
386 2588 527 2624 conferret.
542 2587 630 2620 Quare
645 2596 703 2614 cum
716 2587 834 2615 Historia
847 2588 880 2614 ad
895 2588 1041 2614 monachos
1053 2589 1133 2614 missa
1158 2587 1295 2616 Leontium
1311 2594 1339 2615 ut
1355 2590 1517 2623 superstitem
1537 2594 1670 2621 memoret,
1683 2589 1706 2614 si
1728 2588 1828 2615 Socra—

199 2641 249 2663 tem
263 2644 413 2671 sequamur,
428 2636 528 2670 scripta
544 2635 624 2670 fuerit
643 2644 712 2662 anno
726 2635 787 2667 356,
802 2640 846 2661 aut
861 2636 896 2662 ad
914 2643 1046 2662 summum
1066 2637 1113 2662 sub
1137 2637 1244 2664 initium
1265 2638 1329 2664 antti
1349 2638 1411 2665 557.
1427 2637 1479 2665 Sed
1499 2638 1689 2664 eridentissime
1702 2642 1828 2670 repugnat

199 2683 261 2708 huic
271 2682 405 2709 sententitz
420 2682 594 2712 Athanasius,
611 2681 655 2716 qui
674 2682 705 2707 de
722 2681 799 2708 Iiosii
815 2682 886 2707 obitu
901 2682 929 2708 in
943 2690 973 2708 ea
985 2681 1109 2717 loquitur.
1125 2681 1196 2709 Obiit
1210 2689 1277 2710 certe
1298 2683 1397 2710 [Iasius
1413 2689 1439 2710 ut
1455 2684 1530 2710 citius
1542 2684 1588 2710 sub
1599 2683 1677 2718 ﬁnem
1689 2684 1751 2709 anni
1761 2681 1826 2713 557,

199 2736 245 2754 nec
267 2729 367 2755 videtur
383 2736 412 2755 eo
426 2729 481 2763 ipso
494 2737 563 2755 anno
576 2729 649 2762 fama
667 2730 756 2756 mortis
770 2728 827 2763 ejus
850 2737 882 2756 ex
898 2728 1030 2762 Hispania
1054 2729 1088 2755 ad
1105 2729 1216 2764 {Egypti
1234 2731 1336 2758 deserta
1358 2739 1437 2766 usque
1458 2730 1613 2765 pervenisse.
1628 2729 1716 2761 Quare
1733 2728 1767 2753 ad
1783 2735 1830 2753 an.

199 2781 261 2800 num
277 2774 329 2800 558
339 2775 394 2801 ha'c
409 2774 548 2800 Athanasii
570 2774 668 2808 scripta
694 2775 830 2809 referenda
844 2780 917 2808 sunt,
934 2782 993 2802 cum
1020 2774 1119 2811 alioqui
1142 2781 1239 2804 certum
1256 2778 1290 2805 sit
1312 2778 1365 2805 labi
1385 2777 1526 2812 sepissime
1545 2775 1691 2807 Socratem,
1712 2778 1739 2800 ut
1757 2772 1827 2801 alias

199 2818 356 2846 monuimus.
369 2818 407 2847 De
420 2818 545 2846 Marcello
567 2819 705 2850 Ancyrano
716 2822 817 2849 animus
829 2822 900 2855 infra
915 2828 987 2847 num.
1005 2819 1034 2846 4.
