2007 3044
170 222 1728 238 ___________.___.______.._———————————

621 151 730 180 EPIST.
751 151 797 178 AD
817 139 1039 178 SLRAI’IONEM
1057 148 1102 176 DE
1122 147 1240 177 HORTE
1261 147 1342 175 AR“.

1729 145 1780 174 686

707 307 776 333 ΤοΥ
796 305 842 332 ΕΝ
861 305 972 332 ΔΓΙΟῘΣ
991 302 1125 332 ΠΑΤΡΟΣ
1143 303 1241 337 ΗΜΩΝ

730 389 1216 457 ΑΘΑΝΑΣΙΟΥ

502 510 983 557 ἈΡΧΙΕΠΙΣΚΟΠΘΥ
1019 505 1430 554 ΑΛΕΞΑΝΔΡΕΙΑΣ

884 598 1056 627 ΕΠΙΣΤΟΛΗ

305 683 510 742 ΠΡΟΣ
541 681 972 740 ΣΕΡΑΠΙΩΝΑ
1001 676 1063 717 (9⁵)
1097 680 1255 738 ΤΟΝ
1284 680 1662 740 ΑΔΕΛΦΟΝ.

590 872 653 935 S.
698 872 766 933 P.
808 872 882 933 N.
935 869 1366 934 ATHANASII

675 989 979 1021 ARCHIEPISCOPI
1000 989 1278 1019 ALEXANDRIN]

358 1071 716 1129 EPISTOLA‘Q“)
752 1082 828 1125 AD
864 1079 1251 1126 SERAPIONEM
1289 1080 1586 1126 FRATREM.

173 1256 343 1289 Ἀθανάσιος
354 1256 514 1290 Σεραπίωνι
529 1255 647 1290 ἀδελφῷ
658 1255 706 1282 καὶ
716 1255 948 1291 συλλειτουργῷ,
964 1264 972 1287 Α

1009 1256 1160 1284 ὶιΙιαηαεὶιω
1173 1255 1308 1290 Serapiom‘
1320 1256 1397 1290 [miri
1407 1261 1431 1283 el
1444 1255 1628 1289 contminiuro,
1639 1256 1665 1282 in
1677 1254 1773 1282 Domin

415 1292 450 1317 ὲν
466 1292 563 1325 Κιφιῳ
579 1291 702 1325 χαίρειν.

205 1336 227 1362 ι.
252 1336 390 1370 Ἐνέτυχον
406 1336 462 1366 τοῖς
480 1335 555 1369 παρὰ
586 1335 636 1369 τῆς
659 1335 708 1369 σῆς
725 1334 865 1366 εὐλαΰείας
885 1343 952 1370 γρα-

168 1383 264 1417 φεῖσιν,
279 1382 307 1408 ὲν
323 1378 364 1412 οἷς
379 1380 544 1416 προέτρεπες
557 1380 630 1414 ἡμᾶς
644 1380 677 1406 τά
691 1388 720 1405 τε
736 1379 795 1406 καθ’
811 1380 884 1415 ἡμᾶς
897 1380 951 1415 (97)

167 1428 214 1455 καὶ
237 1427 284 1454 νῦν
299 1427 432 1462 γενόμενα
448 1425 564 1461 δηλῶσαί
585 1433 640 1457 σοι,
660 1426 706 1451 καὶ
730 1426 794 1461 περὶ
814 1427 864 1460 τῆς
887 1426 952 1452 ἀσε-

168 1473 300 1508 ϐεστάτης
317 1472 448 1506 αἱρέσεως
463 1470 518 1496 τῶν
538 1469 694 1506 Ἀρειανῶν,
708 1470 741 1496 δι’
755 1471 788 1506 ἦν
807 1470 852 1497 καὶ
866 1470 954 1497 ταῦτα

168 1519 352 1554 πεπόνθαμεν,
379 1517 426 1544 καὶ
451 1517 542 1543 ὁποῖον
574 1516 636 1552 ἔσχε
661 1517 690 1543 τὸ
715 1516 793 1548 τέλος
819 1515 866 1542 τοῦ
896 1516 953 1551 βίου

170 1565 286 1599 ¹Ἄρειος.
304 1563 393 1599 Τριῶν
414 1563 502 1589 τοίνυν
524 1561 608 1588 ὄντων
624 1561 678 1588 τῶν
699 1562 904 1596 ἐπιταγμάτων,
921 1562 955 1588 τὰ

169 1611 218 1646 μὲν
231 1609 277 1636 δύο
294 1608 440 1644 προθύμως
462 1607 592 1642 ἐποίησα,
615 1607 660 1633 καὶ
686 1607 834 1633 ἀπέστειλα
862 1608 894 1642 τῇ
920 1608 953 1642 σῇ

169 1657 307 1692 θεοσεϐείᾳ
322 1657 393 1691 ἅπερ
410 1654 514 1688 ἔγραψα
531 1655 587 1684 τοῖς
608 1655 752 1688 μοναχοίς·
769 1654 801 1679 ὲκ
817 1654 872 1688 γὰρ
893 1653 956 1679 τού-

168 1711 221 1729 των
234 1702 269 1728 τά
282 1710 311 1727 τε
327 1700 387 1727 καθ’
401 1700 473 1734 ἡμᾶς
493 1699 541 1724 καὶ
555 1699 590 1725 τὰ
608 1699 678 1724 κατὰ
693 1698 741 1733 τὴν
758 1698 861 1733 αἵρεσιν
877 1698 956 1725 δύνα-

170 1757 214 1776 σαι
231 1747 340 1784 μαθεῖν·
356 1747 387 1773 τὸ
404 1746 432 1772 δὲ
452 1745 555 1779 ἕτερον,
576 1744 647 1778 φημὶ
667 1743 699 1778 δὴ
724 1743 788 1778 περὶ
810 1743 857 1769 τοῦ
874 1743 956 1770 θανά-

168 1802 226 1826 του,
248 1792 333 1819 πολλὰ
361 1791 409 1827 μὲν
435 1790 609 1825 ἐλογισάμην,
633 1788 828 1823 εὐλαϐούμενος
857 1788 894 1823 μὴ
919 1787 956 1819 ὡς

169 1838 370 1875 ἑπεμϐαίνοντά
389 1837 422 1873 μέ
441 1846 482 1869 τις
498 1836 536 1871 τῷ
562 1835 669 1870 Θανάτῳ
684 1833 731 1860 τοῦ
748 1833 891 1868 ἀνθρώπου
913 1833 958 1859 λο-

169 1886 295 1920 γίσηται·
311 1884 385 1918 ὅμως
399 1882 437 1915 δὲ,
449 1881 552 1916 ἐπειδὴ.
566 1879 712 1911 διαλέξεως
728 1877 876 1914 γενομένης
891 1879 956 1914 παρ’

1335 1291 1458 1318 salutem.

1039 1338 1064 1366 l.
1086 1338 1149 1373 Legi
1164 1337 1272 1373 pietatis
1289 1342 1340 1364 luas
1357 1337 1469 1369 litteras,
1486 1337 1584 1372 quibus
1597 1337 1714 1364 hortaris
1729 1345 1788 1369 nos,

1003 1388 1032 1412 ut
1046 1384 1091 1412 libi
1105 1392 1165 1419 qua:
1179 1391 1228 1411 nos
1241 1388 1377 1418 spectant,
1388 1390 1501 1419 quaeque
1518 1384 1569 1410 hoc
1585 1387 1704 1418 tempore
1715 1389 1789 1418 gesta

1003 1435 1076 1463 sum,
1100 1434 1317 1457 enarremus:et
1337 1436 1389 1455 una
1413 1428 1564 1456 scribamus
1578 1429 1610 1455 de
1632 1428 1791 1462 impiissima

1003 1476 1104 1503 Ariana
1123 1474 1228 1507 Ineresi,
1252 1474 1328 1508 Cujus
1338 1481 1419 1501 causa
1443 1474 1500 1500 haec
1520 1473 1588 1500 mala
1609 1473 1764 1508 pertulimus
1781 1482 1789 1501 :

1005 1529 1054 1548 nec
1067 1528 1120 1548 non
1133 1520 1256 1555 quisnam
1278 1520 1358 1546 fuerit
1379 1519 1440 1546 vita:
1463 1519 1519 1545 Arii
1545 1519 1642 1546 exitus.
1656 1519 1723 1545 Cum
1739 1519 1801 1546 tria-

1005 1566 1087 1601 ig-itur
1097 1566 1230 1601 postulata
1242 1565 1353 1596 fuerint,
1365 1565 1418 1591 duo
1432 1564 1538 1599 quidem
1551 1564 1664 1591 libenter
1680 1572 1792 1591 exsecu-

1006 1616 1048 1639 tus
1059 1619 1128 1643 sum.
1147 1611 1261 1646 misique
1281 1610 1314 1637 ad
1340 1615 1413 1637 tuam
1430 1610 1556 1645 pietatem
1572 1617 1630 1637 mea
1646 1610 1678 1637 ad
1697 1617 1790 1637 mona-

1005 1660 1069 1686 chos
1083 1657 1182 1692 scripta
1200 1665 1207 1683 :
1223 1664 1256 1684 ex
1276 1657 1318 1684 his
1332 1657 1403 1684 enim
1419 1656 1520 1690 poteris
1535 1663 1595 1682 curn
1612 1663 1654 1682 res
1673 1660 1789 1688 nostras,

1006 1709 1060 1731 tum
1071 1711 1116 1731 eas
1127 1711 1186 1738 qua:
1196 1703 1229 1730 ad
1244 1703 1368 1730 haeresim
1384 1702 1509 1734 attinent,
1521 1701 1651 1728 ediscere.
1670 1701 1791 1729 Tertium

1005 1757 1069 1777 vero
1084 1749 1155 1784 quod
1177 1753 1291 1783 spectat,
1307 1755 1403 1783 nempe
1416 1747 1474 1775 Arii
1495 1753 1619 1780 mortem,
1633 1748 1716 1774 multa
1733 1755 1791 1775 tne-

1006 1803 1065 1823 cum
1080 1796 1218 1830 perpendi,
1237 1795 1338 1822 veritus
1356 1802 1389 1821 ne
1412 1802 1454 1822 nte
1471 1795 1531 1828 quis
1547 1794 1661 1821 hominis
1675 1795 1792 1822 interltui

1008 1840 1137 1867 insultare
1148 1840 1312 1872 arbitretur;
1324 1844 1507 1866 verumtamen
1525 1845 1595 1871 cum,
1611 1839 1793 1872 disputatione

1009 1885 1077 1919 apud
1092 1892 1140 1912 vos
1157 1885 1229 1912 circa
1250 1884 1373 1910 haeresim
1387 1882 1488 1914 habita,
1502 1883 1553 1909 huc
1575 1883 1687 1917 qumstio
1705 1883 1792 1911 desie-

171 1932 234 1967 ὑμῖν
258 1929 321 1965 περὶ
341 1929 390 1964 τῆς
407 1928 553 1963 αἱρέσεως,
572 1927 612 1958 εις
628 1925 706 1954 τοῦτο
723 1926 753 1951 τὸ
769 1925 844 1956 τέλος
865 1924 958 1959 ἔληξεν

1010 1931 1058 1963 rit,
1087 1938 1151 1958 num
1185 1930 1311 1957 Ecclesiae
1343 1929 1531 1956 communione
1557 1928 1665 1962 junctus
1695 1929 1793 1956 obierit

170 1978 187 2012 ἡ
214 1975 341 2011 ζήτησις,
368 1975 393 2000 εἰ
421 1973 586 2008 κοινωνήσας
610 1972 642 2007 τῇ
672 1971 820 2006 Ἐκκλησία
846 1970 956 2002 ’Ἄρειος

171 2022 338 2056 ἐτελεύτησε,
353 2020 395 2047 διὰ
411 2019 499 2060 τορτο,
511 2019 548 2050 ὡς
563 2017 741 2053 διαλυομένης
754 2018 804 2053 τῆς
818 2017 958 2052 ζητήσεως

171 2069 204 2095 ὲκ
217 2066 263 2094 τοῦ
279 2067 342 2103 περὶ
355 2065 401 2092 τοῦ
416 2065 530 2093 θανάτου
543 2064 596 2100 (98)
609 2064 788 2100 διηγήματος,
803 2063 958 2098 ἀναγκαίως

170 2112 289 2148 δηλῶσαι
320 2111 487 2139 ἐσπούδασα·
514 2111 570 2138 [σον
595 2111 746 2146 ἡγούμενος
778 2110 808 2137 τὸ
839 2111 958 2145 σημᾶναι

171 2158 260 2191 τοῦτο,
278 2158 324 2185 καὶ
347 2158 378 2184 τὸ
402 2157 504 2185 παῦσαι
529 2157 620 2184 λοιπὸν
642 2157 705 2188 τοὺς
731 2156 957 2191 φιλονεικοῦντας.

177 2205 311 2240 Ἠγοῦμαι
327 2204 392 2240 γὰρ,
410 2204 461 2237 ὅτι,
482 2203 647 2238 γνωσθέντος
663 2203 709 2229 τοῦ
731 2203 795 2238 περὶ
810 2202 856 2229 τοῦ
876 2203 960 2229 Θανά-

171 2260 218 2278 του
235 2251 388 2287 θαύματος,
416 2250 515 2286 μηκέτι
544 2249 611 2285 μηδὲ
631 2250 728 2281 αὐτοὺς
748 2250 811 2280 τοὺς
828 2249 959 2284 πρότερον

173 2297 344 2333 ζητήσαντας
355 2297 456 2332 τολμᾷν
467 2296 655 2331 ἀμφιϐάλλειν,
669 2295 707 2327 ὡς
722 2295 869 2330 θεοστυγὴς
885 2295 959 2322 ἐστιν

173 2345 190 2379 ἡ
209 2343 332 2379 Ἀρειανὴ
348 2343 462 2378 αἵρεσις.

208 2390 235 2416 2.
262 2389 331 2424 Ἐγὼ
347 2389 400 2424 (99)
422 2388 471 2424 μὲν
492 2389 521 2415 οὐ
540 2388 670 2424 παρήμην
691 2388 719 2414 ἐν
740 2387 960 2414 Κωνσταντινου-

173 2435 259 2468 πόλει,
274 2427 317 2462 ὅτε
336 2435 509 2470 ἐτελεύτησεν
529 2435 644 2465 ἐκεῖνος’
659 2432 799 2468 Μακάριος
815 2433 842 2459 δὲ
865 2434 878 2459 ὁ
895 2441 962 2468 πρε-

175 2481 305 2517 σὸύτερος
323 2480 426 2516 παρῆν,
450 2480 577 2506 κάκείνου
602 2478 724 2512 λέγοντος
745 2479 859 2513 ἤκουσα.
886 2478 962 2504 Ἐκέ-

174 2517 257 2563 κλητο
271 2528 320 2563 μὲν
334 2527 409 2562 παρὰ
427 2526 632 2553 Κωνσταντίνου
646 2524 693 2551 τοῦ
712 2523 840 2559 βασιλέως
852 2524 960 2559 Ἄρειος

175 2574 207 2599 ὲκ
222 2572 338 2606 σπουδῆς
360 2571 415 2598 τῶν
440 2570 504 2606 περὶ
530 2570 673 2597 Εὑσέϐιον·
699 2568 851 2595 εἰσελθόντα
867 2568 895 2594 δὲ
915 2568 960 2594 τὸν

1009 1976 1104 2009 Arius;
1119 1975 1229 2007 idcirco,
1239 1982 1299 2002 cum
1313 1982 1347 2002 ex
1360 1974 1449 2002 obitus
1468 1974 1539 2002 illius
1555 1974 1665 2001 historia
1680 1976 1792 2009 quaestio

1009 2021 1137 2054 solvatur,
1154 2028 1263 2048 necesse
1273 2020 1335 2047 duxi
1347 2025 1472 2047 accurate
1489 2028 1544 2047 rem
1559 2021 1634 2048 vobis
1647 2029 1792 2048 enarrare:

1010 2073 1085 2095 ratus
1102 2066 1214 2101 perinde
1229 2073 1290 2093 esse
1312 2065 1363 2093 hoc
1382 2065 1512 2098 iudicare,
1532 2072 1612 2100 atque
1626 2066 1794 2100 disputantes

1009 2119 1188 2145 compescere.
1216 2110 1346 2137 Existimo
1371 2111 1453 2142 enim,
1475 2112 1583 2145 cognito
1606 2111 1676 2138 illius
1700 2112 1794 2139 mortis

1010 2158 1150 2188 miraculo,
1162 2164 1196 2184 ne
1210 2164 1256 2184 eos
1281 2157 1388 2191 quidem
1403 2158 1447 2191 qui
1464 2163 1526 2184 ante
1544 2158 1593 2184 hac
1616 2158 1648 2184 de
1666 2165 1693 2184 re
1716 2165 1791 2191 (lita:-

1010 2204 1113 2230 stiones
1135 2203 1288 2234 movebant.
1314 2209 1429 2230 ausuros
1453 2203 1522 2230 ultra
1538 2202 1681 2237 ambigere,
1703 2202 1798 2230 Dcone

1010 2249 1103 2277 odiosa
1117 2249 1153 2276 sit
1165 2249 1265 2275 Ariona
1278 2249 1398 2276 ha-rcsis.

1044 2382 1072 2408 2.
1095 2380 1223 2415 Equidem
1248 2378 1480 2413 Constantinopoli
1509 2385 1560 2405 non
1586 2378 1714 2409 aderam,
1734 2383 1798 2402 cum

1011 2428 1055 2456 ille
1068 2428 1123 2454 vita
1140 2427 1246 2454 functus
1257 2427 1316 2452 est:
1330 2427 1376 2453 sed
1391 2426 1484 2453 aderat
1497 2423 1629 2451 Macarius
1644 2422 1794 2457 presbyter,

1010 2481 1025 2501 a
1043 2481 1097 2508 quo
1113 2477 1238 2500 narrante
1260 2481 1318 2500 rem
1342 2471 1471 2504 comperi.
1487 2470 1528 2497 Ab
1547 2470 1708 2503 imperatore
1723 2467 1796 2494 Cou—

1011 2521 1143 2553 stanlino,
1162 2519 1373 2547 Eusebiauorum
1394 2525 1494 2551 opera,
1511 2515 1612 2542 accitus
1635 2514 1716 2541 Arius
1737 2513 1796 2540 fue-

1011 2567 1228 2601 ratzingressum
1248 2570 1337 2592 autem
1353 2563 1446 2590 Arium
1462 2563 1607 2596 imperator
1624 2559 1797 2593 interrogavit

177 2619 285 2654 Ἀρειον
304 2605 429 2652 ἀνέκρινε
447 2605 584 2652 βασιλεὺς,
605 2616 629 2642 εἰ
645 2615 694 2651 τὴν
713 2615 803 2642 πίστιν
825 2615 873 2650 τῆς
896 2614 961 2641 καο-

1014 2621 1077 2641 num
1090 2611 1217 2639 Ecclesia:
1231 2610 1373 2638 catholica:
1396 2609 1473 2635 ﬁdem
1494 2611 1634 2636 servaret;
1656 2606 1678 2632 is
1692 2612 1756 2632 vero
1768 2611 1797 2630 se

174 2663 269 2699 ολικῆς
282 2662 443 2699 Ἐκκλησίας
456 2662 510 2698 ἔχει
520 2671 526 2678 ι
535 2661 615 2693 αὐτός
629 2669 659 2688 τε
672 2661 708 2697 (l)
721 2660 812 2696 ὤμοσε
825 2660 962 2687 πιστεύειν

212 2753 268 2788 (95)
284 2753 469 2781 Theodoretus
482 2754 574 2789 habet.
584 2753 651 2789 πρὸς
668 2753 800 2780 ’Λπιωναη

211 2789 268 2822 (96)
285 2789 390 2822 Scripta
406 2796 476 2815 anno
492 2788 555 2815 558.

213 2824 269 2858 (9'1)
283 2823 327 2850 Sic
339 2821 406 2858 Reg.
428 2824 497 2850 Editi
515 2830 591 2853 vero,
605 2822 666 2850 καθ’
680 2821 768 2858 sese.

214 2859 270 2894 (98)
284 2859 328 2887 Sic
342 2857 408 2894 Reg.
422 2858 492 2887 Etliti
504 2866 576 2892 vero,
595 2859 627 2885 ἐκ
645 2858 692 2886 τοῦ
706 2857 831 2885 θανάτου.

1015 2664 1088 2686 recte
1100 2657 1212 2685 credere
1227 2655 1402 2692 jurejurando
1418 2653 1573 2685 alﬁrmavit,
1589 2659 1621 2679 ac
1638 2650 1796 2685 rescriptum

1053 2748 1110 2777 (99)
1127 2747 1189 2775 Haec
1207 2746 1341 2774 habentur
1360 2744 1429 2778 apud
1445 2743 1617 2779 Theodoret.,
1628 2740 1674 2779 lib.
1693 2747 1710 2766 ι.
1723 2739 1798 2779 Hanc

1016 2779 1080 2811 item
1093 2783 1240 2810 Historiam
1263 2780 1345 2808 refert
1364 2776 1502 2810 Socrates,
1517 2777 1564 2804 scd
1582 2776 1692 2803 multum
1710 2776 1799 2802 variat

1015 2821 1048 2845 ab
1065 2817 1205 2845 Athanasii
1215 2815 1380 2843 narratione.

1050 2854 1087 2888 (l)
1103 2853 1148 2880 Sic
1167 2851 1233 2886 Reg.
1250 2850 1317 2878 Editi
1332 2858 1385 2878 non
1400 2850 1498 2877 habent
1511 2855 1549 2874 τε.
