2007 3044
223 137 273 165 687

513 135 543 163 S.
563 133 755 163 ATHANASII
774 133 850 162 OPP.
868 132 958 161 PARS
975 133 996 162 l.
1016 148 1051 153 —
1069 132 1253 163 HISJ'ORICA
1270 133 1316 161 ET
1336 129 1549 161 DOGMATICA.‘

1791 133 1840 162 68E

225 196 286 224 fidei
303 203 360 224 sua:
378 195 496 227 tradidit.
511 201 564 230 quo
580 195 613 222 iis
635 194 777 222 occultatis
796 201 910 229 quorum
925 201 1006 222 causa

1063 193 1158 228 ΰρθῶς,
1180 193 1227 220 καὶ
1252 192 1387 227 ἔγγραφον
1413 191 1558 218 ἐπιδέδωκε
1583 191 1715 223 πίστεως,
1736 190 1840 227 κρύψας

224 241 258 267 ab
274 240 425 268 Alexandro
440 240 566 274 episcopo
578 239 698 266 Ecclesia
713 239 804 272 pulsus
820 239 916 270 fueral,
930 239 1003 266 Scri-

223 291 362 320 pturarum
389 285 471 312 verba
494 284 585 312 dolose
604 284 765 318 proferebat.
792 284 858 312 Cum
885 284 1004 318 Iurasset

223 332 313 365 itaque
329 338 357 358 se
373 338 426 357 non
437 337 496 357 eam
514 330 633 358 tenuisse
649 330 812 357 sententiam
828 330 904 365 cuius
923 337 1002 358 causa

221 376 256 402 ab
271 375 424 402 Alexandro
448 378 559 402 exactus
585 374 691 407 fuerat;
707 374 782 401 illum
801 375 946 409 imperator
960 374 1003 401 tli—

221 421 342 451 mittens.
355 420 378 447 si
404 425 490 452 recta,
505 420 555 454 ait,
569 425 611 447 est
627 420 692 447 fides
718 424 773 452 tua,
797 421 864 447 bene
887 420 1002 455 jurasti;

220 466 262 493 sin
278 465 368 499 impia,
381 469 408 493 ct
419 469 508 492 tamen
524 465 634 500 jurasti,
649 465 718 492 Deus
731 472 763 492 ex
776 464 929 498 jurameuto
941 473 1004 493 cau-

219 518 278 538 sam
295 515 367 538 tuam
381 510 492 545 iudicet.
504 510 581 538 illum
593 511 677 546 igitur
690 510 725 538 ab
747 511 828 546 27o
843 512 1004 546 imperatore

220 558 256 582 ita
286 556 436 590 digressum
461 555 621 589 Eusebiani,
646 555 725 583 solita
747 556 787 584 usi
810 556 950 590 violentia,
976 557 1004 585 in

220 600 362 628 ecclesiam
397 601 568 628 introducere
584 601 727 628 voluerunt
744 609 752 628 :
775 601 922 629 obsistebat
934 601 1004 629 Con-

219 646 475 680 stantinopolitanus
485 646 626 681 episcopus
639 646 725 674 beata
736 646 777 674 vir
793 647 930 675 memoriae
943 647 1005 675 Ale-

219 692 402 733 Xandernnon
422 691 537 724 debere,
554 691 638 724 aiens,
649 691 758 719 haeresis
772 698 909 720 auctorem
923 693 948 720 in
963 701 1005 721 ec-

219 738 328 764 clesiam
337 736 430 772 recipi.
441 737 476 763 At
486 737 641 770 Eusebiani,
651 738 729 765 minis
737 738 984 772 adltibitis,aiebant
996 747 1003 766 :

220 783 266 815 Ut,
280 781 491 817 repugnantibus
509 781 573 810 licet
598 783 686 815 vobis,
704 783 870 810 obtinuimus
886 787 916 810 ut
930 783 1003 811 illum

219 829 368 863 imperator
388 833 540 856 arcesseret
555 837 563 861 ;
578 829 618 856 sic
634 828 677 856 die
693 828 830 860 crastina,
847 828 952 856 etiamsi
977 829 1004 856 id

1059 239 1107 274 μὲν
1124 240 1165 273 ἐφ’
1176 236 1217 270 οἷς
1236 237 1365 273 ἐξεϐλήθη
1380 238 1430 272 τῆς
1452 237 1614 273 Ἐκκλησίας
1631 237 1707 272 παρὰ
1723 236 1832 270 Ἀλεξάν

1056 284 1120 320 δρου
1132 283 1179 311 τοῦ
1193 284 1354 315 ἐπισκόπου,
1370 283 1582 318 ὑποκρινόμενος
1597 283 1625 309 δέ
1645 282 1694 314 τὰς
1717 282 1770 309 ἀπὸ
1787 282 1840 308 τῶν

1057 329 1173 365 Γραφῶν
1185 329 1282 363 λέξεις.
1300 328 1451 363 Ὀμόσαντα
1473 328 1510 363 (‘2)
1532 328 1621 354 τοίνυν
1640 327 1720 354 αὑτὸν
1738 327 1774 362 μὴ
1791 335 1839 353 πε-

1058 374 1222 412 φρονηκέναι
1236 375 1278 409 ἐφ’
1290 372 1330 406 οἷς
1347 373 1471 405 ἐξέϐαλεν
1488 373 1661 408 Ἀλέξανδρος
1675 373 1770 404 αὐτὸν,
1792 373 1840 399 άπ-

1058 422 1152 449 έλυσεν
1167 420 1299 457 εἰρηκώς·
1315 422 1346 448 Εἰ
1365 421 1431 457 ὀρθή
1445 429 1493 447 σου
1510 419 1582 446 ἐστὶν
1600 420 1617 454 ἡ
1635 418 1733 451 πίστις,
1750 419 1839 450 καλῶς

1057 465 1183 501 ὤμοσας⁶
1202 467 1226 492 εί
1239 465 1267 492 δὲ
1283 465 1384 500 ἀσεϐής
1403 465 1476 491 ἐστιν
1491 465 1508 500 ἡ
1524 464 1613 495 πίστις
1630 472 1687 495 σου,
1702 464 1750 489 καὶ
1768 463 1840 498 ὠμο-

1058 520 1116 544 σας,
1135 513 1149 538 ὁ
1163 510 1228 543 Θεὸς
1249 512 1281 538 ἐκ
1302 510 1349 538 τοῦ
1372 511 1454 546 ὅρκου
1475 510 1515 546 (3)
1537 509 1629 546 κρίναι
1648 509 1682 536 τὰ
1703 509 1774 536 κατά
1797 509 1838 535 σέ.

1057 558 1135 586 Οὕτω
1156 558 1188 594 δὴ
1205 556 1250 586 οὖν
1270 557 1350 584 αὐτὸν
1374 557 1514 589 ἐξελθόντα
1536 556 1611 591 παρὰ
1635 555 1682 582 τοῦ
1710 555 1841 590 βασιλέως

1056 603 1191 638 ἠθέλησαν
1216 603 1371 637 εέσαγαγεῖν
1395 603 1435 634 είς
1459 601 1508 637 τὴν
1537 601 1685 636 ἐκκλησίαν
1711 601 1736 626 οἱ
1776 601 1840 636 περὶ

1057 647 1186 675 Εὑσέὸιον
1200 649 1232 683 τῇ
1255 646 1364 682 συνήθει
1380 645 1485 673 ἑαυτῶν
1508 645 1562 681 βίᾳ.
1581 645 1650 672 Ἀλλ’
1662 646 1677 672 6
1690 645 1740 680 τῆς
1762 645 1841 671 Κων-

1058 693 1301 724 σταντινουπόλεως
1324 693 1489 724 ἐπίσκοπος,
1510 693 1525 719 ό
1538 691 1691 727 μακαρίτης
1716 690 1840 724 Ἀλέξανι

1056 739 1128 775 δρος,
1150 738 1286 773 ἀντέλεγε,
1302 738 1413 773 φάσκων
1422 737 1459 773 μὴ
1473 737 1527 764 δεῖν
1540 737 1579 769 είς
1591 736 1730 763 κοινωνίαν
1744 735 1841 771 δεχθῆ-

1057 785 1170 812 ναιητὺν
1187 785 1236 820 τῆς
1252 784 1382 821 αἱρέσεως
1398 784 1521 819 εὑρετήν.
1542 783 1597 810 Καὶ
1620 782 1712 809 λοιπὸν
1727 783 1751 809 οἰ
1775 782 1842 817 περὶ

1058 830 1186 858 Εὑσέϐιον
1199 830 1359 866 ἠπείλησαν,
1371 830 1423 862 ὃτι,
1445 829 1538 864 ὥσπερ
1553 827 1590 864 μὴ
1609 827 1739 854 ϐελόντων
1754 827 1842 863 ὑμῶν,

219 881 272 900 non
288 881 304 900 e
319 873 454 900 sententia
469 873 505 900 sit
517 877 573 905 tua,
588 873 669 901 Arius
679 873 706 900 in
719 873 771 900 bac
787 873 900 901 ecclesia
916 873 1003 900 nobis-

1063 877 1223 912 ιποιήσαμεν
1248 877 1328 904 αὑτὸν
1360 876 1493 912 κληθῆναι
1523 874 1597 911 παρὰ
1624 873 1756 910 βασιλέως
1779 872 1842 908 (ι),

220 926 280 945 cum
295 919 390 952 synaxi
411 919 507 946 aderit.
524 917 672 947 Sabbaturn
687 924 777 947 autem
798 924 857 947 erat
872 927 932 947 cum
949 918 1005 946 inec

221 963 257 990 illi
273 963 420 992 eli'utirent.

255 1054 283 1082 3.
305 1054 407 1087 Quibus
426 1053 526 1082 auditis
548 1054 694 1088 episcopus
714 1053 884 1088 Alexander,
909 1061 1006 1089 magno

222 1107 338 1127 tmerore
353 1099 494 1134 perfusus,
512 1100 538 1127 in
563 1099 707 1127 ecclesiam
729 1099 866 1134 ingressus
887 1104 945 1132 est,
958 1107 1005 1127 ex-

224 1145 361 1180 tensisque
381 1145 413 1173 ad
435 1145 518 1173 Deum
545 1145 678 1178 manibus,
695 1145 891 1180 collacrymaus
907 1145 933 1173 in
951 1145 1009 1176 vui-

223 1196 279 1217 ttlm
297 1191 411 1226 procidit
433 1191 460 1218 in
485 1191 606 1218 sacrario
625 1199 632 1218 :
647 1190 777 1226 humique
788 1190 883 1225 jacens
901 1191 1007 1223 orabat,

224 1236 325 1262 Aderat
336 1235 477 1268 Macarius,
491 1235 536 1271 qui
551 1241 578 1263 et
592 1236 650 1270 ipse
669 1236 776 1268 orabat,
790 1237 948 1270 orantisque
962 1243 1009 1264 vo-

223 1289 282 1308 cem
298 1281 408 1309 audivit.
421 1282 589 1309 Alterutrum
612 1286 702 1309 autem
717 1282 757 1309 bis
769 1282 858 1309 verbis
873 1283 952 1309 enixe
966 1289 1009 1310 ro-

223 1327 302 1361 gabat
316 1327 457 1362 episcopus
471 1336 479 1354 :
496 1327 524 1354 Si
548 1327 630 1355 Arius
644 1327 761 1354 crastina
785 1327 829 1355 die
844 1327 877 1354 ad
893 1334 1011 1355 convcrr-

225 1378 281 1398 tum
297 1372 417 1406 accedet,
430 1379 472 1399 me
485 1379 592 1399 servum
617 1376 692 1410 tuum
710 1380 743 1400 ex
758 1373 810 1400 bac
822 1373 877 1399 vita
894 1372 1009 1405 dimitte,

224 1422 252 1443 et
268 1425 300 1444 ne
320 1418 390 1451 pium
407 1426 466 1444 cum
482 1417 564 1453 impio
582 1418 731 1451 perdideris
745 1426 752 1451 ;
766 1418 807 1445 sin
819 1417 944 1445 Ecclesia:
959 1423 1011 1446 tua

225 1463 397 1495 miserearis,
417 1463 587 1491 misereberis
606 1468 707 1496 autent,
724 1464 775 1490 hoc
788 1465 856 1491 bene
875 1464 946 1495 novi,
967 1471 1010 1491 re-

224 1507 299 1545 spice
310 1506 337 1534 itt
354 1507 563 1534 Eusebianorum
583 1508 675 1539 verba,
690 1512 717 1535 et
736 1516 770 1535 ue
789 1507 896 1535 dederis
910 1508 937 1535 in
950 1508 1010 1535 exi-

1056 922 1142 954 οὓτως
1160 921 1263 958 αὔριον,
1285 922 1337 949 κᾶν
1358 920 1395 958 μὴ
1421 921 1491 948 κατά
1511 920 1623 956 γνώμην
1640 928 1681 946 σοι
1702 918 1842 955 τυγχάνῃ,

1057 968 1257 1003 συναχθήσεται
1279 968 1387 1003 ’Λρειος
1414 966 1475 1002 μεθ’
1500 965 1578 1002 ἡμῶν
1600 966 1629 992 ἐν
1650 966 1684 1001 τῇ
1711 963 1843 1000 ἐκκλησίᾳ

1057 1013 1153 1049 ταύτῃ.
1167 1013 1303 1040 Σάδὸατον
1317 1010 1390 1049 δὲῆν
1405 1013 1449 1039 ὅτε
1462 1012 1548 1039 ταῦτα
1564 1011 1665 1046 ἔλεγον.

1091 1059 1118 1085 '5.
1136 1058 1165 1085 '0
1172 1058 1260 1085 τοίνυν
1269 1057 1415 1089 ἐπίσκοπος
1432 1056 1613 1092 Ἀλέξανδρος,
1621 1054 1739 1085 ἀκούσας
1746 1053 1843 1085 ταῦτα,

1059 1103 1105 1131 καὶ
1128 1104 1198 1130 πάνυ
1225 1103 1368 1137 λυπηθεὶς,
1392 1101 1522 1129 εἰσελθὼν
1551 1102 1590 1133 εἰς
1612 1099 1660 1137 τὴν
1687 1098 1843 1134 ἐκκλησίαν,

1057 1150 1106 1181 τάς
1121 1158 1151 1176 τε
1167 1150 1261 1185 χεῖρας
1283 1149 1406 1180 ἐκτείνας
1430 1147 1498 1183 πρὸς
1512 1148 1557 1173 τὸν
1577 1146 1653 1179 Θεὸν,
1676 1144 1843 1180 ἀπωδύρετο,

1057 1195 1104 1222 καὶ
1121 1195 1202 1230 ῥίψας
1217 1194 1311 1221 ἐαυτὸν
1325 1193 1363 1229 (5)
1381 1193 1427 1220 ἐπὶ
1448 1193 1591 1229 πρόσωπον
1606 1193 1634 1218 ἐν
1650 1191 1689 1226 τῷ
1709 1191 1843 1226 ίερατείῳ,

1058 1241 1183 1275 κείμενος
1205 1239 1252 1266 ἐπὶ
1275 1239 1322 1266 τοῦ
1346 1238 1476 1274 ἐδάφους,
1500 1237 1608 1273 ηῡχετο.
1633 1236 1725 1272 Παρῆν
1749 1236 1777 1262 δὲ
1797 1235 1844 1262 καὶ

1059 1285 1201 1320 Μακάριος
1227 1285 1371 1320 εὐχόμενος
1399 1284 1448 1311 σὺν
1475 1283 1558 1318 αὐτῷ,
1585 1283 1631 1310 καὶ
1655 1282 1774 1313 ἀκούσας
1794 1281 1845 1316 τῆς

1060 1330 1150 1366 φωνῆς
1174 1330 1266 1357 αὑτοῦ.
1289 1329 1439 1366 Παρεκάλει
1462 1329 1491 1356 δὲ
1512 1329 1558 1355 δύο
1570 1328 1666 1361 ταῦτα,
1689 1328 1790 1362 λέγων’
1813 1327 1845 1353 Et

1061 1377 1169 1412 ’Ἄρειος
1193 1375 1287 1412 αὔριον
1312 1375 1354 1411 (6)
1381 1375 1540 1409 συνάγεται,
1568 1374 1700 1401 ἀπόλυσον
1731 1373 1780 1408 ἐμὲ
1800 1372 1844 1399 τὸν

1059 1421 1151 1448 δοῦλόν
1170 1429 1227 1452 σου,
1248 1421 1293 1447 καὶ
1311 1421 1348 1456 μὴ
1370 1420 1553 1455 συναπολέσῃς
1571 1419 1671 1454 εὐσεϐῆ
1688 1418 1756 1454 μετὰ
1779 1418 1845 1444 ἀσε-

1061 1466 1140 1498 ϐοῦς·
1161 1467 1184 1492 εῑ
1201 1465 1229 1492 δὲ
1249 1465 1327 1502 φείδῃ
1345 1465 1394 1500 τῆς
1413 1464 1574 1500 Ἐκκλησίας
1597 1473 1654 1496 σου,
1675 1461 1733 1490 οἶδα
1749 1463 1787 1495 δέ,
1804 1462 1846 1488 ὅτι

1062 1513 1150 1550 φείδῃ,
1162 1512 1236 1539 ἔπιδε
1251 1512 1300 1538 ἐπὶ
1315 1512 1350 1538 τὰ
1365 1512 1476 1547 ῥήματα
1491 1511 1546 1538 τῶν
1561 1511 1625 1546 περὶ
1647 1509 1784 1541 Εὑσὲὒιον,
1800 1508 1848 1535 καὶ

226 1553 293 1579 tium
309 1553 376 1580 etin
391 1553 566 1588 opprobrium
590 1553 773 1580 litereditatem
790 1559 882 1587 tuam;
897 1561 928 1580 ac
948 1553 1009 1582 tolle

1117 1547 1169 1592 δῷς
1194 1557 1234 1587 είς
1252 1556 1403 1591 ἀφανισμὸν
1419 1556 1465 1582 καὶ
1481 1555 1581 1587 ὄνειδος
1602 1555 1651 1590 τὴν
1668 1554 1847 1590 κληρονομίαν

225 1597 331 1629 Arium,
354 1604 387 1624 nc
413 1597 576 1631 ingrediente
608 1597 652 1624 illo
680 1598 707 1625 in
730 1598 883 1631 ecclesiam,
901 1598 1009 1626 haeresis

226 1651 288 1670 rum
307 1643 352 1670 illo
365 1643 480 1671 introire
503 1644 627 1671 videatur
641 1654 648 1671 ε
664 1651 730 1671 neve
745 1644 871 1679 deinceps
888 1644 1010 1678 impietas

227 1696 275 1722 pro
293 1689 391 1723 pietate
405 1689 545 1717 habeatur.
556 1689 618 1717 Haec
633 1694 759 1724 precatus
774 1689 928 1724 episcopus,
942 1690 1012 1717 mul-

227 1739 284 1761 tutn
308 1735 404 1762 anxius
430 1737 543 1763 recessit
560 1744 566 1761 :
586 1740 614 1762 et
640 1743 683 1763 res
704 1736 771 1762 tuira
796 1736 1013 1770 incredibilisque

227 1780 350 1814 contigit.
365 1780 522 1807 Ειιειτιιὶειιιίε
538 1780 634 1814 quippe
661 1780 858 1811 minitantibus,
872 1779 1013 1814 episcopus

187 1839 189 1841 -
227 1826 334 1858 orabat,
348 1826 430 1853 Arius
445 1833 508 1853 vero
525 1826 683 1853 Eusebianis
698 1825 799 1860 fretus,
813 1833 844 1853 ac
866 1826 948 1853 multa
963 1834 1012 1853 nu-

228 1877 318 1906 galus,
341 1871 481 1907 ingressus
497 1872 523 1899 in
541 1871 652 1899 latrinas
673 1871 749 1906 quasi
763 1872 815 1899 alvi
835 1873 1012 1900 exonerandas

229 1925 321 1950 causa,
339 1918 499 1952 derepente,
513 1919 550 1944 uti
578 1919 707 1952 scriptum
725 1924 776 1950 est,
801 1925 901 1952 pronus
926 1918 1013 1945 factus

230 1963 336 1996 crepuit
363 1964 465 1990 medius
475 1963 508 1997 ⁸³,
525 1963 718 1998 prolapsusque
737 1964 829 1991 statim
854 1964 1012 1998 exspiravit,

231 2013 345 2042 utroque
364 2008 453 2042 simul,
464 1999 516 2036 vita
530 2009 668 2036 scilicetet
683 2009 871 2036 communione
885 2010 1014 2043 privatus.

1062 1608 1125 1626 σου·
1147 1599 1195 1626 καὶ
1214 1597 1280 1636 ἆρον
1299 1600 1417 1635 Ἀρειον,
1442 1600 1485 1626 ἵνα
1508 1599 1560 1634 μὴ,
1582 1598 1745 1630 εἰσελθόντος
1765 1597 1848 1624 αὐτοῦ

1062 1645 1101 1677 εἰς
1122 1645 1172 1680 τὴν
1194 1645 1359 1680 ἐκκλησίαν,
1383 1644 1446 1681 δόξῃ
1471 1645 1518 1671 καὶ
1539 1646 1555 1680 ἡ
1579 1645 1684 1680 αἵρεσις
1711 1643 1850 1678 συνεισέρ-

1062 1691 1157 1726 χεσθαι
1174 1690 1257 1725 αὐτῷ,
1274 1690 1321 1717 καὶ
1332 1689 1424 1716 λοιπον
1440 1691 1457 1725 ὴ
1472 1690 1583 1716 ἀσέϐεια.
1601 1690 1638 1721 ὠς
1661 1689 1786 1716 εὐσέόεια
1807 1697 1849 1715 νο-

1065 1736 1157 1772 μισθῇ.
1183 1735 1275 1763 Ταῦτα
1301 1735 1448 1772 εὐξάμενος
1470 1737 1484 1762 ὁ
1507 1736 1671 1768 ἐπίσκοπος,
1692 1734 1850 1770 ἀνεχώρησε

1065 1781 1135 1809 πάνυ
1152 1781 1310 1817 φροντίζων.
1328 1782 1382 1809 Καὶ
1397 1782 1490 1816 γέγονέ
1510 1790 1536 1808 τι
1560 1781 1713 1817 θαυμαστὸν
1734 1780 1780 1807 καὶ
1796 1788 1849 1806 πα-

1067 1827 1190 1863 ράδοξον·
1217 1827 1269 1854 τῶν
1286 1827 1340 1863 γὰρ
1363 1828 1427 1863 περὶ
1450 1827 1578 1854 Εὐσέϐιον
1600 1826 1814 1861 ἀπειλησάντων,
1836 1825 1851 1851 ὁ

1067 1873 1116 1908 μὲν
1138 1873 1286 1905 ἐπίσκοπος
1311 1873 1421 1908 ηὖξατο,
1446 1874 1460 1900 ὁ
1482 1872 1510 1899 δὲ
1529 1873 1636 1908 ’Λρειος
1663 1872 1772 1907 ἐθάρρει
1793 1871 1851 1901 τοῖς

1066 1919 1129 1953 περὶ
1144 1918 1285 1950 Εὑσέϐιον,
1309 1918 1393 1945 πολλά
1408 1927 1437 1945 τε
1454 1917 1591 1953 φλυαρῶν,
1610 1917 1731 1952 εἰσῆλθεν
1749 1917 1789 1947 είς
1803 1915 1851 1942 θά-

1065 1974 1116 1997 κας
1137 1966 1186 2002 (7),
1200 1966 1237 1997 ὡς
1253 1964 1296 1992 διὰ
1314 1965 1407 2000 χρείαν
1430 1966 1479 2002 τῆς
1501 1965 1628 2000 γαστρὸς,
1648 1963 1694 1989 καὶ
1707 1961 1851 1996 ἐξαίφνης,

1067 2011 1138 2037 κατὰ
1171 2011 1201 2038 τὸ
1234 2010 1444 2049 γεγραμμένον,
1477 2011 1583 2047 πρηνὴς
1616 2009 1759 2044 γενόμενος
1789 2006 1852 2033 ἐλά-

231 2061 300 2087 κησε
321 2053 359 2089 (8)
379 2054 476 2088 μέσος,
499 2055 544 2081 καὶ
562 2054 652 2081 πεσὼν
673 2054 753 2086 εὐθὺς
772 2054 920 2089 ἀπέψυξευ.
941 2054 1102 2090 ἀμφοτέρων
1129 2065 1170 2090 τε,
1195 2056 1245 2092 τῆς
1272 2065 1301 2084 τε
1325 2057 1466 2089 κοινωνίας
1478 2057 1525 2083 καὶ
1538 2055 1583 2082 τοῦ
1599 2055 1658 2090 ζῇν,
1679 2053 1759 2085 εὐθὺς
1778 2053 1852 2079 ἐστε·

231 2099 314 2135 chen»

267 2146 295 2174 4.
313 2145 449 2181 Ejusmodi
476 2145 527 2173 fuit
548 2146 605 2173 Arii
625 2146 713 2173 exitus
731 2155 738 2173 :
758 2146 956 2182 Eusebiauique
976 2155 1009 2174 m-

1103 2145 1130 2171 4.
1151 2145 1188 2171 Τὸ
1205 2145 1253 2181 μὲν
1266 2143 1312 2172 οὖν
1324 2145 1400 2176 τέλος
1418 2144 1463 2171 τοῦ
1486 2144 1589 2180 Ἀρείου
1609 2143 1728 2169 τοιοῦτον
1741 2141 1852 2175 γέγονε·

233 2193 305 2227 genti
321 2192 423 2226 pudore
437 2191 542 2224 sulfusi,
562 2192 754 2227 conjurationis
769 2199 825 2218 suae
853 2193 955 2220 socium
970 2200 1015 2220 se-

232 2237 343 2272 peliure.
357 2236 445 2266 Beata:
470 2243 534 2263 vero
551 2237 591 2264 vir
613 2237 750 2263 memoriae
773 2236 940 2269 Alexander,
955 2244 1018 2272 gan-

233 2286 313 2310 ttcute
338 2282 457 2309 Ecclesia
478 2282 592 2317 synaxiu
620 2289 680 2308 cum
705 2282 804 2316 pietate
826 2286 853 2308 et
871 2289 936 2309 sana
967 2283 1018 2310 fide

233 2328 390 2361 celebravit,
412 2335 558 2362 precesque
578 2327 645 2355 fudit
665 2335 713 2362 pro
736 2327 861 2354 fratribus
880 2328 1015 2362 omnibus,

233 2382 266 2401 ac
281 2374 362 2401 Deum
376 2381 538 2409 magnopere
551 2373 712 2408 gloril‘tcavit
726 2382 732 2399 :
750 2381 804 2400 nott
822 2381 873 2407 quo
890 2374 1017 2408 gauderet

234 2429 268 2446 tre
284 2419 354 2447 iilius
374 2419 494 2452 interitu,
506 2420 575 2447 absit
592 2420 599 2446 !
616 2427 678 2446 nam
698 2423 824 2446 statutum
842 2424 879 2446 est
900 2419 1018 2447 omnibus

235 2465 383 2492 hominibus
402 2465 479 2492 utnel
495 2465 562 2492 mori
574 2465 612 2498 ⁸⁸;
630 2465 676 2493 sed
695 2465 765 2500 quod
783 2473 814 2492 ea
836 2472 879 2492 res
902 2465 1019 2493 ltumaua

232 2509 334 2544 judicia
351 2511 408 2538 visa
424 2510 507 2538 fuerit
520 2518 658 2545 superare.
684 2510 742 2545 ipse
760 2517 875 2545 namque
891 2510 1019 2539 Dominus

271 2569 295 2585 "
308 2569 369 2597 Act.
386 2577 406 2603 ι,
427 2569 471 2597 18.
509 2569 533 2585 ³⁸
549 2569 629 2597 liebr.
646 2577 684 2602 rx,
697 2568 742 2596 27.

390 2624 456 2663 Reg.
472 2624 556 2663 Editi,
570 2624 712 2663 ὀμόσοντα.
724 2657 736 2663 υ

284 2658 312 2693 5)
330 2658 505 2691 Τὴεοῠόῐει.,
518 2661 550 2685 ἐκ
560 2658 607 2685 τοῦ
623 2658 750 2693 οὐρανοῦ,
764 2658 865 2686 rectius
876 2658 996 2686 fortasse.

284 2661 312 2694 5)
330 2661 505 2691 Theodoret.,
518 2661 550 2685 ἐκ
560 2661 607 2685 τοῦ
623 2661 688 2693 οὐρα

272 2661 312 2728 (4)
326 2695 404 2730 Heg,
417 2694 492 2730 παρὰ
513 2694 633 2730 βασιλέα.
677 2699 688 2705 ’

276 2730 314 2764 (5)
330 2730 375 2757 Sic
386 2729 452 2764 Reg.
466 2730 547 2761 Editi,
563 2729 653 2756 αὐτόν.

275 2764 313 2798 (6)
325 2764 370 2791 Sic
379 2763 444 2797 Regi
460 2764 527 2790 Εᾱίιί
542 2764 624 2795 male,
638 2764 746 2798 Ἀρειος
759 2763 854 2799 αἴθριος
867 2763 971 2798 αὔριον.

276 2799 312 2832 (7)
328 2799 500 2834 Tlteodoret.,
513 2799 552 2830 είς
568 2799 710 2834 καθέδρας.

276 2834 314 2867 (8)
331 2833 376 2861 Sic
391 2835 456 2868 licg.
474 2833 543 2861 Editi
562 2841 634 2868 vero,
651 2833 770 2860 ἐλάκισε.
784 2833 842 2860 Mox
858 2833 936 2868 Reg.,
962 2834 1015 2860 ἀπ-

1071 2193 1117 2219 καὶ
1133 2194 1157 2219 οἱ
1174 2193 1238 2228 περὶ
1254 2192 1384 2219 Εὑσέϐιον
1403 2192 1525 2226 μεγάλως
1539 2190 1736 2226 αἰσχυνθέντες,
1751 2188 1853 2222 ἔθαψαν

1070 2239 1115 2265 τὸν
1129 2239 1278 2274 συνομότην
1293 2238 1330 2274 (9)
1347 2237 1464 2265 ἑαυτῶψ
1479 2238 1493 2264 ὁ
1506 2237 1534 2263 δὲ
1558 2235 1710 2272 μακαρίτης
1730 2234 1854 2266 Ἀλέξαν-

1070 2284 1132 2319 δρος
1156 2284 1304 2320 χαιρούσης
1329 2283 1378 2318 τῆς
1408 2283 1568 2317 Ἐκκλησίας
1593 2281 1642 2317 τὴν
1668 2279 1775 2312 σύναξιν
1803 2280 1854 2305 ἐπ-

1070 2329 1176 2356 ετέλεσε
1192 2331 1240 2357 σὺν
1261 2330 1386 2364 εὐσεϐείᾳ
1401 2329 1448 2356 καὶ
1463 2329 1611 2364 ὀρθοδοξίᾳ,
1632 2328 1697 2354 πᾶσι
1710 2328 1765 2357 τοῖς
1778 2325 1854 2352 ἀδελ-

1072 2376 1131 2409 φοῖς
1145 2375 1300 2411 εὐχόμενος,
1316 2375 1361 2403 καὶ
1377 2374 1492 2408 δοξάζων
1508 2373 1632 2409 μεγάλως
1648 2373 1692 2400 τὸν
1706 2372 1782 2404 Θεὸν,
1804 2371 1854 2405 οὐχ

1071 2420 1109 2452 ὡς
1124 2421 1273 2457 ἐπιχαίρων
1290 2420 1328 2456 τῷ
1353 2420 1471 2455 Θανάτῳ,
1496 2420 1532 2455 μὴ
1553 2419 1670 2454 γένοιτοι
1697 2416 1772 2445 πᾶσι
1799 2416 1854 2452 γὰρ

1073 2468 1224 2496 ἀπόκειται
1240 2469 1302 2501 τοῖς
1319 2468 1484 2502 ἀνθρώποις
1503 2467 1558 2502 (10)
1581 2466 1661 2498 ἅπαξ
1677 2464 1854 2493 ἀποθανεῖν’

1072 2513 1128 2540 ἀλλ’
1154 2514 1194 2541 ὃτι
1221 2514 1299 2541 τοῦτο
1320 2515 1390 2549 ὑπὲρ
1414 2513 1463 2545 τὰς
1486 2512 1635 2549 ἀνθρώπων
1655 2512 1759 2547 κρίσεις
1787 2510 1855 2536 ἐδεί-

1073 2623 1181 2659 έψυξεν.
1197 2623 1289 2656 Basil.,
1302 2623 1451 2659 ἁπέῴυχεν.
1464 2621 1547 2659 Editi,
1557 2620 1697 2659 ἀπένυξεν.
1707 2619 1766 2646 Mox
1776 2618 1856 2650 εὐθύς

1074 2656 1135 2694 pnst
1151 2660 1201 2694 ζῇν
1219 2660 1244 2685 in
1259 2659 1326 2692 Reg.
1342 2656 1449 2693 legiiitr,
1464 2657 1490 2683 in
1507 2656 1585 2694 editis
1598 2656 1692 2694 ιίεειΞιτ¹
1709 2689 1715 2694 1
1833 2687 1838 2694 .

1110 2690 1236 2729 (9)’ἰὶθε.
1251 2690 1337 2728 prima
1357 2690 1438 2721 manu
1459 2690 1627 2727 συνομώττμ.
1646 2690 1716 2716 Editi
1741 2690 1856 2723 συνημή-

1074 2737 1230 2826 τηῖὦὲιὲἰῒ
1238 2764 1304 2800 Reg.
1320 2769 1347 2792 et
1365 2761 1532 2791 Basilicusis.
1546 2761 1574 2789 In
1586 2760 1664 2788 editis
1677 2765 1742 2788 vero
1751 2756 1855 2793 ἀνθρώ-

1074 2807 1139 2826 πους
1171 2804 1237 2826 eest.

1073 2807 1139 2830 πους
1154 2804 1237 2827 deest.
