2007 3044
166 175 216 203 680

606 173 717 201 EPIST.
738 172 784 200 AD
805 170 1026 200 SERAPIONEM
1046 169 1089 197 DE
1108 166 1226 196 MORTE
1244 164 1322 192 Mill.

1732 158 1785 186 690

164 234 227 268 χυη.
253 231 336 263 Αὐτὸς
353 231 436 265 γὰρὸ
452 230 570 265 Κύριος,
595 230 709 261 δικάσας
737 230 797 260 ταῖς
824 227 949 259 ἀπειλαῖς

1002 226 1070 253 inter
1087 223 1297 252 Eusebianorum
1321 221 1405 247 minas
1424 223 1450 246 et
1468 217 1610 245 Alexandri
1629 222 1722 252 preces
1739 215 1783 250 ju-

164 278 218 305 τῶν
233 279 296 314 περὶ
317 276 446 303 Εὑᾶἐϐιον
466 276 512 302 καὶ¹
534 276 568 310 τῇ
595 275 661 310 εὐχῇ
683 273 866 310 Ἀλεξάνδρου,
884 282 950 300 κατ-

164 324 255 359 έκρινε
279 323 331 358 τὴν·
353 322 495 358 Ἀρειανὴν
514 322 628 357 αἵρεσιν,
641 320 727 352 δείξας
741 319 826 356 αὐτὴν
842 318 949 351 ἀνάξιον

163 367 245 396 οὖσαν
258 369 307 404 τῆς
326 367 553 403 ὲκκλησιαστικῆς
576 365 732 398 κοινωνίας·
751 366 798 392 καὶ
814 365 880 391 πᾶσι
897 372 949 398 φα-

164 414 295 450 νερώσας,
319 414 371 447 ὅτι,
391 412 441 440 κᾶν
457 412 532 448 παρὰ
549 412 681 447 βασιλέως
697 411 745 438 καὶ
770 411 879 438 πάντων
901 411 948 436 ἀν-

164 459 280 495 θρώπων
298 459 346 495 ἔχῃ
362 458 410 494 τὴν
429 458 606 493 προστασίαν,
631 456 698 483 ἀλλὰ
714 458 779 492 παρ’
793 456 878 491 αὐτῆς
899 455 948 490 τῆς

171 505 331 539 Ἐκκλησιας
356 503 513 539 κατεκρίθη.
527 503 665 529 Δέδεικται
685 499 732 528 οὖν
754 501 784 528 οὺ
811 499 948 535 θεοφιλὲς,

163 550 222 578 ἀλλ’
232 550 328 581 ἀσεὸὲς
341 550 371 576 τὺ
387 549 569 585 χριπομὰχον
581 549 762 584 ἐργαστήριον
776 547 830 574 τῶν
849 547 950 581 Ἀρειο-

166 595 372 632 μανιτῶννΚαὶ
394 593 487 621 πολλοὶ
511 594 565 621 τῶν
590 594 721 630 πρότερον
756 592 950 628 ἁπατηθέντων

165 640 316 676 μετέθεντο.
330 640 366 666 Οὐ
382 640 436 675 γὰρ
450 640 539 672 ἄλλος,
562 639 619 666 ἀλλ’
640 638 721 670 αὐτὸς
742 639 756 665 ὁ
778 637 951 673 βλασφημού-

165 695 245 721 μενος
260 686 324 721 παρ’
336 686 425 712 αὐτῶν
448 686 550 720 Κύριος
569 685 712 720 κατέκρινε
727 683 777 720 τήν
792 684 851 711 κατ’
867 683 949 710 αὑτοῦ

164 733 299 758 συστᾶσαν
321 731 441 767 αἵρεσινθ
459 731 506 757 καὶ
522 730 603 757 πάλιν
629 730 738 763 ἔδειξεν,
759 730 810 761 ὅτι,
834 729 886 756 κᾶν
903 728 950 755 νῦν

162 779 177 805 ὀ
193 776 317 813 βασιλεὺς
342 776 529 808 Κωνστάντιος
551 776 678 811 βιάζηται
695 775 758 806 τοὺς
786 774 951 805 ἐπισκόπους

163 823 234 859 ὑπὲρ
250 823 335 858 αὐτῆς
358 822 428 858 (Η),
451 822 508 850 ἀλλ’
518 821 715 856 ⁵ἀκοινώνητός
737 821 794 847 ὲστι
818 820 868 855 τῆς
890 819 951 846 Ἐκ-

162 869 286 904 κλησίας,
309 869 355 896 καὶ¹
373 868 426 895 τῶν
444 867 565 903 οὐρανῶν
591 867 728 902 ἀλλοτρία.
745 865 850 892 Οὐκοῦν
869 865 916 892 καὶ
933 866 948 901 ή

163 901 228 950 παρ’
241 915 304 950 ὑμῖν
324 914 416 940 λοιπὸν
441 901 591 940 πεπαύσθω
606 901 732 948 ζήτησις
751 911 820 947 αὕτη
841 911 895 947 γὰρ
914 909 948 946 ἦν
965 901 986 929 Β

124 964 127 968 ”
161 962 178 996 ή
196 960 330 995 γενομένη
355 959 490 994 συνθήκη·
510 958 558 985 καὶ
586 958 679 993 μηδεὶς
707 957 894 993 προσ-τιθέσθω
915 958 948 993 τῇ

162 1009 280 1044 αἱρέσει,
305 1007 373 1035 ἀλλὰ
394 1008 441 1034 καὶ
460 1008 484 1033 οἱ
504 1006 690 1042 ἁπατηθέντες
711 1005 951 1041 μεταγινωσκέτω-

163 1063 221 1081 σαν.
237 1055 287 1081 Ἢν
306 1053 360 1090 γὰρ
381 1054 395 1079 δ
415 1053 516 1087 Κύριος
533 1052 693 1087 κατέκρινε,
715 1051 757 1083 τίς
773 1050 948 1083 ἀποδέξεται;

162 1099 210 1125 καὶ
227 1100 259 1134 ῆν
275 1098 455 1134 ἀκοινώνητον
469 1097 550 1130 αὐτὸς
565 1098 708 1132 πεποίηκε,
727 1096 785 1129 πῶς
798 1097 812 1123 ὁ
828 1095 950 1132 παραλα-

162 1145 274 1180 εόμενος
295 1145 350 1181 (l2)
364 1145 394 1171 οὐ
413 1145 537 1180 μεγάλως
559 1145 661 1177 ἀσεϐεῖ,
683 1144 729 1170 καὶ
751 1142 874 1179 φανερῶς
893 1143 950 1169 ἐστι

161 1191 351 1226 Χριστομάχος
362 1199 370 1223 ;

197 1236 224 1263 5.
250 1235 352 1263 Ἱκανὸν
379 1236 428 1272 μὲν
453 1234 499 1263 οὖν
527 1236 575 1263 καὶ
602 1235 681 1262 τοῦτο
704 1234 864 1270 δυσωπῆσαι
889 1233 952 1265 τοὺς

162 1281 332 1317 ἐριστικούς·
360 1280 497 1315 ἀνάγνωθι
519 1279 566 1308 οὖν
589 1281 646 1312 τοῖς
662 1279 722 1306 τότε
746 1278 889 1314 ζητήσασι,
906 1278 952 1305 καὶ

162 1326 195 1353 τὰ
216 1325 287 1353 κατὰ
312 1325 363 1361 τῆς
385 1326 517 1362 αἱρέσεως
540 1326 574 1352 δι’
596 1325 693 1359 ὀλίγων
719 1323 856 1360 γραφέντα
884 1323 953 1359 πρὸς

161 1372 223 1403 τοὺς
245 1371 389 1406 μοναχοὺς,
406 1371 450 1398 ἵνα
466 1371 514 1397 καὶ
528 1370 558 1403 ἐξ
581 1370 672 1397 αὐτῶν
689 1369 729 1396 ἔτι
754 1369 853 1405 μᾶλλον
869 1377 953 1396 κατα-

161 1416 314 1451 γινώσκωσι
339 1417 389 1452 τῆς
421 1416 548 1448 ἀσεϐείας
581 1416 628 1442 καὶ
656 1416 706 1452 τῆς
739 1415 872 1451 πονηρίας
897 1414 952 1442 τῶν

167 1462 385 1497 Ἀρειομανιτῶν.
398 1461 501 1497 Μηδενὶ
519 1461 609 1496 μέντοι
624 1459 741 1496 θελήσῃς
754 1459 878 1486 ἐκδοῦναι
891 1459 954 1486 τού-

160 1514 214 1533 των
229 1506 403 1542 ἀντίγραφον,
424 1505 490 1542 μηδὲ
508 1505 599 1541 σαυτῷ
620 1504 808 1540 μεταγράψαι·
830 1505 877 1531 καὶ
898 1503 952 1540 γὰρ

161 1552 208 1578 καὶ
231 1554 287 1584 τοῖς
313 1552 369 1588 (15)
398 1553 524 1587 μοναχοῖς
553 1551 631 1578 τοῦτο
656 1551 811 1586 δεδήλωκα·
835 1550 893 1577 ἀλλ’
915 1550 952 1581 ὡς

160 1598 286 1633 γνήσιος,
308 1598 331 1623 εἰ
358 1598 406 1632 μέν
430 1606 457 1624 τι
472 1597 559 1624 λείπει
582 1599 638 1629 τοῖς
655 1598 794 1633 γραφεῖσι,
816 1596 949 1633 πρόσθες·

161 1642 242 1674 εὐθὺς
265 1643 292 1669 δὲ
316 1643 386 1678 πρὸς
409 1643 483 1678 ἡμᾶς
502 1643 680 1678 ἀντίπεμψον.
706 1643 762 1670 Καὶ
780 1643 835 1678 γὰρ
851 1643 898 1669 καὶ
920 1643 952 1670 ἐκ

160 1689 209 1723 τῆς
228 1688 390 1723 ἐπιστολῆς,
409 1686 443 1724 ἦς
465 1688 572 1724 ἔγραψα
588 1690 645 1720 τοῖς
671 1688 795 1723 ἀδελφοῖς
807 1710 813 1722 ,
839 1689 951 1716 δύνασαι

163 1733 257 1768 μαθεῖν
270 1733 284 1759 ὅ
301 1733 423 1760 πέπονθα
441 1733 566 1769 γράφων,
587 1734 634 1760 καὶ
649 1734 752 1768 γνῶναι
769 1734 826 1760 ἔτι·
846 1734 892 1761 καὶ
908 1734 952 1762 διὰ

160 1778 238 1804 τοῦτο
251 1778 301 1804 οὐκ
317 1778 390 1805 ἐστιν
404 1778 522 1813 ἀσφαλὲς
543 1779 692 1806 ἐκδίδοσθαι
710 1779 862 1815 γράμματα
878 1779 949 1806 ἰδιώ-

160 1832 217 1856 του,
233 1824 279 1850 καὶ
297 1824 411 1859 μάλιστα
428 1825 492 1860 περὶ
508 1825 562 1851 τῶν
579 1825 724 1852 ἀνωτάτων
739 1825 786 1851 καὶ
802 1833 950 1860 κορυφαιο-

159 1869 248 1896 τάτων
274 1869 426 1904 δογμάτων,
453 1871 558 1906 μήποτε
584 1871 614 1897 τὺ
640 1870 683 1897 διὰ
710 1871 896 1907 ἀσθένειαν,ἤ
920 1871 951 1898 τὸ

160 1914 359 1950 ἀδιατράνωτον
375 1915 424 1951 τῆς
440 1915 564 1952 γλώττης
578 1916 675 1948 ἐνδεῶς
688 1916 830 1952 εἰρημένον
849 1916 950 1953 βλάδην

159 1960 216 1991 τοῖς
229 1960 458 1994 ἀναγινώσκουσιν
473 1962 621 1998 ἐμποιήσῃ.
636 1962 667 1988 Ol
683 1962 738 1997 γὰρ
751 1962 843 1989 πολλοὶ
856 1963 886 1989 οὐ
901 1963 950 1998 τὴν

160 2005 264 2036 πίστιν,
286 2005 346 2032 οὐδὲ
368 2005 413 2032 τὸν
435 2007 535 2033 σκοπὸν
551 2007 598 2033 τοῦ
614 2007 768 2043 γράψαντος
793 2007 949 2041 σκοποῦσιν,

159 2051 217 2078 ἀλλ’
231 2051 247 2087 ἢ
260 2051 305 2078 διὰ
321 2051 426 2086 φθόνον,
442 2052 458 2087 ἢ
475 2051 508 2078 δι’
521 2051 589 2088 ἔριν,
605 2049 638 2087 ἦς
655 2053 865 2089 προελήφθησαν
880 2053 950 2081 κατὰ

159 2096 277 2123 διάνοιαν
293 2096 386 2132 δόξης,
408 2097 446 2129 ὡς
463 2097 510 2124 ἐὰν
528 2097 677 2133 θελήσωσιν
698 2098 790 2131 αὐτοὶ,
813 2099 947 2134 δέχονται,

159 2141 208 2167 καὶ
226 2141 401 2174 μεταποιοῦσι
418 2142 452 2168 τὰ
479 2142 618 2177 γραψέντα
642 2143 713 2169 κατὰ
729 2143 778 2178 τὴν
800 2144 867 2171 ἰδίαν
889 2144 950 2180 ήδο-

160 2188 219 2222 νήν.
235 2187 295 2223 Δῴη
316 2188 344 2214 δὲ
362 2189 376 2215 ὁ
390 2189 491 2224 Κύριος
514 2187 589 2223 παρὰ
613 2189 691 2221 πᾶσι,
706 2190 753 2215 καὶ
771 2189 886 2224 μάλιστα
908 2188 949 2222 οἷς

1000 271 1086 298 dicem
1101 277 1161 297 sese
1174 268 1348 298 constituens,
1362 265 1484 292 haeresim
1496 262 1632 291 damnavit
1644 261 1784 291 Ariauam.

1000 315 1200 348 declaravitque
1216 320 1276 340 esse
1290 311 1361 339 illam
1381 309 1507 336 Ecclesia:
1516 306 1704 335 communione
1716 305 1784 332 indi-

1000 369 1090 397 gmtm.
1118 360 1208 388 Palam
1225 359 1287 386 item
1314 356 1377 384 fecit
1401 354 1536 386 omnibus,
1552 352 1615 379 licet
1639 351 1786 385 imperator

1000 395 1172 441 universique
1187 403 1311 432 homines
1324 401 1382 435 ejus
1396 398 1574 436 patrocinium
1586 395 1785 430 suscipiant,ab

1001 452 1119 480 Ecclesia
1136 457 1224 477 tamen
1243 448 1315 475 illam
1329 446 1535 474 condemnatam
1548 443 1640 470 fuisse.
1658 441 1786 476 Explora-

1002 504 1057 525 tum
1081 498 1170 532 itaque
1198 499 1256 527 est.
1276 493 1383 521 Christo
1411 490 1592 518 adversariam
1625 488 1785 515 Arianorum

1000 544 1144 574 olﬁcinam,
1165 549 1218 569 non
1238 539 1294 567 Deo
1313 539 1435 570 cbaram,
1447 537 1493 564 sed
1508 535 1616 569 impiam
1630 532 1787 561 esse.Certe

1000 590 1119 626 plerique
1134 589 1241 615 illorum
1257 586 1301 621 qui
1318 590 1382 612 ante
1398 581 1572 611 circumventi
1595 581 1710 612 fuerant,
1725 586 1787 606 sen-

1001 623 1112 662 lentiam
1135 636 1346 660 commutat-unt.
1364 629 1421 656 Non
1437 629 1508 656 enim
1531 626 1618 661 quivis
1640 625 1721 656 alius.
1739 623 1786 650 secl

1000 681 1057 715 ipse
1070 679 1210 710 Dominus,
1227 679 1252 704 in
1267 684 1345 712 quem
1356 675 1390 703 illi
1405 673 1634 708 blasphemabant,
1646 671 1786 698 adversum

1000 733 1031 754 se
1043 726 1225 759 insurgentem
1243 722 1365 750 ltzeresim
1377 719 1575 748 condemnavit.
1592 716 1787 751 Propalamque

1001 771 1075 804 fecit,
1094 771 1155 797 licet
1172 770 1320 796 etiamnum
1349 767 1497 801 imperator
1522 762 1696 791 Conslantius
1716 761 1787 788 illius

1000 817 1086 853 gratia
1105 816 1240 851 episcopis
1261 815 1315 842 vim
1339 812 1446 844 inferat,
1459 818 1520 839 esse
1541 808 1713 837 nihilominus
1726 815 1786 834 eam

1002 868 1029 891 et
1050 871 1065 890 a
1095 861 1286 890 communione
1301 858 1430 887 Ecclesia:
1452 861 1629 891 segregatam,
1645 859 1672 881 et
1689 862 1703 881 a
1719 853 1787 881 omlo

1000 909 1126 936 alienam.
1144 906 1326 940 Quamobrem
1344 908 1431 932 cesset
1444 903 1471 929 in
1483 907 1620 937 posterum
1636 899 1786 934 hujusmodi

1001 959 1089 982 vestra
1104 953 1230 988 quwstio.
1241 953 1280 979 sic
1300 951 1372 978 enim
1395 951 1464 977 inter
1475 956 1523 977 vos
1537 953 1644 983 pactum
1658 947 1723 980 fuit;
1739 954 1787 973 ne-

1000 1007 1098 1035 moque
1111 999 1205 1027 haeresi
1218 997 1377 1032 adiungatur
1393 1005 1400 1022 :
1420 996 1465 1023 sed
1479 995 1638 1029 resipiscam
1648 993 1692 1028 qui
1709 993 1788 1020 dece-

1001 1046 1038 1081 pti
1051 1050 1125 1074 sunt.
1143 1045 1228 1077 Quam
1245 1043 1316 1071 enim
1333 1042 1464 1069 Dominus
1484 1040 1630 1072 damnavit,
1647 1039 1708 1074 quis
1724 1039 1788 1066 reci-

1001 1091 1075 1126 piet?
1094 1095 1122 1118 et
1137 1090 1215 1126 cujus
1231 1089 1311 1124 271
1330 1088 1375 1115 ille
1398 1087 1613 1114 communionem
1638 1084 1785 1120 prohibuit,

1001 1137 1135 1172 quomodo
1146 1136 1192 1171 qui
1206 1136 1332 1163 admittet
1348 1142 1400 1162 non
1415 1133 1538 1160 maxima:
1552 1131 1700 1167 impietatis
1714 1138 1787 1163 reus,

1001 1187 1028 1212 et
1041 1183 1130 1218 palam
1142 1181 1245 1210 Christi
1262 1181 1348 1209 hostis
1361 1180 1437 1208 erit?

1038 1229 1064 1256 5.
1087 1228 1150 1256 Haec
1169 1228 1224 1256 sint
1248 1227 1331 1263 igitur
1356 1226 1388 1253 ad
1415 1225 1599 1253 (OlllenllOSOS
1618 1223 1786 1251 confunden-

1002 1274 1051 1302 dos
1069 1273 1135 1302 satis
1147 1281 1153 1299 :
1166 1273 1224 1301 haec
1239 1272 1322 1307 legito
1341 1271 1375 1299 iis
1399 1271 1444 1306 qui
1461 1269 1543 1304 liujus
1566 1268 1724 1304 quaestionis
1739 1276 1788 1295 au-

1003 1325 1092 1348 ctores
1121 1319 1206 1352 I'uere,
1233 1326 1337 1345 necnon
1362 1324 1394 1345 ea
1420 1323 1480 1351 quae
1502 1316 1634 1343 adversus
1661 1314 1786 1342 hmresim

1001 1366 1096 1403 paucis
1120 1366 1152 1392 ad
1176 1365 1326 1392 monachos
1351 1362 1506 1397 conscripta
1531 1366 1611 1395 sunt;
1628 1365 1658 1388 ut
1671 1360 1786 1388 Ariano-

1003 1421 1063 1440 rum
1087 1412 1150 1440 inde
1178 1411 1345 1446 impietatem
1371 1409 1556 1443 malitiamque
1580 1406 1666 1442 magis
1686 1406 1788 1440 impro-

1002 1459 1076 1487 bent.
1097 1458 1169 1486 Cave
1186 1457 1286 1484 nelnini
1313 1457 1409 1483 horum
1430 1454 1568 1490 exemplar
1580 1452 1656 1486 edas,
1674 1458 1720 1480 aut
1738 1452 1786 1480 tibi

1003 1505 1060 1540 ipse
1082 1503 1345 1531 transcribasznatn
1365 1502 1482 1536 idipsum
1510 1500 1652 1527 monachis
1678 1506 1787 1534 quoque

1005 1550 1153 1585 significavi
1172 1557 1178 1574 :
1194 1549 1240 1576 sed
1267 1556 1315 1583 pro
1340 1553 1385 1575 tua
1409 1546 1587 1582 ingenuitate,
1609 1546 1631 1573 si
1649 1546 1786 1579 quidpiam

1004 1596 1114 1630 scriptis
1130 1595 1227 1626 deerit,
1244 1594 1269 1621 id
1283 1593 1379 1625 addas.
1397 1592 1546 1627 statimque
1563 1591 1605 1618 illa
1622 1591 1656 1618 ad
1681 1598 1728 1617 nos
1746 1598 1787 1618 re-

1003 1642 1096 1669 mittas
1120 1640 1214 1668 velim.
1233 1640 1272 1667 Ex
1295 1646 1354 1667 mea
1383 1638 1482 1674 quippe
1498 1639 1532 1665 ad
1548 1637 1645 1664 fratres
1662 1636 1785 1671 epistola,

1001 1686 1105 1721 poteris
1133 1685 1261 1720 quidnam
1281 1684 1426 1711 scribendo
1452 1690 1549 1717 passus
1572 1682 1621 1709 sim
1644 1681 1784 1709 ediscere:

1001 1735 1083 1766 atque
1108 1730 1170 1758 hinc
1193 1730 1314 1762 noveris,
1332 1729 1393 1756 ideo
1413 1733 1498 1756 tutum
1516 1735 1568 1755 non
1585 1734 1646 1755 esse
1668 1726 1786 1762 imperiti

1001 1776 1102 1811 scripta
1123 1776 1215 1808 edere,
1233 1775 1384 1810 prazsertim
1408 1774 1442 1801 de
1469 1773 1606 1808 supremis
1632 1780 1664 1800 ac
1689 1771 1787 1807 praeci-

1000 1822 1061 1856 puis
1090 1821 1283 1856 dogmatibus,
1311 1827 1345 1846 ne
1369 1819 1391 1847 si
1415 1819 1480 1854 quid
1505 1825 1553 1854 per
1575 1817 1786 1845 imbecillitatem

983 1858 1251 1901 Iobscuritatemqne
1273 1865 1408 1894 sermonis
1431 1865 1520 1893 minus
1545 1865 1668 1892 absolute
1684 1863 1786 1891 dictum

1000 1913 1047 1946 sit,
1071 1921 1168 1941 noxam
1203 1912 1228 1939 id
1255 1912 1403 1940 lectoribus
1426 1910 1532 1939 all'erat.
1558 1910 1683 1945 Plerique
1714 1908 1786 1937 enim

1001 1966 1051 1986 nec
1073 1958 1164 1992 Iidem,
1183 1966 1233 1986 nec
1260 1966 1371 1993 scopum
1395 1956 1542 1991 scriptoris
1563 1954 1786 1984 attenduntzsed

1000 2009 1047 2031 aut
1066 2012 1098 2032 ex
1123 2004 1236 2037 invidia,
1261 2008 1307 2030 aut
1332 2002 1515 2031 contentionis
1542 2001 1644 2035 studio,
1665 2008 1714 2036 pro
1737 2007 1785 2028 sua

999 2050 1053 2084 jam
1081 2051 1108 2077 in
1139 2055 1229 2078 mente
1252 2055 1361 2084 recepta
1389 2048 1544 2080 Sententia,
1568 2048 1702 2074 arbitratu
1735 2053 1786 2073 suo

1000 2096 1082 2128 verba
1099 2096 1247 2130 accipiunt,
1267 2100 1295 2123 et
1310 2095 1409 2130 scripta
1425 2101 1474 2129 pro
1487 2093 1599 2121 libidine
1613 2093 1784 2127 detorquent.

1003 2142 1083 2170 Faxit
1098 2143 1228 2169 Dominus
1250 2146 1279 2168 ut
1301 2142 1327 2169 in
1344 2140 1482 2173 omnibus,
1498 2147 1529 2167 ac
1545 2139 1713 2175 potissimum
1725 2137 1786 2172 qui-

1000 2189 1052 2216 bus
1072 2189 1129 2216 hmc
1151 2189 1228 2224 legis,
1251 2189 1353 2215 veritas
1376 2192 1403 2215 et
1425 2195 1494 2215 sana
1519 2187 1544 2214 in
1569 2185 1711 2213 Dominum
1735 2191 1784 2211 no-

160 2233 355 2268 ἀναγινώσκεις
379 2234 480 2267 ταῦτα,
505 2235 615 2270 κρατεῖν
639 2235 688 2270 τήν
701 2243 730 2261 τε
746 2235 884 2270 ἀλήθειαν,
901 2236 947 2262 καὶ

1000 2240 1085 2262 strum
1105 2234 1196 2262 Jcsum
1211 2234 1351 2262 Christum
1368 2233 1435 2261 [Ides
1455 2233 1585 2260 obtineat.
1600 2231 1693 2258 Amen.

160 2278 209 2314 τὴν
226 2279 396 2313 ὑγιαίνουσαν
411 2281 452 2312 εἰς
475 2280 520 2307 τὸν
540 2279 641 2315 Κύριον
658 2280 734 2315 ἡμῶν
753 2281 856 2316 Ἰησοῦν
876 2282 992 2318 Χριστὸν
1006 2282 1107 2310 πίστιν.
1126 2281 1222 2318 Ἀμήν.

199 2369 254 2413 (μ)
267 2370 390 2413 Sic’lleg.
402 2369 478 2413 Editi.
492 2378 572 2404 vero,
589 2372 654 2408 περὶ
674 2371 767 2407 αὐτῆς.
793 2371 853 2399 Mox
878 2372 944 2409 Reg.

162 2405 236 2441 sua
245 2405 410 2441 ’κοινώνητος
425 2405 509 2441 male.

197 2439 252 2476 (12)
273 2439 658 2476 Βεαηπροσλαμὸανόαενος.
685 2441 745 2470 Mox
765 2442 847 2477 idem,
863 2452 946 2478 φανε-

999 2373 1056 2410 ρός,
1065 2373 1155 2410 Ροιιῖο
1167 2377 1226 2410 post
1238 2369 1490 2410 idem,__‘A_v&y_yqi_0§
1502 2369 1530 2397 δὲ
1541 2369 1625 2405 ὅμως.

998 2401 1091 2470 ἶποὲὶὸ)
1108 2408 1153 2436 Sic
1167 2401 1244 2442 'Beg.
1266 2411 1294 2435 et
1312 2401 1396 2434 'Basil.
1412 2401 1489 2434 'Editi
1512 2401 1588 2438 vero,
1617 2403 1666 2430 καὶ
1681 2401 1736 2438 γὰρ
1754 2401 1786 2428 ιν

1040 2452 1064 2476 ς.
