2007 3044
504 137 534 165 5.
559 137 744 165 ATHANASII
762 137 838 166 OPP.
859 138 950 166 PARS
968 138 988 166 l.
1007 152 1042 158 —-
1060 137 1244 167 IIISTORICA
1265 137 1308 164 ET
1325 137 1533 166 DUGHATICA.

1792 137 1846 167 σω

614 258 956 316 HISTORIA
1031 259 1452 317 ARIANORUM

657 371 783 408 USQUE
795 371 848 401 AD
870 371 1008 402 ANNUM
1024 371 1094 408 357,
1108 371 1234 402 ΙΝΙΤΙΟ
1245 371 1408 402 MUTILA.

251 555 277 582 1.
299 553 336 581 Illi
353 561 416 581 vero
439 560 471 580 ea
501 561 614 588 quorntn
631 552 719 586 gratia
744 552 801 580 haec
818 552 901 579 moliti
927 557 1001 584 sunt,

1091 553 1116 581 1.
1136 555 1219 583 Αὐτοὶ
1232 555 1261 582 δὲ
1282 550 1321 581 ὧν
1343 553 1429 580 ταῦτα
1453 553 1660 589 ἐμηχανήσαντο
1681 552 1771 589 χάριν,
1794 554 1844 581 οὐκ

217 609 270 629 non
291 601 336 629 diu
361 606 453 637 postea
479 601 671 636 impleverunt.
692 599 758 627 Nam
780 599 872 627 statim
897 607 911 626 a
932 605 1003 626 strtt-

215 649 271 676 clis
297 647 430 684 ejusmodi
462 646 577 678 insidiis,
608 646 702 672 Arium
730 646 756 672 in
783 645 1001 672 communionem

215 701 352 730 recepere.
372 693 404 720 Et
421 701 482 720 cum
497 692 601 726 judicia
619 697 674 719 tam
697 691 778 718 multa
795 697 888 719 contra
904 698 933 718 se
948 690 1002 717 lata

214 739 427 775 vilipenderent.
445 737 647 772 imperatoriam
665 741 828 772 potestatem
844 744 893 772 pro
912 744 942 764 se
954 737 1002 763 ob-

216 784 428 820 tentlebantﬁt)
444 793 451 811 :
467 791 515 811 nec
533 784 610 810 veriti
622 788 684 810 sunt
698 783 723 810 in
744 782 840 809 litteris
860 781 916 809 suis
930 781 1002 808 diee-

218 831 435 860 rezAtltanasio
467 829 581 862 atilicto,
608 830 707 857 invidia
732 829 859 861 cessavit,
887 828 1001 856 Arianos

214 883 305 906 autem
327 876 383 911 jam
416 875 665 910 recipiamus:ltoc
689 875 722 902 ad
747 879 877 902 terrorem
897 874 1002 901 audito-

215 932 274 952 rmn
301 924 430 950 addentes
446 930 454 950 :
469 922 525 950 Hoc
546 922 619 949 enint
643 921 725 956 jussit
750 921 907 956 imperator.
921 920 1001 956 273

215 969 318 997 Dehinc
341 976 394 995 non
423 969 518 1002 puduit
544 967 667 994 homines
691 967 750 994 illos
778 968 829 994 hoc
859 966 999 1000 adjicere:

214 1014 307 1042 Ariani
325 1015 424 1049 quippe
450 1019 523 1040 recte
537 1014 657 1041 sentiunt
672 1023 680 1041 :
696 1020 750 1040 non
765 1017 916 1040 metuentes
930 1013 1000 1047 quod

215 1058 346 1092 scriptum
372 1062 432 1085 est:
457 1057 500 1084 γω
524 1058 569 1092 qui
585 1058 676 1084 dicitis
697 1066 828 1089 amarum,
840 1057 915 1084 dulce
931 1065 940 1084 :
954 1065 1002 1092 ρο-

215 1108 304 1130 nentes
316 1104 434 1130 tenebras
449 1102 572 1131 lucem".
588 1103 628 1130 Ad
646 1103 736 1131 omnia
752 1104 824 1131 enim
841 1111 890 1138 pro
904 1104 1001 1132 hzeresi

215 1148 355 1175 toleranda
379 1149 465 1183 parati
485 1153 558 1175 sunt.
570 1146 666 1176 Nonne
690 1148 753 1176 hinc
773 1149 898 1176 omnibus
923 1148 1002 1184 plane

215 1195 387 1230 perspicuum
407 1199 461 1227 est,
479 1203 531 1222 non
548 1195 736 1222 ecclesiastico
750 1194 865 1229 judicio,
884 1195 930 1222 sed
947 1195 998 1222 im-

215 1240 361 1273 peratoriis
387 1241 477 1273 minis,
505 1245 534 1268 et
564 1248 613 1268 nos
639 1245 702 1268 tunc
730 1241 765 1267 ob
781 1241 908 1276 pietatem
935 1249 999 1277 erga

214 1285 354 1312 Christum
381 1285 536 1320 hujusmodi
558 1286 637 1313 malis
661 1285 773 1314 ali'ectos
794 1286 888 1320 fuisse,
904 1291 932 1314 et
952 1295 1001 1314 vos

213 1331 269 1365 jam
295 1332 511 1365 persecutionem
538 1331 772 1359 excitasse?Nam
798 1332 868 1359 alios
895 1340 1002 1368 quoque

215 1378 358 1412 episcopos
376 1376 492 1409 insidiis,
508 1377 686 1412 conlictisque
706 1377 865 1404 criminibus
882 1377 1000 1412 aggressi

215 1428 279 1450 sunt
293 1431 299 1449 :
312 1430 427 1458 quorum
441 1423 487 1450 alii
508 1423 617 1458 quidem
633 1423 658 1450 in
672 1422 768 1450 exsilio
781 1423 999 1456 obdormierunt,

215 1468 315 1496 Christi
337 1469 521 1496 confessionis
541 1468 655 1504 gloriam
671 1469 760 1503 adepti
774 1477 780 1495 :
793 1468 836 1495 alii
852 1469 1001 1495 etiamnum

215 1514 350 1548 exsulant,
368 1513 517 1548 fortiusque
530 1519 624 1541 contra
648 1522 742 1541 eorum
769 1514 893 1542 haeresim
909 1514 1001 1542 decer-

217 1564 285 1592 tant,
305 1565 333 1588 et
346 1561 424 1588 aiunt
439 1569 446 1588 :
461 1558 537 1587 Nihil
546 1569 592 1588 nos
605 1561 739 1595 separabit
754 1560 908 1588 acltan'tate
919 1560 1000 1588 Chri-

215 1607 249 1634 ui
257 1606 290 1636 “.

251 1695 278 1724 Ξ.
296 1695 352 1723 Hac
367 1697 430 1724 item
443 1699 505 1723 nota
521 1702 581 1723 eam
604 1695 729 1723 heresim
753 1695 922 1732 dignoscere,
949 1697 1003 1726 imo

216 1743 307 1777 potius
323 1742 466 1770 confutare
487 1743 570 1775 licet,
583 1742 655 1776 quod
677 1742 801 1777 quisquis
820 1742 885 1777 ipsis
899 1743 1002 1771 amicus

215 1793 268 1821 est,
287 1794 315 1816 et
329 1789 468 1824 impietate
487 1789 588 1821 socius,
603 1788 708 1816 etiamsi
731 1789 792 1816 aliis
813 1788 960 1818 sceleribus
976 1794 1004 1818 et

217 1835 354 1862 sexcentis
369 1834 529 1862 criminibus
541 1834 676 1862 obnoxius
691 1835 743 1867 sit,
760 1836 884 1869 quamvis
899 1843 960 1865 reus
975 1842 1004 1864 et

1054 600 1096 631 εἰς
1113 601 1221 636 μακρὰν
1237 601 1400 636 ἐπλήρωσαν
1410 608 1416 614 ·
1431 598 1490 634 ἅμα
1503 599 1557 634 γὰρ
1570 598 1778 632 ἐπεϐούλευσαν,
1796 600 1844 626 καὶ

1055 645 1135 678 εὐθὺς
1151 647 1214 678 τοὺς
1232 647 1296 683 περὶ
1310 647 1342 672 'A
1348 654 1418 682 ρειον
1433 646 1473 678 είς
1487 645 1627 672 κοινωνίαν
1640 645 1774 678 ἐδέξαντο.
1789 646 1844 672 Καὶ

1054 691 1103 722 τὰς
1123 692 1175 727 μὲν
1191 692 1327 723 τοσαύτας
1343 692 1402 718 κατ’
1416 691 1505 718 αὐτῶν
1516 691 1621 727 κρίσεις
1636 692 1842 728 παρεωράκασι,

1055 737 1198 774 βασιλικὴν
1213 738 1241 765 δέ
1263 738 1343 765 πάλιν
1357 738 1480 771 ἐξουσίαν
1498 738 1567 773 ὑπὲρ
1585 738 1675 764 αὐτῶν
1696 739 1845 774 προεφασί-

1053 792 1134 811 σαντο
1150 783 1222 820 (ει)·
1246 784 1396 820 γράφοντες
1421 793 1450 810 τε
1475 784 1524 810 οὐκ
1550 783 1721 819 ᾐσχύνθησαν
1743 785 1842 816 εἰπεῖν,

1052 829 1093 854 ὅτι
1120 828 1278 856 Ἀθανασίου
1303 829 1452 860 παθόντος,
1473 829 1487 855 ὁ
1510 829 1559 864 μὲν
1575 829 1671 864 φθόνος
1687 829 1842 862 πέπαυται,

1051 873 1114 904 τοὺς
1134 872 1162 899 δέ
1177 872 1241 908 περὶ
1253 873 1362 908 Ἀρειον
1379 873 1471 899 λοιπὸν
1482 873 1632 908 δεξώμεθα,
1653 874 1844 910 προστιθέντες

1053 918 1122 953 πρὸς
1138 918 1219 953 φόϐον
1237 919 1291 947 τῶν
1308 919 1468 948 ἀκουόντων.
1485 919 1525 945 ὅτι
1542 919 1627 946 Τοῦτο
1643 919 1698 955 γὰρ
1718 919 1844 954 βασιλεὺς

1053 964 1229 1000 προσέταξεν.
1253 962 1319 991 Εἶτα
1343 964 1393 991 οὐκ
1415 964 1587 1000 ᾐσχύνθησαν
1605 964 1778 1000 προσθεῖναι,
1802 965 1843 992 ὅτι

1053 1011 1101 1037 καὶ
1124 1010 1212 1046 ὀρθῶς
1229 1010 1374 1046 φρονοῦσιν
1397 1011 1420 1036 oi
1447 1009 1600 1045 ἄνθρωπον
1618 1009 1656 1045 μὴ
1681 1009 1844 1045 φοϐηθέντες

1051 1056 1082 1083 τὸ
1108 1057 1317 1092 γεγραμμένονο
1346 1056 1417 1082 Οὐαὶ
1445 1057 1472 1083 οί
1502 1055 1643 1091 λέγοντες
1669 1056 1702 1083 τὸ
1735 1056 1844 1090 πικρὸν

1051 1102 1161 1137 γλυκὺ,
1177 1104 1204 1130 οί
1229 1102 1358 1136 τιθέντες
1383 1102 1415 1129 τὸ
1444 1103 1554 1135 σκότος
1578 1101 1649 1137 φῶς.
1675 1102 1766 1129 Πάντα
1787 1102 1843 1138 γὰρ

1052 1149 1122 1184 ὺπέρ
1138 1149 1188 1184 τῆς
1202 1149 1333 1185 αἱρέσεως
1348 1149 1494 1184 ὑπομένειν
1509 1149 1577 1175 εἰσὶν
1594 1149 1707 1184 ἕτοιμοι.
1719 1146 1782 1183 'Ap'
1796 1146 1844 1176 οὖν

1053 1195 1112 1230 οὐχὶ
1129 1194 1185 1230 (25)
1201 1195 1247 1221 καὶ
1262 1196 1294 1222 ὲκ
1317 1195 1411 1222 τούτου
1435 1196 1517 1222 πᾶσιν
1540 1195 1670 1230 ἄντικρυς
1692 1194 1842 1227 δείκνυται,

1053 1241 1090 1273 ὡς
1104 1241 1153 1268 οὐκ
1167 1241 1379 1277 ἐκκλησιαστικῇ
1392 1241 1492 1277 κρίσει,
1506 1241 1564 1267 ἀλλ’
1576 1242 1608 1267 ἐκ
1624 1240 1755 1276 βασιλέως
1767 1241 1844 1267 ἀπει-

1052 1286 1101 1322 λῆς
1115 1286 1159 1313 διὰ
1173 1287 1222 1322 τὴν
1237 1288 1276 1318 εἰς
1297 1287 1415 1321 Χριστὸν
1436 1287 1577 1313 εὐσέϐειαν
1599 1287 1645 1313 καὶ
1659 1287 1720 1313 τότε
1741 1287 1843 1313 πεπόν-

1053 1332 1149 1367 θαμεν,
1159 1333 1205 1358 καὶ
1213 1332 1260 1359 νῦν
1268 1331 1380 1359 διώκετε
1388 1342 1395 1366 ;
1405 1333 1460 1360 Καὶ
1470 1333 1524 1368 γὰρ
1535 1333 1582 1359 καὶ
1590 1332 1692 1368 ἑτέροις
1700 1331 1785 1364 οὕτως
1794 1333 1844 1359 ἐπ-

1052 1378 1214 1405 εϐούλευσαν
1227 1379 1394 1411 ἐπισκόποις,
1409 1379 1576 1414 πλασάμενοι
1597 1379 1644 1405 καὶ
1659 1379 1717 1405 κατ’
1731 1378 1843 1405 ἐκείνων

1052 1423 1134 1451 πάλιν
1151 1423 1315 1459 προφάσεις·
1333 1421 1370 1451 ὧν
1387 1425 1412 1451 οῑ
1428 1425 1477 1459 μὲν
1489 1425 1518 1451 ἐν
1534 1426 1589 1456 τοῖς
1604 1424 1756 1460 ἐξορισμοῖς
1770 1425 1843 1450 ἐκοιη

1054 1469 1190 1505 μήθησαν,
1204 1469 1310 1504 ἔχοντες
1324 1470 1354 1496 τὸ
1372 1470 1504 1505 καύχημα
1522 1470 1571 1505 τῆς
1592 1471 1631 1501 είς
1648 1470 1763 1506 Χριστὸν
1777 1471 1844 1505 ὁμο-

1052 1513 1161 1548 λογίας·
1188 1514 1213 1540 οἱ
1234 1514 1263 1541 δὲ
1288 1514 1328 1540 ἐτι
1352 1515 1399 1541 καὶ
1419 1515 1466 1541 νῦν
1483 1514 1624 1551 ὑπερόριοι
1651 1515 1841 1551 τυγχάνουσιν,

1052 1559 1238 1596 ἀνδριζόμενοι
1266 1560 1365 1596 μᾶλλον
1392 1560 1463 1587 κατὰ
1485 1560 1535 1596 τῆς
1562 1561 1693 1597 αἱρέσεως
1719 1561 1841 1592 ἐκείνων,

1052 1607 1100 1634 καὶ
1115 1606 1255 1641 λέγοντες⁴
1275 1606 1371 1634 οὐδὲν
1389 1606 1468 1642 ἡμᾶς
1487 1607 1607 1642 χωρίσει
1622 1606 1682 1634 ἀπὸ
1700 1606 1756 1642 τῆς
1774 1606 1844 1642 ἁγά-

1052 1661 1112 1686 πης
1125 1652 1176 1680 τοῦ
1190 1652 1330 1686 Χριστοῦ.

1087 1698 1226 1731 2.Ἔξεστι
1241 1698 1270 1725 δὲ
1290 1698 1336 1725 καὶ
1347 1698 1380 1725 ἐκ
1391 1698 1486 1725 τούτου
1497 1698 1577 1725 πάλιν
1590 1697 1646 1733 (i6)
1657 1698 1740 1734 αὐτὴν
1756 1706 1842 1724 κατα-

1055 1743 1161 1779 μαθεῖν,
1178 1744 1224 1770 καὶ
1239 1743 1339 1778 μᾶλλον
1364 1743 1449 1778 αὐτῆς
1462 1742 1643 1777 καταγνῶναι.
1673 1743 1702 1769 ‘0
1723 1743 1772 1777 μὲν
1788 1742 1843 1778 γὰρ

1054 1789 1131 1824 φίλος
1154 1790 1201 1816 καὶ
1218 1789 1374 1817 συνασεϐῶν
1390 1788 1514 1821 ἐκείνοις,
1538 1788 1590 1815 κᾶν
1606 1789 1635 1815 ἐν
1649 1788 1739 1820 ἄλλοις
1757 1788 1845 1824 πλημ-

1056 1834 1193 1870 μελήμασι
1205 1835 1252 1862 καὶ
1264 1835 1370 1870 μυρίοις
1379 1835 1435 1870 (27)
1444 1835 1613 1870 ἐγκλήμασιν
1624 1834 1773 1866 ὑπεύθυνος
1780 1842 1845 1868 τυγο

217 1881 357 1909 convictus
365 1901 373 1914 ,
389 1881 453 1908 licet
464 1881 639 1916 probationes
650 1882 861 1910 evidentissima:
873 1883 1002 1910 adversus

1055 1881 1135 1916 χάνῃ,
1147 1880 1199 1907 κᾶν
1218 1880 1267 1917 ἔχῃ
1281 1881 1344 1913 τοὺς
1357 1881 1483 1916 ἐλέγχους
1495 1881 1542 1908 καὶ
1556 1880 1605 1912 τὰς
1622 1879 1772 1912 ἀποδείξεις
1782 1879 1844 1906 λευ-

217 1935 279 1954 enin
296 1931 458 1961 suppetant;
481 1927 525 1954 ltic
543 1932 630 1953 tamen
646 1927 716 1961 apud
741 1927 802 1955 illos
822 1929 935 1963 probus,
947 1933 1002 1956 sta-

218 1973 321 2006 timque
339 1973 507 2006 imperatoris
517 1972 621 2000 anticus
637 1972 763 2005 eillcitur,
781 1981 814 2000 ex
831 1981 879 2001 sua
895 1974 1001 2002 scilicet

218 2017 357 2052 impietate
379 2018 580 2045 commendatus
595 2026 603 2044 :
621 2026 770 2054 magnoque
788 2019 852 2047 hinc
873 2022 1003 2055 pecunia-

218 2071 278 2091 rum
304 2068 407 2098 qumstu
432 2063 521 2095 facto,
543 2071 558 2089 a
577 2063 714 2097 iudicibus
733 2065 817 2092 etiam
846 2065 1003 2093 facultatem

216 2109 321 2137 obtinet
334 2109 440 2144 quidvis
451 2110 483 2137 ad
499 2117 576 2137 suum
591 2110 718 2144 placitum
732 2111 837 2146 agendi.
848 2111 898 2145 Qui
914 2118 1003 2139 autem

218 2155 386 2190 impietatem
398 2163 492 2183 eorum
505 2155 644 2187 confutat.
661 2161 690 2184 et
705 2157 812 2184 sincere
828 2157 929 2186 Christi
943 2167 1005 2186 catt-

217 2211 275 2230 satn
291 2203 356 2237 agit,
374 2203 396 2230 is
409 2202 514 2230 tametsi
533 2209 617 2237 purus
632 2203 659 2229 in
682 2202 821 2235 omnibus,
841 2203 946 2231 tametsi
963 2205 1004 2231 ni-

217 2247 255 2276 hil
273 2248 323 2275 sihi
347 2248 473 2275 conscius
490 2248 538 2280 sit,
553 2248 676 2282 quamvis
694 2255 708 2275 a
725 2248 835 2276 nemine
848 2255 1002 2280 accusetur,

217 2299 360 2326 attamen,
388 2294 440 2322 illis
459 2296 563 2321 'causas
588 2293 859 2322 comminiscentibus
874 2314 882 2327 ,
910 2296 1002 2322 statim

217 2340 359 2374 altripitur,
379 2344 404 2366 et
429 2338 602 2374 imperatoris
621 2338 736 2373 judicio,
750 2338 776 2365 itt
794 2338 919 2366 exsilium
941 2339 1004 2367 mit-

218 2386 294 2417 titurI
312 2384 389 2419 quasi
406 2385 541 2412 obnoxius
557 2385 590 2412 iis
604 2392 664 2419 qua:
688 2384 738 2419 ipsi
763 2385 896 2412 voluerint
911 2386 1002 2412 crimi-

218 2431 296 2458 nihus
314 2440 320 2457 :
338 2430 378 2458 vel
395 2430 473 2464 quasi
498 2430 655 2465 imperatori
678 2430 870 2458 contumeliam
891 2430 1001 2464 dixerit,

219 2481 249 2503 ut
264 2476 368 2504 Naboth
385 2476 419 2503 ’⁵.
435 2476 485 2509 Qui
511 2482 602 2503 autem
626 2476 722 2503 hmresi
745 2477 941 2511 patrocinatur.
960 2477 1003 2504 in-

218 2521 346 2556 quiritur,
360 2525 387 2548 et
400 2521 491 2548 statim
505 2520 532 2548 in
544 2520 615 2548 illius
627 2520 776 2548 Ecclesiam
792 2520 917 2548 mittitur.
935 2521 1004 2549 Hinc

1056 1928 1182 1959 κοτάτας,
1204 1925 1281 1959 οὗτος
1297 1927 1407 1962 δόκιμος
1432 1927 1495 1962 παρ’
1510 1927 1611 1959 αὐτοῖς,
1639 1926 1685 1953 καὶ
1712 1926 1843 1962 βασιλέως

1057 1972 1137 2004 εὐθὺς
1149 1972 1253 2007 γίνεται
1270 1971 1358 2007 φίλος,
1378 1972 1447 2007 ἔχων
1469 1972 1519 2008 τὴν
1536 1972 1664 1999 σύστασιν
1674 1972 1707 1998 ἐκ
1719 1972 1769 2007 τῆς
1779 1973 1844 1998 ἀσε-

1057 2018 1133 2049 ϐείας
1144 2026 1151 2032 ·
1175 2017 1369 2054 σχηματισθείς
1387 2027 1417 2044 τε
1429 2018 1551 2049 πλεῖστα,
1566 2018 1698 2053 λαμϐάνει
1715 2018 1762 2044 καὶ
1774 2019 1844 2053 παῤ-

1057 2064 1155 2101 ρησίαν
1168 2066 1254 2091 ποιεῖν
1270 2064 1287 2091 ἃ
1303 2064 1427 2099 βούλεται
1444 2063 1519 2100 παρὰ
1535 2065 1591 2096 τοῖς
1605 2064 1761 2095 δικασταῖς·
1784 2064 1799 2089 ὁ
1814 2063 1844 2090 δὲ

1056 2109 1105 2146 τὴν
1116 2110 1242 2138 ἀσέϐειαν
1256 2110 1367 2137 ἐκείνων
1383 2110 1511 2145 ἐλέγχων,
1526 2110 1572 2137 καὶ
1592 2110 1629 2137 τὰ
1645 2109 1763 2145 Χριστοῦ
1779 2117 1845 2145 γνη-

1058 2157 1123 2188 σίως
1139 2157 1308 2192 πρεσϐεύων,
1319 2155 1405 2189 οὗτος,
1424 2157 1475 2184 κᾶν
1490 2156 1609 2192 καθαρὸς
1623 2157 1652 2183 ἐν
1665 2157 1732 2183 πᾶσι
1742 2153 1845 2191 τυγχά-

1056 2211 1089 2240 νῃ
1100 2203 1166 2239 (28),
1179 2203 1231 2230 κᾶν
1246 2203 1328 2239 μηδὲν
1347 2203 1435 2239 ἐαυτῷ
1447 2203 1630 2239 συγγινώσκῃ,
1644 2202 1695 2229 κᾶν
1720 2201 1757 2238 μὴ
1777 2211 1845 2228 κατ-

1057 2250 1156 2286 ήγορον
1171 2249 1230 2287 ἔχῃ,
1239 2249 1296 2276 ἀλλ*
1310 2249 1422 2277 ἐκείνων
1431 2249 1581 2286 προφάσεις
1596 2249 1786 2284 πλασαμένων,
1799 2249 1845 2275 εὐ-

1057 2295 1106 2327 θὺς
1122 2295 1283 2331 ἁρπάζεται,
1300 2296 1346 2322 καὶ
1360 2295 1449 2331 κρίσει
1461 2295 1592 2330 βασιλέως
1605 2294 1685 2326 αὐτὸς
1698 2294 1747 2329 μὲν
1762 2294 1844 2330 ὑπερ-

1056 2341 1129 2377 όριος
1149 2341 1253 2376 γίνεται
1265 2341 1303 2373 ὡς
1315 2341 1463 2372 ὑπεύθυνος
1480 2338 1521 2373 οἷς
1532 2340 1564 2367 ἂν
1574 2341 1671 2367 ἐκεῖνοι
1683 2340 1843 2375 θελήσωσιν,

1056 2387 1074 2423 ἢ
1100 2387 1138 2418 ὡς
1154 2387 1266 2422 βασιλέα
1282 2386 1415 2423 ὑϐρίσας,
1439 2386 1477 2418 ὡς
1498 2387 1513 2413 ὁ
1542 2385 1666 2413 Ναϐουθέ
1680 2385 1752 2420 (29)·
1776 2386 1791 2412 ὁ
1814 2385 1844 2412 δέ

1057 2434 1215 2469 πρεσϐεύων
1235 2433 1270 2460 τὰ
1294 2433 1344 2468 τῆς
1360 2434 1489 2469 αἱρέσεως
1515 2433 1626 2459 ἐκείνων
1652 2431 1782 2468 ζητεῖται,
1796 2432 1845 2458 καὶ

1057 2480 1137 2512 εὐθὺς
1152 2480 1344 2507 ἀποστέλλεται
1358 2479 1399 2511 εἰς
1414 2479 1463 2513 τὴν
1492 2478 1654 2514 Ἐκκλησίαν
1667 2478 1781 2509 ἐκείνου,
1797 2478 1844 2504 καὶ

1055 2525 1146 2553 λοιπὸν
1156 2525 1309 2562 δημεύσεις,
1319 2525 1366 2552 καὶ
1373 2524 1476 2560 ὕϐρεις,
1488 2524 1534 2551 καὶ
1548 2523 1678 2560 πάντατὰ
1690 2522 1763 2550 δεινὰ
1774 2522 1846 2550 κατὰ

218 2568 350 2596 bonorum
361 2568 582 2603 proscriptiones,
591 2567 772 2601 contumeliae,
779 2575 911 2603 omneque
920 2577 1002 2596 vexa-

1056 2571 1110 2598 τῶν
1129 2571 1166 2607 μὴ
1180 2572 1330 2607 δεχομένων
1354 2571 1465 2599 ἐκεῖνον,
1482 2570 1536 2596 Καὶ
1561 2569 1591 2596 τὸ
1617 2569 1844 2606 παραδοξότατον,

217 2616 300 2644 Iionis
324 2623 408 2651 genus
423 2615 449 2643 in
469 2623 517 2643 eos
545 2615 591 2650 qui
612 2615 766 2642 invasorcm
789 2622 841 2642 non
860 2616 1001 2650 recipiunt.

1058 2617 1088 2643 ὃν
1103 2617 1152 2644 μὲν
1168 2618 1193 2644 οἱ
1207 2617 1267 2644 λαοὶ
1283 2616 1431 2652 βούλονται,
1450 2615 1497 2643 κα)⁵
1516 2614 1695 2650 γινώσκουσιν
1715 2614 1844 2650 ἀνεπίλη-

254 2661 277 2678 ⁹³
291 2661 342 2688 lsa.
358 2669 384 2695 v,
398 2661 444 2688 20.
482 2661 506 2676 "
521 2660 600 2688 Rom.
617 2668 677 2693 \‘lll,
694 2660 739 2689 55.
776 2660 800 2676 ’⁵
815 2659 847 2687 ΙΙΙ
864 2659 930 2696 lteg.
941 2668 997 2694 ut,
1012 2662 1055 2689 10.

256 2708 312 2742 (ει)
333 2708 396 2736 llam
412 2713 485 2743 gesta
499 2713 564 2735 sunt
578 2708 726 2743 anno_555.

257 2744 314 2813 (25)
329 2743 375 2771 Sic
387 2741 451 2778 ltég.
466 2744 536 2770 Etliti
549 2751 613 2770 vero
632 2741 678 2770 οὖν
692 2744 742 2770 οὑκ
754 2744 796 2770 ἐκ.

258 2778 303 2811 (26
330 2779 358 2806 ln
375 2779 457 2806 editis
467 2785 527 2813 post
543 2778 624 2805 πάλιν
649 2779 695 2805 καί
712 2778 821 2813 legitur,
837 2778 883 2805 sed
899 2778 906 2805 i

258 2778 314 2813 (26)
330 2779 358 2806 ln
375 2779 457 2806 editis
467 2785 527 2814 post
543 2778 624 2805 πάλιν
649 2779 695 2805 καί
712 2778 821 2814 legitur,
837 2778 883 2805 sed
899 2778 925 2805 in
939 2778 1006 2815 Reg.

223 2820 276 2840 non
289 2813 411 2841 habetur.

260 2846 316 2883 (27)
331 2849 368 2876 lta
384 2849 449 2884 llcg.
472 2854 500 2878 et
518 2849 600 2884 Basil,
621 2849 690 2877 Editi
706 2848 775 2876 male
790 2848 903 2884 κυρίοις.
926 2848 1007 2877 l’aulo

1057 2714 1117 2746 post
1126 2709 1194 2746 Reg.
1207 2708 1273 2746 ἔχοι.

1093 2744 1149 2780 (28)
1167 2744 1240 2780 Reg;
1246 2743 1368 2778 ὑπάρχῃ.
1475 2776 1482 2780 _
1577 2774 1594 2780 __
1630 2775 1635 2780 _

1093 2773 1149 2814 (29}
1165 2773 1292 2814 SicVReg.
1304 2773 1391 2812 "quem
1408 2776 1556 2814 seq_ni_mn_r.
1577 2774 1657 2814 Basil.
1671 2775 1690 2814 ἦ
1706 2774 1744 2806 ὡς
1755 2775 1770 2801 ὸ
1786 2773 1846 2802 Να-

1061 2811 1145 2843 ϐουθί
1158 2814 1232 2851 Editi
1247 2811 1334 2841 minus
1352 2817 1435 2847 recte,
1451 2811 1515 2848 ἢὼς
1524 2811 1608 2848 ὄνομα
1624 2811 1701 2837 Θεοῦ.
