2007 3044
163 168 217 198 691

642 169 801 197 HISTORIA
818 169 1023 198 ARIANORUM
1043 170 1089 197 AD
1108 170 1305 199 MONACHOS.

1731 172 1788 201 698

165 233 241 256 πτον,
257 224 350 252 τοῦτον
362 225 519 260 ἀφαιρεῖται
535 224 582 252 καὶ
595 225 710 261 ἐξορίζει
725 225 862 261 βασιλεύς·
878 226 907 252 ὃν
922 225 949 252 δέ

1002 225 1034 253 Et
1057 226 1128 260 quod
1154 226 1300 253 maximum
1315 229 1454 260 stuporem
1470 223 1575 259 aﬂ‘eral,
1595 232 1676 260 quem
1694 227 1785 262 populi

166 271 235 307 μήτε
254 270 401 305 βούλονται,
422 271 490 306 μήτε
507 270 680 304 γινώσκουσι,
703 270 796 297 τοῦτον
816 270 952 307 μακρόθεν

166 316 235 352 μετὰ
261 315 433 352 στρατιωτῶν
455 315 612 342 ἀποστέλλει
635 316 681 342 καὶ
707 316 878 352 γραμμάτων
896 316 952 352 (50)

165 362 280 390 ἐαυτοῦο
307 362 355 389 καὶ
379 362 471 388 λοιπὸν
497 362 603 397 ἀνάγκη
629 361 712 398 πολλὴ
740 364 827 398 μισεῖν
849 363 897 398 μὲν
922 362 952 389 ὃν

164 408 291 443 ἀγαπῶσι
305 408 350 436 τὸν
363 409 563 444 κατ-νικήσαντα,
580 409 626 435 καὶ
640 408 746 444 πατέρα
759 408 903 444 γενόμενον
922 409 952 436 ὲν

165 454 321 490 Θεοσεϐείᾳ’·
338 455 448 490 ἀγαπᾷν
460 454 488 481 δὲ
502 454 531 481 ὃν
542 455 572 481 οὐ
589 454 739 490 βούλονται,
754 456 800 482 καὶ
813 455 952 482 πιστεύειν

165 499 268 526 ἑαυτῶν
286 499 320 526 τὰ
336 499 429 533 τέκνα,
446 495 476 526 οὖ
493 499 538 526 τὸν
556 499 622 535 βίον,
641 500 689 526 καὶ
704 500 753 536 τὴν
767 501 950 536 ἀναστροφὴν,

165 546 211 572 καὶ
224 546 266 577 τίς
290 546 362 573 ἐστιν
377 546 407 573 οὐ
426 545 617 581 γινώσκουσιν·
649 546 665 582 ἢ
682 546 803 582 δηλονότι
817 548 951 584 τιμωρίαν

164 591 320 626 ὑπομένειν,
333 591 367 627 ἢν
380 591 436 627 (51)
451 592 487 628 μὴ
499 592 645 619 πείθωνται
662 592 775 627 βασιλεῖ.

198 739 224 766 5.
237 738 331 766 Ταῦτα
344 739 391 766 καὶ
405 739 452 766 νῦν
462 739 556 776 δρῶσι,
572 740 619 767 καὶ
635 740 718 767 πάλαι
731 734 912 777 πεποιήκασιν
926 741 950 769 οε

162 784 301 818 δυσσεϐεῖς
313 785 382 812 κατὰ
391 785 445 812 τῶν
457 786 613 822 ὸρθοδόξων,
627 785 768 823 γνώρισμα
783 787 833 822 τῆς
847 788 951 816 ἑαυτῶν

163 831 325 867 κακοηθείας
337 831 384 859 καὶ
397 831 523 864 ἀσεϐείας
537 832 672 868 πανταχοῦ
691 832 764 868 παρὰ
781 833 849 860 πᾶσι
860 842 951 869 παρα-

163 876 282 912 σχόντες.
302 877 391 904 Ἔστω
406 878 470 914 γὰρ,
496 877 652 905 Ἀθανάσιον
663 877 821 914 ᾐτιάσαντο,
831 878 857 905 τί
870 879 915 905 καὶ
926 879 950 906 οἱ

161 923 235 950 ἄλλοι
246 924 426 959 πεποιήκασιν
442 923 604 957 inlexe-not;
622 924 705 956 Ποίας
724 923 778 960 ἄρα
799 924 951 960 προφάσεις

162 968 244 1007 εἶχον,
257 970 273 1006 ἢ
289 972 364 1003 ποῖος
378 970 433 1006 ἄρα
457 970 538 997 κάκεῖ
561 969 656 1005 νεκρὸς
679 969 814 1004 ’Λρσένιος
830 969 949 1004 εὑρέθης

161 1019 237 1050 ποῖος
253 1017 317 1053 παρ’
334 1016 424 1048 αὐτοῖς
441 1017 582 1052 Μακάριος
594 1015 786 1051 πρεσϐύτερος,
804 1015 851 1042 καὶ
864 1015 949 1051 ποτή-

162 1073 219 1101 ριον
238 1063 402 1096 κέκλασται;
417 1063 492 1094 ποῖος
502 1061 660 1094 Μελιτιανδς
680 1061 859 1097 ὑπεκρίνετος
880 1061 949 1088 Ἀλλ’

160 1110 199 1143 ὡς
216 1110 303 1137 ἔοικεν
317 1109 347 1142 ἐξ
361 1109 482 1141 ἐκείνων,
510 1109 557 1135 καὶ
577 1108 612 1135 τὰ
631 1107 701 1135 κατὰ
722 1107 878 1135 Ἀθανάσιον
894 1107 948 1143 (5-2)

161 1157 296 1183 δείκνυται
313 1155 397 1191 ψευδῆ
410 1164 416 1169 ·
433 1155 479 1182 καὶ
494 1154 524 1187 ἐξ
539 1151 577 1182 ὧν
594 1154 623 1182 δέ
641 1153 791 1189 Ἀθανασίῳ
808 1153 950 1190 ἐπεχείρη-

162 1211 222 1235 σαν,
236 1202 302 1238 δῆλα
310 1202 357 1229 καὶ
369 1201 404 1228 τὰ
412 1201 471 1228 κατ’
482 1200 593 1228 ἐκείνων
601 1199 658 1227 ἐστὶ
670 1198 857 1235 πεπλασμένα.
870 1199 950 1234 Μέγα

160 1256 187 1274 τι
203 1247 296 1284 θηρίον
313 1243 424 1282 ἐξῆλθεν
439 1246 484 1273 ἐπὶ
498 1246 559 1281 γῆς,
576 1247 593 1282 ἡ
607 1245 713 1282 αἵρεσις
738 1244 808 1281 αὕτη
819 1253 826 1260 ·
851 1245 881 1272 οὑ
896 1245 950 1281 γὰρ

162 1292 242 1329 μόνον
256 1293 312 1324 τοῖς
325 1292 429 1328 ῥήμασι
443 1291 481 1322 ὼς
500 1292 556 1322 τοῖς
576 1289 666 1317 ὀδοῦσι
684 1289 796 1325 βλάπτει
809 1290 872 1322 τοὺς
886 1290 951 1317 ἀκε-

162 1337 266 1374 ραίους,
293 1336 360 1364 ἀλλὰ
376 1337 422 1364 καὶ
434 1336 483 1372 τὴν
513 1335 611 1369 ἔξωθεν
633 1335 757 1368 ἐξουσίαν
779 1334 951 1371 ἐμισθώσατο

161 1383 228 1418 πρὸς
242 1382 398 1418 ἐπιϐουλήν.
417 1382 472 1408 Καὶ
488 1380 520 1408 τδ
543 1380 704 1417 παράδοξον,
731 1381 782 1413 ὅτι,
797 1380 868 1407 καθὰ
884 1389 951 1416 προ-

159 1428 246 1460 εῖπον,
255 1427 341 1459 οὐδεὶς
354 1427 465 1453 ἐκείνων
476 1427 676 1462 κατηγορεῖται’
685 1426 719 1453 ἂν
727 1426 755 1453 δέ
765 1426 949 1462 κατηγορηθῇ,

160 1473 190 1499 οὗ
205 1472 335 1508 κρίνεται,
349 1472 365 1508 ἢ
383 1472 461 1505 δόξας
473 1472 629 1504 ἀκούεσθαι,
646 1471 796 1499 δικαιοῦται
810 1471 880 1499 κατὰ
897 1471 950 1499 τῶν

1003 273 1125 307 cupiunt,
1140 277 1168 299 et
1181 272 1433 307 irreprehemibilem
1448 276 1610 307 agnoscunt,
1629 273 1700 300 hunc
1718 273 1786 301 tollit

1002 318 1158 352 imperator,
1180 319 1207 346 in
1232 318 1410 354 exsiliumque
1432 318 1531 352 mittit;
1554 326 1633 353 quem
1647 326 1711 346 vero
1737 326 1787 346 nec

1001 363 1094 391 volunt
1109 371 1157 391 nec
1172 369 1281 396 norunt,
1297 364 1370 391 hunc
1386 371 1402 391 e
1419 363 1565 399 longinquo
1579 371 1641 391 eum
1655 364 1787 392 militibus

1001 414 1028 437 et
1043 409 1140 438 litteris
1159 410 1215 438 suis
1230 411 1323 438 mittit.
1339 411 1379 438 Ac
1391 410 1490 438 dehinc
1504 418 1601 446 magna
1611 411 1636 437 vi
1649 415 1787 446 coguntur

1001 456 1091 491 populi
1117 464 1178 484 eum
1203 456 1265 484 odio
1291 457 1402 488 habere,
1431 463 1512 492 quem
1535 461 1628 491 utpote
1654 464 1732 484 suum
1757 457 1785 484 in

1001 502 1131 537 religione
1144 502 1302 538 magistrum
1317 507 1345 530 et
1361 501 1468 530 Patrem
1483 501 1598 537 diligunt
1613 509 1621 529 :
1639 501 1712 529 illum
1721 510 1788 530 vero

1001 548 1124 584 diligere,
1141 555 1221 582 quem
1241 548 1357 576 nolunt:
1373 556 1405 576 ac
1427 549 1452 575 ei
1476 547 1576 576 liberos
1590 555 1655 576 suos
1671 555 1787 576 concre-

1001 598 1077 627 dere,
1099 595 1174 629 cujus
1197 603 1287 623 mores
1310 600 1337 623 et
1353 595 1414 623 vitae
1433 595 1586 623 institutum
1600 616 1607 627 ,
1624 595 1678 623 imo
1705 602 1785 630 quem

1001 641 1124 676 quisnam
1140 642 1175 669 sit
1189 641 1319 677 ignorant
1337 651 1345 669 :
1364 646 1411 669 aut
1426 642 1543 678 denique
1557 649 1652 677 poenas
1674 641 1749 669 luere
1761 641 1786 669 si

1001 687 1159 722 imperatori
1177 695 1231 715 non
1251 688 1446 722 obtemperent.

1036 732 1063 760 5.
1088 732 1151 761 Hac
1169 740 1240 761 nunc
1263 737 1325 761 sunt
1349 733 1492 768 impiorum
1520 738 1617 768 gesta,
1639 733 1698 761 hzec
1720 733 1785 761 olim

1000 779 1082 807 etiam
1108 784 1204 808 contra
1237 780 1402 807 orthodoxos
1427 783 1616 815 perpetrarunt
1640 789 1648 807 :
1676 786 1788 814 sumque

1001 825 1112 853 malitiae
1127 833 1159 853 ac
1178 825 1325 860 impietatis
1341 830 1500 860 argumenta
1522 826 1591 860 apud
1617 832 1711 853 omnes
1726 824 1787 852 ubi-

1001 877 1053 905 que
1077 870 1246 906 pervolgant.
1272 870 1339 898 Nam
1361 875 1421 898 esto
1439 871 1616 899 Athanasium
1642 879 1787 899 accusave-

1001 917 1074 951 rint-,
1097 917 1143 945 sed
1161 918 1224 952 quid
1246 918 1310 946 mali
1337 917 1472 946 admisere
1491 918 1536 945 alii
1557 918 1701 952 episcopi?
1720 917 1783 952 quis

1001 963 1130 991 adversus
1157 963 1218 991 illos
1243 963 1390 992 obtentus?
1408 965 1469 998 quis
1488 964 1557 999 apud
1575 964 1635 991 illos
1652 963 1789 991 Arsenius

1001 1013 1123 1037 mortuus
1136 1015 1260 1045 repertus
1272 1011 1335 1038 est?
1352 1011 1475 1045 quisnam
1492 1011 1561 1045 apud
1575 1011 1634 1038 illos
1651 1010 1788 1038 Maearlus

1002 1057 1152 1092 presbyter,
1176 1061 1222 1085 aut
1245 1057 1316 1085 calix
1339 1057 1516 1085 confractus?
1538 1057 1601 1092 quis
1627 1055 1791 1085 Meletianus

1002 1101 1168 1129 insimulavit
1179 1102 1190 1130 ?
1201 1102 1267 1136 Sed,
1280 1107 1309 1130 ut
1324 1110 1357 1130 ex
1371 1110 1467 1130 eorum
1486 1104 1570 1139 gestis
1584 1103 1668 1138 liquet
1683 1107 1711 1130 et
1725 1109 1787 1138 quae

1001 1153 1095 1176 contra
1107 1149 1286 1177 Athanasium
1308 1150 1400 1177 dixere
1416 1149 1482 1177 falsa
1497 1150 1677 1177 ostenduntur
1690 1158 1696 1177 :
1709 1154 1736 1177 et
1750 1156 1784 1176 ex

1002 1193 1035 1221 iis
1056 1201 1116 1229 qua:
1136 1200 1231 1223 contra
1250 1196 1428 1224 Athanasium
1444 1196 1529 1224 moliti
1548 1200 1610 1223 sunt
1625 1199 1710 1230 patet,
1724 1202 1788 1229 quae

1001 1240 1061 1267 aliis
1077 1241 1242 1276 imputavere
1256 1241 1382 1269 similiter
1389 1249 1451 1270 esse
1463 1242 1589 1269 contiela.
1603 1241 1699 1276 Ingens
1708 1249 1784 1276 quae-

1000 1285 1062 1312 dam
1085 1285 1172 1313 bellua
1187 1286 1213 1313 in
1230 1291 1330 1314 terram
1350 1287 1453 1321 exivit,
1464 1286 1524 1314 haec
1539 1293 1634 1322 nempe
1648 1286 1760 1314 haeresis
1775 1294 1787 1314 τ

1001 1339 1060 1366 qua:
1083 1340 1134 1360 non
1153 1332 1238 1360 solum
1253 1332 1342 1361 verbis
1368 1333 1446 1369 quasi
1473 1333 1600 1361 dentibus
1625 1333 1789 1360 innocentes

1001 1377 1074 1405 laedit
1086 1387 1093 1412 ;
1106 1379 1152 1406 sed
1165 1383 1193 1406 et
1206 1379 1239 1406 ad
1251 1379 1363 1407 insidias
1377 1379 1511 1414 parandas
1525 1384 1667 1406 externam
1686 1384 1784 1414 poten-

1001 1425 1065 1452 tiam
1078 1425 1203 1453 mercede
1214 1426 1355 1454 conduxit.
1372 1426 1405 1454 Et
1420 1426 1490 1461 quod
1505 1426 1667 1461 stupendum
1683 1430 1735 1459 est,
1747 1426 1789 1452 uti:

999 1471 1054 1506 jam
1070 1471 1137 1504 dixi,
1153 1471 1241 1499 nullus
1257 1479 1351 1499 eorum
1366 1476 1520 1503 accusatur,
1532 1476 1578 1498 aut
1591 1471 1614 1498 si
1628 1476 1786 1504 accusatur,

159 1518 323 1554 ἐλεγχόντων
335 1527 342 1534 ·
360 1518 407 1546 καὶ
426 1519 525 1554 μᾶλλον
538 1519 552 1545 ὁ
566 1518 684 1553 ἐλέγχων
705 1517 918 1550 ἐπιϐουλεύεται,
933 1517 949 1553 ἢ

1002 1525 1053 1545 non
1071 1517 1223 1551 judicatur,
1241 1517 1283 1545 vel
1298 1518 1319 1545 si
1333 1518 1493 1553 interrogari
1505 1518 1640 1550 videatur,
1651 1518 1792 1545 damnatis

160 1566 175 1592 ὁ
186 1566 334 1598 ὑπεύθυνος
342 1565 410 1596 ὅλως
418 1566 588 1601 ἐντρέπεται.
602 1564 707 1596 Πάντες
722 1561 767 1591 οὗν
782 1564 837 1600 (55)
849 1565 873 1591 of.
885 1564 949 1600 παρ’

1004 1563 1036 1591 iis
1052 1564 1096 1598 qui
1113 1571 1142 1591 se
1157 1564 1369 1597 convincebant,
1387 1564 1444 1599 ipse
1466 1564 1620 1592 declaratur
1647 1564 1785 1592 innoxius.

160 1612 250 1645 αὐτοῖς
266 1611 359 1647 μεστοὶ
376 1610 462 1646 ῥύπου
476 1611 655 1645 τυγχάνουσι·
678 1610 725 1636 καὶ
737 1610 762 1636 oi
779 1611 844 1646 παρ’
859 1610 950 1642 αὐτοῖς

160 1658 339 1690 κατάσκοποι,
355 1657 386 1683 οὐ
400 1656 455 1692 γὰρ
472 1656 626 1688 ἐπίσκοποι,
654 1655 753 1690 μᾶλλόν
769 1656 822 1682 εισι
839 1656 948 1683 πάντων

160 1701 358 1738 ῥυπαρώτεροι.
371 1700 426 1727 Καὶ
437 1699 463 1727 εῐ
473 1709 515 1732 τις
530 1700 595 1735 παρ’
610 1700 700 1731 αὺτοῖς
716 1696 863 1731 ἐπίσκοπος
880 1699 950 1726 θέλει

159 1747 296 1783 γενέσθαι,
310 1746 360 1773 οὐκ
375 1745 469 1773 ἀκούει
480 1754 487 1761 ·
501 1745 551 1772 Δεῖ
562 1745 615 1772 τὸν
626 1745 795 1772 ἐπίσκοπον
805 1745 949 1779 ἀνεπίλη-

159 1800 236 1819 πτον
251 1790 326 1819 εἶναι
336 1800 342 1806 ·
358 1790 427 1818 ἀλλὰ
452 1791 530 1826 μόνον
540 1799 547 1806 ι
564 1790 658 1825 Φρόνει
672 1790 742 1816 κατὰ
758 1790 887 1825 Χριστοῦ,
902 1790 950 1817 καὶ

162 1838 199 1874 μὴ
216 1837 341 1874 φρόντιζε
358 1837 422 1873 περὶ
436 1836 543 1872 τρόπων
556 1835 610 1871 (54)
621 1844 627 1850 ·
642 1835 722 1871 ἀρκεῖ
737 1835 791 1871 γὰρ
808 1835 894 1862 ἐκεῖνό
908 1844 949 1863 σοι

160 1883 228 1919 πρὸς
237 1883 375 1914 σύστασιν,
393 1881 515 1917 καὶπρὸς
529 1880 660 1916 βασιλέως
672 1881 772 1915 φιλίαν.
786 1880 878 1907 Ταῦτα
891 1879 947 1916 (55)

162 1930 211 1966 μὲν
227 1930 292 1966 περὶ
309 1928 363 1956 τῶν
379 1928 414 1955 τὰ
428 1927 475 1955 τοῦ
497 1927 601 1962 Ἀρείου
619 1926 805 1963 φρονούντων·
821 1928 845 1954 οἱ
857 1927 884 1954 δὲ
899 1928 949 1963 τῆς

161 1976 288 2013 ἀληθείας
305 1975 433 2011 ζηλωταὶ,
449 1974 500 2001 κᾶν
512 1974 584 2009 ᾰγιοι
601 1974 648 2000 καὶ
660 1973 776 2009 καθαροὶ¹
787 1973 947 2008 φαίνωνται,

160 2023 232 2051 καθὰ
250 2024 388 2058 προεῖπον,
409 2021 465 2048 ἀλλ’
483 2021 628 2047 ὑπεύθυνοι
646 2020 778 2054 γίνονται,
799 2020 862 2047 61w
876 2016 949 2047 οὗτοι

161 2068 268 2099 θέλωσι,
285 2068 331 2094 κοῦ¹
346 2067 384 2098 ὡς
401 2067 433 2093 ἂν
449 2067 541 2098 αὐτοῖς
558 2066 634 2102 δοκῇ,
649 2065 785 2101 πρόφασιν
803 2065 948 2100 πλασαμέ-

161 2123 216 2146 νοις
227 2123 233 2130 ·
249 2113 382 2141 καὶτοῦτο
397 2113 495 2145 ἔξεστι,
515 2111 587 2139 καθὰ
604 2113 744 2147 προεῖπον,
761 2111 793 2137 ἐκ
810 2110 864 2138 τῶν
884 2111 947 2146 παρ’

161 2160 249 2188 αὐτῶν
260 2159 436 2195 πραχθέντων
451 2159 577 2185 συνιδεῖν.

1002 1609 1148 1646 Potiusque
1176 1616 1319 1639 accusator
1342 1612 1388 1646 qui
1415 1619 1490 1639 reum
1518 1612 1654 1639 convincit
1680 1612 1790 1639 insidiis

1002 1656 1114 1691 petitur,
1128 1664 1209 1692 quam
1224 1657 1282 1692 ipse
1295 1665 1357 1685 rens
1369 1657 1452 1694 274
1465 1659 1565 1693 pudore
1576 1658 1669 1693 aliquo
1683 1658 1787 1686 sullun-

1003 1702 1092 1729 datur.
1107 1702 1184 1737 Apud
1209 1703 1271 1731 illos
1299 1703 1390 1738 itaque
1416 1712 1494 1731 nemo
1510 1708 1552 1731 est
1573 1704 1636 1739 quin
1661 1704 1792 1732 sordibus

1002 1751 1125 1774 scateat:
1141 1755 1290 1784 eorumque
1306 1750 1441 1785 catascopi
1456 1770 1462 1781 ,
1479 1750 1504 1777 id
1532 1754 1574 1778 est
1588 1751 1786 1786 exploratores.

1003 1793 1074 1820 haud
1089 1793 1160 1821 enim
1178 1795 1298 1830 episcopi
1317 1796 1499 1829 nuncupandi,
1513 1796 1632 1822 omnium
1653 1796 1785 1824 sordidis-

1002 1838 1063 1865 simi
1078 1843 1150 1866 sunt.
1172 1838 1200 1867 Si
1216 1840 1277 1875 quis
1293 1841 1362 1875 apud
1378 1840 1438 1868 illos
1460 1845 1535 1876 optat
1560 1841 1703 1876 episcopus
1714 1849 1787 1873 esse,

1002 1882 1025 1910 is
1043 1884 1100 1911 haec
1115 1892 1167 1912 non
1183 1885 1258 1912 audit
1272 1894 1279 1913 :
1301 1885 1407 1921 Oportet
1421 1888 1581 1921 episcopum,
1600 1887 1790 1922 irreprehensi-

1002 1927 1078 1956 bilem
1095 1938 1149 1957 esse
1165 1932 1206 1964 ";
1225 1931 1271 1958 sed
1290 1931 1505 1960 solum:Conlra
1515 1931 1652 1961 Christum
1666 1934 1767 1961 sentias
1779 1955 1791 1967 ν
1827 1948 1832 1954 ο

1004 1982 1054 2002 nec
1068 1975 1101 2002 de
1115 1977 1235 2004 moribus
1253 1985 1332 2005 cures
1348 1983 1408 2005 :est
1424 1979 1496 2005 enim
1510 1979 1574 2006 illud
1591 1979 1639 2007 tibi
1661 1981 1738 2012 satis,
1758 1985 1789 2008 ut

1002 2021 1205 2049 commendatus
1221 2023 1447 2059 imperatorisque
1472 2025 1576 2053 amicus
1593 2026 1704 2055 evadas.
1725 2025 1788 2054 Haec

1002 2066 1035 2093 de
1050 2066 1084 2094 iis
1097 2068 1142 2103 qui
1167 2076 1228 2108 cum
1253 2069 1316 2096 Ario
1340 2071 1470 2098 sentiunt.
1485 2071 1612 2098 Veritatis
1630 2077 1719 2100 autem
1741 2080 1787 2100 se-

1002 2116 1137 2146 ctatores,
1157 2117 1332 2150 quantumvis
1352 2117 1457 2148 sancti,
1481 2118 1655 2153 quantumvis
1671 2120 1729 2154 puri
1746 2119 1787 2145 vi-

1003 2158 1129 2192 deantur,
1145 2161 1182 2188 uti
1205 2169 1286 2197 supra
1312 2163 1388 2195 dixi,
1407 2164 1446 2191 rei
1470 2164 1615 2197 habentur,
1634 2165 1686 2191 illis
1711 2164 1786 2191 arbi-

163 2211 235 2234 tratu
248 2214 297 2234 suo
307 2206 419 2233 crimina
436 2203 726 2232 eotuminiscenlibus:
747 2209 860 2237 eamque
873 2209 940 2235 rem,
961 2207 991 2230 ut
1015 2203 1117 2232 dictum
1133 2210 1195 2239 est,
1208 2215 1242 2234 ex
1265 2215 1358 2234 eorum
1381 2208 1465 2244 gestis
1489 2209 1690 2244 deprehendere
1712 2208 1774 2235 licet

199 2298 224 2325 4.
243 2297 298 2333 (56)
318 2296 466 2327 Εὐστάθιός
486 2304 528 2327 τις
546 2293 580 2330 ἦν
605 2295 753 2325 ἐπίσκοπος
775 2293 825 2328 τῆς
848 2293 949 2319 Ἀντιο-

1036 2293 1064 2321 ι.
1078 2294 1233 2323 Eustathius
1251 2297 1361 2331 quidam
1373 2297 1425 2323 fuit
1436 2297 1621 2324 Autiochenus
1633 2297 1787 2332 episcopus,

161 2344 246 2380 χείας,
262 2343 330 2380 ἀνὴρ
343 2342 520 2379 ὁμολογητὴς,
533 2342 580 2369 καὶ
592 2342 641 2377 τὴν
658 2340 748 2367 πίστιν
761 2339 885 2374 εὐσεϐής.
903 2336 952 2366 Οὗ-

161 2399 216 2422 τος,
232 2390 324 2425 ἐπειδὴ
341 2389 423 2420 πολὺς
438 2387 472 2424 ἧν
491 2388 578 2424 ζηλῶν
589 2387 659 2422 ὑπὲρ
682 2386 731 2422 τῆς
745 2385 883 2421 ἀληθείας,
901 2386 950 2419 τήν

161 2446 191 2464 τε
212 2436 352 2473 Ἀρειανὴν
362 2436 466 2472 αἵρεσιν
485 2435 583 2470 ἐμίσει,
598 2435 644 2460 καὶ
658 2433 720 2464 τοὺς
736 2431 901 2467 φρονοῦντας
916 2431 950 2458 τὰ

162 2482 267 2517 ἐκείνης
289 2481 338 2508 οὐκ
355 2481 471 2516 ἐδέχετο,
492 2479 661 2506 διαϐάλλεται
676 2477 873 2512 Κωνσταντίνῳ
894 2476 950 2512 (57)

202 2540 246 2566 ’⁸1
263 2539 333 2566 Tim.
349 2546 389 2570 In,
405 2537 421 2564 ἓ

198 2608 253 2644 (50)
273 2609 318 2636 Sic
332 2608 398 2641 Reg.
416 2607 497 2644 Ediji,
513 2607 582 2642 μετὰ
591 2607 777 2643 γραμμάτων.

199 2644 253 2678 (51)
270 2645 322 2670 Ἤν
337 2644 411 2670 deest
423 2644 447 2670 in
461 2643 543 2678 Basil.

197 2677 253 2714 (52)
268 2679 347 2706 Forte
361 2678 431 2714 κατὰ.
450 2677 618 2704 Ἀθανασίου.

198 2715 254 2749 (55)
268 2714 332 2747 Reg.
350 2713 426 2748 γοῦν.

210 2750 255 2784 δι)
265 2745 385 2783 δίέιίεέε.
395 2748 492 2776 etedit.
502 2747 607 2776 Comm.
616 2747 688 2776 Edit.
698 2754 761 2774 vero
772 2746 870 2777 Paris.,
883 2745 948 2780 περὶ

214 2793 272 2811 πον.

198 2820 253 2854 (55)
272 2819 335 2853 Reg.
348 2817 470 2846 τοιαῦτα.
540 2853 544 2854 ν
582 2853 601 2854 7
680 2852 685 2854 _
700 2852 716 2854 __
897 2849 923 2854 _.

199 2847 360 2891 (5ϋ)ΑΙῖ;ιηι
385 2853 561 2891 ili-positionis
582 2852 716 2891 Eustathii
742 2857 851 2891 causam
877 2849 940 2891 aiio-

164 2885 226 2918 runt
242 2885 428 2919 llieronvmus}
446 2890 581 2918 Sacranas.
596 2889 762 2916 Sozomenus
775 2891 803 2914 et
818 2885 945 2914 Theodo-

161 2793 177 2812 τ

1004 2341 1147 2368 confessor
1166 2349 1198 2368 ac
1216 2341 1272 2369 'lide
1296 2343 1365 2376 pius.
1387 2343 1410 2370 ls
1436 2351 1495 2370 cum
1516 2345 1658 2370 veritatem
1682 2351 1790 2371 summo

1004 2385 1093 2412 studio
1109 2390 1239 2418 tueretur,
1254 2392 1382 2422 essetque
1400 2387 1507 2414 Ariame
1527 2388 1620 2415 haeresi
1637 2388 1789 2415 inl'ensissi-

1004 2438 1075 2463 mus,
1091 2431 1288 2466 lizereticosque
1304 2433 1363 2459 illos
1379 2441 1431 2460 non
1446 2433 1619 2465 admitteret,
1637 2432 1706 2467 apud
1717 2432 1790 2460 Con-

1005 2477 1153 2503 stantinum
1174 2477 1365 2511 imperatorem
1388 2478 1571 2511 insimulatur,
1590 2478 1706 2506 coulicta
1732 2480 1789 2506 cri-

1000 2607 1086 2635 retus,
1100 2602 1170 2637 quod
1187 2610 1282 2637 nempe
1298 2611 1312 2629 a
1334 2602 1490 2630 muliercula
1504 2603 1607 2630 delallls
1622 2602 1713 2632 fuerit.
1728 2610 1790 2637 qua:

1001 2646 1029 2666 se
1043 2639 1127 2665 illium
1141 2646 1173 2664 ex
1189 2639 1328 2665 Eustathio
1345 2639 1495 2672 suscepisse
1504 2639 1693 2665 mentiebatur.
1707 2639 1790 2664 Anmt

1001 2674 1064 2700 item
1082 2674 1158 2700 Socr.
1173 2679 1200 2700 et
1212 2673 1324 2700 Sozom.
1339 2674 1411 2700 illum
1428 2674 1626 2701 Sabellianistui
1646 2673 1731 2699 fuisse
1744 2680 1789 2699 at:-

1001 2714 1134 2736 cusatom.
1156 2709 1209 2735 Sed
1229 2708 1294 2735 nihil
1314 2714 1444 2743 repugnat
1465 2709 1538 2735 varia
1560 2709 1673 2735 crimina
1695 2712 1790 2734 sam-tu

1001 2745 1108 2777 praasnli
1127 2744 1160 2769 ab
1178 2744 1311 2770 lueretlcis
1328 2744 1450 2777 imposita
1476 2744 1568 2771 fuisse.
1588 2743 1643 2771 Hac
1659 2744 1691 2769 de
1706 2750 1733 2768 re
1749 2743 1790 2768 fu-

1002 2779 1058 2805 sius
1078 2779 1104 2804 in
1119 2777 1347 2814 AthanasiirVila.
1365 2779 1504 2814 Chrysost.
1523 2785 1542 2805 t.
1558 2778 1567 2805 ι
1587 2778 1723 2806 ιιοιιιῑιίοιιι
1750 2778 1790 2804 in-

1001 2817 1102 2846 tegrant
1124 2814 1155 2845 in,
1166 2814 1236 2840 hunc
1251 2813 1426 2840 Eustathiuni
1435 2814 1540 2841 habuit.

1026 2849 1091 2884 .(37)
1106 2848 1170 2875 Editi
1185 2848 1375 2884 Κωνσταντίῳ.
1390 2850 1424 2876 At
1436 2850 1500 2883 lieg.
1516 2849 1600 2883 prima
1617 2856 1696 2875 manu
1711 2849 1791 2884 Κωντ

1000 2883 1141 2917 σταντῖνῳ,
1157 2884 1218 2911 hinc
1229 2885 1316 2912 deleto
1328 2893 1342 2911 ν
1360 2884 1459 2912 factum
1475 2891 1516 2912 est
1528 2884 1717 2912 Κωνσταντίω.
1737 2883 1791 2912 Sed
