2007 3044
170 158 217 186 ’101

642 154 805 184 HISTORIA
822 154 1027 183 ARIANORUM
1046 155 1092 182 AD
1111 153 1312 183 MONACHOS.

1737 157 1790 184 τινα

168 213 265 240 ἑαυτοῦ
279 213 380 246 πίστιν,
394 214 427 250 ἢν
443 216 489 242 καὶ
504 217 519 251 ἡ
542 217 756 252 κατὰ·Σαρδικὴν
778 215 884 247 σύνοδος
898 215 947 242 ἀπ-

1007 215 1127 250 synudus
1145 214 1311 249 approbavit.
1329 213 1476 242 Eusebiani
1492 222 1557 242 vero
1577 211 1713 250 neque‘se
1727 223 1792 250 pur-

168 259 280 292 εδέξατο
289 268 296 275 ο
307 261 331 286 οἱ
340 260 367 286 δὲ
376 261 439 296 περὶ
448 262 576 288 Εὐσέῦιον
584 261 645 288 οὔτε
654 262 866 298 ἀπελογήσαντο,
882 260 955 293 οὔτε,

169 304 341 340 ἐλεγχόμενοι
357 305 386 338 ἐξ
403 303 440 333 ὧν
465 306 586 342 ἔγραψαν
611 307 729 339 ἀσεϐεῖς,
757 308 954 343 ὲνετράτησαν,

168 351 235 377 ἀλλὰ
254 352 299 378 καὶ
320 351 419 387 μᾶλλον
437 353 614 388 ἐθρασύνοντο
635 353 705 380 κατὰ
736 353 860 380 πάντων·
886 351 958 388 εἶχον

168 396 222 431 γὰρ
237 396 286 432 τὴν
298 397 366 432 πρὸς
385 397 495 432 βασιλέα
512 399 587 435 παρὰ
597 399 650 426 τῶν
666 400 802 434 γυναικῶν
819 399 956 433 σύστασιν,

167 442 214 468 καὶ
230 443 312 468 πᾶσιν
324 441 393 478 ἦσαν
404 443 522 479 φοϐεροί.

203 489 230 516 7.
249 489 317 524 Περὶ
335 489 363 516 δὲ
376 490 483 516 Παύλου
496 489 543 516 τοῦ
566 491 615 525 τῆς
632 490 837 516 Κωνσταντίνου
852 490 956 522 πόλεως

168 534 329 565 ἐπισκόπου,
342 535 443 570 νομίζω
465 535 565 570 μηδένα
582 535 702 570 ἀγνοεῖν·
718 537 772 571 ὅσῳ
789 536 842 571 γὰρ
859 537 957 570 ἐπιφα-

166 578 214 614 νὴς
227 580 243 614 ὴ
259 579 344 610 πόλις,
358 579 477 615 τοσούτῳ
494 580 579 606 καὶτὸ
589 581 734 616 γενόμενον
750 581 779 607 οὐ
793 581 954 617 κέκρυπται.

167 624 222 659 (45)
239 625 293 651 Καὶ
306 625 376 651 κατὰ
391 625 486 652 τούτου
499 625 588 652 τοίνυν
606 626 741 661 πρόφασις
754 625 885 661 ἐπλάσθη.
902 626 956 652 Καὶ

165 670 219 706 γὰρ
233 671 247 696 ὁ
261 671 452 706 κατηγορήσας
466 671 547 698 αὑτοῦ
563 672 736 703 Μακεδόνιος,
753 673 768 698 ὁ
783 671 829 698 νῦν
849 672 956 698 ἐπίσκο-

167 724 217 747 πος
236 715 293 742 ἀντ’
308 716 389 742 αὑτοῦ
406 717 560 752 γενόμενος,
577 718 718 753 παρόντων
733 719 748 752 ἡ
753 717 810 752 μῶν
826 717 894 744 κατὰ
907 717 955 752 τὴν

165 761 341 796 κατηγορίαν,
361 762 557 799 κεκοινώνηκεν
569 763 652 798 αύτῷ,
669 764 715 790 καὶ
728 763 910 799 πρεσϐύτερος
922 761 955 798 ἦν

166 805 211 832 ὕπ’
225 806 304 832 αὐτὸν
333 806 378 833 τὸν
391 807 504 835 Παῦλον.
530 807 585 833 Καὶ
607 808 692 842 ὅμως,
715 807 808 842 ἐπειδὴ
826 807 955 839 Εὑσέὅιος

165 852 356 888 ὲπωςρθαλμία,
372 853 456 880 θέλων
472 854 594 889 ἁρπάσαι
612 853 661 889 τὴν
674 853 824 889 ἐπισκοπὴν
840 854 889 888 τῆς
905 854 954 879 πό-

1009 266 1116 295 garum.
1128 267 1216 294 neque
1232 260 1326 294 puduit
1338 267 1385 287 eos
1397 267 1429 287 ex
1442 261 1552 295 scriptis
1565 262 1622 289 suis
1640 261 1792 296 impietatis

1009 307 1092 333 fuisse
1104 306 1244 332 convictos
1260 315 1266 333 :
1284 306 1329 333 sed
1349 306 1478 333 audacius
1494 307 1622 333 adversus
1636 314 1731 334 omnes
1744 307 1787 334 in-

1007 356 1194 379 surrexerunt.
1225 351 1292 378 Nam
1326 353 1397 386 apud
1426 352 1616 386 imperatorem
1647 353 1792 380 mulierum

1008 399 1239 426 commendatione
1266 399 1410 432 plurimum
1440 399 1585 432 valebant,
1610 400 1791 434 omnibusque

1007 444 1142 472 formidini
1157 449 1245 471 erant.

1042 490 1066 516 7.
1084 490 1158 522 Quod
1188 489 1299 516 Paulum
1327 496 1392 516 vero
1415 494 1518 524 spectat
1540 489 1791 525 Constantinopolis

1006 535 1171 569 episcopatui,
1196 535 1329 561 neminem
1348 535 1471 569 ignorare
1490 537 1617 568 arbitror,
1640 544 1694 571 quo
1716 537 1788 564 euitn

1006 581 1103 607 clarior
1121 580 1194 612 urbs,
1211 587 1243 606 co
1261 579 1349 606 minus
1370 580 1493 607 obscura:
1513 579 1614 607 fuerint
1634 588 1676 608 res
1693 581 1727 608 ibi
1744 588 1792 616 ge-

1006 632 1064 653 stae.
1081 625 1172 660 Itaque
1191 626 1321 652 adversus
1338 626 1409 652 hunc
1421 627 1502 652 etiam
1524 634 1620 654 causas
1643 627 1790 654 commenti

1006 676 1077 698 sunt.
1109 673 1213 698 litt-nim
1238 670 1421 703 Macedonius,
1443 673 1488 707 qui
1515 672 1592 699 nobis
1614 673 1791 707 praesentibus

1005 725 1065 745 eum
1093 718 1241 750 accusavit,
1265 718 1366 753 quique
1396 716 1451 750 jam
1479 718 1621 752 episcopus
1654 718 1712 752 ejus
1731 717 1791 745 loco

1005 768 1112 790 creatus
1133 769 1184 796 est,
1212 772 1271 791 cum
1299 772 1331 792 eo
1352 764 1560 790 communicavit
1583 768 1611 790 et
1628 763 1678 790 sub
1695 763 1789 791 eodem

1004 807 1086 835 Paulo
1101 809 1239 844 presbyter
1255 810 1311 836 fuit.
1328 809 1466 840 Attamen,
1481 816 1540 835 cum
1557 809 1700 836 Eusebium
1720 809 1790 836 illius

1006 853 1079 879 urbis
1100 854 1270 888 episcopatus
1296 853 1439 881 invadendi
1457 853 1503 888 (ita
1528 854 1599 881 enim
1619 854 1674 888 jam
1692 855 1790 889 Beryto

167 886 235 929 λεως
252 886 332 933 (οὕτω
347 898 401 934 γὰρ
417 899 464 925 καὶ
486 886 539 925 ἀπὸ
566 886 689 934 Βηρυτοῦ
709 899 748 930 εἰς
831 886 947 934 Νικομή-

1007 898 1190 926 Nicomediam
1223 908 1251 926 se
1269 900 1454 936 transtulerat)
1482 900 1579 934 cupido
1611 901 1787 932 incessisset;

164 943 238 970 δειαν
262 943 414 979 μετῆλθεν),
433 944 538 980 ἔμεινεν
567 945 582 979 ή
600 945 735 980 πρόφασις
751 945 820 972 κατὰ
838 946 954 977 Παύλου,

164 988 212 1015 καὶ
233 989 282 1015 οὐκ
296 989 438 1024 ἠμέλησαν
457 990 507 1024 τῆς
525 989 680 1024 ἐπιϐουλῆς,
694 990 752 1016 ἀλλ’
770 990 879 1024 ἔμειναν
896 990 955 1016 δια-

165 1034 318 1066 ῦάλλοντες.
341 1035 398 1061 Καὶ
419 1035 449 1062 τὺ
466 1036 514 1070 μὲν
532 1035 638 1070 πρῶτον
661 1037 702 1067 εἰς
722 1035 767 1062 τὸν
790 1029 888 1062 Πᾶντον
914 1035 956 1068 ἐξ·

164 1080 269 1116 ωρίσθη
285 1081 360 1117 παρὰ
374 1081 563 1107 Κωνσταντίου
577 1080 631 1115 (46)
642 1089 648 1095 ’
664 1081 731 1107 τὸδὲ
741 1081 865 1116 δεύτερον
879 1081 954 1116 παρὰ

164 1127 363 1158 Κωνσταντίου,
383 1127 470 1159 δεθεὶς
492 1127 603 1153 ἁλύσεσι
621 1126 753 1162 σιδηραῖς,
772 1128 811 1157 εἰς
834 1127 955 1162 Σίγγαρει

163 1172 213 1207 τῆς
233 1173 446 1208 Μεσοποταμίας
468 1173 615 1209 ἐξωρίσθη,
642 1173 689 1199 καὶ
719 1172 824 1199 ἐκεῖθεν
846 1173 885 1203 είς
906 1172 954 1208 τὴν

166 1218 282 1253 Ἐμισαν
305 1218 465 1253 μετηνέχθη,
486 1219 532 1245 καὶ
555 1218 585 1244 τὸ
600 1218 728 1254 τέταρτον
744 1219 783 1249 εἰς
801 1218 954 1244 Κούκουσον

163 1263 212 1298 τῆς
229 1263 426 1296 Καππαδοκίας
448 1265 511 1299 περὶ
527 1264 560 1290 τὰ
582 1264 670 1300 ἔρημα
686 1264 731 1291 τοῦ
749 1264 857 1299 Ταύρου
869 1272 875 1278 “
892 1263 954 1290 ἔνθα

161 1308 209 1334 καὶ
224 1308 261 1339 ὠς
275 1310 299 1335 οἱ
313 1309 436 1340 συνόντες
452 1309 633 1344 ἀπήγγειλαν,
649 1309 811 1343 ἀποπνιγεὶς
828 1309 891 1344 παρ’
906 1309 955 1335 αὐ-

161 1355 225 1385 τῶν,
236 1355 404 1390 ἐτελεύτησε.
417 1355 500 1381 Τοῦτο
515 1356 605 1390 μέντοι
620 1355 778 1391 δράσαντες,
794 1355 842 1382 ούκ
856 1355 954 1391 ᾐσχύν-

162 1399 248 1434 θησαν
265 1400 310 1426 καὶ
330 1400 398 1435 μετὰ
412 1400 535 1430 θάνατον,
547 1401 571 1426 οί
588 1400 671 1435 μηδὲν
683 1400 869 1435 ἀληθεύοντες,
887 1400 953 1427 πλά-

162 1445 258 1471 σασθαι
274 1445 353 1471 πάλιν
369 1445 513 1480 πρόφασιν,
528 1445 565 1476 ὡς
579 1445 633 1472 ἀπὸ
650 1446 727 1472 νόσου
742 1445 953 1480 τελευτήσαντος

161 1490 253 1522 αὑτοῦ,
271 1490 359 1517 καίτοι
372 1490 451 1517 τοῦτο
466 1490 654 1524 γινωσκόντων
668 1490 779 1516 πάντων
794 1490 848 1516 τῶν
863 1484 953 1517 xarotl-

1008 945 1051 972 illa
1075 946 1100 971 in
1121 945 1232 972 Paulum
1255 947 1392 973 accusatio
1411 947 1578 980 perduravit,
1605 954 1654 973 nec
1670 946 1706 973 illi
1724 947 1790 974 insi-

1006 991 1064 1017 dias
1076 998 1140 1017 suas
1159 991 1314 1025 neglexere,
1329 992 1374 1018 sed
1393 991 1418 1018 in
1435 991 1576 1018 calumniis
1592 992 1648 1018 suis
1660 993 1788 1026 perstite-

1006 1038 1044 1062 re.
1065 1035 1098 1062 Et
1111 1037 1197 1068 primo
1212 1038 1320 1071 quidem
1333 1037 1431 1064 Paulus
1454 1044 1469 1063 a
1491 1037 1666 1064 Constantino
1681 1037 1707 1064 in
1723 1037 1790 1065 Pon-

1006 1086 1060 1106 tum
1078 1081 1212 1115 relegatus
1224 1087 1265 1108 est
1279 1090 1285 1108 :
1302 1082 1419 1108 secundo
1435 1086 1522 1108 autem
1532 1090 1547 1108 a
1559 1081 1718 1110 Constantio
1733 1083 1788 1110 {er-

1005 1127 1057 1153 reis
1073 1128 1175 1154 catenis
1193 1127 1310 1160 vinctus,
1327 1127 1449 1162 Singaris
1467 1127 1666 1162 Mesopotamiae
1678 1129 1789 1156 exs‘ula-

1004 1173 1042 1198 vit
1056 1181 1063 1199 :
1082 1173 1154 1200 illinc
1170 1178 1262 1207 postea
1278 1173 1400 1200 Etnesam
1411 1173 1556 1201 translatus
1569 1183 1576 1201 :
1591 1180 1688 1207 quarto
1700 1174 1790 1202 Cucu-

1005 1225 1062 1244 sum
1080 1218 1265 1252 Cappadociae.
1284 1218 1316 1245 ad
1331 1219 1436 1246 deserta
1455 1219 1547 1251 Tauri,
1559 1224 1586 1246 et
1601 1220 1691 1252 isthic,
1703 1225 1732 1246 ιιι
1743 1228 1788 1248 re-

1005 1264 1163 1291 nuntiarunt
1175 1265 1220 1298 qui
1236 1272 1297 1291 cum
1313 1273 1345 1292 eo
1359 1269 1448 1297 erant,
1468 1265 1502 1292 ab
1516 1266 1581 1300 ipsis
1591 1266 1788 1301 strangulatus,

1004 1309 1079 1336 obiit.
1095 1309 1142 1337 His
1165 1311 1200 1337 ita
1222 1311 1312 1345 gestis.
1335 1311 1400 1337 nihil
1421 1311 1498 1338 veriti
1520 1316 1592 1343 stmt,
1612 1312 1735 1340 homines
1750 1313 1789 1340 illi

1004 1354 1030 1381 in
1047 1354 1119 1381 nullo
1135 1363 1255 1386 veraces,
1269 1358 1328 1390 post
1345 1361 1456 1382 mortem
1471 1356 1528 1390 ejus
1546 1356 1613 1383 falso
1630 1364 1661 1382 ac
1677 1357 1789 1385 subdole

1004 1400 1175 1435 pervulgare,
1203 1401 1276 1428 illum
1305 1401 1401 1428 morbo
1427 1402 1589 1429 exstinctum
1606 1402 1698 1435 fuisse,
1726 1403 1790 1431 licet

1004 1454 1045 1473 res
1058 1447 1183 1473 omnibus
1198 1447 1243 1480 qui
1260 1455 1320 1473 eum
1336 1446 1424 1473 locum
1448 1447 1567 1474 int-olunt
1586 1454 1722 1482 comperta
1742 1450 1787 1476 sit.

1002 1491 1109 1519 Etenim
1131 1491 1283 1526 Philagrius
1302 1491 1347 1525 qui
1369 1497 1432 1518 tunc
1451 1493 1580 1526 temporis
1601 1500 1695 1520 eorum
1713 1493 1788 1521 loco.

161 1535 279 1562 κούντων
301 1536 345 1562 τὸν
360 1536 441 1562 τόπον
458 1537 570 1562 ἐκεῖνον.
588 1537 643 1562 Καὶ
659 1536 713 1572 γὰρ
732 1537 778 1562 καὶ
794 1537 947 1572 Φιλάγριος,

1005 1545 1060 1562 rum
1079 1537 1197 1563 vicarius
1207 1541 1277 1565 crat.
1295 1542 1322 1563 et
1335 1537 1454 1565 omnium
1476 1536 1638 1569 fabularum,
1655 1539 1787 1566 arbitratu

161 1581 284 1617 βικάριος
297 1581 335 1608 ὢν
353 1582 414 1608 τότε
428 1582 482 1608 τῶν
497 1582 586 1608 τόπων
603 1582 722 1614 ἐκείνων,
745 1583 792 1609 καὶ
807 1583 895 1609 πάντα
914 1583 948 1609 τὰ

161 1627 272 1654 ἐκείνων
289 1627 500 1663 ὑποκρινόμενος
525 1627 562 1658 ὡς
584 1627 616 1653 ἂν
633 1629 711 1654 αὐτοὶ
735 1628 859 1661 θέλωσιν,
874 1629 948 1664 ὅμως

161 1673 207 1699 ἐπὶ
227 1672 315 1708 τούτῳ
328 1672 484 1707 θαυμάζων,
498 1672 545 1698 καὶ
559 1672 689 1708 λυπηθεὶς
707 1673 781 1704 ἴσως,
798 1675 838 1700 ὅτι
855 1674 892 1710 μὴ
905 1675 953 1700 αὑ-

160 1719 217 1750 τὸς.
234 1718 291 1744 ἀλλ’
308 1718 399 1753 ἕτερος
418 1718 566 1753 εἰργάσατο
575 1719 606 1745 τὺ
619 1719 714 1751 κακὸν,
726 1720 875 1755 ἀπήγγειλε
888 1720 952 1746 πολ-

160 1764 215 1796 λοῖς
229 1773 257 1790 τε
272 1764 361 1796 ἄλλοις
376 1765 422 1790 καὶ
437 1764 584 1799 γνωρίμοις
597 1765 685 1800 ἡμῶν,
702 1766 797 1800 καὶτῷ
811 1767 952 1801 ὲπισκόπῳ

160 1809 324 1845 Σεραπίωνι,
340 1810 378 1841 ὡς
394 1809 499 1841 Παῦλος
516 1810 704 1842 ἀποκλεισθεὶς
713 1811 777 1846 παρ’
789 1812 898 1838 ἐκείνων
912 1813 952 1844 είς

158 1856 242 1882 τόπον
262 1855 323 1882 τινὰ
346 1855 514 1891 βραχύτατον
537 1856 584 1882 καὶ
609 1856 755 1888 σκοτεινὸν,
781 1856 878 1891 ἀφείθη
895 1857 950 1891 (47)

159 1901 231 1937 λιμῷ
242 1901 430 1937 διαφθαρῆναν
443 1899 501 1928 εἶτα
515 1901 572 1937 μεθ’
589 1903 696 1938 ἡμέρας
711 1903 749 1934 ἓξ,
763 1903 801 1934 ὡς
815 1903 949 1929 εἰσελθόν-

158 1957 204 1979 τες
219 1944 298 1983 εὗρον
315 1948 395 1974 αὑτὸν
413 1947 453 1974 ἔτι
469 1948 593 1979 πνέοντα,
607 1948 699 1974 λοιπὸν
717 1948 876 1980 ἐπελθόντες
900 1949 951 1975 ὰπ-

159 1993 272 2026 έπνιξαν
288 1994 333 2020 τὸν
346 1993 488 2029 ἄνθρωπον
498 2001 505 2008 ”
524 1993 570 2020 καὶ
586 1993 656 2020 οὕτω
672 1994 746 2025 τέλος
753 1993 815 2029 ἔσχε
828 1994 874 2020 τοῦ
890 1994 947 2029 βίου

157 2038 263 2065 τούτου.
279 2038 331 2064 Τοῦ
345 2038 373 2065 δὲ
393 2038 514 2065 τοιούτου
530 2039 643 2065 θανάτου
659 2039 782 2066 διάκονον
798 2039 890 2073 ἔλεγον
907 2048 951 2073 γε-

157 2084 288 2119 γενῆσθαι
300 2084 431 2111 Φίλιππον
443 2085 488 2111 τὸν
501 2085 644 2120 γενόμενον
656 2084 783 2120 ἔπαρχον.
808 2085 877 2111 Ἀλλ’
889 2085 949 2111 οὐδὲ

156 2130 236 2157 τοῦτο
247 2130 302 2166 (48)
317 2131 443 2166 παρεῖδεν
459 2132 475 2166 ἠ
490 2130 549 2157 θεία
566 2131 626 2166 δίκη
637 2139 643 2146 ·
662 2131 722 2157 οὐδὲ
740 2131 794 2166 γὰρ
808 2130 949 2167 παρῆλθεν

1002 1589 1107 1613 eorum,
1130 1583 1236 1614 histrio,
1258 1589 1317 1608 cum
1339 1586 1428 1608 tamen
1453 1582 1512 1609 ideo
1536 1583 1651 1610 fortasse
1675 1589 1787 1618 stupore

1002 1627 1141 1661 perculsus
1156 1634 1188 1654 ac
1204 1631 1316 1653 maestus
1331 1632 1413 1658 esset,
1429 1627 1499 1660 quod
1516 1634 1567 1654 non
1585 1628 1642 1662 ipse
1660 1628 1706 1656 sed
1720 1629 1789 1656 alius

1002 1672 1027 1698 id
1050 1672 1162 1699 sceleris
1187 1677 1379 1707 perpetrasset,
1403 1673 1552 1706 permultis.
1578 1680 1609 1700 ac
1625 1674 1786 1708 qnibttsdam

1000 1725 1032 1745 ex
1052 1719 1122 1745 notis
1135 1719 1244 1750 nostris,
1259 1718 1314 1745 imo
1325 1719 1374 1752 ipsi
1388 1719 1514 1753 episcopo
1531 1719 1672 1754 Serapioni
1687 1727 1788 1747 renun-

1002 1764 1077 1790 tiavit
1090 1763 1200 1790 Paulum
1219 1763 1253 1790 ab
1272 1764 1323 1790 illis
1341 1764 1366 1790 in
1386 1769 1499 1799 angusto
1511 1769 1538 1791 et
1554 1766 1697 1792 tenebroso
1716 1773 1785 1800 quo—

1001 1810 1062 1837 dam
1080 1811 1137 1838 loco
1161 1810 1292 1837 inclusum
1311 1810 1402 1842 fuisse,
1423 1815 1450 1838 ut
1468 1810 1539 1837 fame
1565 1811 1619 1838 illic
1639 1811 1784 1838 interiret:

1000 1857 1096 1883 deinde
1110 1862 1171 1890 post
1188 1863 1235 1883 sex
1249 1856 1316 1886 dies,
1331 1864 1392 1883 cum
1410 1864 1442 1883 eo
1465 1856 1589 1891 ingressi,
1606 1856 1679 1882 illum
1699 1856 1786 1883 adhuc

1000 1902 1147 1935 spirantem
1173 1902 1349 1934 invenissent,
1371 1902 1478 1929 demum
1498 1902 1632 1928 irruentes
1648 1902 1784 1929 hominem

999 1948 1183 1982 strangulasse
1201 1956 1208 1974 :
1225 1947 1360 1982 talemque
1372 1954 1468 1974 revera
1487 1948 1557 1974 illius
1571 1947 1673 1975 exitum
1690 1947 1783 1974 fuisse.

999 1993 1072 2020 Illius
1092 1999 1182 2021 autem
1209 1994 1362 2021 carniﬁcem
1392 1994 1478 2021 fuisse
1499 1994 1608 2020 aiebant
1631 1992 1784 2028 Philippum

999 2039 1061 2065 olim
1080 2039 1245 2073 praefectum.
1261 2039 1294 2065 At
1309 2040 1360 2067 hoc
1382 2039 1486 2066 facinus
1506 2039 1593 2066 divina
1610 2039 1725 2066 vindicta
1741 2038 1784 2065 iti-

999 2085 1083 2111 ultum
1098 2093 1149 2111 non
1167 2086 1315 2119 prteterivit
1327 2094 1334 2118 ;
1347 2093 1419 2112 anno
1433 2086 1531 2120 quippe
1549 2085 1665 2112 nondum
1680 2084 1783 2119 elapso,

999 2138 1060 2157 cum
1076 2130 1161 2158 multo
1178 2131 1309 2158 dedecore
1323 2130 1463 2166 Philippus
1480 2139 1493 2157 ιι
1517 2130 1677 2165 prtul'cctura
1690 2131 1783 2157 detur-

194 2242 249 2278 (45)
264 2241 295 2278 In
310 2241 361 2269 hoc
382 2241 440 2269 loco
454 2241 625 2276 explanando
641 2241 806 2278 desudat-unt
826 2241 875 2278 viri
896 2242 941 2269 do-
958 2242 982 2271 ῐ)
996 2241 1168 2278 subsecutum
1181 2246 1243 2278 Vest,
1265 2242 1380 2277 primum
1408 2242 1442 2269 ibi
1456 2246 1586 2269 memorat
1605 2241 1779 2269 Athanasius.

158 2276 244 2304 ctrina
257 2277 435 2308 celeberrimi.
453 2284 566 2310 quorum
591 2276 710 2303 nonnulli
727 2276 820 2303 vitium
835 2277 861 2302 in
878 2285 943 2303 con-

159 2317 232 2339 textu
247 2313 373 2346 suspicati
394 2317 466 2342 sunt,
485 2312 530 2337 sed
542 2312 675 2345 immerito
690 2319 767 2338 :nam
786 2311 858 2338 locus
872 2312 938 2338 bene

158 2347 249 2378 habet,
264 2348 325 2374 dum
343 2353 413 2374 recte
427 2348 594 2380 explanetur.
617 2347 697 2377 Ecce,
714 2352 806 2373 nostro
829 2347 936 2380 quidem

155 2382 266 2416 judicio,
289 2390 378 2409 veram
392 2382 530 2408 Athanasii
554 2382 726 2408 sententiain.
747 2381 801 2412 Ait,
816 2388 831 2407 a
850 2380 937 2408 Mace-

157 2417 240 2443 donio
257 2417 373 2443 delatum
399 2418 480 2443 fuisse
498 2416 620 2446 Paulum,
645 2424 673 2442 se
689 2422 831 2450 praesente,
858 2417 937 2443 idest

157 2459 228 2478 anno
238 2452 300 2483 558,
316 2460 375 2478 cum
390 2452 423 2478 ab
439 2451 534 2478 exsilio
546 2456 681 2477 revertens
689 2451 852 2477 Athanasius
867 2450 938 2477 Con-

157 2487 329 2518 stantinopoli
351 2486 527 2521 pertransiret
551 2495 556 2512 :
577 2487 622 2513 sed
644 2487 816 2512 nihilominus
844 2491 936 2520 postea

158 2521 244 2556 ipsum
262 2522 444 2548 Macedonium
466 2529 526 2548 cum
552 2521 635 2556 Paulo
659 2521 880 2556 communicasse,
904 2529 936 2548 ac

158 2558 207 2584 sub
219 2557 275 2590 ipso
287 2557 469 2592 presbyterum
486 2556 574 2582 fuisse.
592 2555 687 2592 Verum
706 2563 765 2592 cum
783 2555 936 2592 Constanti-

159 2592 318 2625 nopolitana:
336 2590 407 2618 sedis
431 2591 588 2618 invadendm
607 2591 704 2624 cupido
725 2590 879 2625 Eusebium.
892 2592 934 2617 in-

160 2627 293 2658 cessisset,
304 2627 510 2660 rediutegratam
527 2625 608 2652 fuisse
620 2626 844 2652 criminationem.
858 2625 935 2658 Quod

158 2667 245 2687 autem
257 2663 426 2695 subsequitur
443 2661 507 2687 ,καὶ
525 2660 555 2686 τὸ
575 2661 623 2695 μὲν
638 2660 757 2696 πρῶτον,
777 2665 840 2690 εις..
858 2661 933 2693 illud,

158 2697 276 2729 inquam,
293 2705 345 2722 lion
364 2696 448 2722 innuit
471 2696 584 2730 primum
597 2697 719 2722 exsilium
734 2698 767 2722 ob
781 2703 862 2729 supra
879 2703 935 2722 nte-

158 2737 287 2757 moratain
301 2731 446 2758 Macedonii
462 2731 659 2758 accusationem
673 2732 817 2764 irrogatqu
833 2730 931 2757 fuisse:

157 2768 291 2792 accusatio
307 2767 404 2800 quippe
422 2765 463 2792 illa
479 2771 538 2799 post
549 2771 661 2792 mortem
679 2766 845 2792 Constantini
862 2765 932 2791 facta

158 2801 222 2832 fuit;
239 2809 298 2831 cum
313 2808 412 2832 tamen,
430 2805 458 2827 ut
475 2801 517 2827 hic
533 2806 685 2831 enarratur,
699 2801 786 2834 primo
803 2800 934 2826 exsularit

157 2835 254 2862 l’aulus
275 2840 392 2869 tempore
410 2836 577 2862 Constantini
600 2835 696 2870 Magni.
724 2835 777 2862 Sed
790 2836 933 2861 occasione

156 2871 265 2899 secundi
284 2871 372 2898 exsilii
390 2871 460 2904 quod
481 2871 551 2898 illaut
572 2870 719 2898 Macedonii
734 2870 932 2898 accusationem

995 2276 1026 2302 Et
1036 2284 1100 2302 sane
1115 2285 1166 2303 non
1180 2277 1298 2303 insolens
1311 2277 1374 2303 illud
1393 2283 1434 2304 est
1454 2279 1522 2309 apud
1538 2278 1725 2308 Athanasium,
1739 2279 1781 2304 sic

992 2313 1069 2345 paulo
1084 2311 1150 2338 infra
1163 2321 1168 2338 :
1179 2311 1324 2347 Ὀλύμπιον
1338 2312 1365 2338 δὲ
1375 2311 1420 2338 τὸν
1435 2313 1489 2339 ἀπὸ
1501 2312 1598 2343 Δίνων,
1609 2312 1656 2338 καὶ
1669 2311 1780 2339 Θεόδου-

989 2345 1032 2372 λον
1048 2346 1094 2372 τὸν
1112 2346 1165 2373 ἀπὸ
1181 2347 1230 2382 τῆς
1244 2345 1490 2382 Τραϊανοῦ-πόλεως
1508 2366 1514 2372 .
1527 2367 1532 2373 .
1546 2367 1567 2373 ..
1581 2347 1672 2382 ἐπειδὴ
1693 2347 1780 2382 ἑωρά-

988 2389 1052 2407 κασι
1070 2383 1214 2414 μισοῦντας
1227 2382 1275 2416 τὴν
1288 2382 1401 2417 αἵρεσιν,
1419 2382 1538 2408 διέϐαλον
1557 2383 1586 2408 τὸ
1604 2382 1710 2416 πρῶτον
1729 2383 1779 2417 μὲν

987 2417 1012 2442 οἱ
1032 2417 1094 2451 περὶ
1111 2417 1251 2447 Εύσέὅιον,
1278 2418 1325 2443 καὶ
1357 2417 1460 2452 ἔγραψε
1484 2417 1609 2452 βασιλεὺς
1633 2418 1779 2452 Κωνστάν-

987 2459 1044 2487 "ito;
1057 2460 1063 2466 ⁸
1085 2452 1114 2478 τὸ
1128 2451 1252 2487 δεύτερον
1267 2453 1322 2484 καί,
1333 2451 1553 2486 θιεζοίῃηψὶιιηι
1564 2461 1623 2479 vero
1634 2451 1778 2485 diuorum,

990 2485 1489 2521 Theodulrunque'Trajnuouolilatium
1515 2507 1521 2514 .
1536 2506 1542 2513 .
1556 2507 1579 2514 ..
1604 2495 1661 2513 cum
1682 2488 1779 2515 lia'resi

987 2521 1103 2556 infensos
1124 2527 1267 2552 cernerent,
1291 2522 1446 2548 calumniuli
1470 2528 1541 2554 sunt,
1566 2523 1650 2556 primo
1673 2523 1778 2555 quidem

987 2554 1115 2582 Eusebius
1131 2564 1188 2582 cum
1205 2558 1269 2588 suis,
1289 2556 1441 2591 litterasque
1462 2558 1532 2583 dedit
1553 2554 1694 2591 imperator
1709 2557 1779 2589 βοη-

986 2591 1241 2626 σιιιιιιὶιικεεεαιιάο
1259 2596 1357 2622 autem,
1375 2597 1428 2618 etc.
1451 2592 1487 2618 lbi
1508 2597 1580 2626 patet
1595 2593 1712 2625 priorem
1730 2600 1771 2618 ca-

987 2625 1115 2651 lumniam
1131 2633 1181 2652 non
1200 2626 1232 2653 ad
1246 2627 1344 2653 seriem
1359 2627 1477 2654 historiae.
1497 2625 1633 2661 pertinere
1644 2647 1650 2659 ,
1664 2627 1711 2653 sed
1728 2634 1775 2653 0c-

986 2660 1094 2696 ca~ioue
1108 2661 1232 2688 secnudge
1245 2662 1387 2688 memorari
1401 2670 1409 2688 :
1429 2660 1505 2696 quod,
1515 2663 1576 2688 item
1590 2663 1622 2688 de
1637 2662 1776 2696 superiore

987 2694 1047 2721 loco
1064 2696 1217 2722 dicentium.

1022 2730 1076 2764 (46)
1092 2730 1136 2757 Sic
1149 2731 1213 2764 Heg.
1234 2731 1302 2757 Editi
1320 2738 1393 2762 vero,
1413 2731 1465 2758 ὑπὸ
1481 2732 1699 2760 Κωνσταντίνῦυ.
1712 2730 1773 2759 Mox

984 2764 1052 2799 Reg.
1071 2767 1110 2803 εις
1122 2766 1257 2803 Σίγγαιραιἰ
1267 2766 1335 2803 Editi
1353 2767 1393 2803 at;
1412 2767 1539 2803 Σίγγερα,
1555 2767 1634 2795 Basil.
1648 2768 1688 2800 είς
1702 2766 1773 2802 Σύγ-

983 2808 1065 2835 γαρα.
1082 2801 1141 2827 Mox
1156 2799 1222 2835 Reg.
1233 2799 1291 2827 εἶτα
1304 2802 1419 2828 ἐκεῖθεν.

1005 2835 1076 2871 ,(47)
1091 2835 1136 2862 Sic
1150 2836 1219 2871 ileg.
1233 2837 1302 2871 Editi
1315 2837 1446 2871 ἁφείσϐη.

1019 2870 1075 2905 (48)
1092 2871 1137 2898 Sic
1148 2870 1214 2906 Reg.
1235 2870 1303 2899 Editi
1316 2871 1422 2899 τοῦτον.
