2007 3044
223 125 276 154 703

507 124 536 152 S.
556 123 744 152 ATHANASII
759 123 840 152 OPP.
860 123 952 152 PARS
969 123 991 151 1.

1064 121 1250 150 ιιιδτοῐιιοίι
1271 121 1314 149 ετ
1332 119 1428 149 DOGM
1440 120 1553 147 ATICA.

1798 121 1850 148 7οι

223 185 301 211 Iustus
314 187 357 210 est
371 191 378 210 :
393 182 430 210 ita
443 187 472 209 ut
488 186 613 216 tanquam
631 182 760 217 privatus,
785 183 884 217 quibus
896 182 1004 210 minime

1061 181 1191 213 ἐνιαυτὸς.
1212 179 1259 207 καὶ
1286 178 1356 215 μετὰ
1378 178 1478 214 πολλῆς
1505 176 1616 212 ἀτιμίας
1642 175 1779 211 καθῃρέθη
1800 175 1850 210 τῆς

221 229 329 256 volebat
345 228 461 255 ludibrio
478 232 560 255 esset.
586 227 679 263 Itaque
703 228 848 255 admodum
866 229 963 259 tristis.
976 235 1009 255 ac

221 274 295 301 velut
305 274 370 301 Cain
386 273 568 308 gemebundus
581 281 613 300 ac
626 279 755 305 tremens.
773 281 833 300 cum
847 273 873 300 in
887 273 945 300 dies
961 281 1010 300 ex-

220 323 357 356 spectaret
375 319 420 353 qui
439 325 468 346 se
493 319 585 353 procul
600 319 686 354 patria
703 320 816 353 suisque
840 319 1008 350 cunl'odcret,

220 364 300 392 veluti
309 364 450 396 attonitus,
463 364 536 399 quod
544 364 601 391 hac
612 365 723 392 minime
734 363 880 398 placerent,
895 363 1007 390 interiit.

218 411 352 439 Caeterum
369 410 405 437 illi
422 418 456 437 ne
468 409 533 443 ipsis
546 410 657 445 quidem
668 409 783 437 mortuis
798 414 923 445 parcunt,
940 417 1009 444 quos

218 457 281 484 dum
302 457 422 483 viverem
437 455 562 483 conﬁctis
585 455 822 483 criminationibus
846 455 1008 482 adorieban-

218 508 271 530 tur.
290 502 373 538 276
395 501 436 528 lta
461 501 534 529 enim
551 509 611 530 sese
632 502 758 529 omnibus
774 501 910 529 terribiles
927 501 1007 528 exhi-

218 546 283 574 bere
304 551 440 582 satagunt,
460 550 489 573 ut
513 546 637 574 viventes
656 546 683 573 in
706 545 832 574 exsilium
856 550 951 581 agant,
976 549 1004 573 et

219 592 291 619 nulla
309 599 373 627 erga
391 592 531 619 defunctos
549 592 732 619 misericordia
762 596 919 618 moveantur
934 600 941 618 :
960 591 1007 618 sed

167 654 172 659 -
217 637 300 664 etiam
324 642 422 671 praeter
436 637 575 664 hominum
599 637 720 663 omnium
737 643 850 667 morem,
866 635 1007 663 delum-tos

217 682 280 710 odio
301 682 412 715 habent,
435 689 583 716 eorumque
595 681 720 709 aﬂiuibus
742 681 915 713 insidiantur,
929 680 1007 708 inbu-

219 728 293 755 mani
308 727 345 754 illi
362 735 395 754 ac
405 727 537 754 honorum
553 727 653 754 inimici
670 727 793 754 homines
808 727 848 754 vel
864 728 1005 754 immanis-

217 773 294 801 simis
313 773 436 801 hostibus
450 773 618 801 ell‘eratiores
641 783 648 800 :
666 781 752 809 eaque
766 774 858 802 omnia
881 773 1006 809 impieta-

218 819 253 846 tis
270 826 327 846 suae
343 827 424 846 causa
442 825 535 854 agunt,
559 827 611 848 non
631 819 702 847 enim
715 819 798 850 veris.
817 819 864 847 sed
879 819 1005 847 conﬁctis

1061 226 1148 261 ἀρχῆς
1160 226 1174 252 ὁ
1186 225 1328 256 Φίλιππος,
1351 223 1437 255 οὕτως
1457 223 1494 254 ὡς
1509 222 1616 258 ίδιὼτην
1631 229 1785 256 γενοιιενον,
1804 221 1850 254 ὑφ’

1058 268 1096 298 ὢν
1118 271 1169 298 οὐκ
1191 270 1270 306 ἡθελε
1285 269 1510 301 καταπαίζεσθαι.
1535 269 1608 295 Πάνυ
1624 267 1688 301 γοῦν
1703 266 1748 293 καὶ
1770 265 1850 298 αὐτὸς

1059 315 1235 351 λυπούμενος,
1259 316 1306 342 καὶ
1320 315 1390 341 κατὰ
1405 315 1452 340 τὸν
1469 314 1537 340 Κάῖν
1558 313 1657 339 στένων
1673 312 1720 338 καὶ
1729 311 1849 347 τρέμων,

1059 363 1106 389 καὶ
1122 362 1183 389 καθ’
1199 361 1304 397 ἡμέραν
1324 360 1480 397 προσδοκῶν
1501 361 1547 386 τὸν
1560 357 1722 394 ἀναιροῦντα
1735 357 1787 391 ἐξω
1800 357 1849 392 τῆς

1059 408 1156 435 ἑαυτοῦ
1170 408 1299 444 πατρίδος
1313 407 1361 434 καὶ
1381 406 1462 437 αὐτὸς
1476 406 1523 432 καὶ
1532 405 1587 432 τῶν
1600 405 1682 434 ίδίων.
1698 403 1792 438 ὥσπερ
1804 403 1849 429 ὲκ-

1059 454 1182 488 πλαγεὶς,
1199 453 1259 480 ἐπεὶ
1280 452 1316 489 μὴ
1330 452 1415 484 οὕτως
1440 451 1544 487 ἢθελεν,
1572 450 1700 478 ἀπέθανε.
1721 449 1793 485 Πλὴν
1807 449 1848 475 ὅτι
1865 455 1872 463 -'

1058 500 1104 527 καὶ
1122 500 1192 527 κατὰ
1213 500 1317 536 νεκρῶν
1342 499 1372 525 οὺ
1393 498 1538 534 φείδονται,
1561 497 1620 524 καθ’
1638 493 1676 522 ὧν
1701 495 1748 522 καὶ
1771 494 1847 526 ζώων

1057 546 1209 573 ὲπλάσαντο
1230 546 1381 582 προφάσεις
1392 553 1398 560 ·
1415 544 1486 571 οὕτω
1505 544 1558 579 γὰρ
1573 543 1684 573 ἑαυτοὺς
1698 541 1766 577 πρὸς
1778 541 1847 567 πάν-

1056 599 1106 623 τας
1126 590 1257 626 φοϐεροὺς
1281 589 1460 617 ἐπιδεικνύειν
1484 588 1663 620 ἐσπούδασαν,
1680 588 1727 614 καὶ
1744 586 1848 618 ζῶντας

1058 637 1108 672 μὲν
1125 636 1300 672 ὲξορίζουσιν,
1315 636 1499 667 ἀποθανόντας
1515 636 1543 662 δὲ
1558 636 1608 661 οὐκ
1630 634 1766 661 ἐλεοῦτειιν⁸
1780 633 1848 660 ἀλλὰ

1056 683 1104 710 καὶ
1119 683 1180 710 τότε
1195 683 1271 718 μόνοι
1283 682 1360 718 παρὰ
1372 683 1476 714 πάντας
1487 683 1549 714 τοὺς
1564 681 1723 717 ἀνθρώπους
1739 680 1848 715 μισοῦσι

1055 729 1118 760 τοὺς
1135 727 1313 759 ἀπελθόντας,
1329 728 1376 754 καὶ
1396 729 1452 759 τοῖς
1463 727 1574 759 οἰκείοις
1590 726 1679 754 αὐτῶν
1691 725 1848 753 ἐπιϐουλεύ-

1055 783 1142 805 ουσιν,
1171 775 1196 800 οί
1222 774 1260 809 τῷ
1281 773 1338 800 ὄντι
1362 773 1541 809 ἀπάνθρωποι
1563 773 1610 799 καὶ
1629 772 1778 808 μισόκαλοι.
1800 773 1848 798 καὶ

1057 820 1139 847 πλέον
1150 819 1255 856 ἐχθρῶν
1264 821 1310 846 τὸν
1320 820 1419 854 τρόπον
1430 819 1525 854 άγριον
1541 818 1659 854 ἔχοντες,
1672 818 1715 845 διὰ
1729 818 1777 854 τὴν
1787 818 1848 844 ἐαυ-

217 864 464 897 criminationibus,
482 864 558 892 nobis
575 865 688 899 aliisque
699 865 824 892 omnibus
835 865 1004 892 insidiantur.

1061 865 1111 892 τῶν
1124 865 1180 901 (49)
1195 864 1332 896 ἀσέϐειαν,
1359 865 1385 891 οί
1403 865 1440 900 μὴ
1463 864 1493 898 ἐξ
1513 864 1652 900 ἀληθείας,
1674 863 1730 890 ἀλλ’
1750 865 1782 890 ἐκ
1799 871 1848 890 πε-

217 911 378 946 πλασμένων
394 911 557 947 προφάσεων
577 911 643 947 ἡμῖν
656 919 687 937 τε
703 911 750 938 καὶ
769 912 826 943 τοῖς
838 910 941 947 ἑτέροις
954 910 1037 937 πᾶσιν
1055 910 1240 938 ἐπιϐουλεύειν
1256 910 1467 941 σπουδάσαντες.

252 968 279 995 8.
298 967 384 1001 (Anno
401 966 477 1002 358.)
493 966 549 995 Hoc
563 974 623 994 cum
637 967 811 994 adverterent
824 971 880 994 tres
893 967 1003 1000 intres,

217 1012 427 1044 Constantinus,
445 1013 632 1043 Constantius.
654 1017 682 1039 et
703 1012 848 1046 Constans,
865 1017 926 1048 post
945 1013 1004 1041 obi~

217 1063 274 1087 tum
289 1058 374 1093 patris
391 1058 432 1086 sui
450 1066 545 1086 omnes
554 1059 581 1086 ln
600 1059 714 1093 patriam
726 1063 753 1086 et
767 1058 913 1087 Ecclesiam
927 1066 1002 1086 suam

217 1105 319 1133 reverti
332 1104 470 1139 jusserunt
484 1112 493 1131 :
509 1105 555 1139 qui
576 1105 609 1132 de
623 1104 684 1131 aliis
699 1105 832 1139 episcopis
853 1104 887 1131 ad
906 1105 1000 1139 singu-

217 1153 304 1178 lorum
324 1150 458 1178 Ecclesias
485 1150 650 1185 rescripsere
665 1159 673 1177 :
688 1151 721 1177 de
740 1150 889 1178 Athanasio
909 1155 999 1178 autem

216 1195 278 1228 ista,
293 1203 355 1230 quae
369 1199 401 1223 et.
419 1195 472 1222 vim
494 1195 587 1222 hocin
612 1195 720 1230 negotio
743 1195 852 1222 allatam
877 1202 1002 1230 compro-

216 1242 292 1274 bant.
314 1246 342 1269 et
362 1241 574 1269 Eusebianorurn
597 1241 799 1277 sanguinarium
820 1241 940 1269 animum
953 1249 1001 1269 sr-

217 1292 314 1323 guunt.

219 1353 360 1389 Exemplar
382 1354 497 1388 epistolae
518 1353 684 1382 Commmini
701 1354 814 1382 Cesaris
833 1354 928 1389 populo
952 1363 1000 1382 ca-

339 1389 441 1417 tholum
460 1389 586 1417 Ecclesia
596 1390 666 1416 urbis
678 1388 876 1418 Alexandriam.

253 1475 306 1504 Nec
316 1482 401 1503 sacrm
414 1475 512 1503 mentis
523 1479 620 1503 vestra:
633 1475 755 1503 notitiam
774 1477 939 1512 praeteriisse
955 1484 999 1504 ar-

217 1521 313 1554 bitror,
331 1521 392 1548 ideo
412 1521 588 1549 Athanasium
605 1523 765 1550 venerandae
783 1522 848 1558 legis
863 1523 998 1558 interpre-

1061 1542 1094 1561 ιαι
1109 1521 1209 1568 γνῶσιν
1222 1521 1310 1570 οἶμαι,
1323 1521 1367 1563 διὰ

218 1573 282 1601 tem,
298 1572 351 1596 etc.
374 1567 490 1602 (Scripta
511 1575 591 1602 supra
610 1569 638 1595 in
659 1567 786 1595 Tractatu
813 1570 1003 1605 septuagesimo

216 1613 306 1649 quinta
316 1612 412 1647 alisque
423 1612 476 1639 ulla
491 1613 664 1649 discrimine.)
682 1612 748 1641 Vide
759 1621 785 1648 p.
803 1613 866 1641 l60.

254 1657 300 1684 liae
314 1663 376 1685 sunt
392 1658 443 1685 illae
455 1658 564 1687 litterae.
580 1659 780 1694 Coujurationis
801 1665 890 1687 autem
908 1668 1002 1688 eorum

216 1705 279 1739 quis
296 1704 364 1732 alius
383 1704 429 1732 illo
440 1703 492 1732 ﬁde
506 1705 612 1740 dignior
626 1706 779 1733 exstiterit?
791 1705 827 1733 ita
845 1707 946 1742 quippe
959 1707 1003 1735 ille

217 1750 337 1785 scripsit,
353 1758 414 1778 cum
432 1758 489 1778 rem
507 1751 674 1786 exploratam
692 1752 816 1779 haberet.

253 1796 280 1823 9.
297 1795 401 1831 Itaque,
420 1803 482 1824 cum
498 1797 670 1824 adverterent
685 1797 827 1825 Eusebiani
843 1797 931 1833 frangi
949 1798 1005 1825 hm-

219 1842 288 1869 resis
302 1848 358 1869 sua:
376 1842 458 1875 vires,
480 1842 585 1870 litteras
603 1842 728 1877 Romam,
756 1843 860 1871 litteras
885 1844 949 1871 item
971 1844 1004 1870 ad

190 1880 192 1882 ’
220 1887 397 1921 imperatores
421 1886 631 1915 Constantinum
652 1892 679 1915 et
700 1887 874 1916 Constantem
895 1889 1006 1915 mittunt

219 1933 348 1960 adversus
361 1933 547 1960 Athanasium.
564 1933 598 1961 Ut
611 1937 699 1961 autem
711 1934 851 1962 Athanasii
866 1935 945 1970 legati
958 1941 1006 1962 eo-

221 1985 279 2004 rum
302 1978 401 2012 scripta
422 1977 483 2005 falsi
505 1984 661 2014 arguerunt,
684 1987 745 2006 cum
767 1980 884 2007 maximo
904 1981 1005 2015 pudore

219 2023 254 2050 ab
286 2023 493 2058 imperatoribus
517 2023 555 2051 illi
578 2025 712 2058 repulsam
738 2026 832 2054 tulere.
862 2026 1001 2054 Romanus

219 2076 286 2096 vero
294 2070 434 2104 episcopus
445 2069 530 2097 Julius
545 2070 645 2098 litteris
657 2072 713 2098 suis
724 2071 864 2104 indicavit,
877 2079 930 2106 quo
947 2071 1004 2099 vcl-

219 2114 306 2142 lemus
323 2115 389 2148 loco,
403 2116 549 2151 cogendam
562 2117 692 2152 synodum
713 2125 791 2150 esse;
808 2122 837 2144 ut
853 2118 1005 2145 accusatis-

221 2168 269 2189 ues
284 2160 319 2188 illi
334 2162 408 2197 [suas
432 2170 509 2190 veras
525 2163 740 2198 comprobarent,
760 2163 811 2191 sibi
828 2171 891 2191 vero
917 2165 1006 2191 illatas

1092 966 1118 994 8.
1133 966 1227 993 Ταῦτα
1247 965 1413 1002 συνορῶντες
1433 966 1545 1002 οἰητρεῖς
1561 966 1680 1001 ἀδελφοὶ,
1704 967 1847 995 Κωνσταν-

1054 1015 1136 1045 τῖνος,
1155 1013 1353 1046 Κωνστάντιος,
1369 1013 1416 1040 καὶ
1434 1012 1575 1046 Κώνστας,
1590 1013 1721 1049 ἐποίησαν
1742 1013 1847 1046 πάντας

1057 1059 1125 1094 μετά
1140 1058 1253 1086 θάνατον
1266 1058 1313 1085 τοῦ
1327 1059 1430 1094 πατρὸς
1446 1058 1602 1085 ἐπανελθεῖν
1615 1060 1654 1091 είς
1664 1059 1713 1094 τὴν
1730 1060 1847 1095 πατρίδα

1053 1103 1102 1131 καὶ
1112 1104 1162 1139 τὴν
1183 1103 1346 1138 Ἐκκλησίαν
1356 1112 1363 1119 ·
1378 1104 1531 1140 γράψαντες
1547 1104 1611 1139 περὶ
1626 1104 1675 1139 μὲν
1692 1104 1745 1132 τῶν
1759 1105 1847 1133 άλλων

1056 1149 1110 1185 ἰδία
1137 1150 1171 1185 τῇ
1200 1149 1315 1177 ἑκάστου
1338 1149 1487 1185 Ἐκκλησία
1501 1158 1509 1165 ·
1537 1150 1602 1185 περὶ
1637 1150 1666 1177 δὲ
1688 1150 1846 1178 Ἀθανασίου

1054 1195 1152 1227 ταῦτα.
1176 1196 1194 1224 ἃ
1218 1196 1300 1224 πάλιν
1320 1196 1370 1232 τὴν
1391 1196 1440 1231 μὲν
1464 1195 1512 1223 τοῦ
1536 1196 1698 1232 πράγματος
1715 1196 1775 1231 βίαν
1794 1197 1848 1224 δεί-

1055 1249 1145 1274 κνυσι,
1169 1242 1219 1278 τὴν
1233 1242 1261 1268 δὲ
1276 1241 1331 1268 τῶν
1346 1242 1409 1277 περ).
1427 1241 1556 1269 Εὑσέϐιον
1573 1242 1732 1278 ἀνδροφόνον
1752 1243 1848 1279 προαί-

1055 1293 1131 1321 ρεσιν
1144 1286 1260 1322 ἐλέγχει.

1061 1352 1255 1392 Argi-(paper:
1277 1355 1507 1392 ιῳνοςςαντίνου
1534 1356 1685 1390 Καίσαρος
1709 1355 1751 1392 τῷ
1781 1356 1847 1389 λαῷ

1088 1390 1328 1425 {mammam
1359 1390 1538 1424 Ἐκκλησιας
1558 1392 1673 1425 πόλεως
1692 1391 1751 1418 τῶν
1771 1392 1848 1418 Ἀλε-

1090 1399 1145 1422 της
1164 1399 1288 1416 κασονιικ
1311 1400 1325 1422 ς

1090 1422 1242 1457 ξανὸρέων
1254 1399 1325 1460 (507).

1092 1488 1158 1516 Οὐδὲ
1174 1489 1224 1524 τὴν
1237 1489 1288 1524 τῆς
1305 1490 1439 1526 ὑμετέρας
1457 1492 1533 1527 ἱερᾶς
1552 1492 1657 1524 ἐννοίας
1669 1492 1848 1527 διαπεφευγέ-

1379 1537 1458 1564 τοῦτο
1476 1537 1633 1565 ’Δθανάσιον
1641 1538 1687 1564 τὸν
1699 1538 1747 1565 τοῦ
1760 1548 1847 1575 προσ-

1055 1580 1171 1615 κυνητοῦ
1184 1580 1265 1616 νόμου
1287 1581 1438 1617 ὑποφήτην.
1466 1583 1608 1618 (Ὲῃοὲίφη
1624 1583 1679 1620 (51)
1696 1585 1791 1612 ὀπίσω
1803 1587 1849 1618 εἰς

1054 1625 1108 1652 τὸν
1118 1629 1156 1652 os’
1174 1626 1269 1661 λόγον
1280 1626 1335 1662 (52)
1347 1628 1607 1664 ἀπαραλλάκτως.)

1090 1671 1131 1697 Τὰ
1145 1671 1196 1706 μὲν
1211 1670 1258 1699 οὗν
1272 1673 1412 1708 γραφέντα
1425 1674 1530 1701 ταῦτα’
1550 1674 1599 1710 τῆς
1610 1674 1639 1701 δὲ
1651 1676 1784 1712 domum
1799 1676 1850 1703 αὺ-

1054 1716 1108 1743 τῶν
1121 1716 1163 1748 τίς
1177 1716 1270 1753 ἕτερος
1284 1718 1441 1751 ἀξιόπιστος
1453 1719 1548 1746 τούτου
1561 1719 1666 1755 μάρτυς
1683 1721 1716 1747 ἂν
1727 1721 1848 1755 γένοιτοε

1055 1761 1142 1789 ταῦτα
1154 1762 1208 1798 γὰρ
1221 1762 1308 1795 εἰδὼς,
1325 1763 1396 1790 οὕτω
1409 1765 1457 1791 καὶ
1467 1765 1547 1797 αὐτὸς
1559 1765 1678 1801 ἔγραψεν

1090 1807 1117 1834 9.
1135 1808 1167 1833 Oi
1186 1808 1275 1842 μέντοι
1303 1808 1366 1844 περὶ
1388 1808 1525 1841 Εὑσέὸιον,
1552 1808 1697 1844 βλέποντες
1722 1810 1850 1837 ἐλαττου-

1057 1852 1141 1888 μένην
1165 1853 1255 1880 αὐτῶν
1278 1853 1328 1888 τὴν
1346 1854 1461 1890 αἵρεσιν,
1489 1855 1638 1890 γράφουσιν
1662 1857 1702 1887 είς
1727 1856 1849 1892 Ῥώμην,
1889 1862 1893 1866 ”

1055 1897 1192 1933 γράφουσι
1214 1898 1243 1924 δὲ
1265 1899 1311 1925 καὶ
1331 1900 1387 1930 τοῖς
1414 1899 1552 1934 βασιλεῦσι
1576 1900 1772 1935 Κωνοταντίνῳ
1799 1902 1849 1928 καὶ

1058 1942 1217 1969 Κώνσταν-ιι
1230 1943 1300 1969 κατὰ
1319 1943 1489 1970 Ἀθανασίου.
1509 1944 1552 1976 Ὠς
1564 1944 1593 1971 δὲ
1610 1945 1657 1972 καὶ
1671 1946 1697 1971 οι
1707 1945 1782 1980 παρὰ
1804 1946 1849 1972 Ἀ-

1056 1987 1184 2014 θανασίου
1205 1988 1404 2020 ἀποσταλέντες
1425 1989 1566 2025 διήλεγξαν
1589 1990 1623 2016 τὰ
1647 1991 1711 2025 παρ’
1736 1991 1849 2018 ἐκείνων

1057 2033 1207 2069 γραφέντα,
1221 2034 1295 2069 παρὰ
1314 2035 1362 2069 μὲν
1378 2034 1433 2061 τῶν
1453 2035 1583 2070 βασιλέων
1601 2035 1799 2072 ὲνετράπησαν.
1818 2037 1849 2062 '0

1056 2079 1086 2105 δὲ
1104 2079 1253 2111 ἐπίσκοπος
1273 2079 1382 2116 Ῥώμης
1404 2080 1512 2112 Ἰούλιος
1534 2081 1636 2116 ἔγραψε
1660 2082 1850 2117 χρῆναιγενέ-

1058 2124 1119 2151 σθαι
1134 2124 1251 2157 σύνοδον,
1276 2124 1340 2152 ἔνθα
1367 2124 1400 2152 ἂν
1418 2125 1600 2161 ὲθελήσωμεν,
1621 2127 1665 2153 ἵνα
1682 2127 1699 2155 ά
1716 2129 1765 2163 μὲν
1780 2137 1848 2156 κατ-

1056 2170 1188 2206 ηγοροῦσι
1198 2171 1317 2203 δείξωσι.
1326 2172 1390 2207 περὶ
1397 2171 1426 2198 δὲ
1432 2168 1469 2198 ὧν
1479 2172 1691 2208 κατηγοροῦνται
1702 2174 1748 2200 καὶ
1759 2175 1848 2205 αὐτοὶ,

219 2215 281 2235 cum
299 2207 394 2234 ﬁducia
405 2207 581 2242 depellerent.
596 2207 714 2243 ldipsum
733 2209 884 2245 presbyteri
902 2211 936 2237 ab
953 2211 1004 2238 illis

1061 2204 1222 2252 θαρροῦντες
1238 2204 1470 2252 ἀπολογήσωνται.
1495 2204 1651 2255 Τουτοπγὰρ
1675 2220 1723 2247 καὶ
1739 2221 1764 2247 οἱ
1782 2223 1849 2256 παρ’

220 2253 297 2281 missi
318 2259 457 2288 rogaram,
475 2261 535 2281 cum
553 2261 613 2281 sese
632 2254 693 2281 l'alsi
716 2255 856 2282 convictos
880 2256 1004 2284 adverte-

221 2304 291 2326 rent.
319 2299 365 2327 llis
391 2300 428 2326 ita
449 2299 531 2334 gestis
550 2300 630 2335 (auso
646 2299 728 2333 διο).
753 2307 814 2327 cum
836 2306 1006 2335 perspectum

221 2346 352 2372 haberent
376 2345 412 2372 illi
435 2345 460 2372 in
476 2346 601 2373 omnibus
621 2346 739 2380 suspecti
764 2347 897 2378 homines,
913 2354 942 2374 se
959 2355 1006 2374 ne-

220 2399 353 2425 quaquam
367 2391 553 2420 ecclesiastieo
565 2392 667 2427 judicio
679 2392 833 2426 superiores
848 2391 915 2425 fore,
935 2392 1006 2420 Con-

219 2437 349 2464 stantium
363 2437 475 2465 seorsim
489 2439 596 2471 adeunt,
618 2438 687 2473 apud
701 2446 793 2473 quem,
813 2444 905 2473 utpote
917 2440 1003 2466 imreh

220 2488 281 2508 seos
296 2487 439 2517 patronum
451 2482 528 2510 lletus
542 2485 710 2519 gemitusque
726 2483 900 2518 profundunt,
925 2484 1002 2511 Mise-

222 2531 294 2558 rare,
311 2525 425 2558 aientes.
441 2526 564 2554 haeresim
578 2535 585 2556 :
597 2528 688 2555 cernis
701 2535 717 2554 a
736 2528 812 2555 nobis
822 2535 916 2556 omnes
927 2528 1001 2555 dele-

220 2570 292 2597 cisse
314 2581 321 2598 :
337 2573 413 2606 pauci
433 2573 540 2600 demum
556 2574 642 2602 relicti
667 2581 760 2602 sumus
776 2582 782 2600 :
800 2581 860 2608 age,
874 2582 1002 2608 persecu-

219 2615 321 2644 tionem
336 2617 432 2652 incipe,
455 2619 675 2654 quandoquidem
689 2620 737 2656 ’vel
751 2627 766 2646 a
789 2620 882 2656 paucis
895 2620 947 2648 illis
961 2628 1004 2648 re-

255 2739 312 2777 (59)
328 2741 373 2769 Sic
384 2742 448 2777 Reg.
465 2747 492 2770 et
511 2743 592 2770 Basil.
612 2743 681 2771 Editi
694 2751 769 2776 vero,
784 2744 885 2772 αὐτῶν.

254 2775 313 2810 (50)
327 2777 392 2811 Reg.
413 2775 454 2804 his
472 2779 596 2805 omnibus
619 2780 727 2807 omissis
745 2784 784 2807 sic
805 2781 895 2811 habet,
920 2781 1000 2807 Κων-

220 2812 485 2850 εῖαντίνος-Καίσαρλ
494 2813 533 2850 τῷ
543 2813 598 2850 λαῷ
611 2815 660 2850 τῆς
672 2815 818 2850 καθολικῆς
842 2815 1003 2850 Ἐκκλησίας

220 2844 324 2877 πόλεως
341 2846 394 2872 τῶν
412 2844 617 2882 Ἀλέξανδρέών.

1055 2261 1146 2288 αὐτῶν
1159 2262 1358 2294 ἀποσταλέντες
1373 2262 1562 2298 πρεσϐύτεροι,
1580 2263 1723 2298 βλέποντες
1735 2265 1850 2297 ἑαυτοὺς

1054 2307 1261 2343 ἐλεγχομένους,
1283 2308 1402 2343 ἠξίωσαν
1419 2309 1554 2343 γενέσθαι.
1574 2310 1595 2335 Τ
1597 2309 1682 2337 ούτων
1697 2311 1787 2337 τοίνυν
1800 2320 1849 2345 γι-

1054 2352 1184 2386 νομένων,
1199 2352 1315 2388 ὸρῶντες
1324 2353 1438 2384 ἑαυτοὺς
1448 2353 1472 2378 οἱ
1489 2352 1556 2387 πρὸς
1570 2353 1658 2379 πάντα
1670 2354 1849 2388 τυγχάνοντες

1055 2397 1171 2424 ὕποπτοι
1187 2398 1223 2433 μὴ
1241 2397 1464 2433 περιγινομένους
1477 2399 1506 2424 ἐν
1521 2398 1732 2434 ὲκκλησιαστικῇ
1747 2399 1848 2435 κρίσει,

1055 2441 1249 2477 προσέρχονται
1272 2443 1346 2478 μόνῳ
1361 2443 1552 2479 Κωνσταντίῳ,
1571 2444 1618 2471 καὶ
1641 2445 1732 2472 λοιπὸν
1749 2445 1851 2472 ἀποδύ-

1057 2496 1157 2522 ρονται,
1174 2487 1212 2519 ὡς
1230 2488 1297 2523 πρὸς
1312 2489 1357 2514 τὸν
1382 2489 1429 2524 τῆς
1446 2489 1576 2524 αἱρέσεως
1593 2490 1748 2526 προστάτην
1760 2511 1768 2523 ,
1788 2492 1850 2518 Φεϊ-

1057 2541 1112 2564 σαι,
1128 2532 1261 2567 λέγοντες,
1279 2534 1329 2569 τῆς
1343 2534 1474 2569 αἱρέσεως
1484 2543 1490 2549 ·
1512 2536 1579 2570 ὁρᾷς
1595 2535 1697 2568 πάντας
1713 2536 1851 2564 ἀποστάν-

1057 2587 1107 2611 τας
1120 2578 1166 2613 ἀφ¹
1180 2579 1258 2614 ήμῶν
1270 2587 1277 2594 ”
1288 2579 1372 2614 ὀλίγοι
1387 2580 1479 2607 λοιπὸν
1492 2581 1642 2617 ἀπελείφθη
1647 2591 1696 2617 μεν
1709 2582 1775 2617 (55).
1789 2584 1851 2618 ’Δρ-

1058 2623 1101 2656 ξαι
1119 2623 1237 2656 διώκειν,
1261 2624 1322 2650 ἐπεὶ
1336 2624 1384 2651 καὶ
1408 2624 1484 2660 παρὰ
1508 2625 1562 2652 τῶν
1579 2625 1676 2660 ὀλίγων
1703 2627 1850 2662 ἀφιέμεθα,

1089 2747 1145 2781 (5|)
1162 2747 1217 2775 Hoc
1232 2748 1326 2775 ordine
1359 2748 1472 2776 habetur
1504 2749 1530 2776 in
1558 2749 1697 2777 Basiliensi
1719 2749 1812 2777 codice
1840 2757 1849 2777 :

1051 2782 1154 2819 Tepr
1163 2781 1214 2819 οὖν
1223 2783 1373 2819 γραφέντα,
1389 2789 1442 2819 etc.

1090 2817 1146 2851 (5‘2)
1163 2817 1296 2849 Βιιεὶίζείς
1310 2818 1355 2844 τὸν
1366 2822 1400 2844 os’
1415 2818 1503 2853 λόγον.
1520 2819 1550 2847 In
1564 2820 1644 2848 editis
1658 2822 1693 2846 σι’
1707 2818 1792 2846 deest.

1090 2852 1145 2887 (55)
1161 2853 1225 2887 Reg.
1241 2853 1453 2888 ὑπελείφθημιν.
