2007 3044
170 127 228 160 705

647 127 809 157 HlSTOl‘tlA
828 118 1035 155 ARIANORUM
1053 118 1099 154 Αι)
1118 120 1314 154 MONACHOS.

1737 128 1789 154 7015

171 187 219 214 καὶ
236 187 352 222 μένομεν
365 186 471 222 ἔρημοι.
486 185 539 217 Οὓς
552 185 607 220 γὰρ
619 185 796 221 ἐϐιασάμεθα,
807 185 909 212 τούτων
919 185 962 217 ἐξ-

1013 185 1171 220 linquimur,
1195 185 1347 218 desertique
1377 192 1527 212 manemus.
1552 183 1588 212 lis
1618 184 1702 217 enim,
1726 192 1793 218 quos

170 233 344 269 ορισθέντων,
355 232 466 264 τούτους
474 231 664 263 ἐπανελθόντες
678 231 788 258 ἔπεισαν
800 231 880 258 πάλιν
893 239 961 266 φρο-

171 279 226 307 νεῖν
240 278 300 305 καθ’
316 278 405 314 ἡμῶν.
418 278 525 313 Γράψον
538 275 584 305 οὖν
605 277 676 304 κατὰ
693 278 811 308 πάντων,
829 277 876 304 καὶ
890 277 960 312 πέμ-

171 325 221 359 ψον
231 324 374 360 Φιλάγριον
389 324 512 360 δεύτερον
528 323 645 361 ἔπαρχον
667 323 716 359 τῆς
738 323 875 357 Αἰγύπτου
885 332 891 338 ·
909 324 960 350 αὐ-

171 371 218 402 τὸς
235 370 290 405 γὰρ
303 370 462 405 ἐπιτηδείως
476 369 584 396 δύναται
599 369 716 401 διώκειν,
728 369 777 404 ἤδη
794 369 841 404 μὲν
858 371 890 405 τῇ
902 369 961 395 πεί-

174 425 209 452 ρᾳ.
224 416 322 448 δείξας,
336 416 451 451 μάλιστα
465 415 494 442 δὲ
509 415 556 442 καὶ
569 414 731 450 παραϐάτης
744 414 792 441 ὢν.
811 415 920 450 Πέμψον
933 414 960 440 δὲ

134 466 139 472 “
172 462 220 489 καὶ
230 461 380 497 Γρηγόριον
394 461 541 488 ἐπίσκοπον
561 461 600 492 εἰς
621 460 822 496 Ἀλεξάνδρειαν
832 469 838 475 ·
853 460 902 487 καὶ
914 458 960 488 οὗ·

173 517 219 542 τος
230 508 284 544 γὰρ
298 507 409 535 δύναται
426 507 557 543 συστῆσαι
575 507 623 542 τὴν
639 507 776 542 ἡμετέραν
791 507 906 542 αἵρεσιν.

209 641 251 668 10.
268 639 371 676 Γράφει
386 639 476 665 τοίνυν
498 639 557 665 τότε
577 638 775 670 Κωνστάντιος,
799 638 904 670 πάντας
932 639 960 665 δὲ

172 686 275 718 διώκει,
296 687 342 712 καὶ
358 686 460 720 πέμπει
480 685 623 720 Φιλάγριον
641 684 770 720 ἔπαρχον,
794 685 842 711 καὶ
863 685 960 720 Ἀρσά-

172 733 231 759 κιόν
245 741 305 760 τινα
323 732 449 767 εὐνοῦχον
460 740 467 747 “
491 731 594 766 πέμπει
610 731 638 757 δὲ
655 731 702 757 καὶ
721 731 869 767 Γρηγόριον
893 731 961 766 μετὰ

173 779 372 814 στρατιωτικῆς
389 778 520 811 ἐξουσίας.
534 778 589 804 Καὶ
600 777 712 803 τοιαῦτα
724 777 844 811 γέγονεν,
859 774 903 804 οἷα
915 777 962 803 καὶ

174 826 307 861 πρότερον
323 824 391 860 (54).
412 825 613 858 Συναγαγόντες
631 823 684 859 γὰρ
705 823 804 858 πλῆθος
826 823 961 858 βουκόλων

1013 229 1087 265 (post
1102 229 1208 264 fugatos
1221 230 1247 256 in
1265 229 1442 264 exsiliumque
1457 230 1553 258 missos
1564 230 1707 264 episcopos
1722 229 1792 266 illos)

1010 276 1043 302 ad
1060 279 1168 302 nostras
1197 279 1289 310 partes
1309 274 1335 301 vi
1359 274 1551 308 pertraximus,
1577 274 1676 301 reversi
1703 273 1742 300 illi
1759 274 1794 301 ab

1010 321 1116 353 exsilio,
1142 325 1334 355 persuaserunt
1356 325 1387 347 ut
1417 320 1558 347 adversum
1579 327 1629 347 nos
1649 319 1792 347 sentirem.

1010 365 1128 393 Litteras
1150 366 1230 400 igitur
1244 365 1333 392 scribe
1345 367 1474 392 adversus
1492 373 1595 398 omnes,
1613 364 1794 400 Philagrium-

1010 420 1063 446 que
1083 413 1201 439 secundo
1224 411 1331 447 Egypti
1345 410 1503 445 prtefectum
1520 411 1630 442 mittito.
1654 412 1700 445 qui
1724 415 1794 437 stre-

1010 459 1159 486 nuiSSimns
1178 463 1220 485 est
1237 458 1262 484 in
1280 459 1475 492 persequendo,
1491 461 1519 484 ut
1538 457 1705 491 experientia
1721 465 1795 485 com-

1011 509 1117 538 pertum
1131 508 1182 536 est,
1201 510 1262 529 cum
1284 502 1401 529 maxime
1415 502 1450 529 sit
1471 507 1604 536 apostata.
1621 502 1696 529 Mitte
1711 501 1792 529 etiam

1010 549 1171 583 Gregorium
1186 548 1378 575 Alexandriam
1394 548 1561 581 episcopum,
1585 548 1711 575 idoneum
1729 555 1795 577 sane

1011 595 1148 623 hominem
1167 595 1200 621 ad
1217 598 1336 621 nostram
1349 594 1536 621 stabiliendum
1551 595 1686 622 haeresim.

1047 642 1090 668 10.
1104 641 1189 675 (Διικο
1206 639 1280 674 541.)
1302 639 1418 666 Litteras
1437 640 1526 674 itaque
1549 641 1644 668 scribit
1665 641 1795 670 Constan-

1012 688 1077 720 tius,
1088 695 1118 714 ac
1132 688 1158 713 in
1171 694 1265 714 omnes
1279 691 1367 713 movet
1381 686 1607 721 persecutionem,
1619 687 1796 723 Philagrium-

1012 740 1064 766 que
1091 733 1183 764 mittit,
1203 740 1263 759 cum
1283 732 1395 759 Arsacio
1418 734 1533 766 quodam
1558 734 1692 761 eunucho.
1712 735 1796 763 Mittit

1013 779 1077 805 item
1092 777 1252 813 Gregorium
1268 785 1329 805 cum
1349 777 1457 804 tnilitari
1479 786 1581 805 manu:
1602 787 1700 814 resque
1713 789 1794 816 supe-

1013 823 1129 850 rioribus
1149 823 1252 851 similes
1267 828 1349 858 gesta:
1369 829 1446 855 sunt;
1468 829 1560 851 coacta
1576 825 1675 860 quippe
1690 826 1727 853 illi
1747 828 1794 854 bu-

173 872 220 898 καὶ
240 871 385 906 ποιμένων,
404 870 490 897 ἀλλων
509 879 538 896 τε
554 869 690 905 ἀγοραίων
701 870 748 896 καὶ
758 869 880 903 ἀσελγῶν
894 878 962 896 νεω-

1016 869 1166 903 bulcorum,
1182 870 1328 905 opilionum
1343 890 1350 902 ,
1373 870 1486 897 aliorum
1507 869 1651 898 forensium
1674 880 1704 900 ac
1719 878 1796 907 petu—

172 917 269 953 τὲρων,
287 916 355 952 μετὰ
369 916 452 950 ξιφῶν
462 916 508 942 καὶ
521 915 655 951 ῥοπάλων,
665 915 782 950 ἐπῆλθον
795 915 899 951 ἀθρόως
907 916 962 951 (55)

173 964 207 998 τῇ
223 962 357 998 ἐκκλησίᾳ
371 963 404 997 τῇ
429 961 583 997 καλουμένῃ
605 960 736 996 Κυρίνου·
756 961 803 987 καὶ
828 961 891 991 τοὺς
914 961 963 996 μὲν

173 1008 345 1040 ἀπέκτειναν,
361 1008 424 1038 τοὺς
437 1006 464 1034 δὲ
476 1007 677 1040 κατεπάτησαν,
692 1005 785 1037 ἄλλους
798 1014 828 1032 τε
846 1006 964 1042 πληγαῖς

175 1054 379 1089 κατακόψαντες
401 1054 441 1086 εἰς
455 1053 641 1089 δεσμωτήριον
654 1053 789 1083 ἐνέϐαλον,
804 1053 850 1079 καὶ¹
867 1052 962 1088 ἐξώρι-

174 1099 219 1132 ζον
229 1108 236 1115 ·
254 1099 352 1131 πολλάς
370 1108 399 1126 τε
417 1101 547 1134 γυναῖκας
559 1098 766 1135 κατασύροντες,
778 1096 866 1125 εἷλκον
878 1100 917 1130 εἰς
933 1099 963 1125 τὸ

174 1145 348 1180 δικαστήριον
359 1145 486 1180 δημοσίᾳ,
502 1145 549 1171 καὶ
561 1144 614 1170 τῶν
626 1144 725 1180 τριχῶν
741 1144 866 1176 ’ἐλκοντες
882 1143 962 1180 ὕϐρι-

175 1190 220 1224 ζον
231 1199 238 1206 ·
256 1191 352 1222 ἄλλους
371 1191 511 1226 ἐδήμευον,
527 1190 613 1218 ἄλλων
630 1190 728 1226 ἄρτους
749 1190 911 1226 ἀφῃροῦντο,
929 1189 961 1216 δι’

175 1237 250 1264 οὐδὲν
269 1238 370 1273 ἓτερον,
384 1237 400 1272 ἢ
423 1237 466 1263 ἴνα
481 1238 536 1268 τοῖς
561 1237 708 1272 Ἀρειανοῖς
720 1236 902 1272 προσθῶνται,
916 1237 964 1262 καί

176 1284 323 1320 Γρηγόριον
336 1283 463 1316 δέξωνται
479 1283 524 1310 τὸν
540 1283 594 1309 ἀπὸ
614 1283 744 1318 βασιλέως
766 1283 961 1309 ἀποσταλέντα.

213 1371 256 1398 Η.
276 1370 431 1402 Ἀθανάσιος
446 1370 494 1406 μὲν
509 1368 566 1401 οὖν,
579 1370 643 1406 πρὶν
654 1369 710 1406 (56)
725 1369 852 1404 γενέσθαι
864 1370 962 1402 ταῦτα,

176 1417 223 1444 καὶ
236 1416 314 1452 μόνον
330 1416 458 1448 ἀκούσας,
477 1415 607 1443 ἔπλευσεν
622 1417 661 1448 εις
677 1416 727 1451 τὴν
750 1415 869 1452 Ῥώμην,
885 1416 963 1449 εἰδώς

175 1470 206 1489 τε
219 1463 264 1489 τὸν
280 1462 363 1498 θυμὸν
378 1462 432 1489 τῶν
452 1462 607 1498 αἱρετικῶν,
632 1462 679 1489 καὶ
695 1463 747 1495 ἵνα,
765 1457 802 1494 «δέ
821 1463 928 1499 ἤρεσεν,
945 1464 960 1499 ἡ

177 1508 284 1540 σύνοδος
302 1509 430 1543 γένηται·
449 1510 462 1535 ὁ
488 1508 516 1535 δὲ
535 1509 641 1540 Ἰούλιος
663 1509 763 1544 γράφει
788 1510 835 1535 καὶ
859 1509 962 1544 πέμπει

176 1540 388 1591 πρεσϐυτέρους,
417 1555 549 1581 Ἐλπίδιον
570 1555 617 1581 καὶ
641 1540 789 1588 Φιλόξενον,
804 1540 960 1590 ὁρίσαςπκξαὶ

176 1599 353 1635 προθεσμίαν,
372 1600 416 1626 ἵνα
441 1599 458 1634 ἢ
486 1599 607 1632 ἔλθωσιν,
636 1599 652 1635 ἢ
675 1600 833 1633 γινώσκοιεν
851 1601 962 1632 ἑαυτοὺς

176 1645 312 1676 ὑπόπτους
327 1644 396 1671 εἶναι
408 1645 478 1671 κατὰ
493 1644 591 1670 πάντα.
616 1645 683 1670 Ἀλλ’
703 1646 726 1671 οἱ
739 1646 802 1681 περὶ
819 1646 960 1678 Εὑσέϐιον,

174 1691 213 1722 ὡς
231 1691 309 1726 μόνον
325 1691 444 1726 ἤκουσαν
459 1691 684 1726 ἐκκλησιαστικὴν
695 1691 804 1718 ἔσεσθαι
815 1692 914 1728 κρίσιν,
933 1694 962 1720 ὲν

175 1735 194 1773 ᾗ
214 1738 300 1774 κόμης
320 1739 350 1765 οὐ
373 1739 584 1774 παραγίγνεται,
608 1739 637 1765 οὐ
659 1738 822 1774 στρατιῶται
840 1738 893 1774 πρὸ
907 1739 961 1765 τῶν

176 1783 275 1820 θυρῶν,
291 1785 321 1811 οὐ
339 1785 469 1820 βασιλικῷ
485 1785 674 1820 προστάγματι
689 1785 723 1812 τὰ
735 1785 784 1819 τῆς
799 1785 906 1811 συνόδου
920 1793 963 1811 τε·

176 1829 294 1857 λειοῦται
319 1830 357 1866 (ὲν
370 1830 474 1862 τούτοις
499 1831 553 1867 γὰρ
571 1832 614 1858 ἀεὶ
638 1831 708 1858 κατὰ
733 1831 786 1858 τῶν
807 1831 961 1858 ἐπισκόπων

178 1874 301 1909 ἴσχυσαν,
318 1877 364 1902 καὶ
380 1877 444 1903 ἄνευ
463 1876 564 1903 τούτων
582 1877 694 1908 οὺδόλως
709 1877 823 1912 λαλῆσαι
844 1877 961 1912 Eur/{50'3—

178 1928 248 1956 σιν),
268 1921 338 1948 οὕτω
360 1921 540 1958 κατέπτηξαν,
559 1923 596 1954 ὡς
613 1924 675 1954 τοὺς
695 1923 744 1958 μὲν
763 1923 961 1958 πρεσϐυτέρους

177 1969 324 2003 κατασχεῖν
342 1969 388 1995 καὶ
408 1968 476 2004 μετὰ
492 1970 540 2005 τὴν
557 1969 734 2005 προθεσμίαν,
759 1970 910 1996 πλάσασθαι
932 1970 960 1997 δὲ

177 2013 312 2049 πρόφασιν
325 2015 454 2050 ἀπρεπῆ,
472 2014 573 2050 ὅτι-μὴ
594 2015 730 2050 δυνάμεθα
751 2014 797 2042 νῦν
821 2014 905 2041 ἐλθεῖν
918 2014 962 2041 διὰ

177 2060 241 2091 τοὺς
253 2060 327 2095 παρὰ
341 2060 453 2095 Περσῶν
470 2060 645 2095 γιγνομένους
666 2060 808 2096 πολέμους.
832 2060 916 2087 Τοῦτο
933 2061 961 2087 δὲ

177 2105 227 2132 οὐκ
238 2103 272 2141 ἦν
281 2105 387 2141 ἀληθὲς,
397 2106 463 2132 ἀλλὰ
473 2106 553 2140 φόϐος
563 2106 609 2133 τοῦ
621 2107 778 2138 συνειδότος,
791 2106 823 2132 Τί
838 2107 892 2141 γὰρ
909 2115 962 2133 κοι-

178 2151 222 2179 νὸν
238 2152 354 2187 πόλεμος
371 2152 438 2188 πρὸς
452 2153 630 2186 smne-now;
648 2153 759 2180 ’Ὴδιατί
775 2153 811 2188 μὴ
821 2153 961 2188 δυνάμενοι

178 2197 222 2224 διὰ
235 2199 297 2230 τοὺς
312 2198 420 2234 Πέρσας
438 2200 478 2230 εἰς
499 2198 608 2234 Ῥώμην
633 2199 729 2234 ἐλθεῖν,
747 2199 834 2225 καίτοι
854 2199 961 2234 μακρὰν
979 2206 999 2232 D

179 2243 342 2279 ἀπέχουσαν,
353 2244 399 2270 καὶ
413 2245 498 2280 πέραν
505 2244 637 2280 Θαλάττης
650 2242 742 2276 οὖσαν,
752 2245 812 2276 τοὺς
826 2245 875 2279 τῆς
889 2245 965 2271 Ἀνα-

178 2289 258 2324 τολῆς
269 2290 367 2321 τόπους
377 2290 424 2316 καὶ
438 2290 501 2321 τοὺς
517 2290 599 2324 ἐγγὺς
608 2290 718 2316 ἐκείνων
735 2291 914 2325 περιήρχοντο
927 2290 964 2322 ὡς

179 2335 295 2367 λέοντες,
313 2335 456 2370 ζητοῦντες
477 2335 519 2368 τίς
540 2336 631 2368 αὐτοῖς
652 2335 828 2369 ἐναντιοῦταί,
847 2336 890 2362 ἵνα
906 2335 964 2361 δια-

180 2381 322 2413 6άλλοντες
336 2380 506 2417 ὲξορίσωσιν;

218 2514 260 2540 12.
281 2514 396 2549 Ἀμέλει,
415 2514 478 2546 τοὺς
499 2513 698 2550 πρεσόυτέρους
715 2513 898 2544 ἀπολύσαντες
917 2513 964 2538 ἐπὶ

181 2564 214 2597 τῇ
229 2561 352 2596 ἀπιθάνῳ
367 2561 452 2596 ταύτῃ
472 2560 615 2596 προφάσει,
640 2560 799 2587 συνελάλουν
823 2559 961 2595 ἀλλήλοις·

187 2607 262 2633 Ἐπεὶ
275 2606 454 2642 μὴδυνάμεθα
463 2605 672 2641 ἐκκλησιαστικῇ
684 2606 901 2642 κρίσεικρατεῖν,
915 2604 963 2639 τὴν

182 2652 283 2688 συνήθη
296 2652 396 2687 τόλμαν
410 2651 614 2686 ὲπιδειξώμεθα.
632 2651 767 2687 Γράφουσι
783 2651 871 2678 τοίνυν
881 2650 962 2676 Φιλα-

217 2743 273 2779 (54)
291 2743 368 2778 πιθα..
383 2743 413 2770 τὺ
432 2742 647 2779 πρότερονὩιιω
661 2747 819 2777 sequuntttr,
836 2750 968 2779 enarran-

183 2777 226 2805 tur
251 2780 313 2805 item
332 2777 379 2813 per
391 2777 473 2805 totam
492 2777 632 2812 epistolam
648 2778 811 2812 encyclicam
824 2785 895 2806 anno
915 2778 963 2805 '5“

182 2812 373 2848 conscriptam,
394 2819 420 2842 et
436 2815 460 2839 in
473 2814 551 2847 epist.
563 2813 636 2843 Julii,
650 2821 724 2839 nunt.
744 2812 790 2840 £5.

216 2849 272 2885 (55)
284 2850 328 2877 Sic
341 2847 404 2884 Reg.
422 2847 538 2884 Ἀθρόως
553 2848 628 2875 deest
639 2848 666 2875 in
677 2848 764 2875 editis.

339 2896 475 2928 ΡΑτιιοι..
492 2896 550 2926 Gn.
570 2895 669 2926 XXV.

1014 914 1126 942 lantium
1143 915 1272 949 juvenum
1287 915 1467 948 multitudine,
1484 924 1545 943 cum
1561 917 1656 951 gladiis
1672 923 1698 945 et
1712 919 1795 947 clavis

1013 960 1039 987 in
1060 961 1202 988 ecclesiam
1226 960 1317 996 Cyrini
1338 961 1438 988 dictam
1463 962 1584 996 irrupere
1604 972 1610 989 :
1627 964 1716 998 ibique
1727 965 1795 992 alios

1012 1006 1181 1039 occiderunt,
1194 1007 1261 1033 alios
1273 1006 1386 1041 pedibus
1403 1007 1554 1040 calcarunt,
1573 1009 1640 1037 alios
1658 1009 1743 1044 plagis
1755 1012 1795 1037 la~-

1013 1051 1102 1078 niatos
1115 1052 1141 1078 in
1157 1058 1296 1078 carcerem
1322 1056 1459 1079 truserunt
1474 1052 1501 1078 in
1521 1054 1700 1090 exsiliumque
1712 1056 1794 1091 277

1014 1097 1193 1131 expulerunt;
1210 1097 1337 1124 mulieres
1355 1097 1483 1132 plurimas
1501 1100 1632 1127 abductas
1650 1101 1684 1127 ad
1706 1102 1792 1128 tribu-

1014 1141 1056 1168 ttal
1081 1141 1167 1175 paintn
1186 1147 1354 1175 pertraxere,
1369 1143 1541 1178 crinibusque
1564 1149 1683 1179 raptatas
1698 1151 1794 1174 contu-

1013 1187 1103 1214 meliis
1118 1187 1233 1214 effecere
1252 1197 1260 1215 :
1277 1188 1344 1215 alios
1361 1190 1556 1224 proscripsere,
1582 1191 1695 1218 aliorum
1710 1200 1794 1227 panes

1015 1232 1150 1260 abstulere
1171 1233 1272 1268 :idque
1289 1234 1360 1260 nulla
1381 1234 1432 1261 alia
1446 1235 1479 1262 de
1490 1243 1583 1268 causa,
1600 1245 1680 1271 quam
1701 1243 1729 1265 ut
1748 1246 1797 1267 eos

1014 1278 1122 1304 Arionis
1152 1278 1300 1312 adhic-rere,
1333 1278 1548 1314 Gregoriumque
1574 1283 1608 1308 ab
1635 1283 1797 1316 imperatore

1014 1324 1124 1351 missum
1138 1325 1257 1358 recipere
1274 1330 1409 1359 cogerent.

1051 1369 1092 1395 ll.
1112 1369 1274 1397 Athanasius
1292 1378 1372 1404 porro
1391 1371 1431 1398 his
1449 1371 1566 1398 nomium
1585 1373 1663 1406 actis,
1680 1373 1713 1400 ad
1739 1375 1796 1409 pri-

1014 1423 1086 1443 mum
1105 1416 1143 1443 rei
1160 1416 1277 1443 auditum
1298 1416 1411 1443 Romam
1430 1418 1581 1452 navigavit,
1600 1420 1670 1454 quod
1688 1420 1796 1448 lucreti-

1015 1469 1107 1488 corum
1134 1461 1250 1488 furorem
1279 1462 1363 1496 probe
1391 1467 1560 1497 perspectum
1599 1464 1711 1492 haberet
1733 1475 1740 1493 :
1767 1471 1797 1493 ut

1014 1507 1105 1539 etiam,
1123 1511 1203 1538 prout
1217 1511 1345 1534 statutum
1363 1507 1461 1539 fuerat,
1476 1509 1594 1543 synodus
1617 1511 1652 1538 ibi
1668 1511 1797 1541 celebra-

1017 1557 1100 1579 retur.
1125 1551 1210 1578 Julius
1236 1557 1324 1579 autem
1349 1554 1518 1588 presbyteros
1536 1554 1667 1589 Elpidium
1691 1562 1718 1584 et
1734 1557 1798 1585 Phi-

1015 1599 1139 1626 luxcnum
1153 1606 1213 1626 cum
1231 1598 1326 1627 litteris
1341 1600 1434 1630 mittit.
1451 1605 1607 1636 tempusque
1625 1603 1677 1631 illis
1691 1606 1798 1638 praesti-

1016 1646 1075 1677 tuit,
1095 1645 1203 1672 utintra
1226 1645 1292 1673 illud
1315 1647 1427 1674 Romam
1451 1656 1481 1676 se
1498 1649 1665 1684 conferrent,
1682 1657 1729 1679 aut
1743 1653 1798 1680 sci-

1015 1695 1074 1717 rent
1087 1698 1116 1716 se
1134 1690 1159 1716 in
1176 1691 1301 1718 omnibus
1318 1699 1457 1727 suspectos
1473 1694 1578 1723 haberi.
1591 1695 1625 1723 At
1640 1697 1794 1732 Eusebiani,

1014 1735 1059 1761 ubi
1077 1736 1164 1762 solum
1190 1736 1309 1769 audiere,
1333 1737 1545 1766 ecclesiasticum
1566 1740 1622 1768 illic
1643 1742 1701 1768 fore
1720 1742 1794 1777 judi-

1014 1781 1095 1813 cium,
1112 1782 1156 1809 ubi
1174 1791 1222 1810 nec
1247 1791 1338 1811 comes
1358 1785 1472 1818 adesset,
1489 1794 1537 1813 nec
1558 1787 1657 1815 milites
1676 1796 1725 1822 pro
1751 1789 1794 1816 Γο-

1016 1827 1089 1854 ribus
1103 1832 1223 1855 stantes:
1244 1829 1286 1856 ubi
1312 1837 1362 1856 nec
1384 1831 1477 1865 synodi
1499 1837 1557 1859 acta
1577 1840 1609 1859 ex
1626 1834 1797 1868 imperatoris

1011 1873 1088 1906 jussu
1108 1875 1251 1901 ederentur
1275 1875 1340 1909 (huc
1369 1876 1440 1902 enim
1467 1877 1554 1904 solum
1580 1879 1659 1906 modo
1684 1880 1710 1906 in
1737 1881 1796 1915 epi-

1015 1926 1109 1954 Seopos
1126 1927 1231 1954 semper
1255 1921 1449 1954 przevalucrunt
1468 1933 1474 1950 :
1493 1923 1526 1950 iis
1543 1924 1738 1958 deﬁcientibus,
1762 1935 1796 1954 ne

1015 1965 1111 1991 mutire
1125 1966 1233 2000 quidem
1247 1967 1366 2001 audent),
1385 1973 1458 1995 tanto
1472 1975 1534 1996 sunt
1550 1975 1651 1997 terrore
1668 1972 1794 2005 perculsi,

1015 2015 1044 2036 ut
1064 2011 1232 2045 presbyteros
1247 2012 1315 2039 ultra
1333 2014 1491 2046 praeﬁnitum
1510 2021 1612 2050 tempus
1628 2017 1794 2051 detinerent,

1015 2056 1170 2092 futilemque
1190 2060 1389 2086 excusationem
1412 2063 1572 2089 commenti:
1590 2062 1630 2089 0h
1654 2062 1796 2091 Persarum

1015 2101 1113 2128 bellum
1145 2104 1300 2137 nequimus,
1325 2105 1448 2137 aiebant,
1474 2105 1529 2140 jam
1557 2108 1694 2135 accedere.
1722 2108 1797 2135 "aud

1014 2154 1094 2174 verus
1121 2154 1210 2175 autem
1236 2149 1360 2176 obtentus
1389 2151 1432 2178 ille
1459 2157 1534 2185 erat,
1556 2153 1602 2178 sed
1627 2154 1797 2189 conscientia;

1016 2198 1087 2219 metu
1104 2193 1306 2221 detinebantur.
1330 2195 1398 2228 Quid
1421 2196 1492 2223 enim
1515 2197 1547 2223 ad
1573 2198 1712 2233 episcopos
1738 2199 1797 2226 νει-

1015 2237 1093 2264 lum?
1121 2238 1154 2265 Et
1186 2247 1270 2274 quare
1297 2239 1438 2268 Persarum
1469 2241 1537 2268 bello
1574 2244 1793 2277 prtepedirentur,

1013 2284 1075 2317 quin
1095 2283 1207 2311 Romam
1232 2290 1362 2319 peterent.
1386 2285 1557 2321 longinquam
1582 2292 1609 2314 et
1633 2289 1796 2315 transmari-

1013 2337 1076 2355 nam
1096 2330 1205 2363 urbem;
1223 2331 1271 2363 illi,
1291 2331 1413 2365 inquam,
1433 2332 1479 2365 qui
1494 2331 1613 2360 Orientis
1629 2334 1697 2366 loca,
1714 2335 1795 2362 etiatn

1012 2372 1101 2401 Persis
1117 2375 1239 2407 linitima,
1256 2381 1312 2402 tum
1329 2377 1456 2410 temporis
1477 2376 1562 2404 instar
1580 2377 1686 2404 leonum
1708 2379 1797 2406 circu-

1012 2418 1103 2452 ibant,
1124 2421 1282 2454 inquirendo
1299 2422 1423 2456 quisnam
1454 2422 1520 2456 ipsis
1545 2423 1743 2458 adversaretur,
1769 2431 1797 2451 ut

1012 2466 1155 2493 calumniis
1167 2474 1227 2493 eum
1243 2467 1299 2494 suis
1315 2468 1340 2494 in
1356 2468 1479 2495 exsilium
1495 2469 1645 2503 pellerent?

1048 2512 1091 2539 l2.
1113 2513 1199 2547 (Auno
1214 2512 1288 2548 542.)
1311 2513 1344 2540 Ει
1375 2521 1439 2540 sane
1464 2519 1604 2548 postquam
1628 2515 1798 2550 presbyteros

1012 2566 1073 2585 cum
1085 2559 1201 2585 absurda
1214 2559 1256 2585 illa
1268 2560 1443 2587 excusatione
1454 2560 1631 2592 dimisissent,
1640 2561 1695 2589 haec
1704 2566 1797 2589 tnutuo

1012 2603 1137 2631 collocuti
1154 2609 1217 2631 sunt
1231 2613 1239 2631 :
1254 2604 1319 2632 Cum
1338 2605 1522 2632 ecclesiastico
1535 2606 1638 2640 judicio
1651 2607 1796 2641 praevalere

1013 2657 1188 2685 nequeamus,
1207 2650 1285 2678 solita
1318 2651 1429 2678 audacia
1452 2658 1509 2678 rem
1534 2658 1669 2687 geramus.
1688 2652 1796 2679 Litteris

1052 2742 1107 2777 (56)
1128 2742 1165 2768 Ita
1190 2741 1256 2776 Reg.
1280 2742 1307 2769 In
1338 2742 1416 2769 editis
1442 2750 1505 2769 vero
1537 2742 1583 2769 καί
1608 2742 1706 2776 legitur
1734 2748 1796 2770 ante

1017 2778 1092 2813 πρίν.
1107 2777 1172 2810 Quae
1194 2784 1283 2805 autetn
1302 2777 1345 2805 hic
1368 2777 1523 2804 referuntur
1541 2778 1664 2813 nonnihil
1685 2778 1796 2805 difﬁcul-

1016 2812 1079 2840 tatis
1095 2813 1212 2846 habent,
1229 2821 1309 2848 quam
1331 2813 1358 2840 in
1374 2812 1511 2840 Athanasii
1539 2812 1597 2840 Vita
1619 2820 1669 2840 nos
1692 2813 1797 2842 levasse

1014 2855 1162 2884 speramus.

1614 2894 1652 2924 23
