2007 3044
230 128 281 157 70⁵1
511 127 540 156 5.
560 127 741 155 ATHANASH
761 125 837 154 OPP.
857 126 946 154 PARS
965 125 985 153 l.
1006 142 1039 146 —

229 185 320 220 itaque
344 185 477 220 Philagrio
503 185 604 218 missis,
625 191 749 213 auctores
782 188 860 215 sunt.
884 188 913 211 ιιι
944 191 1006 211 cum
1022 187 1044 216 Α

229 231 359 266 Gregorio
385 230 458 258 brevi
481 229 627 266 Egyptum
652 235 784 266 peragret.
802 230 870 257 lliuc
891 229 1009 264 episcopi

230 275 407 311 ﬂagellantur,
433 274 600 309 vinculisque
632 274 729 301 acerbe
760 273 1008 307 const.inguntur:

231 322 468 356 Sarapammoncm
494 320 575 355 igitur
605 320 759 355 episcopum
776 325 802 346 et
829 319 1009 346 confessorem

228 367 329 402 pellunt
344 367 370 394 in
388 366 511 394 exsilium
525 375 532 393 :
546 365 750 393 Potammonem
770 365 833 392 item
856 365 1009 398 episcopum

228 413 475 447 t-onfessoremque,
497 412 539 439 cui
556 412 649 439 oculus
667 411 754 438 fuerat
777 411 802 437 in
823 410 1011 445 persecutione

229 458 352 491 cﬂ‘ossus,
369 463 407 485 tot
428 458 514 493 plagis
530 457 556 484 in
574 457 706 485 cervicem
723 457 896 487 ceciderunt,
910 459 940 482 ut
958 462 1010 481 non

229 509 290 531 ante
313 505 393 531 linem
417 503 550 537 facerent,
574 511 654 538 quam
686 503 822 530 hominem
848 501 1010 530 exstinctum

229 553 362 584 putarent.
378 548 416 576 Eo
432 549 513 583 igitur
527 549 605 575 modo
623 548 755 582 abiectus,
771 548 814 574 vix
832 552 892 582 post
909 547 1011 581 aliquas

229 595 318 627 horas,
335 594 472 621 curatione
491 593 610 620 adhibita
636 592 787 627 ﬂabellique
810 599 870 627 ope,
892 592 946 618 Deo
971 591 1009 618 vi—

229 646 283 667 tam
305 640 475 671 concedente,
488 639 632 674 respiravit
650 648 657 665 :
678 639 714 665 ita
733 643 821 665 tamen
846 643 885 670 ut,
906 637 1012 664 modico

228 685 319 721 elapso
336 690 465 720 tempore,
486 685 623 720 plagarum
645 685 737 712 dolore
761 684 908 715 interierit,
931 683 1012 710 itera-

229 733 303 766 tique
319 731 439 766 martyrii
461 731 572 766 gloriam
590 732 617 758 in
640 730 749 758 Christo
765 729 924 756 obtinuerit.
941 728 1012 762 Quot

228 777 273 804 alii
295 777 417 804 monachi
435 776 544 812 ﬂagellis
565 776 629 804 cassi
651 780 732 808 sunt,
754 775 864 803 sedente
879 774 1009 807 Gregorio

228 830 289 849 cum
304 821 412 849 Balacio
429 822 497 849 duce
520 821 689 856 nuncupato!
706 821 777 854 Quot
792 820 907 855 episcopi
927 819 1012 854 plagis

227 868 343 896 concisi!
361 867 432 900 Quot
446 867 563 902 virgines
578 866 740 894 verberatae!

263 913 308 941 t3.
327 913 394 941 Post
409 913 466 940 haec
483 912 620 947 improbus
634 911 781 947 Gregorius
804 918 898 939 omnes
914 912 1011 939 cohor-

230 964 300 987 tatus
317 963 359 986 est
374 963 404 986 ut
422 966 513 986 secum
538 958 778 986 communicarent.
796 957 877 992 Atqui
898 957 922 984 si
939 965 1011 985 com-

230 1004 383 1032 munionem
396 1011 488 1031 eorum
504 1003 670 1038 postulabas,
684 1010 736 1030 non
750 1003 821 1038 digni
837 1003 922 1038 plagis
935 1007 1012 1030 erant

229 1049 284 1083 illi;
307 1049 348 1077 sin
372 1054 402 1076 ut
420 1049 557 1084 improbos
575 1049 736 1080 iancinasti,
761 1049 825 1084 quid
851 1054 881 1075 ut
903 1054 1012 1076 sanctos

229 1096 337 1123 eosdem
362 1095 524 1123 hortabarc?
542 1095 577 1121 At
596 1094 663 1122 nihil
687 1094 731 1121 ille
749 1094 776 1122 in
800 1094 937 1129 praposito
961 1094 1011 1121 ha-

230 1141 298 1172 buit,
310 1148 390 1174 quam
411 1144 440 1166 ut
454 1140 573 1168 virorum
596 1139 642 1174 qui
657 1146 687 1166 se
700 1139 830 1166 miserant
843 1147 886 1166 res
898 1146 1011 1174 perage-

229 1191 288 1218 ret,
316 1185 495 1219 iiatresimque
522 1184 666 1212 stabiliret.
692 1183 838 1218 Propterea
868 1183 1010 1215 homicida,

230 1231 370 1264 carnifex,
398 1230 624 1262 contumeliosus,
649 1229 847 1261 fraudulentus.
872 1229 1010 1263 profanus,

230 1284 336 1311 unoque
359 1275 451 1306 verbo.
475 1275 575 1302 Christi
605 1275 690 1301 hostis
719 1274 816 1302 stultus
835 1274 879 1300 ille
901 1273 1011 1301 eﬂ'ectus

230 1326 282 1349 est.
299 1321 422 1356 Episcopi
441 1325 612 1347 materteram
628 1320 664 1346 ita
679 1320 775 1346 acerbe
789 1323 946 1353 persecutus
957 1323 1010 1350 est,

229 1370 260 1393 ut
276 1374 309 1393 ne
325 1366 478 1393 defunctam
494 1365 600 1399 quidem
614 1364 715 1392 sineret
734 1363 851 1399 sepeliri,
865 1364 933 1398 quod
947 1371 1012 1390 sane

231 1412 350 1438 futurum
377 1415 452 1442 erat,
474 1409 632 1444 abiectaque
654 1409 749 1436 fuisset
781 1409 912 1443 insepulta
928 1428 935 1440 ,
959 1408 1012 1436 nisi

230 1457 278 1492 qui
303 1464 361 1484 eam
387 1455 529 1487 sustulere,
552 1455 630 1490 quasi
658 1454 794 1489 proprium
819 1454 870 1481 sibi
896 1453 1012 1481 cadaver

231 1505 416 1538 asportassent
436 1510 443 1527 :
464 1501 500 1527 ita
524 1500 612 1534 impiis
636 1500 686 1528 hac
706 1501 733 1527 in
756 1507 785 1527 re
808 1500 928 1526 moribus
950 1499 1009 1527 fuit.

231 1549 363 1577 Praeterea
376 1555 436 1574 cum
452 1547 538 1574 viduae
552 1546 635 1581 278
651 1545 792 1579 ceterique
810 1545 925 1572 mendici
939 1545 1012 1572 eice.

231 1602 369 1630 tuosynam
397 1593 518 1628 accipere
545 1597 740 1624 consuessent,
771 1591 852 1626 jussit
872 1599 903 1618 ea
930 1591 1009 1625 diripi

230 1649 290 1676 quae
302 1640 491 1675 erogabantur,
515 1639 701 1674 confringique
717 1645 778 1665 vasa
802 1638 899 1673 quibus
920 1638 1008 1664 oleum

230 1687 374 1721 vinumque
391 1686 578 1719 deferebatur;
593 1689 623 1712 ut
648 1692 700 1711 non
717 1684 803 1711 solum
823 1684 950 1718 rapiendo
966 1683 1010 1710 illa

230 1732 312 1766 impie
333 1735 439 1765 ageret,
461 1738 553 1758 verum
577 1729 657 1757 etiam
681 1729 764 1764 gestis
786 1728 840 1755 suis
869 1728 1009 1754 Dominum

230 1778 329 1812 probro
343 1776 472 1809 alliceret,
497 1775 570 1803 brevi
590 1775 622 1802 ab
636 1774 680 1801 illo
695 1774 836 1801 auditurus
850 1782 856 1800 :
873 1773 1009 1806 Quantum

231 1823 280 1851 hos
295 1822 473 1854 inhonorasti.
485 1826 512 1849 et
527 1828 570 1848 me
585 1820 762 1848 inhonorasti.

267 1867 310 1896 Η.
330 1867 409 1895 Multa
423 1874 528 1902 quoque
543 1865 595 1892 alia
609 1865 673 1892 fecit
686 1871 746 1899 quae
762 1871 869 1891 omnem
884 1863 1009 1898 loquendi

231 1913 383 1940 facultatem
406 1916 549 1947 superant,
573 1911 690 1946 quibus,
713 1910 759 1944 qui
783 1909 905 1941 audiret,
931 1908 1009 1936 lideui

230 1962 352 1993 negaret.
374 1958 447 1985 Talia
465 1962 555 1984 autem
578 1957 673 1991 agendi
698 1956 754 1983 haec
779 1955 815 1982 illi
838 1962 919 1983 causa
940 1954 1008 1988 fuit,

229 2004 302 2040 quod
325 2003 427 2031 scilicet
442 2010 528 2037 neque
544 2003 619 2037 juxta
638 2001 852 2030 ecclesiasticum
877 2008 1008 2028 canonem

229 2049 369 2076 ordinatus
392 2048 503 2080 fuisset,
528 2055 614 2082 neque
633 2048 711 2082 juxta
730 2047 903 2082 apostolicam
929 2046 1011 2073 tradi-

1024 1530 1045 1560 C

232 2096 330 2123 tionem
353 2100 464 2122 vocatus
481 2093 576 2121 fuisset
593 2094 735 2128 episcopus
755 2102 762 2120 :
785 2093 832 2119 sed
852 2099 886 2120 ex
911 2092 1010 2127 palatio

231 2148 292 2167 cum
310 2139 418 2167 militari
436 2146 515 2165 manu
537 2143 564 2166 et
578 2145 675 2173 pompa
692 2137 791 2165 missus
814 2137 919 2169 fuisset,
934 2136 1010 2171 quasi

230 2185 365 2214 saecularis
380 2185 430 2213 sibi
447 2184 618 2219 magistratus
644 2183 759 2210 traditus
782 2186 863 2210 esset.
887 2182 1008 2216 Quapro-

231 2237 290 2267 pter
315 2230 519 2265 magistratuum
551 2227 640 2263 potius
669 2227 772 2254 amicus
799 2226 911 2261 optabat
933 2233 1009 2259 esse,

230 2284 312 2312 quam
339 2276 524 2310 episcoporum
554 2279 582 2301 et
608 2272 813 2300 monachorum.
842 2271 871 2299 Si
904 2272 1012 2306 quando

231 2323 312 2357 igitur
323 2321 403 2349 Pater
416 2319 548 2348 Antonius
564 2319 604 2346 illi
625 2326 659 2346 ex
675 2323 765 2346 monte
782 2318 924 2350 scriberet,
941 2318 1011 2345 sicut

231 2369 316 2402 pietas
328 2374 390 2402 erga
404 2366 486 2393 Deum
505 2365 639 2401 peccatori
658 2363 824 2392 abominatio
840 2368 898 2398 est;
914 2364 953 2391 sic
968 2363 1012 2391 llle

230 2412 315 2439 sancti
327 2412 378 2438 viri
395 2411 498 2438 litteras
511 2409 714 2437 exsecrabatur.
737 2408 784 2436 Sin
806 2416 871 2436 vero
894 2408 1011 2443 iinpera-

230 2462 282 2490 tor,
305 2461 350 2484 aut
365 2457 418 2483 dux
439 2457 586 2487 exercitus,
606 2459 653 2482 aut
669 2455 737 2482 alius
757 2455 891 2489 quispiam
913 2454 1010 2489 iudex,

231 2504 334 2532 litteras
353 2504 387 2530 ad
401 2510 462 2531 eum
480 2503 614 2534 mitteret,
634 2506 709 2529 tanta
730 2500 855 2535 perfusus
870 2506 928 2527 erat
950 2499 1014 2528 ireti-

268 2605 323 2641 (57)
343 2605 587 2641 ΒοκηΠοτάμωνα
608 2611 668 2641 cum
692 2603 770 2641 unico
785 2611 819 2641 μ.
834 2602 892 2629 Mox
907 2602 1016 2641 Reg._et

231 2638 326 2673 Basil.,
345 2638 524 2667 ἀπολέσαντα.
548 2640 617 2665 Editi
641 2646 714 2670 vero,
730 2638 912 2669 ἀπολέσοντα,
930 2638 1009 2664 male.

232 2676 314 2703 l’anlo
329 2681 388 2708 post
398 2676 473 2709 lteg..
491 2673 633 2709 κατέκοψε,
650 2681 800 2709 perperam.

266 2700 412 2745 (δέγιιξέέ,
430 2700 511 2736 seu.
535 2700 662 2743 παρθένοι
685 2700 846 2741 ἐτύπτοντο,
873 2707 966 2734 desunt
984 2707 1010 2733 in

230 2745 322 2776 editis,
337 2745 382 2771 sed
400 2745 426 2770 ili
442 2745 507 2779 lteg.
524 2745 660 2777 leguntur.

266 2775 321 2813 (591
339 2780 384 2806 Sic
397 2775 569 2811 lteg.,iiasil.
582 2783 608 2804 et
622 2779 687 2805 edit.
701 2777 923 2805 Commeliniana.
939 2775 1010 2803 Edit.

232 2820 296 2841 vero
312 2814 407 2846 Paris.,
421 2813 506 2848 ἠξίου.
524 2813 602 2848 male.

267 2847 322 2883 (60)
342 2845 471 2883 Καιρὸὲι
493 2847 572 2874 τοῦτο
594 2847 669 2876 deest
685 2848 711 2875 in
728 2846 820 2881 editis,
834 2846 881 2874 sed
897 2846 924 2874 in
943 2845 1010 2881 Reg.

1060 125 1244 154 HISTORICA
1265 125 1309 153 ET
1327 124 1536 154 DOGMATICA.
1788 125 1841 150 7m!

1057 184 1137 220 γρίῳ,
1156 184 1203 210 καὶ
1219 183 1340 210 ποιοῦσιν
1358 182 1438 209 αὐτὸν
1452 181 1520 217 μετὰ
1534 181 1685 217 Γρηγορίου
1707 180 1767 207 κατ’
1788 180 1843 206 ὀλί-

1058 238 1105 264 γον
1119 229 1235 261 ἐξελθεῖν
1247 229 1286 260 εἰς
1301 228 1350 264 τὴν
1365 228 1510 262 Αἴγυπτον,
1528 227 1574 253 καὶ
1592 226 1684 253 λοιπὸν
1698 225 1844 252 ἐπίσκοποι

1061 274 1235 308 μαστίζονται
1256 273 1303 299 καὶ
1328 271 1488 307 ἐδεσμοῦντο
1512 271 1625 305 πικρῶς.
1648 270 1843 306 Σαραπάμμω-

1059 329 1092 346 να
1115 318 1182 354 γοῦν
1204 318 1351 345 ἐπίσκοπον
1369 317 1537 353 ὁμολογητὴν
1554 316 1714 351 ἐξορίζουσι,
1733 315 1843 350 Ποτάμ-

1061 374 1138 401 μωνα
1155 365 1211 400 (57)
1222 365 1250 391 δὲ
1265 364 1411 390 ἐπίσκοπον
1423 363 1600 398 ὁμολογητὴν,
1618 361 1786 388 ἀπολέσαντα
1797 361 1843 387 καὶ

1059 411 1140 438 αὑτὸν
1156 410 1199 437 τὸν
1214 409 1350 444 ὀφθαλμὸν
1371 410 1398 434 ὲν
1419 408 1456 444 τῷ
1468 407 1587 442 διωγμῷ,
1608 407 1678 433 οὓτω
1691 407 1842 440 κατέκοψαν

1059 457 1118 487 ταῖς
1127 455 1310 491 καταυχενίοις
1320 454 1445 489 πληγαῖς,
1460 454 1497 485 ὡς
1508 453 1544 489 μὴ
1553 453 1682 489 πρότερον
1691 447 1843 479 παύσασθαι

1060 502 1126 537 πρὶν
1140 502 1172 529 ἂν
1184 501 1343 537 νομισθῆναι
1354 501 1398 526 τὸν
1413 500 1554 535 ἄνθρωπον
1566 499 1671 535 νεκρόν.
1687 497 1764 525 Οὕτω
1779 497 1843 532 γοῦν

1060 547 1171 583 ὲρῤἱςρη,
1185 548 1231 574 καὶ
1241 547 1320 582 μόγις
1330 545 1398 581 μετὰ
1412 545 1484 580 ὧρας
1493 545 1708 580 θεραπευόμενος
1716 545 1762 571 καὶ
1770 544 1844 579 διαρ-

1061 593 1232 628 ριπιζόμενος
1252 592 1410 622 ἁνὲπνευσε,
1432 591 1478 617 τοῦ
1506 591 1574 618 Θεοῦ
1586 591 1732 622 δεδωκότος
1741 590 1771 616 τὸ
1783 591 1841 625 ζῇν⁸

1061 638 1127 665 ἀλλὰ
1142 639 1210 674 μετὰ
1226 640 1322 674 χρόνον
1340 639 1430 672 ὀλίγον,
1448 639 1479 664 ὲκ
1499 638 1545 664 τοῦ
1564 637 1644 664 πόνου
1664 636 1718 664 τῶν
1733 637 1844 672 πληγῶν

1060 684 1205 716 ἀπέθανεν,
1233 685 1302 719 ἔχων
1331 685 1360 711 ἐν
1383 683 1492 720 Χριστῷ
1513 684 1544 710 τὸ
1563 683 1692 718 καύχημα
1717 683 1842 719 δευτέρω

1063 730 1220 765 μαρτυρίου.
1244 730 1322 756 Πόσοι
1339 739 1368 756 τε
1385 730 1458 757 ἄλλοι
1477 728 1638 765 μονάζοντες
1658 728 1842 763 ἐμαστίζοντο,

1061 777 1242 812 καθεζομένου
1262 777 1411 812 Γρηγορίου
1430 777 1498 812 μετὰ
1511 776 1653 806 Βαλακίου,
1671 775 1717 801 τοῦ
1730 775 1842 810 λεγομέ-

1060 831 1107 848 του
1122 822 1231 854 δουκόςέ
1244 823 1321 848 πόσοι
1345 823 1488 849 ἐπίσκοποι
1506 820 1665 848 ὲκόπτοντοί
1683 821 1763 848 πόσαι
1778 829 1843 856 παρ-

1027 863 1047 890 Β
1063 867 1134 895 θένοι
1149 868 1294 895 ἐτύπτοντο
1308 869 1362 904 (58)
1377 870 1382 895 l

1098 913 1139 940 l3.
1153 911 1218 940 Εἶτα
1234 915 1248 940 ὁ
1266 914 1356 945 ἄθλιος
1370 913 1517 949 Γρηγόριος
1538 912 1605 948 μετὰ
1619 912 1705 938 ταῦτα
1720 911 1842 948 παρεκά-

1060 958 1100 984 λει
1126 958 1229 989 πάντας
1257 960 1392 985 κοινωνεῖν
1417 958 1509 993 αὐτῷ·
1537 957 1622 984 καίτοι
1648 958 1672 983 εξ
1703 957 1844 984 κοινωνίαν

1061 1003 1152 1037 ἠξίους
1169 1003 1224 1037 (59)
1239 1004 1302 1039 παρ’
1319 1003 1408 1030 αὐτῶν
1431 1003 1512 1038 ἔχειν,
1532 1003 1582 1030 οὐκ
1599 1001 1667 1038 ἦσαν
1688 1003 1756 1035 ἄξιοι
1775 1003 1843 1038 πλη-

1061 1048 1116 1082 γῶν
1126 1057 1132 1062 ·
1149 1049 1172 1074 εί
1189 1049 1217 1075 δὲ
1231 1049 1268 1080 ὡς
1280 1049 1397 1083 φαύλους
1411 1049 1535 1081 ἔκοπτες,
1560 1049 1585 1075 τί
1600 1049 1637 1081 ὡς
1652 1048 1744 1082 ἁγίους
1771 1057 1843 1084 παρ-

1061 1091 1183 1124 εκάλεις;
1202 1091 1270 1118 Ἀλλ’
1285 1092 1359 1119 οὐδὲν
1372 1090 1406 1127 ἦν
1419 1090 1491 1128 αὺτῷ
1508 1093 1695 1128 προκείμενον,
1710 1093 1726 1128 ἢ
1740 1092 1775 1119 τὰ
1789 1092 1844 1120 τῶν

1060 1137 1277 1164 ἀποστειλάντων
1295 1138 1446 1173 πληρῶσαι,
1461 1139 1507 1165 καὶ
1519 1139 1568 1174 τὴν
1582 1139 1687 1174 αἵρεσιν
1701 1139 1842 1174 συστῆσαι.

1061 1183 1109 1210 Διὰ
1124 1182 1202 1209 τοῦτο
1214 1184 1260 1209 καὶ
1274 1183 1329 1218 (60)
1342 1184 1502 1219 ἀνδροφόνος
1515 1184 1609 1218 γέγονε
1624 1185 1670 1211 καὶ
1679 1184 1782 1219 δήμιος,
1796 1185 1844 1212 καὶ

1062 1227 1200 1262 ὑϐριστὴς,
1217 1228 1263 1254 καὶ
1281 1228 1375 1259 δόλιος,
1392 1229 1438 1255 καὶ
1450 1228 1571 1264 βέϐηλος,
1590 1229 1636 1255 καὶ
1652 1229 1681 1255 τὺ
1699 1228 1758 1255 ὅλον
1774 1229 1844 1266 Χρι-

1062 1273 1195 1308 στομάχος
1218 1274 1232 1299 ὁ
1254 1274 1375 1307 ἀνόητος.
1395 1275 1450 1309 Τὴν
1470 1274 1534 1308 γοῦν
1549 1274 1594 1301 τοῦ
1609 1275 1756 1302 ἐπισκόπου
1769 1275 1844 1303 θείαν

1060 1318 1145 1350 οὕτως
1161 1319 1277 1350 ἐδίωξεν,
1293 1320 1331 1351 ὠς
1350 1320 1417 1356 μηδὲ
1432 1320 1617 1347 ἀποθανοῦσαν
1635 1321 1741 1355 ἀφεῖναι
1757 1323 1845 1357 ταφῆ-

1061 1372 1119 1390 ναι·
1138 1364 1185 1390 καὶ
1202 1364 1274 1390 τοῦτ’
1298 1364 1331 1391 ἂν
1347 1365 1478 1399 ἐγεγόνει,
1503 1364 1550 1392 καὶ
1573 1366 1674 1400 ἄταφος
1691 1367 1800 1401 ἐρρίφη,
1820 1368 1845 1393 εἰ

1063 1409 1099 1444 μὴ
1112 1410 1136 1435 οί
1150 1408 1341 1444 ὑποδεξάμενοι
1356 1411 1440 1446 αὐτὴν
1451 1411 1488 1442 ὡς
1500 1411 1563 1437 ἴδιον
1574 1412 1667 1447 νεκρὸν
1682 1411 1841 1447 ἐξήνεγκαν⁸

1060 1455 1130 1482 οὕτω
1156 1457 1203 1483 καὶ
1224 1458 1252 1482 ἐν
1268 1456 1370 1488 τούτοις
1389 1455 1461 1492 εἶχεν
1476 1458 1581 1484 ἀνόσιον
1598 1458 1643 1484 τὸν
1663 1459 1772 1494 τρόπον.
1790 1459 1846 1485 Καὶ

1061 1501 1116 1537 γὰρ
1142 1502 1188 1528 καὶ
1209 1502 1300 1537 χηρῶν
1317 1502 1372 1537 (61)
1387 1503 1433 1529 καὶ
1453 1503 1539 1530 ἄλλων
1559 1503 1689 1536 ἀνεξόδων
1710 1504 1846 1530 λαϐόντων

1063 1547 1255 1582 ἐλεημοσύνην,
1275 1548 1382 1574 ἐκέλευε
1395 1549 1429 1575 τὰ
1442 1549 1570 1584 δεδομένα
1581 1549 1786 1585 διαρπάζεσθαι,
1800 1551 1847 1576 καὶ

1063 1591 1098 1617 τὰ
1108 1592 1205 1626 ἀγγεῖα
1222 1594 1250 1619 ἐν
1261 1591 1301 1624 οἷς
1316 1593 1411 1628 ἔφερον
1422 1594 1452 1620 τὸ
1465 1594 1551 1620 ἔλαιον
1560 1595 1605 1620 καὶ
1617 1595 1662 1621 τὸν
1678 1593 1758 1627 οἶνον,
1781 1603 1846 1621 κατ-

1064 1637 1195 1672 εάγασθαι
1217 1638 1288 1674 (62),
1305 1639 1348 1665 ἵνα
1370 1639 1407 1675 μὴ
1428 1640 1507 1675 μόνον
1523 1640 1612 1667 λαϐὼν
1631 1641 1761 1676 ἁσεϐήσῃ,
1778 1641 1846 1668 ἀλλὰ

1063 1684 1110 1710 καὶ
1136 1684 1225 1719 ἔργοις
1250 1685 1370 1721 ἀτιμάζῃ
1389 1685 1433 1711 τὸν
1449 1686 1560 1721 Κύριον,
1585 1687 1765 1721 ἀκουσόμενος
1783 1687 1846 1713 ὅσον

1063 1729 1166 1756 οὐδέπω
1184 1730 1246 1766 παρ’
1261 1730 1359 1758 αὐτοῦ·
1379 1730 1489 1765 Ἐφόσον
1506 1731 1642 1767 ἡτίμασας
1658 1725 1778 1765 τούτους,
1795 1731 1846 1767 ἐμὲ

1065 1775 1213 1810 ὴτίμασας.

1100 1865 1142 1892 is.
1165 1865 1254 1892 Πολλά
1275 1874 1305 1892 τε
1325 1865 1405 1901 ἕτερα
1424 1866 1520 1898 ἐποίει,
1547 1866 1565 1893 ἃ
1581 1866 1627 1893 καὶ
1643 1866 1721 1900 λόγου
1748 1867 1848 1902 φράσιν

1063 1911 1216 1946 ὑπεραίρει,
1241 1912 1288 1938 καὶ
1303 1911 1420 1943 ἀκούσας
1434 1921 1475 1943 τις
1489 1912 1589 1938 ἄπιστα
1604 1913 1733 1946 νομίσειε.
1755 1912 1848 1939 Ταῦτα

1063 1957 1090 1983 δὲ
1103 1956 1146 1983 διὰ
1156 1956 1229 1983 τοῦθ’
1240 1957 1326 1988 οὕτως
1340 1957 1484 1992 ἔπραττεν,
1501 1957 1561 1983 ἐπεὶ
1578 1958 1645 1993 μήτε
1657 1958 1848 1993 ἐκκλησιαστι-

1064 2001 1103 2036 κῷ
1127 2003 1218 2028 κανόνι
1243 2002 1292 2038 τὴν
1309 2002 1475 2029 κατάστασιν
1499 2000 1565 2038 εἶχε,
1597 2004 1664 2039 μήτε
1681 2003 1846 2038 ἀποστολικῇ

1063 2048 1210 2084 παραδόσει
1221 2048 1329 2083 κληθεὶς
1352 2046 1386 2084 ἦν
1403 2048 1566 2080 ἐπίσκοπος·
1590 2049 1646 2076 ἀλλ’
1664 2049 1696 2075 ἐκ
1716 2049 1848 2076 παλατίου

1065 2094 1134 2128 μετὰ
1150 2094 1345 2129 στρατιωτικῆς
1358 2093 1481 2126 ἐξουσίας
1493 2094 1540 2121 καὶ
1556 2095 1703 2128 φαντασίας
1714 2095 1849 2122 ἀπέσταλ-

1062 2148 1103 2170 το,
1131 2139 1224 2176 ὥσπερ
1248 2139 1333 2175 ἀρχὴν
1365 2140 1499 2175 κοσμικὴν
1519 2140 1764 2176 ἐγκεχειρισμένος.
1799 2140 1849 2167 Διὰ

1062 2184 1141 2211 τοῦτο
1152 2185 1199 2211 καὶ
1213 2185 1349 2220 ἀρχόντων
1363 2185 1461 2220 μᾶλλον
1474 2185 1572 2221 ηὔχετο
1588 2186 1663 2220 φίλος
1676 2186 1744 2213 εἶναι
1757 2186 1774 2222 ἢ
1790 2187 1849 2213 ἐπι-

1062 2229 1169 2256 σκόπων
1195 2230 1242 2256 καὶ
1264 2230 1442 2264 μοναζόντων.
1466 2230 1500 2256 Εἴ
1521 2239 1584 2257 ποτε
1599 2229 1645 2258 οὖν
1661 2231 1707 2258 καὶ
1723 2233 1737 2258 ό
1753 2231 1848 2267 Πατὴρ

1066 2275 1206 2307 Ἀντώνιος
1232 2277 1264 2302 ἐκ
1285 2275 1332 2302 τοῦ
1347 2275 1427 2312 ὅρους
1448 2277 1575 2312 ἔγραφεν,
1595 2276 1688 2312 ὥσπερ
1710 2277 1848 2312 βδέλυγμα

1060 2319 1214 2356 ἁμαρτωλῷ
1225 2319 1372 2352 θεοσέῦεια,
1385 2320 1470 2352 οὕτως
1481 2321 1655 2347 ἐΰδελύσσετο
1666 2320 1700 2347 τὰ
1711 2320 1757 2346 τοῦ
1769 2321 1847 2354 ἁγίου

1059 2365 1220 2400 γράμματα.
1240 2365 1274 2391 El'
1291 2374 1355 2392 ποτε
1378 2365 1406 2392 δέ
1425 2365 1559 2401 βασιλεὺς,
1578 2366 1594 2401 ἦ
1618 2365 1815 2403 στρατηλάτης,
1831 2365 1848 2401 ἢ

1059 2410 1137 2442 ἄλλος
1150 2411 1276 2446 δικαστὴς
1290 2411 1460 2445 ἐπέστελλεν,
1473 2411 1543 2438 οὕτω
1553 2412 1704 2447 περιχαρὴς
1714 2413 1847 2446 ἐγίγνετο,

1060 2455 1098 2487 ὡς
1111 2457 1136 2482 οἱ
1152 2456 1180 2482 ὲν
1193 2457 1252 2488 ταῖς
1269 2457 1443 2491 Παροιμίαις,
1461 2457 1551 2489 καθὼς
1574 2457 1737 2492 σχετλιάζων
1754 2457 1848 2492 ἔλεγεν

1060 2501 1074 2526 ὁ
1089 2501 1181 2534 λόγος⁴
1200 2501 1231 2528 Ὢ
1248 2502 1275 2528 οι
1292 2501 1559 2536 ἐγκαταλείποντες
1578 2502 1667 2534 ὀδοὺς
1680 2503 1807 2535 εὐθείας,
1821 2505 1848 2530 οἱ

1068 2603 1192 2630 habetur.

1095 2638 1149 2673 (61)
1171 2639 1216 2665 Sic
1244 2638 1310 2673 Reg.
1335 2637 1362 2664 In
1390 2638 1470 2665 editis
1495 2645 1560 2664 vero
1584 2638 1630 2664 καὶ
1653 2636 1743 2673 χηρῶν
1759 2638 1846 2673 deest.

1059 2671 1144 2704 lliid.,
1160 2671 1315 2705 ἀνεξόδους,
1339 2675 1395 2700 hmc
1413 2681 1462 2699 vox
1488 2672 1620 2706 significat
1640 2671 1786 2703 mendicos,
1808 2671 1847 2698 ita

1060 2714 1181 2737 vocatos.
1207 2710 1277 2742 quod
1302 2714 1365 2735 eaut
1390 2708 1441 2734 ἁνὰ
1465 2707 1515 2738 τὰς
1539 2707 1644 2739 ἐξόδους
1663 2715 1707 2740 per
1724 2707 1779 2733 vias
1794 2711 1847 2742 :Vat

1059 2742 1203 2778 longealio
1217 2741 1297 2778 sensu
1314 2750 1424 2778 accepta
1439 2747 1481 2769 est
1493 2750 1508 2768 a
1522 2742 1747 2777 quibusdatu,sed
1764 2741 1849 2775 male,

1060 2782 1088 2803 ut
1105 2776 1176 2804 infra
1193 2777 1336 2804 videbitur.

1096 2812 1150 2846 (62)
1171 2811 1216 2840 Sic
1234 2812 1307 2839 editi.
1324 2812 1403 2848 Reg.,
1417 2811 1625 2839 κατεάσσεσθαι.
