2007 3044
176 116 226 144 703

175 171 398 206 εὐφραινόμενοι
428 171 476 197 ἐπὶ
503 170 615 203 κακοῖς,
647 169 696 196 καὶ
725 170 878 204 χαίροντες
908 169 957 196 ἐπὶ

174 215 339 250 διαστροφῇ
359 215 467 243 κακῶν.
490 215 598 250 ’Δμὲλει
613 215 676 246 τοὺς
696 215 744 250 μὲν
767 214 852 241 ταῦτα
879 215 959 250 κομί-

174 263 269 294 ζοντας
296 263 376 297 ἐτίμα
402 264 537 298 χρήμασιν
561 262 632 297 (65)·
666 261 805 287 Ἀντωνίου
837 261 865 287 δέ
894 269 958 287 ποτε

174 308 338 344 γράψαντος,
356 309 489 344 πεποίηκε
501 308 546 334 τὸν
567 308 648 334 δοῦκα
670 307 804 334 Βαλάκιον
821 307 959 334 καταπτῦ-

176 361 220 379 σαι
237 354 285 388 τῆς
301 354 455 388 ἐπιστολῆς,
473 353 520 380 καὶ
540 353 639 388 ταύτην
654 352 814 388 ἀπορῤίψαι.
840 352 908 378 Ἀλλ’
926 353 956 378 οὐ

175 400 301 434 παρεῖδεν
319 401 334 435 ἡ
350 400 409 426 θεία
425 399 503 434 δίκη’
524 400 581 434 μετ’
604 399 634 425 οὺ
657 398 723 424 πολὺ
745 398 799 434 γὰρ
822 398 867 424 τὸν
882 398 958 431 λεγό-

171 452 261 480 κμενον
275 445 356 471 δοῦκα
373 445 571 480 ἐπικαθήμενον
592 444 676 478 ἵππῳ,
698 444 746 470 καὶ
774 444 958 480 ἀπερχόμενον

177 491 218 522 είς
238 491 286 526 τὴν
310 490 419 526 πρώτην
444 491 536 526 μονὴν,
558 490 735 526 ἐπιστραφεὶς
759 491 773 517 ὁ
794 490 885 522 ἵππος,
913 491 959 516 καὶ

175 535 265 562 δακὼν
282 537 322 568 είς
338 536 382 562 τὸν
407 536 503 572 μηρὸν.
528 537 670 568 κατέϐαλε,
687 537 733 563 καὶ
749 536 833 571 τριῶν
849 536 958 572 ἡμερῶν

175 581 318 608 ἀπέθανεν.

649 113 808 142 HISTORIA
828 113 1030 142 ARIANORUM
1052 113 1097 140 AD
1118 112 1314 141 MONAC’IIOS.

1735 107 1785 137 710

973 174 993 200 Α
1010 171 1057 202 tia,
1072 174 1170 204 quanta
1186 169 1224 196 illi
1248 171 1281 196 de
1303 169 1399 203 quibus
1420 168 1446 195 in
1467 162 1620 195 Proverbiis
1635 167 1706 195 haud
1727 168 1787 196 sine

1009 215 1191 250 indignatione
1216 214 1313 241 dicitur
1328 224 1333 241 :
1358 213 1400 241 Va:
1418 215 1461 247 qui
1479 212 1659 248 derelinquunt
1675 207 1730 240 aias
1746 221 1787 241 re-

1006 267 1070 292 ctus,
1086 261 1129 295 qui
1147 262 1268 287 lwlautur
1291 262 1317 287 in
1333 260 1419 292 malis,
1435 265 1458 286 et
1478 260 1522 294 qui
1544 260 1656 294 gaudent
1675 260 1703 286 in
1724 267 1787 286 con-

1006 308 1148 334 versatione
1164 306 1294 333 malorum
1305 306 1338 332 9".
1354 306 1407 332 Eos
1422 309 1495 332 certe
1511 305 1556 339 qui
1572 305 1722 339 bujusmodi
1736 304 1788 332 sibi

1005 352 1110 379 litteras
1125 352 1280 379 deferebant
1296 351 1470 386 pecuniarum
1493 351 1564 377 dono
1588 349 1787 379 remunerabat.

1006 398 1140 426 Antonius
1160 406 1224 426 vero
1247 406 1307 425 cum
1332 398 1474 433 aliquando
1497 397 1669 432 scripsisset,
1693 401 1789 424 auctor

1008 445 1058 472 fuit
1078 445 1122 472 ille
1142 449 1171 472 ut
1188 444 1310 472 Balacius
1326 444 1377 471 dux
1402 444 1428 470 in
1451 443 1590 479 epistolam
1611 448 1736 477 spueret.
1756 443 1789 469 il-A

1008 491 1114 526 Iamque
1136 491 1280 525 projiceret
1299 500 1305 516 :
1321 490 1367 516 sed
1384 497 1439 516 rem
1456 489 1526 516 baud
1547 489 1659 516 inultam
1681 488 1788 523 reliquit

1009 537 1098 564 divina
1117 537 1252 569 vindicta;
1268 537 1399 571 siquidem
1416 543 1467 563 non
1484 536 1528 563 diu
1549 539 1641 570 postea
1664 541 1733 569 equo
1749 535 1788 560 in-

1009 583 1138 609 sidentem
1161 583 1266 615 ducem,
1282 588 1306 609 et
1327 582 1359 608 ad
1378 582 1524 616 proximam
1550 582 1714 608 mansionem
1737 581 1788 608 iter

176 627 367 661 instituentem,
387 635 532 656 conversus
553 635 636 662 equus
651 628 677 654 in
698 628 798 654 feature
819 627 891 654 illum
910 627 946 654 ila
966 631 1119 660 momordit.
1144 635 1172 656 ut
1196 629 1269 656 humi
1287 629 1425 663 dejicerel,
1452 628 1578 662 intraque
1600 627 1716 655 triduum
1744 627 1789 654 ille

175 675 271 701 obiret.

214 721 254 747 15.
275 721 386 747 Ἐκεῖνοι
399 720 456 755 ’μὲν
474 718 520 747 οὗν
536 718 622 751 οὕτως
640 719 773 755 ἔπραττον
793 728 863 746 κατα
888 728 956 746 παν-

174 775 242 794 τωψ
261 767 290 792 ὲν
307 766 336 792 δὲ
359 768 392 802 τῇ
424 765 525 801 Ῥώμῃ,
547 765 715 797 συνελθόντες
742 765 885 792 ἐπίσκοποί
906 774 956 791 που

175 814 356 847 πεντήκοντα,
373 812 434 843 τοὺς
459 811 508 846 μὲν
531 811 594 847 περ).
609 811 748 841 Εὐσέϐιον,
768 810 806 842 ὡς
821 810 957 841 ὑπόπτους

174 859 221 886 κα).
237 858 402 892 φοόηθέντας
417 857 513 888 ἐλθεῖν,
530 858 579 884 οὐκ
594 855 765 889 ἀπεδέξαντο,
781 856 848 882 ἀλλά
864 856 909 882 κα),
922 856 971 889 τὰ,

174 903 312 939 γραφέντα
335 903 399 937 παρ’
421 901 510 928 αὐτῶν
533 902 692 938 ἡκύρωσαν·
714 902 787 937 ἡμᾶς
811 901 839 927 δὲ
859 901 956 928 ἀπεδέ-

175 948 263 981 ξαντο,
290 948 338 974 καὶ
360 947 410 982 τὴν
438 946 505 982 πρὸς
531 946 604 981 ἡμᾶς
632 946 772 972 κοινωνίαν
799 945 956 980 ἠγάπησαν.

176 995 248 1025 "Em;
262 993 290 1020 δὲ
303 993 388 1020 ταῦτα
400 993 532 1026 ἐγίγνετο,
546 990 627 1027 ἦλθεν
643 992 683 1023 είς
699 991 799 1025 γνῶσιν
816 991 862 1017 τοῦ
882 991 957 1026 βασι-

174 1039 242 1071 λέως
251 1038 437 1070 Κώνσταντος,
451 1038 468 1072 ἥ
482 1046 510 1063 τε
530 1038 558 1063 ἐν
577 1036 669 1073 Ῥώμῃ
688 1037 818 1072 γενομένη
835 1036 956 1069 σύνοδος,

175 1086 221 1112 καὶ
243 1085 277 1111 τὰ
300 1086 377 1119 ὲν¹τῇ
401 1083 595 1119 Ἀλεξανδρείᾳ,
621 1083 668 1109 καὶ
692 1083 765 1118 πάσῃ
781 1084 814 1118 τῇ
832 1083 956 1118 Ἀνατολῇ

174 1130 244 1157 κατὰ
258 1130 311 1156 τῶν
339 1128 504 1164 Ἐκκλησιῶν
520 1128 700 1164 γεγενημένα*
727 1129 772 1154 κα).
793 1128 895 1163 γράφει
919 1127 957 1162 τῷ

173 1175 279 1210 ἀδελφῷ
295 1175 484 1209 Κωνσταντίῳ,
501 1175 547 1200 καὶ
559 1174 650 1201 λοιπὸν
665 1174 832 1209 ἀμφοτέροις
845 1174 956 1209 ἀρέσκει

175 1221 281 1248 σύνοδον
302 1220 437 1254 γενέσθαι,
453 1220 500 1246 καὶ
517 1219 716 1253 δια-γνωσθῆναι
739 1219 774 1245 τὰ
796 1218 956 1254 πράγματα,

173 1267 243 1294 ῖνόἱ
257 1267 305 1302 μὲν
320 1267 492 1302 ἀδικηθέντες
510 1266 607 1301 μηκέτι
632 1265 781 1300 πάσχωσιν,
806 1266 830 1291 οἱ
854 1265 883 1291 δὲ
902 1264 958 1290 ἀδι-

173 1313 283 1345 κοῦντες
302 1312 400 1348 μηκέτι
414 1312 525 1338 τοιαῦτα
549 1311 651 1346 τολμᾷν
663 1310 792 1337 δύνωνται
807 1310 871 1345 (64).
889 1311 956 1336 Συν-

173 1359 295 1394 έρχονται
306 1358 395 1385 τοίνυν
403 1357 458 1384 ἀπό
468 1365 498 1383 τε
510 1357 559 1391 τῆς
579 1356 724 1391 Ἀνατολῆς
734 1357 781 1382 καὶ
793 1356 841 1391 τῆς
850 1355 956 1388 Δύσεως

173 1405 202 1431 ὲν
215 1405 248 1439 τῇ
261 1404 370 1439 Σαρδῶν
385 1403 460 1430 πόλει
481 1403 559 1429 πλέον
573 1403 589 1438 ἦ
609 1402 717 1428 ἔλαττον
733 1405 769 1438 po’
783 1402 828 1428 τὸν
842 1401 956 1437 ἀριθμὸν

173 1449 323 1477 ἐπίσκοποι.
340 1450 393 1476 Καὶ
414 1450 439 1476 οἱ
456 1449 504 1484 μὲν
524 1449 578 1475 ἀπὸ
601 1449 650 1483 τῆς
666 1447 772 1480 Δύσεως
794 1448 867 1483 μόνοι
887 1445 956 1483 ἦσαν

173 1494 324 1526 ἐπίσκοποι,
344 1493 449 1528 ἔχοντες
465 1492 574 1527 Πατέρα
586 1493 630 1518 τὸν
646 1493 746 1519 Ὀσιον·
764 1493 787 1518 οἱ
804 1492 831 1518 δὲ
846 1492 898 1518 ἀπὸ
908 1491 957 1527 τῆς

179 1538 321 1574 ’Δνατολῆς
340 1538 473 1573 ἐπήγοντο
488 1537 546 1572 μεθ’
571 1536 673 1564 ἑαυτῶν
695 1535 884 1570 παιδαγωγοὺς
910 1535 956 1561 καὶ

174 1584 352 1619 συνηγόρους,
365 1582 562 1610 Μουσουνιανδν
574 1582 679 1617 κόμητα
691 1581 756 1616 (65),
770 1581 817 1607 καὶ
834 1581 957 1616 Ἦσύχιον

171 1629 217 1654 τὸν
232 1629 413 1665 Καστρήσιον,
428 1628 461 1654 δι’
477 1627 522 1659 οὒς
539 1627 585 1653 καὶ
605 1626 751 1662 προθύμως
767 1625 858 1662 ἦλθον,
877 1626 954 1661 νομί-

173 1672 264 1705 ζοντες
277 1673 334 1708 μετ’
349 1671 470 1705 ἐξουσίας
485 1671 573 1698 αὐτῶν
581 1671 661 1697 πάλιν
675 1671 763 1707 πάντα
779 1670 953 1706 πράττεσθαι.

174 1718 251 1745 Οὕτω
262 1718 316 1753 γὰρ
332 1718 375 1743 ἀεὶ
388 1716 432 1744 διὰ
440 1716 542 1743 τούτων
554 1716 683 1751 φοϐεροὺς
698 1715 810 1747 ἑαυτοὺς
821 1715 956 1742 ἐδείκνυον

172 1760 214 1795 οἷς
239 1763 386 1794 ἐϐούλοντο,
413 1762 458 1788 καὶ
483 1761 657 1788 ἐπεϐούλευον
674 1758 714 1792 οἷς
734 1760 767 1787 ἂν
785 1759 840 1796 (66)
865 1760 956 1792 αὐτοῖς

173 1811 269 1838 manu.
289 1810 332 1841 Ὠς
343 1809 371 1836 δὲ
383 1809 587 1844 ἀπαντήσαντες
602 1807 754 1842 ἑωράκασιν
770 1806 957 1842 ἐκκλησιαστι-

173 1857 225 1893 κὴν
241 1856 318 1892 δίκην
335 1855 417 1890 μόνην
430 1854 577 1889 γενομένην
592 1854 676 1889 χωρὶς
690 1853 799 1888 κόμιτος
814 1852 861 1878 καὶ
876 1860 957 1887 στρα-

173 1903 277 1930 τιωτῶν
293 1901 359 1937 (67),
379 1901 417 1933 ὡς
434 1901 572 1936 ἑωράκασι
599 1899 662 1931 τοὺς
685 1899 732 1933 ἀφ’
756 1898 873 1933 ἑκάστης
894 1899 955 1924 Ἐκ-

174 1948 288 1984 κλησίας
303 1948 350 1974 καὶ
362 1947 466 1978 πόλεως
486 1945 664 1981 κατηγόρους,
682 1946 729 1971 καὶ
750 1945 813 1976 τοὺς
834 1944 894 1971 κατ’
910 1944 957 1970 αὐ-

173 1993 226 2020 τῶν
242 1993 367 2028 ἐλέγχους
378 2001 385 2008 ·
403 1992 440 2023 ὡς
453 1992 604 2027 ἑωράκασιν
621 1991 728 2027 Ἀρειον
743 1991 790 2017 κα).
806 1989 954 2024 ’Δστέριον,

172 2039 277 2074 τιμίους
289 2038 462 2069 ἐπισκόπους,
475 2037 632 2068 ἀνελθόντας
652 2036 700 2071 μὲν
713 2037 760 2062 σὺν
775 2036 875 2067 αὐτοῖς,
891 2035 957 2061 ἁπο-

173 2085 347 2121 δημήσαντας
360 2084 388 2110 δὲ
405 2083 452 2110 ἀπ’
469 2082 568 2114 αὐτῶν,
585 2083 631 2108 καὶ
650 2082 775 2113 ἐλθόντας
791 2081 849 2117 μεθ’
865 2080 955 2116 ὴμῶν,

173 2133 363 2170 διηγουμένους
373 2141 402 2159 τε
416 2131 464 2167 τὴν
478 2130 643 2166 πανουργίαν
656 2129 776 2161 ἐκείνων,
790 2129 827 2160 ὡς
839 2128 956 2155 ὕποπτοι

173 2179 227 2207 εἷεν
253 2181 281 2206 ὲν
299 2178 353 2214 (68)
372 2179 426 2209 τοῖς
458 2177 611 2212 πράγμασι,
632 2175 678 2202 καὶ
697 2174 839 2209 φοῦοῦνται
867 2174 956 2209 κρίσιν

173 2225 309 2262 γενέσθαι,
336 2225 372 2260 μὴ
396 2222 542 2258 ἐλεγχθῶσι
568 2223 632 2257 παρ’
659 2220 737 2256 ἡμῶν
756 2221 803 2256 μὲν
822 2220 956 2255 συκοφάν-

172 2281 227 2304 ται,
244 2271 320 2307 παρὰ
337 2270 365 2297 δὲ
383 2269 436 2296 τῶν
454 2269 603 2296 ὲπλάσαντο
625 2267 793 2302 κατηγόρων,
820 2266 857 2297 ὡς
880 2266 956 2292 αὐτοὶ

173 2316 261 2343 πάντα
275 2314 453 2345 ὑποϐαλόντες
471 2313 536 2348 (69),
556 2313 601 2338 καὶ
618 2311 652 2338 τὰ
667 2311 778 2337 τοιαῦτα
797 2311 955 2346 μηχανησά-

176 2369 264 2397 μενοι·
277 2361 363 2388 ταῦτα
382 2360 553 2396 συνορῶντες,
571 2359 658 2385 καίτοι
685 2358 753 2393 μετὰ
777 2357 897 2391 σπουδῆς
913 2357 957 2382 ὲλ-

173 2408 274 2440 θόντες,
290 2407 447 2442 νομίσαντες
463 2405 529 2440 μηδὲ
541 2405 614 2439 ἡμᾶς
628 2404 749 2439 ἁπαντᾷν
772 2402 809 2434 ὡς
824 2402 951 2438 φοϐουμέ-

173 2462 250 2485 νους·
271 2453 308 2484 ὡς
323 2453 460 2489 ἑωράκασι
478 2451 523 2478 καὶ
541 2451 590 2485 τὴν
608 2450 687 2486 ἡμῶν
705 2449 870 2485 προθυμίαν,
891 2450 958 2476 ἀπο-

174 2499 306 2526 κλείουσιν
322 2498 433 2529 ἑαυτοῦς
449 2498 477 2522 ὲν
496 2496 534 2524 τῶ
549 2496 686 2531 παλατίῳ·
708 2497 766 2522 ἐκεῖ
785 2494 839 2530 γὰρ
856 2493 954 2529 ῷκουν.

209 2556 231 2572 ⁸⁷
251 2554 328 2582 Prov.
343 2562 374 2586 ιι,
389 2555 431 2581 15.

209 2624 264 2660 (65)
285 2623 345 2650 Haec
360 2623 434 2660 item
450 2622 663 2660 enarranturhin
687 2620 887 2660 _V_ita_Antouii,
908 2620 954 2648 sed

173 2657 234 2688 cuin
251 2667 301 2685 non
323 2658 391 2684 nulla
411 2658 600 2691 discrepantia.
615 2657 652 2685 lbi
669 2657 779 2683 videsis.

221 2694 263 2724 ﬁt)
286 2694 362 2727 Reg.,
377 2692 510 2719 δύνανται.

221 2694 263 2724 ﬁt)
286 2694 362 2727 Reg.,
377 2694 510 2719 δύνανται.

208 2694 364 2764 θῶμαι2
387 2728 500 2764 κόμιτα.
526 2727 611 2764 prima
638 2725 886 2764 manu;__secnn_r_ln.
909 2724 956 2764 κό-

175 2760 260 2800 μηταζ
273 2760 336 2790 Μυί
348 2760 428 2797 Reg"—
442 2763 623 2798 Καστρήσιον,
643 2768 724 2789 recte.
743 2761 823 2792 Editi,
839 2760 958 2795 Καστρί-

175 2809 241 2827 σιον.

210 2834 264 2868 (66)
285 2833 362 2868 [ir-3.,
380 2830 419 2864 οἷς
435 2831 491 2859 ἐάν,

1043 720 1083 748 l5.
1105 720 1167 747 lbec
1194 725 1271 748 erant
1297 720 1402 748 illorum
1433 725 1575 747 aavcrsum
1599 726 1693 746 omnes
1718 718 1787 746 facia

1005 774 1080 793 nora.
1096 766 1188 794 Romae
1202 775 1266 793 vero
1282 767 1367 793 coacti
1383 766 1500 801 episcopi
1518 766 1576 800 plus
1600 766 1688 793 minus
1707 765 1786 800 quin«

1004 814 1142 847 quaginta,
1166 812 1310 839 Eusebium
1327 817 1354 839 et
1373 812 1460 839 socios
1484 815 1576 846 utpote
1600 815 1741 845 suspectos
1756 818 1788 838 ac

1004 862 1154 885 metuentes
1175 858 1318 890 accedere,
1345 863 1514 891 nequaquam
1538 858 1715 890 receperunt,
1733 856 1788 883 imo

973 919 994 947 Β
1007 911 1099 930 eorum
1120 903 1248 936 rescripta
1264 903 1339 929 irrita
1361 902 1504 930 fecerunt:
1522 910 1569 929 nos
1587 906 1676 928 autem
1699 902 1786 929 admi-

1009 955 1067 975 sere
1083 952 1257 981 nostramque
1279 950 1492 975 communionem
1508 947 1622 982 amplexi
1638 953 1710 975 sunt.
1725 947 1788 976 Haec

1008 993 1070 1020 dum
1093 998 1245 1027 agerentur,
1260 993 1292 1019 ad
1308 993 1428 1020 notitiam
1444 992 1600 1020 Couslantis
1615 993 1789 1028 imperatoris

1008 1038 1149 1071 devenere,
1166 1046 1226 1065 cum
1247 1038 1367 1065 Romana
1384 1040 1511 1073 synodus,
1534 1043 1589 1066 tum
1607 1047 1650 1066 res
1672 1040 1788 1067 Alexan-

1008 1083 1073 1110 dria:
1099 1084 1124 1110 in
1152 1084 1331 1118 universeque
1357 1083 1467 1111 Oriente
1494 1084 1623 1111 adversus
1654 1083 1788 1112 Ecclesias

1007 1132 1087 1162 gesta:
1108 1137 1114 1154 ε
1140 1129 1300 1163 scripsitque
1320 1128 1364 1155 ille
1389 1128 1464 1155 fratri
1487 1136 1536 1156 suo
1564 1129 1734 1162 Constantio,
1757 1138 1789 1158 ac

1007 1173 1113 1200 demum
1140 1175 1240 1208 placuit
1265 1175 1372 1209 utrique
1395 1180 1423 1202 ut
1449 1175 1567 1210 synodus
1590 1176 1786 1209 celebraretur,

1007 1221 1274 1254 expenderenturque
1289 1221 1395 1255 negotia
1410 1229 1417 1247 :
1436 1214 1466 1247 ut
1482 1228 1514 1247 ne
1531 1221 1599 1247 ultra
1622 1227 1786 1248 vexarentur

1007 1265 1051 1299 qui
1070 1265 1124 1292 laesi
1149 1266 1279 1299 fuissent,
1305 1274 1336 1293 ac
1360 1266 1404 1300 qui
1428 1266 1494 1293 alios
1510 1266 1644 1298 lccserant,
1667 1274 1701 1294 ne
1717 1267 1790 1302 ejus—

1007 1310 1079 1337 modi
1107 1318 1149 1338 res
1172 1316 1329 1346 perpetrare
1352 1313 1492 1340 auderent.
1511 1312 1678 1341 Conveniunt
1703 1313 1788 1349 (Anno

1006 1355 1069 1390 547)
1085 1363 1144 1382 cum
1159 1364 1191 1383 ex
1211 1357 1321 1384 Oriente
1343 1362 1398 1384 tum
1414 1365 1446 1383 ex
1468 1357 1612 1385 Occidente
1634 1358 1660 1384 in
1678 1357 1788 1386 Sardica

1006 1401 1072 1428 urbe
1093 1402 1211 1436 episcopi
1233 1402 1292 1436 plus
1307 1402 1396 1430 minus
1411 1408 1517 1430 centum
1537 1403 1716 1437 septuaginta.
1732 1403 1786 1432 Oc-

1007 1448 1154 1475 cidentales
1176 1453 1263 1474 autem
1288 1448 1404 1483 episcopi
1430 1449 1478 1476 soli
1503 1454 1595 1481 erant,
1620 1456 1711 1476 secum
1736 1449 1786 1476 lia-

1006 1493 1099 1521 hentes
1115 1493 1222 1521 Patrem
1238 1493 1348 1521 llosium
1363 1503 1370 1521 :
1386 1494 1535 1522 Orientales
1552 1502 1615 1522 vero
1632 1496 1790 1530 predagogos

1007 1539 1204 1573 advocatosque
1220 1546 1309 1566 secum
1328 1539 1509 1573 adducebant,
1533 1540 1720 1568 Musonianum
1743 1549 1790 1569 co—
1809 1548 1835 1578 ο

972 1587 994 1617 C
1009 1585 1100 1611 mitem
1115 1589 1141 1611 et
1155 1585 1313 1620 llcsychium
1328 1585 1497 1612 Castrensem
1512 1594 1519 1612 :
1532 1594 1645 1620 quorum
1662 1595 1711 1621 ope
1726 1587 1789 1615 freti

1006 1629 1088 1656 alacri
1102 1630 1192 1656 animo
1208 1637 1356 1662 accessere,
1371 1630 1422 1657 rati
1444 1637 1473 1658 se
1495 1632 1584 1658 omnia
1601 1631 1728 1666 deinceps
1741 1639 1789 1660 eo-

1007 1683 1065 1702 rum
1088 1675 1206 1708 potentia
1230 1680 1348 1703 acturos.
1363 1676 1402 1703 Eo
1424 1676 1495 1703 enim
1513 1677 1591 1704 modo
1606 1684 1637 1704 ac
1658 1677 1788 1712 ejusmodi

1005 1721 1209 1755 opitulatoribus
1222 1721 1344 1753 subnixi,
1366 1729 1425 1748 sese
1446 1722 1542 1756 quibus
1560 1722 1636 1750 libuit
1655 1723 1788 1753 terribiles

1005 1766 1162 1798 exhibuere,
1177 1774 1209 1794 ac
1224 1767 1321 1801 quibus
1339 1767 1439 1801 placuit
1459 1767 1578 1795 insidiati
1599 1774 1672 1796 sunt.
1687 1770 1722 1797 At
1742 1770 1787 1797 ubi

1006 1813 1162 1839 accedentes
1177 1813 1351 1840 adverterunt
1371 1813 1579 1857 ecclesiasticum
1605 1815 1641 1842 ibi
1667 1815 1724 1842 fore
1738 1815 1786 1850 ju—

1006 1857 1105 1884 dicium
1123 1857 1224 1891 absque
1246 1857 1343 1884 comite
1368 1857 1409 1884 vel
1426 1858 1556 1885 militibus
1577 1868 1583 1885 z
1610 1859 1655 1886 ubi
1672 1867 1704 1886 ex
1728 1861 1788 1887 sin-

1007 1901 1076 1936 gulis
1101 1902 1226 1929 Ecclesiis
1254 1902 1418 1937 urbibusque
1447 1908 1618 1932 accusatores
1644 1903 1786 1938 viderunt,

1007 1955 1066 1973 cum
1090 1948 1190 1981 paratis
1213 1948 1354 1975 adversum
1376 1956 1406 1976 se
1424 1949 1590 1977 documentis
1609 1960 1616 1978 :
1633 1951 1677 1978 ubi
1694 1952 1788 1979 Arium

1007 1998 1203 2028 conspexerunt
1224 1999 1250 2021 et
1271 1994 1425 2027 Asterium,
1449 1995 1614 2023 venerabiles
1632 1997 1788 2031 episcopos,

1006 2039 1063 2074 qui,
1075 2047 1136 2066 eum
1161 2047 1250 2066 secum
1266 2040 1454 2072 accessissent,
1469 2048 1483 2066 a
1507 2048 1536 2068 se
1551 2048 1733 2074 recesserant,
1755 2043 1788 2069 ad

1005 2088 1149 2120 partesque
1175 2090 1281 2112 nostras
1307 2092 1336 2112 se
1360 2086 1546 2119 contulerant,
1572 2088 1672 2122 quique
1695 2095 1787 2115 eorum

1008 2131 1139 2158 vafritiem
1167 2132 1345 2164 enarrabant;
1374 2137 1504 2166 quantum
1524 2133 1628 2160 scilicet
1653 2134 1678 2160 in
1706 2135 1790 2168 gestis

1007 2177 1062 2203 suis
1085 2176 1166 2212 279
1190 2177 1304 2210 suspecti
1322 2182 1429 2208 essent,
1454 2185 1533 2211 quam
1552 2178 1678 2206 timerent
1698 2179 1734 2205 illi
1757 2187 1789 2205 ne

1005 2222 1132 2255 judicium
1151 2222 1276 2254 ferretur.
1297 2230 1363 2249 neve
1379 2231 1393 2249 a
1412 2223 1488 2250 nobis
1504 2224 1675 2258 sycophantae
1695 2225 1790 2259 depre-

1010 2267 1199 2299 henderentur,
1219 2267 1253 2294 ab
1278 2267 1365 2302 iisque
1380 2275 1447 2302 quos
1472 2269 1652 2295 subornaraut
1676 2276 1788 2296 accusa-

1009 2313 1110 2341 toribus
1132 2312 1318 2346 proderentur,
1335 2313 1404 2346 quod
1421 2312 1472 2348 ipsi
1498 2313 1601 2341 scilicet
1618 2314 1706 2341 omnia
1727 2322 1790 2347 sugn

1007 2357 1168 2390 gessissent,
1196 2356 1382 2392 ejusmodique
1408 2365 1450 2385 rcs
1477 2359 1562 2385 moliti
1590 2364 1698 2392 essent;
1733 2361 1790 2387 haec

1006 2403 1264 2436 animadvertentes,
1291 2404 1397 2430 tametsi
1424 2404 1505 2432 alacri
1535 2406 1625 2432 animo
1642 2406 1734 2433 isthuc
1761 2414 1789 2434 se

1004 2449 1188 2481 contulerant,
1213 2450 1264 2476 rati
1282 2458 1331 2477 nos
1350 2458 1405 2485 pra:
1429 2450 1571 2479 formidine
1587 2452 1627 2479 sui
1653 2460 1687 2479 ne
1710 2460 1787 2479 acce-

1005 2494 1069 2521 dere
1093 2494 1200 2528 quidem
1227 2501 1341 2521 ausuros
1363 2502 1369 2520 :
1396 2494 1441 2521 ubi
1469 2494 1593 2521 ﬁduciam
1623 2502 1788 2530 conspexere

1040 2617 1096 2654 (67)
1117 2617 1189 2650 “me,
1205 2618 1414 2654 χωρὶςγκόμιτος
1429 2619 1474 2644 καὶ
1490 2618 1661 2653 στρατιωτῶν
1672 2638 1681 2651 ,
1695 2620 1789 2647 desunt

1006 2654 1031 2681 in
1056 2654 1151 2683 editis,
1173 2655 1219 2680 sed
1247 2661 1272 2679 ιιι
1292 2653 1357 2688 Reg.
1378 2655 1520 2685 habentur,
1545 2655 1571 2680 in
1597 2662 1649 2687 quo
1670 2655 1788 2682 secunda

1006 2696 1083 2715 manu
1102 2688 1199 2721 legitur
1220 2688 1348 2723 κόμητος,
1365 2689 1447 2721 prima
1469 2688 1590 2723 κόμιτος,
1609 2695 1634 2716 ut
1659 2690 1698 2715 sic
1720 2690 1787 2716 infra

1005 2729 1028 2749 el
1047 2724 1113 2749 alias
1128 2731 1243 2757 δοίημεν.
1258 2724 1306 2756 Qui
1324 2724 1390 2749 inl'ra
1405 2723 1513 2758 Ἀρειος
1536 2726 1642 2757 dicitur,
1658 2724 1789 2752 Macarius;

1005 2763 1116 2785 vocatur
1131 2758 1155 2784 in
1174 2763 1306 2790 postrema
1323 2758 1476 2784 Sardicensi
1492 2759 1612 2792 epistola.

1042 2794 1097 2824 (68)
1119 2793 1163 2818 Sic
1184 2793 1249 2827 Iicg.
1265 2794 1290 2818 ln
1308 2793 1386 2818 editis
1401 2801 1465 2818 vero
1482 2795 1510 2819 ἐν
1527 2794 1611 2822 decst.

1042 2827 1096 2864 (69)
1115 2828 1150 2854 Ita
1168 2828 1231 2863 Reg.
1253 2828 1332 2861 Eliti,
1346 2828 1552 2860 ὑποῦᾶλλοντες.
