2007 3044
229 131 279 164 711

528 131 558 158 S.
580 129 765 158 ATHANASH
782 129 856 157 OPP.
879 130 970 158 PARS
991 129 1011 156 I.
1031 143 1063 149 —
1079 129 1263 157 lIlSTORlCA
1284 127 1328 156 ET
1346 128 1556 156 DOGHATICA.

1796 127 1854 154 712

229 194 362 222 nostram,
376 196 437 217 sese
449 188 595 217 recludunt
612 190 681 216 intra
708 189 848 223 palatium,
866 190 919 216 illic
935 197 1007 217 enim

1066 189 1112 215 Καὶ
1123 189 1215 215 λοιπὸν
1231 188 1355 223 ἀλλήλοις
1374 187 1551 214 συνελάλουν·
1580 186 1716 222 Ἥλθομεν
1736 187 1779 214 ἐπ’
1799 189 1851 214 ἀ).-

231 235 396 263 ltabitabaut.
411 233 477 261 Tum
502 235 615 261 invicem
636 230 879 270 eolloquehantur:
897 235 938 262 Ad
960 235 1010 261 alia

230 281 362 312 venimus,
377 279 428 306 alia
449 279 628 314 conspicimus
642 289 649 306 :
668 281 830 307 accessimus
850 288 912 308 cum
927 282 1011 308 comi-

232 326 313 357 tibus,
327 330 353 352 et
367 326 468 359 absque
482 325 623 352 comitibus
635 325 765 360 judicium
783 327 904 354 redditur
917 335 924 353 :
941 328 1013 353 dam~

231 371 354 398 nabimur
373 371 442 397 haud
461 371 551 398 dubie.
576 371 666 398 Nostis
684 379 779 399 omnes
794 380 915 407 quaenam
937 373 1011 407 jussa

231 418 329 445 fuerint
350 418 457 444 :‘habet
480 418 645 445 Athanasius
671 426 759 445 rerum
782 419 808 444 in
828 418 944 446 Mareote
968 427 1013 454 ge-

229 469 331 490 starum
354 469 539 495 monumenta,
561 464 656 498 quibus
678 464 721 491 ille
738 470 879 499 purgatur,
898 473 947 492 nos
966 465 1012 491 de-

230 511 327 537 decore
343 510 481 536 aﬂicimur.
503 510 572 543 Quid
589 510 743 537 moramur?
767 512 831 544 quid
854 519 1012 546 comperen-

231 556 373 582 diuamur?
392 563 486 582 causas
508 556 745 583 comminiscamur
760 557 793 583 ad
816 557 1010 589 secedendum,

233 609 266 628 ne
288 601 331 628 hic
353 605 496 628 manentes
514 601 683 629 damnentur.
714 601 803 628 Satius
821 607 861 629 est
881 602 1012 636 fugienti-5

230 647 409 678 erubescere.
434 654 513 680 quam
539 647 721 681 sycophantas
745 648 926 681 deprehensos
944 647 1012 674 allici

231 693 341 728 pudore.
364 693 392 720 Si
412 692 556 728 fugiamus.
578 693 756 728 qualicunque
774 693 853 720 modo
870 701 1013 728 possumus

232 739 327 767 baresi
348 739 511 773 patrocinari
528 747 535 765 :
550 738 620 773 quod
640 739 662 766 si
683 746 731 766 nos
751 739 883 774 rugientes
901 739 1013 766 damna-

233 786 297 817 rint,
313 785 384 812 haud
404 785 489 811 deerit
509 789 648 819 patronus,
664 785 811 819 imperator
827 785 946 816 Scilicet,
968 785 1012 819 qui

232 839 284 858 non
302 831 372 858 sinet
385 838 433 857 nos
448 838 479 857 ex
498 830 626 857 Ecclesiis
641 838 654 856 a
671 830 775 864 populis
791 830 940 857 exturbari.

1061 235 1126 266 λοις,
1142 235 1189 260 καὶ
1206 234 1271 261 ἄλλα
1286 234 1436 270 βλέπομεν·
1457 234 1651 269 ἀπηντήσαμεν
1680 233 1747 268 μετὰ
1761 235 1847 270 κομή-

1061 290 1124 313 των,
1142 281 1189 307 καὶ
1205 281 1288 316 χωρὶς
1300 282 1426 316 κομήτων
1439 281 1454 315 ὴ
1472 280 1562 316 κρίσις
1576 279 1680 313 γίνεται
1692 289 1698 295 ’
1717 288 1852 316 κατακρι-

1061 326 1160 362 νόμεθα
1178 326 1294 357 πάντως.
1319 326 1413 352 Οἴδατε
1436 326 1534 357 πάντες
1568 325 1602 352 τὰ
1631 326 1849 361 προστάγματα·

1061 372 1167 407 ἔχουσιν
1184 373 1206 398 οὶ
1222 373 1286 407 περὶ
1308 372 1464 398 Ἀθανὰσιον
1485 371 1519 398 τὰ
1536 372 1565 397 ἐν
1580 371 1617 406 τῷ
1632 371 1768 408 Μαρεώτῃ
1786 373 1851 399 ὑπο-

1063 419 1200 454 μνήματα,
1215 418 1243 451 ἐξ
1261 415 1298 444 ὧν
1322 418 1401 448 αὐτὸς
1428 417 1476 452 μὲν
1501 417 1689 453 καθαρίζεται,
1719 419 1797 453 ἡμεῖς
1820 419 1850 446 δὲ

1061 463 1306 498 καταιτχυνόμεθα.
1330 463 1362 489 Τί
1382 463 1414 498 δὴ
1436 461 1481 489 οὖν
1500 463 1647 498 μέλλομεν;
1665 463 1697 489 Τί
1720 463 1850 499 βραδύνο-

1063 517 1130 544 μεν;
1150 508 1319 543 πλασώμεθα
1347 509 1509 544 προφάσεις,
1534 509 1580 535 καὶ
1612 509 1783 544 ἀπέλθωμεν,
1811 509 1849 545 μὴ

1064 555 1186 590 μένοντες
1196 554 1414 589 κατακριθῶμεν.
1425 554 1533 581 Βέλτιον
1542 554 1691 588 φεύγοντας
1707 554 1846 590 ἐρυθριᾷν,

1062 598 1078 634 ἢ
1111 599 1286 634 ἐλεγχθέντας
1319 599 1488 634 συκοφάντας
1528 599 1754 635 καταισχύνεσθαι
1779 601 1846 635 (7U).

1069 645 1131 671 Ἐὰν
1154 645 1293 680 φύγωμεν,
1320 645 1457 680 δυνάμεθὰ
1484 654 1542 676 πως
1567 645 1618 672 κᾶν
1644 646 1694 680 τῆς
1718 646 1850 682 αἱρέσεως

1063 692 1257 726 προῖστασθαι²
1273 692 1320 719 ἐὰν
1337 692 1365 718 δὲ
1379 692 1434 727 (71)
1447 692 1493 719 καὶ
1508 692 1657 727 φεύγοντας
1675 694 1747 728 ἡμᾶς
1764 702 1850 719 κατα-Δ

1063 736 1200 772 κρίνωσιν,
1220 737 1276 764 ἁλλ¹
1293 737 1389 772 ἔχομεν
1411 737 1521 772 βασιλέα
1544 739 1709 774 προστάτην,
1739 739 1783 765 τὸν
1812 740 1849 774 μὴ

1063 783 1176 818 ἀφιέντα
1193 784 1266 818 ἡμᾶς
1281 784 1333 810 ὑπὸ
1351 784 1404 810 τῶν
1425 784 1497 811 λαῶν
1521 784 1698 811 ἐκϐάλλεσθαι
1717 785 1771 811 ἀπὸ
1795 786 1850 812 τῶν

1072 829 1245 865 Ἐκκλησιῶν.

269 876 312 903 16.
331 876 388 903 Hoc
403 876 440 903 illi
462 877 542 903 modo
563 876 678 902 invicem
704 875 937 910 colloquebautur.
960 875 1013 902 llo—

1100 875 1143 902 16.
1173 875 1290 902 Τοιαῦτα
1315 875 1363 910 μὲν
1387 873 1433 902 οὖν
1452 876 1508 908 (79.)
1533 876 1630 902 ἐκεῖνοι
1652 876 1846 910 διελογίζοντο·

233 923 290 948 sius
302 929 366 949 vero
382 922 528 956 cmterique
539 928 636 948 omnes
653 921 783 956 episcopi,
800 921 968 956 frequentius
983 922 1016 948 il-

234 968 268 994 lis
292 966 432 993 Athanasii
455 971 482 993 et
505 967 640 993 sociorum
669 966 793 994 liduciam
817 966 1014 1001 significabant,

234 1012 462 1047 declarabantque
471 1021 551 1046 quam
560 1013 645 1047 parati
658 1013 694 1040 illi
711 1017 801 1040 essent
812 1013 844 1039 ad
859 1012 1016 1047 depellenda

234 1059 361 1091 erimina,
386 1058 576 1093 promittentes
605 1065 635 1086 se
658 1059 820 1092 probaturos
835 1059 1016 1093 sycophantas

235 1105 294 1132 illos
305 1112 376 1131 esse.
392 1103 508 1130 Aiebam
523 1104 586 1130 item
603 1112 609 1129 :
632 1103 658 1130 Si
669 1103 799 1138 judicium
814 1103 1016 1137 pertimescitis,

234 1158 284 1178 cur
309 1150 482 1178 accessistis?
504 1149 624 1184 oportuit
638 1149 711 1176 enim
728 1154 774 1176 aut
790 1157 843 1176 non
857 1149 1015 1181 accessisse,

235 1201 281 1224 aut
301 1201 441 1231 postquam
470 1196 584 1222 venistis
605 1203 658 1222 non
684 1194 823 1229 aufugere.
847 1194 893 1222 His
919 1195 1018 1223 auditis

235 1242 285 1274 illi,
300 1242 418 1276 graviori
436 1241 553 1276 perculsi
577 1245 702 1272 terrore.
732 1248 792 1267 cum
819 1240 1016 1273 absurdiorem,

235 1295 316 1323 quam
330 1287 431 1314 dudum
447 1286 608 1317 Antiochiae.
629 1285 782 1312 attulissent
796 1285 1015 1319 excusationem;

234 1334 306 1369 quod
319 1333 423 1360 scilicet
439 1331 505 1366 ipsis
518 1331 662 1366 imperator
683 1331 780 1358 litteris
798 1332 856 1358 suis
874 1332 1016 1360 victoriam

235 1381 269 1407 de
282 1379 372 1406 Persis
387 1382 550 1413 reportalam
571 1376 763 1412 signiﬁcasset,
780 1377 871 1411 fugam
887 1377 1016 1405 fecerunt.

235 1424 428 1460 Ejusmodique
460 1422 664 1450 excusationem
689 1423 758 1449 citra
777 1423 859 1449 ullum
887 1424 1017 1457 pudorem

235 1471 367 1498 miserunt
378 1478 425 1505 per
437 1469 607 1497 Eustathium
624 1469 796 1496 Sardicensis
813 1469 938 1497 Ecclesia:
955 1478 1018 1504 pre-

234 1519 385 1554 sbyterum.
400 1518 499 1545 Verum
516 1525 549 1544 ne
565 1517 600 1544 ita
615 1517 723 1551 quidem
740 1517 792 1544 illis
813 1516 874 1552 fuga
898 1524 930 1544 ex
953 1525 1017 1544 sen-

235 1565 320 1592 tentia
334 1564 417 1591 cessit
430 1573 436 1589 :
450 1563 541 1590 statim
564 1570 681 1597 namque
710 1571 786 1590 sacra
807 1565 924 1598 synodus
943 1563 1019 1597 cujus

234 1617 336 1645 praeses
353 1614 410 1637 erat
424 1617 537 1644 magnus
551 1609 658 1642 llosius,
674 1611 730 1637 hare
747 1615 839 1645 aperte
857 1610 909 1638 illis
923 1611 1021 1638 rescri-

234 1656 309 1691 psit:
325 1655 521 1682 Autoccurrite
537 1662 584 1682 vos
594 1655 731 1690 purgaturi
745 1655 777 1682 de
789 1656 887 1690 quibus
903 1655 1020 1683 accusati

234 1702 311 1733 estis,
325 1701 410 1736 deque
434 1700 576 1727 calumniis
592 1707 660 1735 quas
682 1701 831 1734 struxistis,
855 1706 901 1728 aut
926 1706 1019 1728 notum

234 1747 270 1773 sit
284 1747 371 1780 vobis,
388 1751 416 1773 ut
431 1747 528 1774 noxios
549 1754 564 1773 a
585 1746 687 1781 synodo
706 1754 753 1773 vos
765 1753 825 1774 esse
837 1746 1017 1779 damnandos,

234 1793 410 1820 Athanasium
427 1799 492 1819 vero
517 1797 544 1819 et
573 1793 662 1819 socios
687 1792 808 1819 insontes
835 1793 869 1819 ab
893 1793 1020 1827 omnique

234 1840 348 1867 crimine
363 1847 445 1874 puros
458 1838 646 1866 declarandos.
664 1838 698 1864 At
710 1838 747 1865 illi
763 1838 935 1866 conscientiae
948 1843 1018 1865 metu

235 1885 369 1916 exterriti,
388 1884 474 1919 magis
490 1884 524 1911 ad
540 1883 629 1918 fugam
645 1883 862 1918 impellebantur,
877 1891 957 1918 quant
973 1883 1017 1910 lit-

235 1931 302 1957 teris
320 1929 539 1963 obtemperarent
558 1935 641 1955 :cum
666 1929 738 1955 enim
766 1928 838 1956 viros
855 1936 870 1955 a
893 1936 922 1956 se
941 1930 1019 1957 laesos

234 1981 325 2001 coram
339 1974 540 2008 conspicerent,
551 1979 586 1999 ne
595 1980 729 2000 converso
748 1973 856 2008 quidem
869 1974 902 2001 ad
914 1974 1019 2010 legatos

233 2019 310 2046 vultu
332 2019 452 2046 velocius
464 2018 614 2052 fugiebant.

270 2067 314 2094 17.
330 2066 368 2093 lta
384 2066 466 2101 igitur
480 2066 518 2092 illi
535 2066 650 2100 turpiter
671 2070 696 2092 et
716 2066 843 2093 indecore
858 2067 958 2101 fugam)
976 2066 1016 2092 l'e-

233 2121 305 2142 cere.
326 2112 409 2140 Sacra
424 2119 487 2139 vero
501 2113 633 2146 synodus,
648 2119 678 2138 ex
696 2112 755 2147 plus
777 2113 883 2147 triginta
896 2113 1017 2147 quinque

234 2158 379 2194 provinciis
393 2162 498 2190 coacta,
512 2158 699 2184 animadversa
717 2158 878 2184 Arianorum
894 2160 1017 2194 maligni-

1066 921 1158 953 ’ὐσιος
1173 921 1199 947 δὲ
1213 922 1260 948 καλ⁵
1280 923 1303 948 οἱ
1320 921 1394 948 ἄλλοι
1413 921 1510 952 πάντες
1527 922 1669 948 ἐπίσκοποι
1686 922 1850 958 πυκνότερον

1065 967 1156 999 αὐτοῖς
1176 968 1320 1003 ἐσήμαινον
1339 967 1388 1002 τὴν
1404 967 1558 1002 προθυμίαν
1577 967 1631 993 τῶν
1649 968 1713 1003 περὶ
1736 967 1849 994 Ἀθανὰ-

1067 1022 1134 1047 σιον,
1152 1015 1198 1040 καὶ
1215 1013 1252 1045 ὡς
1265 1014 1367 1048 ἕτοιμοι
1383 1014 1452 1048 πρὸς
1463 1013 1611 1047 ἀπολογίαν
1622 1014 1700 1046 εἰσὶν,
1718 1013 1850 1047 ἐπαγγελ-

1065 1060 1171 1094 λόμενοι
1189 1059 1335 1093 διελέγχειν
1350 1058 1422 1093 ὑμᾶς
1441 1058 1626 1093 συκοφάντας·
1644 1058 1734 1092 ἔλεγόν
1754 1067 1797 1084 τε·
1817 1059 1849 1085 ΕΞ

1067 1105 1191 1140 φοϐεῖσθε
1222 1106 1272 1140 τὴν
1299 1104 1399 1140 κρίσιν,
1416 1104 1442 1130 τί
1459 1104 1613 1138 dimi/rita;
1637 1104 1689 1130 ἔδει
1706 1104 1760 1139 γὰρ
1775 1104 1792 1139 ἦ
1812 1105 1851 1140 μὴ

1067 1151 1168 1183 ἐλθεῖν,
1190 1151 1207 1186 ἢ
1243 1150 1368 1182 ἐλθόντας
1400 1150 1437 1186 μὴ
1464 1151 1584 1184 φεύγειν.

1067 1198 1220 1229 ἀκούοντες,
1234 1198 1281 1224 καὶ
1299 1197 1396 1232 μᾶλλον
1410 1197 1642 1232 καταπλήξαντες,
1657 1197 1850 1232 ἁπρεπεστέρᾳ

1067 1244 1116 1278 τῆς
1128 1244 1157 1269 ἐν
1175 1243 1323 1278 Ἀντιοχείᾳ
1337 1242 1497 1278 προφάσεως
1519 1242 1586 1278 ἄλλῃ
1600 1243 1732 1278 προφάσει
1749 1243 1851 1278 χρησά-

1069 1298 1154 1325 μενοι,
1180 1289 1218 1321 ὡς
1244 1289 1375 1324 βασιλέως
1396 1289 1487 1320 αὐτοῖς
1510 1288 1629 1315 ἐπινίκια
1650 1289 1719 1315 κατὰ
1740 1289 1852 1324 Περσῶν

1067 1335 1229 1370 γράψαντος,
1253 1335 1433 1370 ἐπεχείρησαν
1460 1333 1579 1368 φεύγειν.
1604 1334 1659 1360 Καὶ
1683 1334 1786 1370 ταύτην
1801 1334 1851 1369 τὴν

1068 1381 1201 1416 πρόφασιν
1223 1380 1274 1406 οὐκ
1300 1380 1467 1411 αἰδεσθέντες
1495 1379 1619 1414 ἔπεμψαν
1647 1379 1679 1405 δι’
1703 1379 1852 1407 Εὑσταθίου

1068 1427 1251 1463 πρεσϐυτέρου
1268 1427 1316 1462 τῆς
1334 1426 1404 1453 κατὰ
1425 1425 1558 1462 Σαρδικὴν
1585 1426 1756 1462 Ἐκκλησιας.
1782 1427 1851 1452 Ἀλλ’

1068 1473 1128 1499 οὐδὲ
1149 1472 1235 1504 οὕτως
1251 1473 1340 1504 αὐτοῖς
1357 1473 1373 1507 ὴ
1389 1473 1460 1507 φυγὴ
1481 1472 1652 1507 καταθυμίως
1670 1472 1757 1507 ἀπέϐη
1777 1473 1850 1507 (75)·

1069 1518 1149 1549 εὐθὺς
1170 1517 1224 1552 γὰρ
1244 1519 1260 1552 ἡ
1277 1517 1341 1550 ἁγία
1359 1517 1475 1548 σύνοδος,
1492 1515 1526 1553 ἦς
1543 1519 1691 1552 προήγορος
1711 1515 1744 1553 ἦν
1769 1518 1783 1543 ὸ
1802 1518 1852 1553 μέ-

1071 1571 1122 1598 γας
1137 1563 1238 1594 Ὃσιος,
1266 1562 1383 1598 ἔγραψεν
1418 1563 1508 1594 αὐτοῖς
1533 1563 1666 1599 φανερῶς·
1687 1563 1703 1598 ἢ
1731 1564 1852 1598 ἀπαντήα

1072 1617 1136 1636 σατε
1153 1607 1382 1644 ἀπολογησόμενοι
1401 1609 1468 1644 πρὸς
1489 1608 1538 1639 τὰς
1568 1609 1763 1644 ἐπιφερομένας
1790 1609 1851 1635 καθ’

1070 1655 1146 1690 ὑμῶν
1165 1655 1339 1694 κατηγορίας,
1362 1655 1408 1681 καὶ
1427 1654 1460 1686 ἃς
1479 1655 1640 1689 εἰργάσασθε
1663 1655 1851 1689 συκοφαντίας,

1070 1702 1086 1736 ἢ
1102 1701 1258 1735 γινώσκετε,
1276 1701 1316 1727 ὃτι
1330 1701 1400 1735 ὑμᾶς
1415 1700 1463 1735 μὲν
1477 1700 1515 1732 ὡς
1532 1700 1697 1732 ὑπευθύνους
1710 1703 1726 1737 ὴ
1746 1701 1852 1732 σύνοδος

1070 1747 1243 1783 κατακρίνει”
1259 1747 1321 1777 τοὺς
1337 1746 1365 1772 δὲ
1379 1746 1442 1781 περὶ
1459 1746 1616 1772 Ἀθανάσιον
1636 1746 1792 1781 ἐλευθέρους
1805 1747 1853 1774 καὶ

1070 1792 1205 1827 καθαροὺς
1225 1792 1278 1818 ἀπὸ
1293 1791 1382 1827 πάσης
1405 1791 1493 1822 αἰτίας
1517 1792 1706 1826 ἀποφαίνεται.
1739 1793 1852 1820 Ἐκεῖνοι

1068 1837 1156 1866 τοίνυν
1174 1838 1226 1864 ὑπὸ
1247 1837 1329 1871 φόϐου
1347 1836 1393 1863 τοῦ
1408 1836 1558 1868 συνειδότος
1576 1837 1722 1872 ἠλαύνοντο
1742 1838 1850 1873 μᾶλλον,

1068 1882 1084 1917 ἦ
1102 1885 1158 1914 τοῖς
1168 1883 1327 1918 γράμμασιν
1344 1883 1497 1910 ἐπείθοντο·
1516 1884 1563 1911 καὶ
1576 1883 1630 1919 γὰρ
1639 1885 1702 1916 τοὺς
1712 1885 1852 1920 amnes»-

1067 1937 1117 1959 τας
1131 1929 1195 1964 παρ’
1210 1929 1298 1955 αὐτῶν
1317 1929 1442 1965 ὁρῶντες,
1466 1930 1526 1956 οὐδὲ
1548 1929 1616 1965 πρὸς
1637 1931 1700 1961 τοὺς
1724 1930 1851 1965 λέγοντας

1068 1975 1274 2009 ἐπεστρέφοντο,
1287 1974 1344 2001 ἀλλ’
1360 1975 1485 2011 ὀξύτερον
1497 1975 1620 2010 ἔφευγον.

1621 1151 1733 1177 Ἐκεῖνοι
1765 1151 1850 1178 ταῦτα

1104 2063 1146 2089 17.
1167 2063 1293 2090 Ἐκείνων
1303 2064 1352 2099 μὲν
1371 2061 1417 2091 οὖν
1433 2064 1518 2096 οὕτως
1530 2064 1648 2100 αἰσχρῶς
1660 2065 1706 2092 καὶ
1720 2064 1851 2100 ἀπρεπῶς

1067 2109 1178 2143 γέγονεν
1196 2110 1212 2145 ἡ
1230 2112 1317 2145 φυγή·
1342 2111 1358 2146 ή
1379 2110 1407 2137 δὲ
1428 2111 1492 2145 ἁγία
1515 2111 1622 2151 σύνοδος
1640 2113 1655 2146 ἠ
1671 2111 1725 2138 ἀπὸ
1745 2111 1780 2137 λε’
1804 2111 1852 2137 καὶ

1068 2154 1146 2180 πλέον
1163 2155 1302 2190 ἐπαρχιῶν
1314 2155 1487 2190 συναχθεῖσα,
1504 2155 1651 2189 ἐπιγνοῦσα
1667 2155 1715 2190 τὴν
1729 2156 1782 2182 τῶν
1806 2157 1850 2182 Ἀ-

235 2211 299 2239 tate,
319 2205 497 2232 Athanasium
523 2205 666 2238 sociosque
686 2205 804 2236 admisit,
831 2209 860 2231 ut
874 2212 934 2232 sese
951 2213 1015 2238 pur—

1072 2200 1184 2236 ρειανῶν
1200 2201 1373 2236 κακοήθειαν,
1392 2201 1499 2233 ἐδέξατο
1520 2202 1583 2233 τοὺς
1601 2201 1666 2236 περὶ
1694 2201 1850 2228 Ἀθανάσιον

233 2256 327 2285 gerent
339 2251 372 2277 de
384 2251 473 2277 allatis
486 2249 730 2282 criminationibus,
753 2257 867 2283 quarutn
882 2257 962 2277 causa
978 2254 1017 2278 tot

233 2299 338 2324 l'ueraut
353 2296 552 2324 calamitatibus
565 2295 665 2322 aﬂlicti.
685 2294 833 2329 Postquam
848 2300 937 2322 autem
957 2296 1018 2323 illas

234 2343 400 2377 depulissent
412 2350 443 2370 eo
458 2349 510 2376 quo
525 2349 604 2375 supra
621 2342 763 2369 retulimus
780 2341 870 2373 tnodo,
881 2349 896 2369 a
913 2343 1015 2377 synodo

233 2389 344 2416 admissi
360 2395 392 2420 ac
408 2396 520 2416 summae
536 2387 710 2415 admirationi
724 2387 805 2414 habiti
821 2391 894 2419 sunt,
908 2388 976 2414 adeo
989 2391 1017 2414 ut

231 2442 326 2462 eorum
341 2434 557 2461 communionem
585 2433 814 2468 amplecterentur
835 2440 843 2458 :
865 2440 896 2459 ac
928 2433 1017 2459 missis

231 2481 331 2514 ubique
345 2479 454 2513 litteris,
465 2479 555 2506 missis
568 2479 630 2506 item
651 2479 676 2505 in
692 2486 910 2513 unamquamque
928 2485 1016 2513 para:-

231 2526 311 2557 ciam,
330 2524 499 2559 maximeque
515 2524 715 2556 Alexandriam,
733 2524 758 2550 iu
772 2523 839 2558 Egy
848 2528 935 2558 ptum,
951 2527 977 2549 et
991 2523 1015 2549 in

231 2570 339 2605 Libyas,
360 2569 537 2596 Athanasium
568 2573 596 2596 et
628 2569 733 2601 socios,
760 2576 842 2603 puros
875 2569 1017 2602 omnisque

231 2617 352 2644 criminis
378 2620 503 2650 expertes
529 2621 600 2648 esse,
625 2614 801 2641 declararunt
821 2623 827 2641 :
844 2613 1018 2640 adversarios

230 2667 319 2690 autem
343 2662 460 2694 illorum,
476 2661 667 2696 sycophantas,
687 2659 872 2691 facinorosos,
888 2667 920 2686 ac
937 2659 1016 2693 quid-

228 2709 270 2736 vis
285 2709 375 2744 potius
390 2715 469 2743 quam
485 2707 666 2734 Christianos.
683 2705 744 2733 Illos
776 2705 858 2738 igitur
872 2712 933 2733 cum
951 2712 1016 2739 pace

267 2766 322 2825 (7?)
339 2765 377 2792 lta
392 2765 457 2800 Reg.
468 2764 548 2794 Editi.
564 2762 784 2797 κατακρίνεσθαι.
802 2762 925 2797 Utraque
936 2761 1016 2789 lectio

267 2809 296 2825 till
309 2807 359 2825 Γίιι.

240 2806 303 2830 ‘tuad
309 2807 359 2827 rat.

270 2835 324 2870 (Ti)
336 2835 413 2871 “68.,
427 2835 459 2861 ἂν
470 2835 508 2861 δέ.

1070 2247 1109 2278 εἰς
1125 2247 1271 2281 ἀπολογίαν
1284 2249 1348 2283 περὶ
1359 2244 1397 2274 ὧν
1423 2247 1582 2279 πεπόνθασι,
1601 2248 1719 2274 κάκεῖνοι
1735 2247 1852 2283 κατηγὸ-

1071 2301 1172 2328 ρησαν·
1192 2293 1239 2319 καὶ
1257 2292 1344 2324 οὕτως
1366 2292 1630 2328 ἀπολογησαμένους,
1649 2292 1720 2328 ἅπερ
1744 2294 1772 2318 ὲν
1795 2294 1850 2323 τοῖς
1888 2324 1895 2329 Ἰ

1069 2338 1223 2375 ἔμπροσθεν
1245 2339 1405 2374 εἰρήκαμεν,
1425 2338 1573 2370 ἀπεδέξατο
1594 2338 1641 2364 καὶ
1659 2337 1852 2373 ὑπερεθαύμα-
1887 2331 1894 2336 “

1067 2393 1122 2417 σεν,
1137 2385 1207 2412 ὥστε
1220 2385 1316 2416 αὐτούς
1330 2393 1359 2411 τε
1377 2385 1422 2411 καὶ
1443 2384 1491 2419 τὴν
1512 2385 1652 2411 κοινωνίαν
1675 2383 1763 2410 αὐτῶν
1783 2384 1852 2417 ἀγα-

1065 2431 1160 2467 πῆσαι,
1174 2432 1221 2458 καὶ
1234 2431 1337 2467 γράψαι
1355 2430 1504 2466 πανταχοῦ,
1524 2431 1626 2466 γράψαι
1641 2439 1670 2456 τε
1687 2430 1732 2456 καὶ
1747 2430 1786 2461 εἰς
1802 2429 1852 2464 τὴν

1066 2476 1180 2503 ἑκάστου
1199 2475 1353 2512 παροικίαν,
1378 2475 1424 2502 καὶ
1447 2474 1563 2510 μάλιστα
1583 2475 1623 2506 εἰς
1651 2473 1852 2508 Ἀλεξάνδρειαν

1066 2522 1112 2548 καὶ
1124 2522 1172 2556 τὴν
1189 2522 1335 2555 Αἴγυπτον,
1362 2521 1409 2548 καὶ
1425 2521 1464 2552 εἰς
1489 2521 1537 2552 τὰς
1556 2519 1668 2551 Λιϐύας,
1695 2519 1852 2546 Ἀθανάσιον

1067 2567 1115 2602 μὲν
1127 2567 1174 2594 καὶ
1185 2567 1245 2598 τοὺς
1259 2567 1308 2593 σὺν
1321 2566 1395 2601 αὐτῷ
1408 2566 1544 2601 καθαροὺς
1555 2566 1601 2592 καὶ
1615 2566 1705 2600 πάσης
1723 2565 1853 2600 μέμψεως

1064 2613 1141 2644 ἕκτος
1156 2610 1235 2643 εἶναι,
1250 2613 1312 2643 τοὺς
1325 2612 1353 2638 δὲ
1371 2612 1430 2638 κατ’
1445 2611 1535 2637 αὐτῶν
1546 2611 1706 2646 γενομένους
1720 2609 1852 2642 συκοφάν-

1063 2668 1122 2691 τας,
1140 2659 1318 2694 κακούργους,
1337 2658 1384 2684 καὶ
1400 2657 1486 2683 πάντα
1511 2657 1611 2692 μᾶλλον
1639 2657 1655 2692 ἢ
1673 2654 1851 2692 Χριστιανοὺς

1063 2704 1216 2739 τυγχάνειν.
1244 2703 1394 2730 ’Λπὲλυσαν
1420 2702 1484 2737 γοῦν
1511 2702 1608 2734 αὐτοὺς
1639 2702 1696 2737 μετ’
1723 2700 1850 2736 εἰρήνης·

1104 2761 1159 2795 (72)
1174 2761 1218 2787 Sic
1236 2761 1301 2794 Reg.
1315 2760 1342 2787 In
1354 2761 1435 2787 editis
1448 2757 1492 2786 ὧν
1505 2759 1592 2795 deest.

1105 2793 1160 2832 (75)
1173 2797 1208 2823 ita
1227 2793 1291 2830 Reg.
1309 2795 1378 2822 Editi
1393 2803 1465 2828 vero,
1476 2793 1571 2830 ἐπέϐη.
