2007 3044
232 184 285 212 ’115

496 185 523 212 S.
544 184 725 212 ATIIANASH
743 185 817 212 OPP.
838 184 927 212 PARS
946 184 965 211 I.
986 200 1019 205 ——
1039 184 1221 212 HISTORICA
1242 184 1284 212 ET
1304 179 1515 213 DOGMATICA:

1799 185 1852 213 7l6

234 243 431 280 Trajanopolis,
455 244 548 272 ambos
561 244 684 271 Thraciae
698 245 848 279 episcopos.
860 245 1011 280 prohosque

1065 243 1110 270 τὸν
1137 244 1191 271 ἀπὸ
1221 244 1270 278 τῆς
1301 243 1558 278 Τραϊανουπόλεως,
1594 243 1764 279 ἀμφοτέρους
1798 243 1854 271 ἀπὸ

234 291 294 318 illos
307 295 334 317 et
347 289 511 317 orthodoxos
528 290 611 322 viros,
627 298 687 317 cum
711 291 804 318 haeresi
823 299 878 318 sua:
892 291 1014 318 adverte-

234 341 293 363 rent
311 342 372 363 esse
391 335 598 366 lnfensissimos.
616 336 770 363 calumniati
789 340 861 362 sunt.
891 335 924 364 Et
949 336 1013 362 illud

232 381 323 415 primo
340 385 452 415 egerant
468 380 624 413 Eusebiani,
649 389 735 415 eaque
756 384 788 407 de
815 389 844 407 re
868 382 1014 415 scripserat

233 426 382 459 imperator
395 426 570 454 Constantius
585 436 592 458 ς
609 427 730 454 secundo
748 427 796 462 ipsi
810 428 959 455 calumnias
973 435 1013 454 re-

232 471 433 505 dintegraruut.
448 471 514 499 lllud
537 477 625 499 autem
648 472 746 500 littera:
770 474 900 502 ferebant.
915 477 944 499 ut
961 480 1012 500 non

232 516 314 545 modo
341 517 391 551 ipsi
408 517 520 544 urbibus
545 518 722 552 etzclesiisque
746 519 803 545 suis
830 519 1012 553 pellerentur:

232 562 279 590 sed
294 567 323 589 ut
335 562 443 596 capitali
460 570 549 597 pinna,
565 563 650 590 sicubi
666 564 762 597 reperti
779 564 902 595 fuissent,
916 564 1013 598 plecte-

234 612 335 636 rentur.
350 608 406 635 Hoc
427 613 516 635 autem
531 609 636 636 tametsi
661 610 822 644 stupendum
837 615 887 642 est,
914 617 1014 644 nequa-

231 660 313 687 quam
340 653 457 682 alienum
487 657 576 681 tamen
603 654 637 681 ab
661 661 754 682 eorum
774 655 927 689 proposito;
951 663 1012 682 nam

233 699 350 733 idipsum
363 707 423 727 cum
444 699 477 725 ab
488 699 648 727 Eusebiauis
667 700 822 733 didicerint,
840 701 1014 736 hmredesque

232 745 288 772 sint
303 744 409 772 illorum
436 745 593 780 impietatis,
610 750 693 780 atque
713 747 844 780 propositi
858 756 866 779 ;
881 752 910 774 nt
924 753 1014 782 patres

232 791 273 820 sui
289 791 315 818 in
329 790 456 822 Thracia,
471 791 510 818 sic
522 796 549 818 et
566 790 602 817 illi
616 791 786 818 Alexandriae
801 799 861 819 sese
880 793 1013 820 terribiles

233 837 362 864 exhibere
375 837 465 864 conati
483 841 546 863 sunt
567 845 574 863 :
591 836 747 872 litterasque
760 837 935 865 obtinuerunt
956 839 1013 873 qui-

232 873 394 916 busjussum
408 887 467 909 erat
483 883 555 909 ntad
577 887 668 917 portus
689 883 881 917 ingressusque
908 884 1012 911 urbium

231 930 361 957 custodiae
379 933 535 963 agerentur,
549 936 582 956 ne
611 929 628 955 ii
653 929 750 963 quibus
773 929 798 956 id
819 937 975 957 concessum
997 938 1013 957 a

231 974 335 1010 synodo
351 974 451 1007 fuerat,
471 975 504 1002 ad
522 982 586 1002 suas
601 974 735 1002 Ecclesias
757 976 944 1009 remigrarent.
960 977 1014 1003 Au-

231 1025 322 1047 ctorcs
350 1027 459 1055 quoque
490 1020 600 1047 fuerunt
627 1024 657 1047 ut
684 1021 786 1055 scripto
818 1022 1014 1055 signiﬁcaretur

231 1065 422 1097 Alexandrinis
436 1065 584 1099 judicibus,
601 1066 673 1092 circa
693 1066 882 1099 Athanasium,
894 1072 920 1094 et
936 1075 1016 1102 quos

231 1111 292 1140 dam
306 1111 463 1139 nominatim
478 1111 627 1138 recensitos
643 1112 831 1148 presbyteros;
846 1117 874 1138 ut
890 1113 946 1141 sive
961 1114 1015 1148 epi-

231 1164 344 1192 scopus,
361 1157 418 1184 sive
430 1157 565 1192 quispiam
578 1165 611 1184 ex
624 1157 688 1189 illis,
703 1158 743 1184 vel
767 1158 793 1184 in
814 1158 909 1185 urbem
929 1159 970 1185 vel
988 1159 1013 1185 in

231 1201 299 1232 ﬁnes
311 1202 369 1237 ejus
380 1203 516 1237 ingressus
532 1202 790 1236 deprehenderetur,
815 1202 898 1236 iudici
924 1203 1016 1230 liceret

231 1247 291 1277 istic
317 1253 438 1283 repertos
465 1248 543 1282 281
573 1248 659 1282 capite
685 1253 819 1276 lruncare.
845 1247 882 1275 Ita
912 1249 1015 1277 scilicet

229 1292 340 1323 Judaica
349 1300 415 1320 nova
435 1292 478 1319 illa
495 1292 604 1319 haeresis
622 1300 675 1319 non
692 1293 770 1320 modo
781 1294 916 1321 Christum
932 1295 1015 1322 abue-

230 1343 285 1375 εει,
301 1339 348 1366 sed
365 1338 444 1365 etiam
458 1338 611 1364 interﬁcere
621 1339 723 1365 didicit.

264 1383 310 1411 Ξυ-
328 1384 426 1413 Verum
440 1391 472 1410 ne
487 1384 522 1410 ita
538 1384 643 1416 quidem
660 1384 870 1418 conquieverunt
884 1384 933 1411 illi.
960 1385 1013 1412 Sed

229 1428 300 1462 sicut
314 1429 431 1463 ipsorum
457 1429 591 1457 haircSeos
615 1434 693 1463 pater
713 1434 840 1465 tauquam
858 1431 899 1457 leo
919 1431 1016 1459 circuit

229 1482 353 1512 querens
370 1481 450 1509 quem
473 1474 599 1507 devoret;
625 1474 664 1501 sic
684 1479 712 1500 ct
737 1474 774 1502 illi
792 1480 901 1509 accepta
916 1476 1015 1510 publici

229 1519 358 1548 curriculi
372 1519 725 1552 facultate.circumeuntes,
740 1520 761 1546 si
777 1527 842 1554 quos
850 1520 1016 1549 olfenderent

1064 291 1114 325 τῆς
1139 290 1249 326 Θρᾴκης
1273 289 1447 322 ἐπισκόπους,
1479 289 1597 323 ἀγαθοὺς
1627 289 1675 316 καὶ
1696 289 1853 325 ὁρθοδόξους

1065 336 1173 371 ἄνδρας,
1186 335 1278 371 ἐπειδὴ
1292 336 1431 372 ἑωράκασι
1447 335 1592 370 μισοῦντας
1614 335 1663 370 τὴν
1680 336 1796 370 αἰρεσιν,
1813 335 1854 362 διο

1065 382 1210 414 έϐαλον,τὺ
1222 383 1328 418 πρῶτον
1341 383 1390 418 μὲν
1408 384 1432 409 οἱ
1449 383 1512 418 περὶ
1528 382 1666 414 Εὑσέϐιον,
1683 383 1730 409 καὶ
1749 382 1851 418 ἔγραψε

1066 427 1190 462 βασιλεὺς
1211 428 1408 459 Κωνστάντιος,
1431 427 1461 454 τὸ
1486 427 1610 463 δεύτερον
1633 427 1661 454 δὲ
1684 428 1850 463 ὑπέμνησαν

1064 469 1147 499 οὗτοι.
1163 470 1218 498 Ἦν
1233 472 1262 498 δὲ
1284 472 1318 498 τὰ
1339 473 1477 508 γραφέντα
1509 472 1546 508 μὴ
1567 473 1645 508 μόνον
1671 472 1848 499 ἐκϐάλλεσθαι

1064 518 1117 545 τῶν
1136 518 1238 544 πόλεων
1258 517 1304 545 καὶ
1322 518 1376 544 τῶν
1403 518 1570 553 Ἐκκλησιῶν
1590 518 1698 550 αὐτοὺς,
1715 518 1781 545 ἀλλὰ
1803 519 1847 547 καὶ

1065 563 1214 599 κεφαλικὴν
1244 563 1343 590 διδόναι
1371 563 1459 598 δίκην,
1481 563 1506 589 ετ
1528 572 1579 590 που
1609 563 1744 598 εὑρεθεῖεν
1764 561 1849 591 οὗτοι.

1065 609 1148 636 Τοῦτο
1160 609 1188 635 δὲ
1208 611 1231 636 εἰ
1251 609 1297 635 καὶ
1314 609 1478 644 θαυμαστὸν,
1495 609 1553 635 ἀλλ’
1576 610 1625 635 οὐκ
1645 609 1784 645 ἀλλότριον
1800 609 1851 645 τῆς

1064 655 1247 691 προαιρέσεως
1271 654 1374 681 αὐτῶν⁸
1396 654 1433 686 ὠς
1451 654 1505 690 γὰρ
1523 654 1652 690 μαθόντες
1677 655 1706 680 τὺ
1729 655 1850 682 τοιοῦτον

1064 701 1117 728 ἀπὸ
1132 700 1186 726 τῶν
1202 700 1266 735 περὶ
1279 699 1419 733 Εὐσέϐιον,
1440 700 1486 727 καὶ
1507 700 1600 735 ὥσπερ
1625 700 1786 736 κληρονόμοι
1801 701 1851 737 τῆς

1064 745 1190 777 ἀσεϐείας
1209 746 1254 772 καὶ
1278 744 1326 780 τῆς
1346 745 1531 780 προαιρέσεως
1550 745 1639 771 αὐτῶν
1661 745 1850 780 τυγχάνοντες,

1063 791 1206 826 ἠθέλησαν,
1219 790 1256 822 ὡς
1271 791 1294 816 οξ
1307 790 1423 825 πατέρες
1437 790 1525 816 αὐτῶν
1546 791 1575 816 ὲν
1590 792 1622 826 τῇ
1648 791 1753 828 Θρᾴκη,
1779 791 1850 818 οὕτω

1064 837 1111 864 καὶ
1125 834 1196 863 οὗτοι
1208 837 1236 862 ὲν
1252 837 1284 871 τῇ
1307 835 1492 870 Ἀλεξανδρείᾳ
1515 835 1647 872 φοϐεροὺς
1663 836 1774 868 ἑαυτοὺς
1796 837 1851 864 δεῖ-

1064 882 1124 916 ξαι·
1149 882 1196 908 καὶ
1228 881 1334 908 ποιοῦσι
1363 881 1510 917 γραφῆναι,
1541 880 1611 907 ὥστε
1642 882 1705 913 τοὺς
1739 882 1851 917 λιμένας

1064 929 1111 954 καὶ
1126 927 1181 963 (8-1)
1194 928 1243 958 τὰς
1256 927 1374 958 εἰσόδους
1387 926 1440 952 τῶν
1456 926 1559 952 πόλεων
1574 927 1731 962 τηρεῖσθαι,
1753 928 1852 963 μήπως

1063 974 1108 1000 διὰ
1120 974 1168 1009 τὴν
1184 973 1239 1000 ἀπὸ
1265 973 1316 1007 τῆς
1340 972 1448 999 συνόδου
1474 973 1645 1008 συγχώρησιν
1668 973 1851 1001 ἐπανέλθωσιν

1064 1020 1104 1051 εὶς
1122 1019 1170 1050 τὰς
1197 1019 1367 1054 Ἐκκλησίας.
1389 1017 1497 1045 Ποιοῠσι
1518 1018 1546 1044 δὲ
1566 1019 1703 1054 γραφῆναι
1729 1020 1774 1046 καὶ
1792 1022 1850 1052 τοῖς

1065 1065 1117 1102 [ὲν]
1143 1064 1328 1101 Ἀλεξανδρείᾳ
1347 1065 1503 1098 δικασταῖς,
1532 1067 1596 1102 περὶ
1624 1066 1778 1094 Ἀθανασίου
1801 1068 1849 1094 καὶ

1065 1111 1256 1148 πρεσϐυτέρων
1272 1111 1353 1138 τινῶν
1371 1111 1402 1144 ἐξ
1417 1111 1557 1147 ὀνόματος,
1584 1112 1636 1144 ἵνα,
1661 1113 1716 1139 εἴτε
1741 1113 1851 1140 ἐπίσκο-

1065 1167 1124 1189 πος,
1144 1157 1198 1184 εἴτε
1209 1166 1250 1189 τις
1264 1156 1294 1189 ἐξ
1310 1157 1419 1183 ἐκείνων
1431 1157 1553 1192 εὑρεθείη
1568 1157 1617 1192 τῆς
1637 1157 1740 1189 πόλεως
1758 1157 1775 1193 ἢ
1796 1157 1851 1185 τῶν

1065 1204 1134 1240 ὅρων
1153 1204 1237 1239 αὐτῆς
1254 1203 1361 1235 ἐπιϐὰς,
1375 1203 1422 1238 ἐξῇ
1436 1201 1475 1237 τῷ
1490 1202 1604 1237 δικαστῇ
1619 1203 1673 1229 τῶν
1688 1203 1850 1239 εὑρισκομέ-

1064 1258 1117 1276 νων
1126 1249 1174 1280 τὰς
1187 1248 1306 1282 κεφαλὰς
1321 1248 1494 1283 ἀποτέμνειν.
1513 1248 1633 1283 Οὕτωςὴ
1658 1249 1789 1285 Ἰουδαῐκὴ
1804 1249 1852 1276 νέα

1065 1295 1167 1330 αἵρεσις
1193 1295 1223 1320 οὐ
1250 1294 1328 1329 μόνον
1353 1295 1474 1330 ἀρνεῖται
1505 1294 1551 1320 τὸν
1571 1294 1684 1331 Κύριον,
1709 1295 1777 1322 ἀλλὰ
1802 1297 1850 1322 καὶ

1065 1339 1187 1375 φονεύειν
1210 1339 1378 1375 μεμάθηκεν.

1099 1387 1143 1413 20.
1165 1385 1231 1412 Οὐδὲ
1257 1385 1327 1411 οὓτω
1352 1385 1380 1412 δὲ
1403 1385 1531 1420 ἠρέμουν,
1549 1385 1604 1411 ἀλλ’
1618 1385 1712 1422 ὥσπερ
1727 1388 1741 1413 ὁ
1760 1387 1851 1423 πατὴρ

1065 1433 1114 1468 τῆς
1128 1431 1258 1466 αἱρέσεως
1274 1431 1362 1459 αὐτῶν
1377 1431 1549 1466 περιέρχεται
1560 1432 1597 1463 ὡς
1613 1432 1691 1464 λέων,
1705 1432 1793 1468 ζητῶν
1809 1434 1850 1459 τί-

1065 1489 1099 1506 να
1113 1479 1243 1515 καταπίῃ.
1257 1478 1342 1510 οὕτως
1361 1476 1433 1505 οὗτοι
1448 1479 1576 1514 δημοσίου
1593 1479 1690 1515 δρόμου
1710 1480 1758 1515 τὴν
1774 1480 1851 1512 ὲξου-

1067 1527 1127 1554 σίαν
1149 1525 1276 1557 λαϐόντες
1299 1525 1345 1552 καὶ
1373 1525 1588 1561 περιερχόμενοι,
1613 1525 1642 1552 ὃν
1660 1526 1692 1552 ἂν
1719 1526 1851 1561 ηὕρισκον

216 1565 276 1602 'qui
291 1564 381 1600 fugam
399 1565 449 1595 sibi
477 1565 683 1598 exprobrarent,
709 1565 894 1600 Arianamque
909 1574 1012 1594 aversa-

1065 1572 1224 1604 ὀνειδίζοντα
1248 1571 1349 1603 τούτοις
1375 1571 1424 1606 τὴν
1447 1571 1546 1607 φυγὴν,
1581 1573 1628 1598 καὶ
1650 1571 1778 1607 μισοῦντα
1800 1573 1851 1608 τὴν

229 1614 323 1644 rentur
335 1609 470 1642 heresim,
481 1609 530 1636 hos
540 1608 630 1643 ﬂagris
646 1609 761 1642 extllunt,
780 1611 912 1643 vinciunt,
927 1612 1013 1645 patria

229 1661 330 1690 cogunt
343 1655 478 1682 exsulare.
499 1654 656 1688 Tantusque
681 1661 769 1683 terror
797 1657 934 1684 hominum
958 1658 1015 1686 illo-

229 1710 289 1730 rum
305 1701 365 1736 fuit,
381 1706 411 1728 ut
425 1702 500 1729 multi
516 1703 549 1728 ad
572 1701 750 1728 simulandum
774 1703 862 1730 adacti
891 1703 989 1730 fuerint
1006 1713 1012 1730 :

230 1749 308 1781 multi
323 1749 349 1776 iu
364 1748 534 1776 solitudinem
550 1748 643 1782 fugere
655 1748 776 1780 mallent,
793 1756 874 1782 quam
893 1749 945 1776 ullo
956 1758 1013 1777 mo-

229 1795 265 1822 do
284 1802 345 1822 cum
369 1795 421 1822 illis
441 1794 650 1822 communicare.
667 1794 728 1821 llaec
745 1800 804 1829 post
823 1794 912 1830 fugam
939 1801 1015 1823 erant

230 1840 375 1872 furentium
390 1840 525 1867 hominum
541 1838 732 1867 facinora.lmo
750 1848 811 1868 vero
822 1849 919 1867 novum
930 1842 1014 1875 quod-

229 1888 291 1914 dam
317 1887 407 1914 scelus
419 1886 621 1921 aggrediuntur,
638 1893 731 1913 eorum
757 1894 822 1913 sane
839 1887 934 1915 haeresi
952 1895 1014 1914 con-

229 1938 388 1963 sentaneum
404 1942 411 1959 ς
432 1940 525 1959 verum
537 1933 608 1967 quod
626 1940 674 1959 nec
686 1938 749 1959 ante
766 1934 896 1964 auditum,
929 1941 1014 1967 neque

230 1980 301 2009 forte
327 1986 443 2013 unquam
469 1978 588 2006 futurum
600 1979 645 2011 sit,
671 1987 704 2005 ne
732 1979 773 2005 vel
794 1979 862 2014 apud
876 1980 1013 2013 gentilium

230 2025 470 2062 petulantissimos,
485 2025 582 2052 nedum
597 2026 666 2059 aptnl
685 2025 861 2052 Christianos.
876 2025 941 2052 Nam
953 2033 1013 2052 cum

229 2079 308 2099 sacra
335 2071 455 2106 synodus
483 2070 585 2105 legatos
612 2070 754 2104 episcopos
781 2070 898 2097 misisset
929 2072 1014 2105 (Amo

228 2117 303 2152 548).
318 2115 466 2144 Vieentium
482 2115 590 2151 Capua’,
602 2124 661 2151 quae
675 2117 830 2151 metropolis
845 2120 886 2143 est
899 2112 1013 2150 Campa—

228 2164 470 2199 nite,eplscopum.
488 2167 516 2190 et
537 2163 699 2197 Euphratem
714 2163 878 2198 Agrippinae,
890 2171 948 2196 qum
962 2170 1014 2189 me-

229 2211 342 2245 tropolis
355 2215 396 2237 est
417 2210 509 2238 Gallia:
524 2208 679 2243 Superioris
697 2219 702 2236 :
720 2214 758 2241 ut,
784 2215 863 2243 prout
875 2210 1012 2236 decretqu

1070 1618 1210 1654 Ἀρειανὴν
1231 1617 1354 1653 αἵρεσιν,
1379 1617 1489 1649 τούτους
1512 1617 1667 1652 ἐμάστιζον,
1696 1618 1851 1654 ἐδέσμευον,

1064 1665 1171 1691 ἐποίουν
1185 1663 1352 1699 ἐξορίζεσθαι
1369 1664 1420 1699 τῆς
1433 1663 1499 1695 ἰδίας
1515 1664 1658 1700 πατρίδος·
1675 1665 1805 1700 φοϐεροὺς
1821 1674 1851 1692 τε

1064 1709 1175 1740 ἑαυτοὺς
1199 1709 1284 1741 οὕτως
1304 1709 1421 1740 ἐποίουν,
1447 1709 1485 1741 ὡς
1506 1710 1618 1742 πολλοὺς
1636 1711 1685 1746 μὲν
1704 1711 1851 1747 ὑποκριτὰς

1065 1755 1185 1790 ποιῆσαι,
1200 1755 1313 1786 πολλοὺς
1329 1755 1357 1782 δὲ
1379 1756 1419 1787 εἰς
1435 1756 1551 1791 ἐρημίας
1573 1749 1694 1790 φεύγειν,
1714 1758 1730 1792 ἦ
1748 1758 1851 1790 τούτοις

1065 1799 1204 1835 βούλεσθαι
1227 1800 1277 1828 κᾶν
1294 1801 1362 1832 ὅλως
1387 1803 1578 1837 συνιῳγχάνειν
1593 1803 1659 1839 (83).
1689 1804 1804 1831 Τοιαῦτα
1818 1802 1852 1840 ἦν

1063 1848 1153 1874 αὐτῶν
1177 1848 1244 1883 μετὰ
1265 1848 1314 1883 τὴν
1335 1849 1422 1883 φυγὴν
1442 1850 1491 1884 τῆς
1509 1850 1606 1885 μανίας
1629 1851 1663 1878 τὰ
1678 1851 1850 1886 τολμήματα.

1064 1893 1119 1920 Καὶ
1137 1893 1190 1929 γὰρ
1207 1894 1253 1920 καὶ
1273 1893 1373 1929 δρῶσιν
1394 1894 1457 1921 ἄλλο
1477 1904 1502 1921 τι
1526 1896 1628 1927 καινὸν,
1648 1897 1716 1932 ὅπερ
1737 1897 1785 1932 τῆς
1802 1897 1851 1932 μὲν

1063 1939 1196 1975 αἱρέσεως
1219 1940 1308 1966 αὐτῶν
1325 1941 1382 1966 ἐστι
1396 1941 1571 1976 κατάλληλον,
1589 1942 1664 1968 οὔπω
1676 1943 1704 1968 δὲ
1721 1943 1851 1978 πρότερον

1064 1985 1193 2019 ἠκούσθη,
1207 1985 1264 2012 ἀλλ’
1279 1986 1338 2012 οὐδὲ
1355 1986 1424 2021 τάχα
1441 1988 1585 2023 γενήσεταί
1602 1997 1665 2014 ποτε
1687 1989 1748 2016 οὐδὲ
1777 1991 1851 2025 παρὰ

1063 2032 1118 2062 τοῖς
1132 2031 1338 2067 ἁσελγεστέροις
1348 2033 1402 2059 τῶν
1422 2034 1563 2069 Ἑλλήνων,
1583 2037 1680 2070 μήτιγε
1701 2036 1776 2072 παρὰ
1795 2037 1851 2071 (86)

1063 2078 1245 2111 Χριστιανοῐς.
1279 2078 1335 2112 Τῆς
1366 2079 1419 2114 γὰρ
1443 2080 1524 2114 ἁγίας
1549 2081 1655 2108 συνόδου
1681 2083 1850 2117 πρεσϐευτὰς

1063 2121 1260 2156 ἀποστειλάσης
1290 2123 1465 2156 ἐπισκόπους,
1496 2125 1631 2152 Πικέντιον
1659 2127 1708 2161 μὲν
1734 2128 1780 2154 τὸν
1797 2128 1851 2154 ἀπὸ

1063 2165 1179 2201 Καπύης
1192 2166 1260 2201 (ἔστι
1284 2166 1313 2193 δὲ
1326 2167 1395 2203 αὕτη
1414 2170 1577 2204 μητρόπολις
1595 2171 1644 2205 τῆς
1660 2172 1849 2208 Καμπανίας),

1062 2211 1207 2246 Εὐφράτην
1215 2212 1243 2238 δὲ
1258 2212 1303 2238 τὸν
1317 2213 1643 2250 ἀπὸᾌγριππίνης(ἕστι
1659 2217 1687 2244 δὲ
1706 2219 1753 2244 καὶ
1779 2219 1849 2254 αὕτη

229 2265 244 2284 a
258 2257 360 2293 synodo
374 2256 470 2289 fuerat,
484 2255 630 2289 imperator
646 2255 786 2289 episcopos
802 2255 827 2281 in
840 2263 903 2282 suas
915 2256 1010 2282 reverti

1066 2257 1231 2293 μητρόπολις
1258 2259 1306 2293 τῆς
1332 2259 1387 2285 ἄνω
1401 2259 1536 2294 Γαλλίας),
1565 2262 1618 2294 ἵνα,
1646 2263 1684 2294 ὡς
1704 2264 1720 2298 ἡ
1743 2264 1850 2296 σύνοδος

228 2296 359 2330 ecclesias
378 2300 546 2333 concederet,
564 2307 631 2333 quos
655 2307 752 2334 nempe
774 2299 921 2333 expulisset
945 2300 1012 2333 ipse,

229 2348 280 2375 etsi
300 2345 533 2374 commendalitias
556 2352 604 2379 pro
623 2344 756 2378 episcopis
779 2344 884 2371 litteras
897 2345 1013 2372 misisset

229 2393 307 2420 fratri
325 2399 375 2419 suo
398 2391 536 2426 piissimus
551 2389 702 2423 Constans;
719 2395 745 2416 at
761 2390 911 2417 admirandi
927 2390 1013 2417 homi-

228 2446 289 2471 nes,
301 2438 333 2465 ad
347 2445 480 2472 omneque
492 2436 580 2464 scelus
592 2435 775 2467 audacissimi,
791 2436 834 2463 ubi
847 2436 906 2463 illos
919 2436 1013 2464 Antio-

229 2484 297 2511 chiae
311 2489 486 2516 conspexere.
497 2488 550 2508 una
559 2480 698 2507 consilium
715 2481 819 2512 ineunt,
835 2481 909 2508 solus
922 2486 1013 2510 tamen.

229 2527 394 2564 Stephanus,
410 2532 501 2562 utpote
515 2527 550 2553 ad
575 2534 619 2553 res
639 2525 790 2559 huiusmodi
804 2527 886 2560 probe
902 2535 1013 2561 compa-

229 2595 367 2633 gatumab
382 2594 504 2633 Arianis,
526 2595 661 2633 interiisse
676 2599 820 2633 antequam
838 2593 924 2620 soluta
948 2594 1013 2633 Sar-

229 2629 347 2659 dicensis
369 2631 488 2666 synodus
499 2635 579 2657 esset.
594 2629 647 2656 Res
658 2635 731 2666 certa
748 2630 853 2655 videtur
868 2636 876 2666 :_
893 2637 954 2666 nam
969 2630 1012 2666 hic

227 2664 392 2695 Athanasius
422 2672 466 2692 res
499 2666 588 2691 statim
614 2672 627 2690 a
656 2665 717 2698 fuga
740 2670 830 2697 gestas
853 2664 887 2689 ab
902 2664 1012 2692 Arianis

228 2706 348 2729 enarrat.
362 2701 524 2734 Certumque
535 2704 579 2726 est
590 2700 704 2731 “spisse
722 2699 852 2733 synodum
865 2705 924 2730 post
933 2699 1011 2734 Aria-

229 2745 325 2764 norum
344 2736 445 2770 l'ugam.
460 2733 488 2762 et
504 2734 670 2770 aliquantum
688 2734 816 2766 temporis
828 2735 949 2770 durasse.
964 2733 1011 2760 Li-

229 2777 273 2798 oet
289 2768 386 2798 antem—
401 2771 524 2805 quaedam
544 2768 672 2805 superius
695 2769 828 2805 enarrarit
847 2768 1010 2805 Athanasius

230 2814 291 2840 quae
306 2803 417 2832 nonnisi
429 2810 489 2839 post
511 2804 638 2840 salutatur
653 2803 783 2839 synodum
793 2804 949 2840 contigisse
968 2805 1008 2830 vi-

230 2838 342 2871 dentur,
362 2838 486 2867 videlicet
499 2848 559 2873 quae
580 2839 658 2872 paulo
670 2838 736 2865 ante
759 2838 840 2864 refert
855 2839 888 2864 de
904 2839 969 2866 Ario
982 2844 1008 2866 et

228 2876 337 2907 Asterio
352 2875 494 2908 episcopis,
509 2872 571 2905 hoc,
583 2875 702 2906 inquam,
717 2872 782 2899 nihil
795 2873 892 2905 negotii
905 2873 1005 2905 faciat;

228 2920 282 2944 λιυιι
308 2907 403 2937 ordine
425 2907 522 2947 quippe
550 2917 591 2936 res
613 2914 702 2943 gestas
725 2913 847 2936 recenset
868 2907 932 2944 ipse,
957 2909 1005 2938 sed

1066 2301 1166 2337 ἔκρινε,
1185 2304 1348 2338 συγχωρήσῃ
1367 2303 1491 2338 βασιλεὺς
1507 2306 1546 2337 εὶς
1563 2306 1612 2338 τὰς
1626 2307 1772 2342 ἐκκλησίας
1787 2310 1850 2341 τοὺς

1066 2347 1232 2379 ἐπισκόπους
1257 2348 1422 2380 ἐπανελθεῖν,
1443 2350 1535 2386 ἐπειδὴ
1559 2353 1605 2378 καὶ
1619 2352 1699 2384 αὐτὸς
1719 2353 1847 2386 ἐξέϐαλε’

1067 2394 1218 2428 γράψαντος
1231 2403 1261 2420 τε
1285 2395 1332 2422 καὶ
1346 2395 1393 2421 τοῦ
1410 2396 1602 2424 εὐσεϐεστάτου
1620 2398 1795 2431 Κώνσταντος
1811 2400 1850 2436 τῷ

1067 2438 1172 2474 ἀδελφῷ
1191 2439 1298 2471 ἑαυτοῦ,
1325 2440 1371 2466 καὶ
1388 2442 1569 2476 συστήσαντος
1589 2443 1652 2474 τοὺς
1669 2444 1848 2477 ἐπισκόπους·

1066 2485 1090 2510 οἱ
1103 2484 1252 2518 Θαυμαστοὶ
1275 2485 1401 2520 καὶπρὸς
1418 2487 1505 2513 πάντα
1517 2487 1655 2523 τολμηροὶ,
1670 2488 1707 2520 ὡς
1724 2490 1849 2525 ἑωράκα-

1067 2537 1108 2555 σιν
1122 2530 1219 2562 αὐτοὺς
1231 2531 1277 2556 ἐπὶ
1292 2531 1343 2566 τῆς
1365 2533 1535 2567 Ἀντιοχείας,
1549 2533 1717 2568 βουλεύονται
1731 2535 1779 2569 μὲν
1795 2543 1850 2562 x0:-

1068 2602 1148 2631 prout
1169 2598 1305 2625 memmiie
1321 2606 1380 2625 sese
1395 2599 1552 2626 oll‘creliant.

1174 2633 1219 2671 §ic
1239 2633 1304 2671 ljeg.
1322 2640 1348 2671 et
1362 2634 1441 2671 Basil.
1459 2635 1486 2660 In
1501 2635 1580 2661 editis
1591 2636 1637 2662 καί
1654 2636 1740 2663 deest.

1101 2667 1157 2704 (85)
1175 2667 1220 2704 §ic
1234 2668 1305 2704 μσς.
1322 2669 1403 2700 Ειιιιὶ,
1419 2670 1571 2704 τυγχάνειν.
1589 2673 1677 2698 minus
1696 2677 1778 2699 recte.

1100 2701 1160 2741 (ειη
1173 2702 1218 2729 Sic
1234 2703 1334 2741 Regius
1350 2704 1445 2741 codex.
1458 2701 1580 2741 iiii-ditis
1595 2713 1658 2732 vero
1673 2707 1748 2741 παρά
1761 2709 1846 2734 deest.

1064 2735 1124 2771 Mox
1143 2737 1208 2771 Reg.
1227 2743 1253 2764 et
1274 2735 1339 2766 edit.
1360 2738 1476 2768 Comm"
1499 2739 1646 2767 Βικέντιον.
1662 2735 1734 2767 Εςιίὶ.
1748 2741 1848 2771 Paris.

1064 2770 1229 2811 Obivxéftov.
1254 2772 1339 2811 Paulo
1366 2779 1424 2806 post
1440 2775 1538 2811 _editi,_
1551 2775 1778 2811 Ἀπογριππίνης,
1797 2785 1848 2803 una

1062 2813 1137 2843 voce.
1155 2807 1233 2841 Reg.,
1248 2807 1585 2843 ἀπδἊγριπττίνηςκριιίο
1606 2807 1648 2837 hic
1670 2811 1702 2837 de
1727 2807 1848 2838 V'ieentio

1060 2846 1088 2868 et
1103 2842 1241 2876 Euphrate
1258 2842 1413 2874 narrauinr,
1425 2842 1511 2870 fusius
1528 2845 1660 2871 habentur
1677 2846 1746 2877 apud
1757 2845 1846 2873 Theo-

1060 2877 1158 2909 dorct.,
1173 2876 1218 2905 lib.
1238 2885 1267 2910 ιι,
1285 2885 1345 2912 cap.
1360 2877 1385 2911 9,
1399 2884 1424 2906 et
1440 2879 1466 2905 in
1484 2878 1543 2907 Vita
1560 2876 1698 2907 Athanasii
1715 2889 1808 2914 supra.
