2007 3044
194 155 243 183 7n

670 158 834 187 HISTORIA
853 157 1057 186 ARIANORUM
1075 159 1119 186 AD
1136 159 1332 190 MONACHOS.

1751 163 1802 190 718

189 213 232 248 νῇ,
256 211 334 247 μόνος
361 213 389 240 δὲ
415 213 550 248 Στέφανος
567 215 726 251 ἀναδέχεται
749 216 779 242 τὸ
804 216 905 252 δράμοι,
935 216 967 247 ὡς

1023 221 1105 250 ratus.
1123 217 1240 245 fabulam
1257 218 1434 254 peragendam
1457 219 1577 253 suscipit.
1593 218 1729 247 Publicam
1752 219 1803 247 ita-

188 258 345 294 ἐπιτηδείως
358 259 426 294 ἔχων
443 261 506 295 περὶ
519 261 554 288 τὰ
571 261 691 289 τοιαῦτα.
704 261 868 295 Μισϐοὖνται
879 262 968 288 τοίνυν

189 303 290 341 πόρνην
304 305 434 340 δημοσίαν
449 307 477 332 ἐν
489 307 583 338 αὑταῖς
593 309 652 340 ταῖς
666 308 782 343 ἡμέραις
794 308 840 334 τοῦ
853 308 969 342 ἁγιωτά-

188 359 234 378 του
264 350 369 386 Πάσχα,
400 352 446 378 καὶ
477 352 668 387 γυμνώσαντες
706 353 806 389 ταύτην
838 354 968 388 ἐπαφιᾶσι

187 396 283 428 νυκτὸς
297 396 424 433 Εὐφράτῃ
438 398 475 433 τῷ
489 399 638 434 ὲπισκόπῳ.
656 400 710 426 Καὶ
729 401 744 434 ἠ
771 400 820 434 μὲν
839 400 924 435 πόρνη
939 400 969 426 τὸ

188 443 306 479 πρῶτον,
329 444 462 479 νομίσασα
487 444 616 480 νεώτερον
639 443 708 472 εἶναι
732 445 778 472 τὸν
807 446 967 478 καλέσαντα,

188 488 335 525 προθύμως
357 489 511 524 ἠκολούθει·
540 491 578 522 ὡς
596 490 624 517 δὲ
647 492 755 526 {mpsim
770 493 834 527 παρ’
846 492 967 524 ἐκείνων,

187 533 242 562 εἶδε
258 534 426 570 κοιμώμενον
446 536 491 563 τὸν
515 536 665 572 ἄνθρωπον,
687 538 734 564 καὶ
761 538 799 574 μὴ
826 538 913 565 εἰδότα
939 539 968 565 τὸ

187 579 357 615 γιγνόμενον,
379 580 438 607 εἶτα
454 582 491 613 ὡς
509 582 655 617 κατενόησε
677 583 723 609 καὶ
741 581 795 609 εῐδε
816 583 967 619 πρεσϐύτου

187 625 341 661 πρόσωπον,
357 627 403 654 καὶ
416 628 563 654 ἐπισκόπου
579 629 754 661 κατάστασιν,
765 629 844 661 εὐθὺς
854 629 967 664 ὰναῦοὴ-

187 679 258 698 σασα
271 671 321 707 τὴν
336 672 396 707 βίαν
410 673 492 699 ἐϐόα]
509 674 621 701 Ἐκεῖνοι
635 684 663 701 τε
679 675 770 709 ἠξίουν
786 676 901 710 σιωπᾷν,
923 676 968 702 καὶ

186 718 404 753 καταψεύδεσθαι
421 719 467 746 τοῦ
482 721 640 747 ἐπισκόπου.
658 721 776 756 Ἡμέρας
789 722 878 748 τοίνυν
893 730 968 755 γενο-

187 763 283 800 μένης,
305 765 499 804 διᾳτεθρύλητο
515 767 545 793 τὸ
562 768 688 802 πρᾶγμα,
706 768 752 794 καὶ
771 769 844 794 πᾶσα
859 768 875 802 ὴ
893 767 969 799 πόλις

188 809 363 846 συνέτρεχεν·
385 811 448 837 οἵτε
460 812 513 839 ἀπὺ
528 813 575 840 τοῦ
590 813 720 840 παλατίου
741 813 887 846 ἐκινοῦντο,
905 813 969 840 θαυ-

189 854 319 889 μάζοντες
330 856 360 883 τὸ
376 856 563 893 Θρυλοὺμενον,
576 860 622 886 καὶ
634 859 771 892 ἀξιοῦντες
783 860 820 896 μὴ
832 861 968 896 σιωπηθῆ-

187 909 231 927 ναι
244 901 332 929 τοῦτο.
347 903 443 937 Γέγονε
460 904 548 931 τοίνυν
562 905 661 940 κρίσις,
673 905 719 932 καὶ
734 906 748 931 ὁ
763 905 812 941 μὲν
827 905 881 941 (87)
895 906 968 932 ἐται-

186 948 317 983 ροτρόφος
345 949 441 984 ἧλεγξε
469 951 531 982 τοὺς
556 951 681 983 ἐλθόντας
713 952 759 979 ἐπὶ
785 953 834 987 τὴν
856 952 968 988 πόρνην,

187 995 284 1021 ἐκεῖνοι
298 995 326 1021 δὲ
340 995 385 1022 τὸν
399 996 547 1030 Στέφανον·
567 994 636 1032 ἦσαν
658 997 712 1033 γὰρ
732 998 814 1024 αὑτοῦ
834 998 969 1034 κληρικοί.

190 1039 222 1066 '0
241 1040 289 1075 μὲν
304 1039 350 1068 οὖν
363 1041 497 1076 Στέφανος
510 1042 691 1078 καθαιρείται,
714 1044 761 1070 καὶ
776 1044 899 1078 γίγνεται
913 1044 969 1070 ἀντ’

184 1085 268 1112 αὐτοῦ
288 1087 413 1118 Λεόντιος
431 1088 445 1114 ὁ
461 1087 609 1119 ἁπόκοπος,
631 1088 675 1116 ἵνα
689 1088 767 1124 μόνον
788 1088 825 1124 μὴ
841 1089 922 1126 λείπῃ
936 1091 970 1125 τῇ

192 1131 316 1168 ’Δρειανῇ
334 1133 438 1168 αἱρέσει
451 1134 615 1170 προστάτης.

220 1177 267 1204 21.
292 1177 322 1204 '0
335 1177 364 1205 δὲ
380 1177 505 1213 βασιλεὺς
525 1179 713 1212 Κωνστάντιος
729 1180 817 1215 ὀλίγον
837 1189 863 1207 τι
888 1190 971 1208 κατα-

185 1223 286 1258 νυγεὶς,
304 1224 344 1256 εἰς
355 1224 449 1251 ἑαυτὸν
461 1223 526 1260 ἦλθε
536 1233 543 1240 ι
555 1225 731 1261 λογισάμενός
742 1235 782 1258 τε,
800 1226 828 1259 ἐξ
843 1224 880 1254 ὧν
894 1228 971 1263 ἐδρα-

186 1276 236 1295 σαν
254 1268 293 1304 τῷ
306 1269 445 1305 Εὐφράτῃ,
467 1271 507 1296 ὅτι
536 1271 582 1297 καὶ
602 1270 635 1297 τά
656 1271 726 1298 κατὰ
743 1272 796 1299 τῶν
815 1272 901 1299 ἄλλων
915 1273 969 1308 (88)

185 1313 385 1349 ἐπιχειρήματα
411 1315 523 1341 τοιαῦτά
546 1315 613 1346 ἐστι,
631 1315 694 1346 τοὺς
718 1315 767 1350 μὲν
786 1315 970 1351 ὲξορισθέντας

184 1358 240 1384 ἀπὸ
256 1358 305 1393 τῆς
323 1358 524 1394 Ἀλεξανδρείας
542 1360 580 1390 είς
594 1358 642 1394 τὴν
663 1358 805 1395 Ἀρμενίαν
821 1358 969 1394 πρεσϐυτέ-

186 1411 250 1439 ρους
265 1403 312 1429 καὶ
322 1403 470 1436 διακόνους,
486 1403 566 1435 εὐθὺς
578 1403 745 1439 ἀπολυθῆναι
765 1404 880 1431 κελεύει.
898 1405 969 1440 Γρά-

185 1457 230 1483 φει
244 1458 274 1476 τε
289 1450 328 1481 είς
351 1449 551 1485 Ἀλεξάνδρειαν
564 1450 696 1486 φανερῶς,
716 1451 814 1486 μηκέτι
826 1450 969 1477 διώκεσθαι

185 1493 247 1525 τοὺς
265 1493 334 1529 μετὰ
354 1494 509 1520 ’Λθανασίου
527 1494 673 1530 κληρικούς
694 1504 724 1521 τε
746 1496 792 1521 καὶ
808 1495 887 1527 λαούς
902 1496 968 1531 (89).

186 1536 252 1566 Εἶτα
278 1539 346 1574 μετά
369 1540 455 1575 μῆνάς
475 1549 526 1567 που
551 1540 616 1567 δέκα
638 1541 847 1577 τελευτήσαντος
863 1543 967 1577 Γρηγο-

186 1585 244 1620 ρίου
260 1584 326 1620 (90),
342 1585 548 1620 μεταπέμπεται
565 1586 612 1613 καὶ
627 1586 783 1613 Ἀθανάσιον
799 1587 866 1622 μετὰ
880 1587 969 1622 πάσης

184 1629 278 1666 τιμῆς.
296 1630 345 1664 οὑχ
370 1629 454 1661 ἅπαξ,
477 1630 538 1656 οὐδὲ
558 1631 693 1666 δεύτερον,
714 1632 780 1658 ἀλλὰ
806 1632 853 1659 καὶ
880 1633 969 1668 τρίτον

187 1675 294 1711 γράψας
314 1675 387 1710 αὐτῷ
405 1676 453 1711 μὲν
468 1676 570 1710 φιλικὰ,
593 1677 625 1702 δι’
638 1674 674 1703 ὧν
692 1678 801 1713 θαρρεῖν
817 1679 863 1705 καὶ
883 1679 968 1706 ἐλθεῖν

184 1721 347 1758 προέτρεπε.
364 1721 472 1757 Πέμπει
488 1730 517 1748 τε
529 1723 712 1758 πρεσϐύτερον
723 1724 770 1750 καὶ
786 1724 917 1756 διάκονον,
935 1725 968 1752 ἵν’

184 1766 224 1793 ἔτι
237 1766 335 1802 μᾶλλον
350 1766 457 1802 θαρρῶν
474 1766 623 1793 ἐπανέλθοι.
649 1767 771 1802 Ἐνόμιζε
793 1769 846 1804 γὰρ
865 1768 909 1795 διὰ
923 1769 968 1795 τὸν

186 1812 267 1849 φόϐον
279 1812 331 1839 τῶν
345 1812 475 1848 πρότερον
482 1812 634 1848 γενομένων
649 1813 789 1847 ὀλιγωρεῖν
803 1822 834 1848 με
850 1815 913 1850 περὶ
920 1815 968 1850 τὴν

183 1856 322 1885 ἐπάνοδον.
335 1857 437 1893 Γράφει
451 1857 478 1883 δὲ
494 1857 589 1892 καὶτῷ
599 1857 704 1892 ἀδελφῴ
715 1858 812 1884 ἑαυτοῦ
826 1859 968 1887 Κώνσταν-

184 1912 222 1935 τι,
234 1903 279 1930 ῐνα
294 1903 340 1929 καὶ
351 1902 432 1934 αὐτὸς
446 1903 600 1930 ἐπανελθεῖν
616 1911 649 1938 με
663 1904 858 1940 προτρέψηται.
876 1906 967 1932 Διεϐε-

184 1949 295 1976 σαιοῦτο
311 1949 367 1985 (9|)
379 1948 433 1985 γάρ
447 1949 567 1976 ἐνιαυτὸν
582 1950 641 1976 ὅλον
658 1951 813 1986 ἐκδέχεσθαι
823 1951 867 1978 τὸν
890 1952 968 1978 Ἀθα-

184 1993 285 2025 νάσιον,
298 1993 344 2020 καὶ
361 1994 411 2020 οὐκ
421 1993 454 2020 ἄν
465 2002 530 2020 ποτε
542 1994 684 2030 ἐπιτρέψαι
700 1995 824 2029 γενέσθαι
836 1997 897 2022 τινὰ
909 2005 968 2023 και-

185 2039 320 2075 νοτομίαν,
344 2039 361 2075 ἦ
385 2040 433 2066 καὶ
451 2040 626 2073 κατάστασιν,
649 2040 800 2076 φυλάττων
819 2042 968 2078 Ἀθανασίῳ

182 2086 222 2122 τῷ
233 2085 373 2121 ἐπισκόπῳ
388 2085 437 2117 τὰς
458 2085 629 2121 Ἐκκλησίας.

217 2133 263 2160 22.
283 2132 360 2159 Οὕτω
373 2132 405 2168 δὴ
422 2130 468 2159 οὖν
482 2131 635 2168 γράψαντος
646 2133 739 2165 αὐτοῦ,
754 2134 801 2160 καὶ
816 2135 968 2170 προτρεψα-

186 2179 266 2214 μένου
282 2177 326 2205 διὰ
346 2177 449 2204 πολλῶν
471 2178 537 2212 (καὶ
552 2177 605 2213 γὰρ
622 2178 668 2204 κα)¹
684 2179 747 2210 τοὺς
771 2179 894 2214 κόμητας
911 2179 966 2215 (92)

184 2223 266 2252 αὐτοῦ
280 2223 413 2259 πεποίηκε
426 2223 540 2258 γράψαι,
570 2223 709 2257 Πολέμων,
732 2223 869 2256 Δατιανὺν,
895 2224 967 2259 Βαρ-

183 2271 275 2299 δίωνα.
291 2269 440 2302 Θάλασσαν,
459 2269 573 2305 Ταῦρον,
594 2269 641 2295 καὶ
656 2269 820 2305 Φλωρέντιον
840 2270 907 2304 (95),
927 2268 967 2302 οἷς

184 2317 230 2345 καὶ
246 2315 344 2351 μᾶλλον
366 2314 502 2341 πιστεύειν
522 2312 585 2350 ἦν),
612 2314 642 2340 τὸ
659 2314 687 2341 δὲ
709 2314 768 2342 ὅλον
784 2315 906 2347 δεδωκὼς
927 2315 967 2350 τῷ

182 2361 252 2397 Θεῷ,
261 2360 300 2396 τῷ
315 2360 362 2387 καὶ
377 2360 416 2391 εἰς
431 2359 509 2386 τοῦτο
524 2359 703 2392 κατανύξαντι
724 2360 769 2387 τὸν
786 2361 965 2393 Κωντάντιον,

182 2406 263 2444 ἦλθεν
289 2406 445 2438 Ἀθανάσιος
463 2406 530 2440 μετὰ
548 2406 602 2432 τῶν
629 2407 677 2433 σὺν
701 2406 859 2442 αὐτῷ’πρδς
876 2407 966 2441 αὐτὸν,

182 2452 300 2489 γνησίως
312 2460 341 2478 τε
355 2451 436 2477 αὐτὸν
450 2450 566 2486 ἑώρακε,
581 2451 627 2478 καὶ
644 2451 776 2478 ἀπέλυσεν
788 2451 916 2478 εἰσελθεῖν
927 2453 967 2484 εὶς

181 2500 231 2535 τὴν
251 2498 370 2533 πατρίδα
397 2498 444 2524 καὶ
464 2498 513 2530 τάς
536 2498 708 2533 Ἑκκλησίας,
725 2498 832 2534 γράψας
847 2499 894 2525 καὶ
910 2499 966 2530 τοῖς

183 2543 253 2571 κατὰ
259 2543 340 2570 τόπον
353 2542 506 2575 δικασταῖς,
519 2543 611 2578 ἐπειδὴ
623 2544 752 2579 πρότερον
766 2544 920 2579 προστάξας
931 2542 964 2579 ἦν

183 2588 361 2624 φυλάττεσθαι
382 2589 431 2620 τὰς
454 2588 571 2620 διόδους,
593 2590 636 2615 ἵνα
663 2589 800 2616 ἀκώλυτον
821 2590 902 2625 ἔχωσι
916 2589 964 2625 τὴν

183 2634 307 2670 πάροδον.
323 2632 389 2661 Εἶτα
404 2634 452 2661 τοῦ
467 2636 616 2662 ἐπισκόπου
634 2636 834 2671 ἀποδυρομένου
850 2635 913 2671 περὶ
926 2631 963 2663 ιῖιν

219 2722 274 2759 (87)
290 2722 328 2759 ita
343 2722 409 2759 Beg.
425 2723 536 2759 Edilid]
553 2723 613 2759 μέν,
630 2728 682 2750 etc.

218 2758 275 2792 (88)
288 2757 334 2785 Sic
350 2757 415 2792 Reg.
434 2759 502 2785 Editi
521 2757 596 2792 vero,
612 2760 652 2785 ὅτι
663 2759 698 2785 τά
714 2759 784 2786 κατὰ
795 2759 891 2786 ἄλλων.

218 2792 274 2827 (89)
291 2793 327 2820 Ila
343 2793 409 2826 Reg.
425 2793 494 2820 Editi
508 2799 609 2824 autem,
626 2793 745 2826 λαῐκούς.

219 2828 274 2861 (90)
290 2828 345 2855 Sub
361 2828 465 2855 initium
481 2829 543 2854 anui
558 2829 619 2856 549.

219 2862 275 2898 (9t)
292 2863 329 2891 ita
344 2863 410 2898 Reg.
431 2868 458 2893 et
478 2863 556 2891 Basil.
573 2864 643 2892 Editi
663 2871 768 2898 omnes,
786 2863 865 2897 male,
878 2863 959 2891 διεϐε-

1019 270 1072 298 que
1083 264 1264 296 meretricem,
1278 264 1344 298 ipsis
1359 264 1523 292 sanctissimi
1539 264 1680 293 Paschatis
1705 265 1802 293 diebus

1020 310 1142 337 mercede
1157 310 1326 343 conductam,
1339 310 1456 338 noctuad
1469 310 1631 345 Euphratem
1648 310 1802 346 episcopum

1020 355 1146 382 nudatam
1162 356 1317 383 immittunt.
1327 356 1453 384 Meretrix
1468 363 1528 390 qua:
1545 364 1575 383 se
1590 356 1666 384 initio
1678 365 1694 383 a
1705 356 1804 390 juvene

1019 402 1132 429 accitam
1142 402 1325 436 existimabat,
1335 406 1456 437 prompte
1467 401 1648 436 sequebatur;
1661 401 1704 429 ubi
1713 406 1802 429 autem

1020 448 1175 476 intromissa
1196 449 1230 476 ab
1244 448 1308 481 illis,
1323 449 1502 476 dormientem
1530 448 1596 475 vidit
1611 447 1757 479 hominem,
1771 455 1803 474 ac

1021 493 1059 520 rei
1077 501 1136 526 qua:
1151 493 1279 528 agebatur
1292 494 1424 528 ignarum,
1438 493 1535 521 dehinc
1545 500 1636 521 senem
1654 493 1802 524 hominem,

1020 545 1052 565 ac
1064 538 1182 573 episcopi
1202 539 1315 565 formam
1328 538 1492 572 conspicata,
1510 537 1629 565 clamore
1641 538 1731 565 statim
1746 537 1804 565 edi-

1022 589 1048 612 to
1066 585 1119 611 vim
1135 584 1184 612 sibi
1198 584 1291 612 inferri
1305 584 1530 619 conquerebatur.
1549 584 1656 619 Rogare
1671 583 1707 610 illi
1720 587 1748 610 ut
1761 588 1803 610 ta-

1020 635 1105 662 ceret,
1125 631 1323 665 conﬁctamquc
1338 630 1555 657 criminationem
1571 629 1697 664 episcopo
1712 629 1801 663 impo-

1021 680 1108 704 neret.
1124 675 1173 703 Die
1198 676 1280 711 igitur
1306 675 1493 703 illuscescente
1518 676 1673 710 pervulgata
1692 682 1737 702 res
1750 679 1804 707 est,

1022 723 1193 757 accurritque
1204 723 1327 749 universa
1336 722 1442 749 civitas.
1459 722 1493 748 At
1509 721 1554 756 qui
1568 729 1583 748 e
1595 721 1694 755 palatio
1715 724 1803 752 erant.

1022 766 1088 793 tanti
1099 766 1217 793 rumoris
1231 771 1341 801 stupore
1355 765 1493 797 commoti,
1508 764 1639 799 rogabant
1649 769 1679 792 ut
1690 772 1724 792 ne
1739 763 1804 791 illud

1021 812 1129 840 silentio
1146 817 1292 848 tegeretur.
1307 813 1335 840 In
1349 813 1393 848 jus
1409 814 1500 848 itaque
1516 820 1561 841 res
1575 817 1698 843 vocatur,
1714 811 1804 838 homin

1022 867 1124 894 nesque
1136 859 1182 894 qui
1210 859 1382 887 meretricem
1402 859 1557 887 acciverant
1571 858 1641 891 lieno
1666 857 1802 892 prodidit-:

986 897 1006 924 Β
1021 905 1058 932 illi
1074 904 1240 939 Stephanum
1254 913 1262 933 :
1278 911 1357 932 erant
1378 905 1447 932 enim
1461 904 1519 940 ejus
1537 904 1639 932 clerici.
1651 902 1805 937 Stephanus

1020 959 1084 987 ergo
1098 951 1254 986 episcopatu
1274 951 1425 984 abdicatur,
1439 951 1465 978 in
1481 951 1593 986 ejusque
1609 950 1698 977 locum
1713 949 1803 976 Leon-

1021 997 1073 1024 tius
1088 1001 1221 1024 castratus
1232 995 1374 1028 sufﬁcitur.
1396 996 1475 1030 idque
1489 1003 1522 1024 eo
1548 994 1633 1024 solum
1649 1002 1683 1029 ne
1697 993 1808 1021 Arianae

1021 1042 1116 1070 haeresi
1129 1047 1258 1077 patronus
1270 1042 1387 1070 deesset.

1054 1173 1100 1200 2L
1117 1171 1202 1200 Porro
1220 1172 1366 1207 imperator
1376 1171 1561 1204 Constantius,
1575 1169 1711 1209 paulisper
1730 1176 1807 1197 com-

1020 1223 1146 1253 punctus,
1160 1219 1191 1246 ad
1201 1225 1231 1246 se
1242 1219 1323 1246 rediit
1337 1228 1343 1245 :
1362 1225 1474 1252 remque
1484 1217 1510 1244 in
1522 1216 1684 1252 Euphratem
1702 1219 1804 1250 gestam

1020 1270 1111 1290 secum
1131 1268 1270 1298 reputans,
1291 1262 1422 1296 ejusmodi
1445 1268 1506 1288 esse
1526 1260 1632 1291 illorum
1662 1258 1805 1286 adversum

1020 1303 1132 1336 caeteros
1159 1308 1296 1336 molimina
1314 1308 1464 1342 suspicatus
1476 1311 1528 1333 est.
1555 1306 1595 1332 Ac
1607 1312 1654 1333 eos
1681 1304 1727 1338 qui
1743 1303 1805 1330 Ale-

1021 1355 1134 1381 xandria
1151 1354 1177 1381 in
1195 1354 1351 1381 Armeniam
1371 1352 1482 1388 relegati
1511 1351 1617 1379 fuerant
1632 1350 1805 1385 presbyteros
1853 1379 1854 1382 η

1020 1400 1201 1435 diaconosque
1223 1399 1352 1427 continuo
1366 1398 1466 1426 liberos
1479 1396 1576 1425 dimitti
1592 1396 1670 1430 jubet
1693 1404 1700 1422 :
1716 1394 1804 1430 publi-

1020 1453 1120 1480 casque
1140 1445 1331 1478 Alexandriam
1350 1444 1454 1471 litteras
1469 1443 1563 1476 mittit,
1578 1446 1607 1469 ut
1621 1449 1655 1468 ne
1670 1441 1741 1468 ultra
1759 1447 1804 1468 ve-

1021 1497 1148 1519 xarentur
1175 1491 1318 1518 Athanasii
1346 1490 1438 1517 clerici
1462 1488 1503 1516 vel
1527 1487 1630 1523 populi.
1653 1487 1721 1514 lline
1744 1490 1805 1521 post

1019 1539 1111 1566 decem
1133 1537 1243 1565 circiter
1259 1543 1365 1564 menses
1380 1535 1509 1563 defuncto
1526 1532 1668 1568 Gregorio,
1684 1531 1804 1559 Athana-

1020 1585 1089 1612 sium
1104 1591 1165 1610 cum
1179 1590 1283 1610 summo
1296 1582 1399 1609 honore
1417 1580 1525 1612 accivit,
1541 1579 1583 1607 cui
1599 1586 1651 1606 non
1669 1584 1747 1611 unas,
1757 1581 1805 1604 aut

1019 1629 1108 1662 binas,
1128 1627 1175 1656 sed
1204 1633 1296 1655 ternas
1321 1627 1395 1654 misit
1424 1627 1529 1653 litteras
1551 1624 1677 1651 amicitim
1697 1623 1803 1658 plenas,

1019 1675 1118 1708 quibus
1133 1674 1291 1702 hortabatur
1307 1672 1382 1700 illum
1399 1676 1428 1698 ut
1451 1678 1513 1698 cum
1530 1669 1626 1697 ﬁducia
1653 1668 1805 1695 accederet.

1019 1721 1092 1749 Misit
1103 1721 1166 1748 item
1178 1720 1365 1756 presbyterum
1374 1718 1570 1751 diaconumque
1578 1714 1695 1750 utzsz
1702 1713 1804 1749 majore
1816 1732 1819 1733 ν

1019 1767 1101 1794 animi
1113 1766 1258 1794 securitate
1266 1765 1382 1792 rediret:
1396 1768 1470 1790 ratus
1485 1770 1527 1790 me
1542 1762 1576 1789 ob
1590 1767 1651 1788 ante
1666 1766 1803 1796 gestarum

1019 1820 1108 1840 rerum
1124 1813 1292 1839 formidinem
1314 1818 1384 1846 aegre
1394 1816 1575 1837 reversurum.
1594 1807 1709 1842 Scripsit
1722 1807 1802 1833 etiam

1021 1858 1096 1885 fratri
1114 1866 1163 1886 suo
1178 1856 1331 1890 Constanti,
1350 1860 1378 1883 ut.
1393 1862 1435 1883 me
1449 1860 1475 1882 et
1490 1855 1535 1882 ille
1549 1854 1582 1880 ad
1600 1852 1801 1889 remigrandum

1018 1904 1216 1931 cohortaretur.
1247 1902 1404 1930 Aliirmabat
1434 1901 1506 1929 enim
1542 1908 1571 1927 se
1598 1907 1668 1927 anno
1696 1899 1803 1934 integro

1019 1949 1195 1976 Athanasium
1205 1952 1386 1983 exspectasse,
1400 1953 1486 1981 neque
1495 1945 1660 1973 concessisse
1677 1949 1705 1971 ut
1724 1943 1802 1978 quid-

1019 1995 1090 2030 piam
1106 1995 1166 2023 novi
1182 1998 1227 2021 aut
1241 1993 1375 2021 ordinatio
1391 1992 1479 2026 aliqua
1498 1992 1574 2018 ﬁeret
1600 1990 1672 2025 quod
1683 1989 1804 2017 Athana-

1019 2041 1059 2069 sio
1071 2041 1197 2076 episcopo
1215 2048 1279 2067 suas
1296 2038 1435 2066 Ecclesias
1448 2045 1557 2065 servare
1577 2036 1669 2064 vellet.

1054 2132 1100 2160 22.
1116 2132 1203 2168 (ΔιιΝο
1216 2131 1291 2167 549.)
1313 2130 1379 2158 Cum
1397 2138 1429 2158 eo
1443 2130 1533 2165 itaque
1553 2129 1633 2157 modo
1648 2127 1802 2163 scripsisset

1019 2181 1086 2215 ipse,
1104 2179 1195 2207 multis
1210 2179 1284 2206 illum
1299 2179 1389 2208 verbis
1406 2179 1564 2206 cohortatus
1589 2179 1662 2214 (nam
1689 2178 1802 2206 comites

1019 2233 1125 2261 quoque
1155 2233 1218 2253 suos
1235 2225 1315 2259 jussit
1335 2226 1368 2253 ad
1386 2225 1460 2252 illum
1486 2225 1616 2256 scribere,
1641 2223 1800 2256 Polemium,

1021 2272 1173 2303 Datianum,
1186 2271 1358 2302 Bardionem.
1370 2270 1539 2301 Thalassum,
1555 2269 1674 2296 Taurum
1687 2273 1715 2296 et
1739 2268 1802 2296 Flo-

1020 2318 1148 2350 rentium,
1161 2316 1404 2352 quibuspraecipue
1414 2316 1535 2343 habenda
1545 2315 1611 2342 fides
1625 2314 1704 2350 erat),
1717 2314 1801 2342 Atha-

1021 2363 1114 2390 nasius
1123 2370 1179 2390 rem
1193 2367 1275 2390 totam
1304 2362 1359 2389 Deo
1387 2366 1525 2395 acceptam
1544 2360 1674 2393 referens,
1692 2360 1738 2395 qui
1754 2362 1802 2387 car

1020 2409 1168 2436 Constantii
1185 2413 1389 2443 compunxerat,
1407 2413 1437 2435 ut
1454 2415 1513 2435 eam
1535 2415 1592 2435 rem
1609 2412 1714 2442 ageret,
1739 2414 1800 2434 cum

1020 2454 1077 2481 suis
1093 2453 1168 2480 illum
1194 2454 1274 2486 adiit;
1294 2460 1372 2487 quem
1391 2453 1495 2487 placido
1507 2452 1582 2479 vultu
1602 2453 1748 2486 imperator
1760 2452 1802 2479 iu-

1021 2499 1105 2527 tuitus
1121 2503 1172 2531 est,
1185 2499 1340 2533 dimisitque
1355 2503 1385 2526 ut
1403 2499 1428 2526 in
1451 2499 1565 2534 patriam
1578 2503 1605 2526 et
1620 2498 1647 2526 in
1665 2498 1800 2525 Ecclesias

1018 2552 1081 2572 suas
1104 2545 1297 2579 ingrederetur,
1315 2545 1408 2572 missis
1421 2545 1519 2572 litteris
1544 2544 1577 2571 ad
1593 2544 1683 2571 varios
1698 2552 1744 2578 per
1761 2545 1801 2570 di-

1017 2597 1094 2616 versa
1110 2589 1167 2616 loca
1180 2588 1294 2623 judiccs,
1312 2589 1410 2624 quibus
1435 2593 1499 2615 ante
1522 2592 1686 2623 praeceperat
1712 2587 1800 2614 aditus

1018 2635 1164 2667 custodire,
1188 2639 1216 2661 ut.
1241 2635 1354 2662 liberum
1380 2633 1437 2667 jam
1460 2633 1612 2667 prtebereut
1643 2633 1798 2660 transitum.

1018 2723 1153 2757 ὅαιοῦντο.
1164 2723 1233 2753 Mox.
1247 2727 1307 2757 post
1327 2722 1483 2757 ἐπιτρέψαι,
1493 2721 1556 2749 editi
1571 2721 1672 2748 habent
1685 2729 1728 2757 με,
1740 2727 1798 2755 qua:

1017 2754 1070 2798 vox
1092 2754 1254 2793 importuua'
1267 2758 1293 2784 in
1320 2754 1398 2792 Reg.'
1424 2754 1510 2784 deleta
1545 2762 1600 2793 est,
1626 2764 1641 2784 a
1665 2754 1798 2791 nobisque

1018 2801 1129 2820 omissa.

1054 2828 1110 2861 (92)
1124 2827 1223 2863 Regius
1236 2827 1330 2858 codex,
1347 2827 1469 2862 κόμιτας.

1054 2863 1108 2899 (03)
1121 2862 1220 2898 Regius
1233 2863 1328 2896 codex,
1343 2862 1509 2898 Φλορὲντιον.
