2007 3044
189 165 237 192 721

661 161 824 190 HISTORJA
842 161 1047 190 ARlANORUM
1066 162 1111 189 AD
1130 160 1325 189 MONACIIOS.

1746 159 1798 186 72%

187 220 324 257 ταθυμίως
334 220 488 247 ἀποϐαίνειν
498 219 536 255 τῷ
550 221 614 247 ποτέ
630 229 679 256 μου
689 221 793 256 ἀδελφῷ
803 220 947 248 Κώνσταντ
954 230 966 248 ιη

1025 221 1156 255 quondam
1172 227 1230 247 meo
1240 219 1378 247 Constanti
1399 226 1431 246 ex
1448 218 1580 246 sententia
1595 219 1733 252 cederent,
1749 227 1798 246 ne-

187 267 247 293 οὐδὲ
260 266 308 301 τὴν
323 266 372 300 σὴν
390 265 494 292 σύνεσιν
511 265 618 292 ἔλαθεν·
635 267 663 292 ἐν
679 266 728 302 ὅσῃ
745 274 773 292 τε
795 265 869 303 λύπῃ
882 266 968 293 διετέ-

188 312 237 347 θην
254 310 345 347 μαθὼν
358 311 451 337 τοῦτον
465 311 615 347 ἀνῃρῆσθαι
637 312 711 347 παρά
726 321 805 338 τινων
822 313 968 339 ἀνοσιωτά-

186 363 249 387 των,
279 355 453 390 στοχάζεσθαι
480 355 559 381 πάλιν
588 355 699 382 δύναται
729 357 745 391 ὴ
769 355 802 392 σὴ
828 357 966 392 φρόνησις.

194 402 269 428 Ἐπεὶ
292 399 338 428 οὖν
357 401 428 432 τινές
455 402 522 427 εἰσιν
541 402 565 427 οί
585 402 614 428 ὲν
630 401 668 437 τῷ
685 402 797 438 παρόντι
817 402 914 437 καιρῷ,
929 402 968 436 τῷ

186 447 273 479 οὕτως
291 447 592 482 πενθικῷ,πειρώμενοί
620 456 649 473 σε
673 448 809 482 ἐκφοϐεῖν,
824 447 868 474 διὰ
890 447 968 474 τοῦτο

188 493 274 519 ταῦτα
297 492 365 528 πρὸς
381 493 428 528 τὴν
456 494 504 528 σὴν
521 494 686 529 στερρότητα
715 494 822 530 δοθῆναι
835 495 869 521 τά
879 494 967 530 γράμ-

186 548 221 565 τα
248 539 412 572 ἐδικαίωσα,
438 539 655 574 προτρεπόμενός
688 548 717 566 σε
746 540 806 570 ἵνα,
833 539 871 571 ὼς
898 540 966 575 πρέ-

187 594 233 612 πει
262 586 418 617 ἐπίσκοπον,
441 587 502 617 τοὺς
525 586 604 617 λαοὺς
625 586 659 612 τὰ
678 586 836 621 ὀφειλόμενα
857 587 889 622 τῇ
909 587 968 621 θείᾳ

187 631 319 667 θρησκείᾳ
333 632 470 668 διδάσκῃς,
493 633 538 658 καὶ
556 632 613 667 μετ’
632 632 720 658 αὐτῶν
737 631 856 667 συνήθως
874 633 966 667 εὐχαῖς

188 677 330 712 σχολάζῃς,
351 677 389 712 (5)
414 678 460 703 καὶ
485 677 521 712 μὴ
548 676 669 712 ματαίοις
686 677 802 712 θρύλοις,
819 677 916 709 οἵτινες
933 677 966 704 ἂν

187 720 316 754 γένοιντο,
343 720 499 756 πιστεύσῃς.
527 721 606 756 Ἡμῖν
630 721 683 757 γὰρ
703 720 783 748 τοῦτο
797 722 826 747 ἐν
841 722 874 756 τῇ
893 721 965 757 ψυχῇ

188 767 319 801 πέπηγεν,
330 766 398 793 ὥστε
418 775 447 793 σε
461 767 614 798 ἀκολούθως
627 768 661 802 τῇ
675 767 796 803 ἡμετέρᾳ
808 768 966 803 προαιρέσει

187 811 330 844 διαπαντὸς
353 814 381 839 ἐν
408 812 447 848 τῷ
467 814 542 848 τόπῳ
564 821 610 839 σου
639 813 726 840 θέλειν
749 813 896 841 ἐπίσκοπον
926 812 965 840 εἶ-

187 865 230 883 ναι
246 857 296 892 (θ).

1022 275 1074 302 que
1093 266 1242 302 prudentia:
1253 270 1306 293 tua;
1318 265 1401 292 latere
1414 265 1541 292 arbitror.
1555 265 1639 298 Quem
1656 265 1700 292 ubi
1715 272 1730 291 a
1744 266 1800 298 qui-

1020 313 1133 340 busdam
1166 311 1383 339 sceleratissimis
1426 311 1560 338 sublatum
1601 312 1797 345 cognovissent,

1022 362 1122 392 quanto
1146 364 1262 385 mmrore
1287 355 1399 383 aﬂectus
1422 356 1484 388 sim,
1508 360 1552 382 tua
1579 356 1641 382 item
1657 356 1798 390 prudentia

1020 404 1156 430 :estimare
1174 402 1256 432 valet.
1271 402 1405 430 Caeterum
1424 402 1487 436 quia
1504 402 1624 429 nonnulli
1640 408 1702 429 sunt
1715 403 1759 437 qui
1772 407 1798 430 te

1022 454 1075 475 tam
1090 448 1213 475 luctuoso
1234 449 1363 482 temporis
1379 448 1494 475 decursu
1514 453 1616 475 terrere
1641 453 1795 480 conantur;

1022 495 1080 521 ideo
1100 495 1180 521 hasce
1198 494 1301 521 litteras
1327 495 1360 520 ad
1380 498 1453 520 tuam
1482 494 1660 520 constantiam
1689 494 1797 520 mittere

1019 548 1123 574 aequum
1148 540 1322 567 existimavi:
1340 540 1484 574 hortorque
1506 544 1534 566 te
1557 544 1596 571 ut,
1623 539 1798 573 quemadmo-

1019 585 1082 611 dum
1101 584 1255 619 episcopum
1273 585 1360 618 decet,
1378 592 1438 618 qua:
1455 584 1488 611 ad
1506 584 1623 611 divinam
1639 584 1795 618 religionem

1019 631 1156 664 pertinent
1175 630 1286 664 populos
1312 631 1420 663 doceas,
1447 637 1479 658 ac
1505 637 1567 657 cum
1592 630 1645 657 illis
1664 631 1698 657 de
1721 637 1796 657 more

1019 675 1143 709 precibus
1154 682 1233 702 vaces
1244 695 1251 707 ,
1268 683 1355 710 neque
1369 675 1447 702 vanis
1464 674 1627 707 rumoribus,
1643 675 1797 709 quicunque

1020 721 1126 748 tandem
1145 721 1183 748 illi
1202 722 1265 754 sint,
1282 721 1359 748 ﬁdem
1371 721 1510 748 adhibeas.
1532 720 1587 747 Hoc
1600 721 1671 747 enim
1689 721 1795 746 ﬁrmum

1019 768 1046 794 in
1066 767 1155 794 animo
1170 768 1336 802 propositum
1351 767 1493 798 habemus,
1517 771 1556 799 ιιι,
1572 766 1650 799 juxta
1666 766 1794 801 placitum

1018 818 1047 841 et
1071 814 1235 841 voluntatem
1250 818 1395 846 .nostram,
1418 814 1444 840 in
1474 813 1527 840 tuis
1551 820 1657 847 semper
1685 813 1794 840 sedibus

1018 859 1158 894 cpiscopus
1173 860 1221 887 sis.

228 903 259 929 ἸΙ
275 903 334 930 θεία
345 903 455 939 πρόνοια
468 904 574 937 πολλοῖς
586 905 658 932 ἔτεσί
676 913 706 932 σε
721 905 873 941 διατηροίη,
885 905 964 939 γονεῦ

1053 906 1149 933 Divina
1177 910 1202 933 te
1226 905 1394 939 providentia
1426 904 1517 931 multis
1542 903 1620 931 annis
1642 909 1792 936 conservet,

188 949 411 984 προσφιλέστατε.

222 994 266 1020 25.
285 994 392 1020 Τούτων
408 994 478 1022 οὕτω
494 995 679 1031 πραχῡέντων,
702 995 772 1023 οὕτω
787 1005 817 1022 τε
838 995 968 1029 συνταξα-

190 1039 287 1074 μένων,
304 1040 350 1066 καὶ
364 1040 412 1076 τῆς
425 1040 484 1067 ὁδοῦ
499 1041 590 1068 λοιπὸν
603 1043 763 1074 ὲπιὸἀντων,
785 1043 810 1068 οἱ
830 1042 879 1077 μὲν
897 1042 967 1076 φίλοι

189 1085 263 1120 φίλον
289 1087 404 1122 ὁρῶντπς
441 1087 564 1123 ἔχαιρον·
604 1088 657 1115 τῶν
685 1088 713 1116 δὲ
739 1088 825 1115 ἄλλων
863 1090 886 1115 οἰ
919 1089 967 1124 μὲν

189 1131 372 1158 ἐδυσωποῦντο
386 1132 528 1167 βλέποντες
544 1134 624 1160 αὐτόν
635 1143 642 1149 ⁸
660 1134 684 1160 οἱ
699 1134 727 1160 δὲ
745 1135 790 1160 καὶ
813 1135 967 1171 παρρησίαν

187 1178 237 1204 οὐκ
249 1177 363 1213 ἔχοντες,
376 1179 554 1215 ἐκρύπτοντο·
567 1181 590 1206 οἰ
603 1180 630 1206 δὲ
647 1181 693 1207 καὶ
711 1181 906 1215 μετεγίνωσκον
925 1181 967 1215 ἐφ’

187 1220 228 1254 οἷς
243 1222 363 1258 ἔγραψαν
379 1224 448 1250 κατὰ
466 1224 511 1251 τοῦ
530 1225 687 1252 ἐπισκόπου.
705 1226 807 1257 Πάντες
822 1224 868 1252 οὖν
884 1226 922 1261 (7)
943 1226 967 1253 οί

189 1268 243 1295 ἀπὸ
279 1269 459 1304 Παλαιστίνης
490 1271 651 1303 ἐπίσκοποι,
682 1273 764 1307 χωρὶς
793 1272 838 1298 δύο
870 1281 920 1299 που
949 1272 965 1308 ἦ

189 1314 272 1349 τριῶν
285 1314 333 1350 (8),
352 1315 398 1341 καὶ
418 1316 506 1342 αὐτῶν
527 1317 653 1344 ὑπόπτων
674 1317 870 1352 τυγχανόντων,
897 1317 968 1344 οὔτω

187 1360 232 1386 τὸν
268 1361 422 1387 ’Λοανάσιον
446 1360 617 1395 ὑπεδέξαντο,
646 1363 693 1389 καὶ
715 1364 764 1399 τὴν
790 1363 857 1398 πρὸς
889 1363 967 1390 αὑτὸν

188 1406 344 1440 ἠσπάσαντο
355 1407 505 1439 κοινωνίαν,
514 1408 550 1440 ὡς
565 1409 611 1435 καὶ
621 1409 724 1444 γράψαι
739 1410 785 1435 καὶ
800 1409 917 1445 ἀπολογή
923 1419 968 1436 σα-

189 1451 260 1483 σθαι,
277 1453 317 1478 ὅτι
335 1451 351 1479 ἃ
371 1453 501 1489 πρότερον
519 1453 650 1490 ἔγραψαν,
667 1455 697 1481 οὐ
714 1455 784 1481 κατὰ
799 1455 966 1491 προαίρεσιν,

188 1498 255 1525 ἀλλὰ
281 1498 433 1534 βιαζόμενοι
462 1501 635 1535 τεποιήκασι.
668 1500 735 1536 Περὶ
766 1501 820 1536 γὰρ
857 1500 911 1527 τῶν
939 1502 967 1527 ἐν

188 1543 316 1577 Αἰγύπτῳ
332 1543 379 1569 καὶ
394 1545 453 1575 ταῖς
472 1543 583 1576 Λιϐύαις
610 1545 776 1577 ἐπισκόπων,
797 1546 843 1572 καὶ
865 1546 918 1573 τῶν
939 1547 967 1573 ἐν

189 1588 282 1619 αὑταῖς
296 1589 342 1615 καὶ
358 1588 411 1615 τῶν
424 1590 453 1615 ἐν
469 1589 653 1625 Ἀλεξανδρείᾳ
670 1590 751 1623 λαῶν,
770 1592 894 1627 περιττόν
911 1592 967 1618 ἐστι

189 1635 235 1660 καὶ
247 1635 335 1668 λέγειν
347 1643 353 1649 ·
370 1634 477 1661 πάντων
496 1636 703 1670 συντρεχόντων,
720 1636 767 1663 καὶ
789 1637 968 1673 ἀνεκλάλητον

189 1679 302 1714 ἐχόντων
320 1679 367 1714 τὴν
384 1679 486 1714 χαράν”
502 1681 551 1715 οὐχ
570 1681 611 1706 ὅτι
627 1681 705 1715 μόνον
717 1682 780 1713 τοὺς
799 1682 878 1714 ἰδίους
904 1684 967 1718 παρ’

189 1724 282 1750 ἐλπίδα
298 1724 400 1756 ζῶντας
415 1724 613 1759 ἀπελάμϐανον,
630 1725 687 1752 ἀλλ’
703 1727 742 1752 r'kt
760 1727 806 1753 καὶ
824 1727 878 1753 τῶν
894 1728 968 1762 αἱρε-

188 1769 271 1796 τικῶν
296 1769 333 1801 ὡς
349 1770 484 1804 τυράννων
501 1771 547 1797 καὶ
561 1770 715 1798 λυττώντων
730 1771 817 1798 κυνῶν
830 1772 969 1807 ἀπηλλάτ-

189 1823 272 1841 τοντο.
287 1815 398 1850 Μεγάλη
413 1814 477 1849 γοῦν
491 1814 524 1851 ἦν
534 1816 695 1852 εὐφροσύνη,
711 1817 765 1844 τῶν
780 1817 851 1844 λαῶν
865 1819 893 1844 ἐν
908 1820 968 1851 ταῖς

190 1860 314 1893 συνάξεσι
331 1861 534 1897 παροξυνόντων
552 1863 681 1898 ἀλλήλους
704 1864 744 1895 είς
760 1864 868 1900 ἀρετήν.
883 1864 968 1892 Πόσαι

188 1906 241 1933 τῶν
255 1907 377 1941 ἀγάμων,
399 1907 530 1943 πρότερον
556 1906 634 1935 οὖσαι
665 1908 732 1944 πρὸς
748 1910 836 1945 γάμον
855 1910 966 1943 ἕτοιμοι,

190 1949 298 1985 ἔμειναν
319 1951 445 1987 παρθένοι
464 1951 502 1987 τῷ
519 1952 645 1987 Χριστῷί
663 1953 740 1980 πόσοι
760 1953 885 1989 νεώτεροι
909 1954 968 1990 βλέ-

190 2004 284 2027 ποντες
297 1996 412 2032 ἐτέρους,
429 1997 474 2023 τὸν
492 1997 595 2033 μονήρη
620 1997 676 2032 βίον
697 1999 863 2034 ἠγάπησανί
890 2000 967 2026 πόσοι

190 2041 305 2076 πατέρες
335 2043 501 2078 προέτρεπον
529 2044 628 2070 τέκναί
663 2045 740 2071 πόσοι
764 2045 792 2071 δὲ
824 2045 871 2072 καὶ
893 2046 967 2081 παρὰ

189 2087 290 2114 τέκνων
305 2087 466 2124 ἠξιώθησαν,
485 2090 521 2125 μὴ
543 2089 734 2124 ἐμποδίζεσθαι
749 2091 798 2126 τῆς
814 2091 843 2116 ἐν
859 2090 967 2126 Χριστῷ

189 2133 347 2169 ἀσκήσεωςί
365 2134 446 2161 πόσαι
456 2136 583 2168 γυναῖκες
599 2135 709 2162 ἔπεισαν
722 2135 831 2171 ἄνδρας,
847 2136 927 2163 πόσαι
939 2137 967 2163 δὲ

189 2179 264 2215 παρὰ
275 2179 379 2215 ἀνδρῶν
394 2180 557 2216 ἐπείσθησαν
569 2181 707 2216 σχολάζειν
721 2183 753 2217 τῇ
768 2184 913 2218 προσευχῇ,
930 2183 967 2214 ὠς

1017 952 1097 979 Pater
1114 951 1295 979 dilectissime.

1052 998 1097 1025 ‘25.
1121 998 1168 1025 llis
1189 998 1226 1025 ita
1249 998 1342 1032 gestis,
1359 1001 1500 1031 postquam
1511 996 1572 1023 vale
1587 996 1698 1023 dixisset
1712 996 1795 1023 Atha-

1018 1045 1118 1075 nasius,
1150 1051 1262 1078 seseque
1286 1044 1335 1070 vim
1355 1043 1544 1074 commisisset,
1571 1042 1650 1069 amici
1678 1042 1794 1069 atnicum

1017 1091 1148 1122 videntes,
1165 1090 1234 1117 laeti:
1254 1098 1286 1117 ex
1304 1090 1362 1117 aliis
1388 1097 1452 1117 vero
1473 1090 1580 1124 quidam
1596 1091 1629 1117 ad
1652 1089 1711 1124 ejus
1730 1097 1795 1116 con—

1017 1142 1138 1171 spectum
1158 1137 1259 1170 pudore
1283 1136 1372 1163 allecti
1399 1140 1463 1163 sunt
1484 1145 1490 1164 :
1516 1136 1636 1163 nonnulli
1659 1144 1749 1164 coram
1765 1144 1795 1163 se

1017 1182 1112 1209 sistere
1133 1189 1184 1208 non
1208 1181 1276 1212 ausi,
1307 1189 1367 1208 sese
1393 1181 1547 1208 abdebant:
1572 1181 1617 1208 alii
1636 1182 1794 1216 ptenitcutia

1017 1227 1101 1259 ducti,
1115 1227 1213 1261 scripta
1226 1227 1352 1255 adversus
1366 1227 1518 1262 episcopum
1535 1234 1582 1254 sua
1606 1227 1794 1261 repudiabant.

1017 1273 1117 1301 Omnes
1132 1274 1222 1307 itaque
1238 1273 1389 1300 Palaestinae
1409 1273 1538 1307 episcopi,
1564 1273 1666 1299 duobus
1682 1273 1723 1299 vel
1744 1273 1793 1299 tri-

1017 1319 1067 1347 bus
1097 1319 1234 1353 exceptis,
1266 1319 1353 1353 iisque
1383 1319 1515 1354 suspectis
1547 1318 1627 1348 viris,
1649 1318 1684 1344 ita
1707 1317 1794 1345 Atha-

1017 1364 1121 1393 nasium
1137 1372 1290 1399 suscepere,
1308 1365 1343 1391 ita
1364 1363 1421 1398 ejus
1435 1365 1653 1392 communionem
1678 1364 1793 1398 amplexi

1017 1415 1099 1443 sunt,
1118 1415 1147 1437 ut
1164 1411 1244 1438 etiam
1262 1410 1359 1437 litteris
1380 1417 1440 1436 sese
1462 1415 1634 1441 excusarent,
1659 1413 1794 1438 testaren-

1018 1461 1114 1490 lurque
1128 1463 1156 1483 se
1169 1463 1201 1484 ea
1221 1463 1280 1490 qtta‘:
1298 1461 1359 1483 ante
1375 1456 1549 1490 scripserant,
1565 1465 1617 1482 non
1640 1462 1713 1483 mottt
1733 1464 1795 1490 pro-

1016 1502 1085 1534 prio,
1102 1501 1147 1528 sed
1160 1501 1185 1528 vi
1200 1501 1310 1528 adactos
1335 1501 1489 1535 scripsisse.
1509 1501 1576 1528 Nam
1596 1501 1668 1535 quod
1690 1506 1795 1536 spectat

1018 1547 1126 1581 [Egypti
1142 1551 1168 1573 et
1182 1546 1326 1581 Libyarum
1340 1546 1491 1580 episcopos,
1507 1554 1610 1573 necnon
1635 1553 1727 1572 earum
1751 1553 1794 1573 re—

1018 1593 1126 1628 gionum
1158 1592 1381 1626 Alexandriseque
1414 1592 1536 1626 populos,
1572 1599 1700 1619 enarrare
1726 1591 1795 1619 forte

1018 1645 1246 1673 supervacaneum
1259 1638 1341 1665 fuerit
1355 1647 1362 1665 :
1376 1638 1555 1664 accurrebant
1572 1637 1669 1671 quippe
1688 1644 1794 1669 omnes,

1017 1687 1149 1716 erantque
1175 1682 1303 1709 inell'abili
1330 1682 1428 1716 gaudio
1460 1683 1583 1716 perfusi:
1612 1690 1664 1709 non
1691 1687 1793 1709 tantum

1018 1727 1087 1761 quod
1107 1734 1171 1754 suos
1196 1732 1293 1761 prmler
1312 1735 1387 1761 spem
1411 1727 1560 1754 incolumes
1570 1727 1734 1761 reciperent,
1748 1727 1794 1754 sed

1018 1773 1098 1799 etiam
1111 1771 1180 1806 quod
1195 1773 1228 1799 ab
1242 1773 1376 1799 haereticis
1386 1773 1464 1807 quasi
1483 1780 1497 1799 a
1518 1772 1638 1808 tyrannis
1653 1777 1680 1799 et.
1695 1772 1796 1799 rabidis

1018 1817 1128 1844 canibus
1140 1817 1318 1851 eriperentur.
1334 1816 1430 1852 lugens
1448 1818 1538 1852 itaque
1560 1818 1611 1845 l'uit
1631 1817 1723 1844 laztitia
1743 1825 1794 1851 po-

1017 1862 1141 1898 pulorum
1165 1869 1225 1890 sese
1245 1863 1359 1890 invicem
1387 1863 1413 1890 in
1439 1864 1583 1898 synaxibus
1608 1864 1640 1889 ad
1668 1864 1795 1890 virtutem

1017 1909 1226 1936 cohortanlium.
1239 1908 1311 1942 Quot
1329 1909 1459 1943 innuptae,
1480 1909 1512 1935 ad
1536 1909 1688 1936 nubendum
1705 1913 1797 1937 tamen

1016 1958 1128 1989 paratae,
1157 1954 1276 1988 virgines
1302 1953 1411 1980 Christo
1439 1954 1535 1980 dicatae
1561 1957 1769 1987 permanserunt
1785 1952 1796 1985 ιτ

1017 2003 1081 2033 quot
1100 1997 1283 2025 adolescentes
1298 1998 1411 2024 aliorum
1423 1997 1544 2032 exemplo
1558 1997 1696 2028 concitati,
1712 1997 1793 2023 vitam

1017 2042 1196 2069 monasticam
1213 2042 1329 2076 amplexi
1345 2043 1426 2070 sunt!
1447 2046 1513 2076 quot
1538 2047 1628 2076 patres
1648 2041 1717 2069 lilios
1731 2048 1795 2068 suos

1017 2089 1196 2116 hortabantur
1212 2087 1218 2114 l
1233 2092 1299 2122 quot
1313 2091 1403 2122 patres
1417 2095 1430 2114 a
1447 2088 1508 2115 liliis
1528 2088 1612 2122 rogati
1627 2093 1698 2121 sunt,
1712 2093 1741 2115 ut
1761 2095 1800 2115 ne

1017 2143 1092 2163 suam
1115 2136 1142 2161 in
1169 2135 1279 2162 Christo
1305 2136 1529 2162 exercitationem
1563 2135 1793 2169 interpellarent!

1017 2185 1083 2215 quot
1114 2188 1212 2208 uxores
1236 2180 1307 2207 viris~
1325 2181 1393 2210 suis,
1419 2185 1484 2214 quot
1508 2180 1558 2206 viri
1589 2180 1719 2206 uxoribus
1738 2179 1796 2206 suis

189 2222 264 2250 εἶπεν
280 2225 294 2251 ὁ
311 2225 467 2257 Ἀπόστολος
479 2225 485 2251 ί
503 2226 582 2252 πόσαι
593 2227 685 2262 χῆραι,
698 2227 775 2253 πόσοι
789 2227 816 2254 δὲ
829 2229 874 2254 καὶ
885 2229 966 2264 ὀρφα-

1019 2231 1220 2261 persuaserunt,
1233 2227 1384 2254 utoralioni
1407 2225 1601 2256 incumberent.
1615 2225 1793 2259 quemadmo-

189 2270 239 2300 νοὶ,
255 2269 286 2295 τὸ
305 2269 436 2305 πρότερον
450 2271 596 2303 πεινῶντες
606 2271 652 2297 καὶ
667 2271 765 2306 γυμνοὶ
778 2273 964 2307 τυγχάνοντες,

188 2315 220 2341 ὲκ
240 2315 339 2351 πολλῆς
365 2316 415 2350 τῆς
434 2316 486 2343 τῶν
511 2317 582 2344 λαῶν
604 2316 774 2353 προθυμίας,
790 2317 851 2344 οὗτε
874 2318 965 2345 λοιπὸν

188 2362 311 2393 ἐπείνων,
335 2361 402 2388 άλλὰ
428 2362 474 2389 καὶ
505 2363 670 2398 ἐνδεδυμένοι
699 2363 880 2398 προήρχοντοί
910 2364 965 2390 Καὶ

188 2407 255 2438 ὅλως
279 2407 395 2442 τοσαύτη
423 2406 456 2443 ἦν
479 2408 577 2442 ἅμιλλα
589 2409 652 2444 περὶ
667 2409 776 2444 ἀρετὴν,
795 2409 832 2441 ὡς
847 2410 963 2445 ἑκάστην

187 2452 286 2484 οἰκίαν,
304 2453 351 2479 καὶ
363 2451 435 2480 οἷκον
450 2454 562 2480 ἕκαστον
575 2454 611 2489 (9)
623 2454 742 2489 νομίζειν
763 2455 907 2490 ἐκκλησίαν
926 2453 964 2481 εί·

187 2507 241 2528 ναι,
256 2498 299 2525 διὰ
311 2499 360 2533 τὴν
372 2499 424 2525 τῶν
435 2499 608 2526 ἐνοικούντων
629 2500 784 2534 φιλοκαλίαν
799 2509 828 2527 τε
850 2501 896 2527 καὶ
915 2500 963 2536 τὴν

224 2554 246 2570 ⁰³
258 2554 267 2581 l
282 2555 345 2583 Cor.
358 2563 405 2590 vn,
418 2556 442 2583 5.

225 2627 262 2662 (5)
274 2626 337 2664 Haec
348 2627 429 2664 verba
442 2628 575 2664 usoueiad
591 2629 657 2664 ἡμῖν
670 2635 782 2662 sequens
799 2636 850 2655 non
876 2629 964 2662 expri-

190 2668 298 2688 muntur
315 2663 339 2688 in
363 2662 438 2695 Apol.
463 2663 496 2689 ad
520 2662 619 2692 CnnsIQL
643 2672 716 2690 nunt.
737 2664 781 2690 95.
801 2664 868 2690 Ibid.
886 2664 960 2696 editi,

190 2696 378 2732 ιιιιιιιι,θὺλοις.
402 2697 479 2732 Reg..
507 2697 622 2732 θρύλοις.
653 2699 705 2724 ΙΙ›ἱιΙ
738 2697 813 2732 ίῖικη
836 2699 862 2724 εί
882 2707 962 2731 τινες.

190 2731 270 2763 Editi,
286 2732 398 2763 οἵτινες,
417 2740 475 2765 qua‘
490 2731 602 2764 germina
621 2733 823 2759 ι“ἱ‹1‹λίιιι’ίρι·ιίο.

227 2766 264 2800 (6)
283 2767 310 2793 In
325 2767 401 2801 Appi.
415 2768 448 2792 ad
462 2766 654 2796 Constantium.
668 2776 740 2795 num.
757 2767 803 2798 25,
819 2773 876 2801 post
888 2768 962 2799 illud,

191 2799 336 2838 ἐπίσκοπον
348 2799 425 2838 εἷναι,
439 2802 604 2838 legitur-pm).
616 2802 681 2838 ἄλλῃ
693 2802 773 2838 χειρί,
789 2799 823 2829 ιη’
832 2803 963 2829 indicunt:

191 2837 327 2870 srquentia
341 2837 391 2862 alia
409 2844 487 2862 manu
505 2837 603 2868 scripta
617 2837 706 2863 lliisSe.
722 2845 772 2863 nec
792 2838 960 2870 ittiperuturis

192 2871 307 2905 nomine.
335 2871 392 2898 Mox
416 2875 474 2905 post
500 2871 573 2904 illud,
586 2871 807 2906 προσφιλέστατε,
824 2873 886 2900 editi
904 2873 959 2900 lucc

1017 2273 1079 2299 dum
1097 2273 1134 2299 ait
1149 2273 1292 2306 Apostolus
1311 2272 1350 2298 9'l
1380 2277 1446 2306 quot
1472 2272 1570 2303 vidum,
1586 2275 1651 2305 quot.
1667 2269 1793 2303 orphani,

1017 2318 1063 2353 qui
1091 2319 1165 2352 prius
1191 2319 1359 2350 esuriebant,
1389 2318 1507 2352 nudique
1527 2321 1616 2350 crant,
1631 2324 1664 2343 ex
1688 2317 1794 2343 ardenti

1017 2364 1178 2399 populorum
1190 2365 1223 2391 ad
1235 2365 1362 2391 virtutem
1378 2364 1475 2394 studio.
1498 2371 1550 2390 non
1568 2363 1636 2390 ultra
1661 2363 1792 2394 esuriere,

1017 2411 1070 2437 imo
1081 2411 1162 2437 etiam
1179 2410 1263 2437 induti
1280 2411 1403 2444 prodiere
1421 2410 1427 2436 ί
1452 2409 1536 2436 Tanta
1564 2410 1671 2436 demum
1686 2409 1719 2436 de
1739 2409 1794 2434 vir—

1017 2460 1072 2482 tute
1095 2457 1234 2483 contentio
1257 2455 1318 2487 fuit,
1342 2461 1371 2482 ut
1392 2455 1512 2490 singulas
1533 2455 1659 2485 familias.
1673 2454 1794 2488 singulas

1015 2501 1120 2532 domos,
1136 2501 1170 2528 ob
1186 2501 1347 2536 probitatem
1365 2500 1587 2532 inhabitantium,
1601 2507 1747 2534 precesque
1760 2500 1795 2529 ad

1016 2629 1127 2661 habent,
1148 2628 1288 2655 καὶταῦτα
1304 2628 1353 2662 μὲν
1370 2628 1384 2654 ὁ
1401 2626 1598 2658 Κωνστάντιος,
1614 2633 1674 2659 qua:
1689 2633 1747 2652 cum
1765 2625 1792 2651 in

1015 2664 1082 2693 Rea.
1099 2665 1195 2693 desint.
1213 2672 1226 2688 a
1244 2668 1367 2689 contextu
1383 2663 1569 2696 expunxilnns.

1051 2699 1088 2731 (7)
1102 2698 1181 2731 Reg.,
1197 2698 1271 2732 γοῦν.
1299 2697 1362 2730 Quae
1386 2694 1448 2732 mox
1462 2694 1741 2732 sequuntur-villosis
1763 2702 1791 2723 III

1015 2733 1092 2766 Apol.
1105 2730 1194 2760 contra
1204 2730 1329 2760 'Arianos.
1346 2740 1419 2758 lllllll.
1434 2731 1478 2762 57,
1497 2731 1540 2758 ubi
1556 2730 1650 2759 svnodi
1664 2730 1790 2757 Ilieroso-

1015 2768 1151 2802 lymitanae
1165 2768 1276 2802 epistola
1291 2767 1392 2802 legitur.

1052 2801 1087 2836 (8)
1105 2800 1217 2829 Aeacius
1244 2802 1345 2829 scilicﬂ
1371 2800 1545 2836 C:e~arieusis
1573 2805 1599 2827 et
1623 2800 1790 2834 Patrnphilas

1015 2836 1250 2870 chlhopolitanus
1269 2836 1429 2868 excipiendi.
1452 2835 1514 2862 Vide
1525 2844 1585 2870 pag.
1603 2835 1663 2865 153.

1047 2872 1083 2907 (9)
1099 2872 1197 2906 Regius
1211 2872 1305 2904 codex,
1319 2871 1444 2898 ἑκάστου.
