2007 3044
207 158 259 186 725

683 161 847 189 HISTORIA
866 162 1071 191 ARIANORUM
1091 164 1136 191 AD
1156 164 1348 194 MONACHOS.

1769 167 1820 195 726

209 214 316 251 ρονόμοι
330 214 381 250 τῆς
393 215 505 251 γνώμης
513 217 560 243 καὶ
570 217 619 252 τῆς
630 217 755 250 ἀσεϐείας
766 218 819 245 τῶν
831 218 894 254 περὶ
905 218 990 245 Εὐσέ-

1043 219 1241 256 impietatisque
1259 221 1382 255 Eusebii,
1401 221 1529 250 Leontius
1557 227 1702 256 castratus,
1728 225 1772 258 qui
1788 232 1821 251 ne

205 260 274 292 διον,
287 260 411 292 Λεόντιος
420 262 434 287 ό
442 261 588 294 ἀπόκοπος,
597 263 626 289 ὃν
641 263 699 289 οὐδὲ
707 263 744 294 ὡς
753 263 846 290 λαῖκδν
852 265 988 290 κοινωνεῖν

206 306 300 342 ἐχρῆν,
311 306 377 333 διότι
391 307 485 334 ἑαυτὸν
504 308 641 343 ἀπέκοψεν
655 309 723 345 ὑπὲρ
734 309 779 336 τοῦ
797 310 855 345 μετ’
866 309 990 342 ἐξουσίας

206 351 297 378 λοιπὸν
310 352 456 388 κοιμᾶσθαι
473 353 541 388 μετὰ
555 354 697 381 Εὐστολίου
708 355 789 387 τινὸς,
801 356 927 389 γυναικὸς
941 356 989 391 μὲν

205 397 239 424 δι’
254 397 345 431 αὑτὸν,
362 398 509 435 λεγομένης
527 399 556 426 δὲ
576 400 724 435 παρθένων
745 401 879 436 Γεώργιός
896 409 924 427 τε
943 401 990 428 καὶ

212 443 348 476 ’Δκάκιος,
367 446 413 471 καὶ
426 444 571 481 Θεόδωρος,
600 447 646 472 καὶ
659 446 824 482 Νάρκισσος,
839 448 936 479 οἵτινες
945 448 990 474 καὶ

205 489 234 515 ὲν
252 490 285 525 τῇ
300 489 399 525 συνόδῳ
406 490 608 527 καθῃρέθησαν,
621 493 746 527 μεγάλως
759 493 914 528 ᾐσχύνοντο.
925 491 991 521 Εἶτα

206 536 349 572 βλέποντες
365 537 413 572 τὴν
431 537 486 572 (16)
510 537 578 572 πρὸς
599 537 754 565 ’Δθανάσιον
771 539 824 565 τῶν
835 539 991 566 ἐπισκόπων

206 582 363 616 συμφωνίαν
377 591 406 608 τε
420 583 466 609 καὶ
482 583 604 618 εἰρήνην,
613 583 720 615 πλείους
730 584 758 610 δὲ
771 581 841 619 ἦσαν
850 588 883 615 u’,
896 585 949 611 ἀπό
961 593 990 610 τε

205 628 254 662 τῆς
276 628 397 664 μεγάλης
417 628 525 664 Ῥώμης
555 630 601 656 καὶ
615 629 665 664 τῆς
685 630 798 662 Ἰταλίας
813 631 919 666 πάσης,
934 633 992 658 Κα-

205 676 317 713 λαϐρίας
337 685 366 703 τε
384 677 430 703 καὶ
453 677 595 708 Ἀπουλίας
612 678 659 703 καὶ
675 678 849 712 Καμπανίας,
862 678 992 713 Βρεττίας

204 722 304 748 “rs-xui.
322 721 463 754 Σικελίας,
487 722 628 757 Σαρδινίας
651 731 680 748 τε
714 722 761 749 καὶ
781 723 918 758 Κορσικῆς
946 726 992 751 καὶ

204 766 294 802 πάσης
309 766 358 802 τῆς
376 767 505 806 Ἀφρικῆς
514 775 521 782 ·
538 767 600 798 τούς
610 776 638 793 τε
649 767 702 794 ἀπὸ
715 767 844 801 Γαλλιῶν,
857 769 903 806 καὶ
914 769 992 803 Βρετ-

204 813 307 845 τανίας,
326 813 372 840 καὶ
389 803 523 846 Σπανιῶν,
542 813 610 849 μετὰ
625 814 672 840 τοῦ
691 814 807 849 μεγάλου
829 815 876 841 καὶ
895 815 991 850 ὁμολο-

204 859 288 894 γητοῦ
310 859 398 886 Ὀσίου
409 868 416 874 ·
433 859 528 886 ἔπειτα
546 860 609 891 τοὺς
625 860 679 886 ἀπὸ
691 861 745 886 τῶν
760 861 929 893 Παννονίων,
945 862 991 887 καὶ

204 904 347 941 Νωρικοῦ,
369 905 415 932 καὶ
442 904 569 937 Σισκίας,
593 905 746 941 Δαλματίας
768 915 797 932 τε
821 906 867 933 καὶ
887 907 990 943 Δαρδα-

204 949 263 981 νίας
278 950 343 985 (17),
359 951 458 982 Δακίας
473 960 503 977 τε
523 951 569 977 καὶ
588 951 693 983 Μυσίας
703 972 710 983 ,
733 952 913 984 Μακεδονίας,
926 953 992 979 Θεσ-

205 995 315 1028 σαλίας,
336 996 382 1022 καὶ
401 997 491 1031 πάσης
511 997 560 1032 τῆς
574 996 629 1032 (18)
656 999 781 1033 Ἀχαΐας,
801 998 848 1024 καὶ
869 999 990 1034 Κρήτης,

204 1041 316 1078 Κύπρου
331 1051 361 1069 τε
386 1044 431 1070 καὶ
454 1044 573 1077 Λυκίας,
602 1044 649 1071 καὶ
673 1044 814 1076 πλείστους
831 1044 881 1079 τῆς
896 1045 992 1070 Παλαι-

205 1087 295 1122 στίνης
327 1096 357 1114 τε
384 1088 429 1114 καὶ
447 1089 581 1124 Ἰσαυρίας
591 1109 598 1121 ,
614 1089 750 1124 Αἰγύπτου
760 1110 767 1122 ,
788 1089 835 1116 καὶ
850 1089 990 1124 Θηϐαΐδος,

204 1134 251 1161 καὶ
274 1135 363 1170 πάσης
383 1135 494 1171 Λιϐύης,
512 1136 559 1162 καὶ
584 1135 794 1167 Πενταπόλεως·
820 1135 906 1162 ταῦτα
931 1135 991 1170 βλέ-

204 1187 299 1211 ποντες
322 1181 436 1214 ἐκεῖνοι,
467 1181 556 1217 φθόνῳ
589 1181 634 1208 καὶ
667 1181 741 1216 φόϐῳ
777 1181 990 1216 συνεσχέθησανθ

204 1225 292 1261 φθόνῳ
308 1226 357 1261 μὲν
369 1227 412 1253 διὰ
432 1228 480 1263 τὴν
502 1227 635 1255 τοσούτων
663 1227 804 1254 κοινωνίαν
823 1228 893 1260 (l9),
917 1228 992 1263 φόϐῳ

202 1271 231 1298 δὲ
248 1272 285 1306 μὴ
313 1272 337 1297 oi
362 1273 427 1306 παρ’
454 1272 542 1298 αὐτῶν
563 1272 745 1308 ἀπατηθέντες
768 1272 936 1308 προστεοῶσι
956 1274 990 1308 τῇ

202 1317 257 1343 τῶν
270 1317 402 1344 τοσούτων
418 1318 563 1353 ὁμοψυχίᾳ,
579 1319 626 1344 καὶ
645 1318 736 1344 λοιπὸν
751 1319 767 1353 ἡ
785 1319 888 1354 αἵρεσις
902 1318 991 1345 αὐτῶν

202 1363 498 1398 παριδειγματισοεῖσα
510 1363 679 1400 θριαμϐευοῇ
693 1364 739 1390 καὶ
754 1363 911 1399 πηλιτευθῇ
927 1373 992 1390 παν-

202 1416 296 1443 ταχου.

236 1451 279 1479 29.
293 1452 403 1488 Πρῶτον
420 1453 469 1488 μὲν
479 1453 542 1485 τοὺς
551 1454 615 1489 περὶ
623 1454 772 1490 Οὖρσάκιον
785 1454 832 1480 καὶ
843 1454 987 1488 Οὐάλεντα,

201 1498 239 1529 ὡς
252 1499 315 1530 τοὺς
325 1498 409 1530 κύνας
429 1499 621 1534 μεταπείθουσι
638 1499 852 1534 μεταϐάλλεσθαι
863 1519 870 1531 ,
887 1499 934 1526 καὶ
951 1501 990 1530 είς

200 1544 246 1571 τὸν
262 1545 326 1571 tam
340 1546 435 1579 ὲμετον
451 1545 610 1581 ἐπιστρέψαι
620 1566 626 1577 ,
644 1546 690 1572 καὶ
705 1545 743 1577 ὡς
756 1546 819 1577 τοὺς
831 1545 937 1581 χοίρους
951 1546 991 1576 εἰς
1004 1562 1025 1591 c

201 1591 246 1617 τὸν
252 1591 381 1626 πρότερον
391 1590 519 1626 βόρϐορον
529 1591 577 1626 τῆς
586 1591 711 1623 ἀσεϐείας
725 1592 805 1618 πάλιν
821 1591 990 1626 κυλισθῆναι,

202 1636 336 1671 πρόφασίν
352 1645 381 1662 τε
395 1636 444 1670 τῆς
457 1636 597 1671 μετανοίας
610 1637 760 1663 πλάσασθαι
772 1657 779 1669 ,
803 1637 840 1668 ὡς
854 1636 897 1662 διὰ
910 1636 991 1670 φόϐον

201 1681 248 1708 τοῦ
261 1682 468 1709 θεοσεεεστάτου
485 1682 661 1714 Κώνσταντος
677 1681 731 1708 εἷεν
751 1681 830 1708 τοῦτο
846 1682 992 1717 πεποιηκό-

201 1736 260 1759 τες*
277 1728 372 1759 καίτοι,
387 1729 411 1754 εί
432 1728 478 1754 καὶ
497 1728 577 1762 φόϐος
588 1726 621 1762 ἦν
632 1748 638 1759 ,
656 1728 712 1754 ἀλλ’
730 1729 780 1754 οὐκ
796 1728 878 1763 ἐχρῆν
889 1747 896 1759 ,
914 1728 991 1763 εἴπερ

201 1773 334 1810 ἐθάρρουν
358 1771 398 1805 οἷς
425 1773 546 1810 ἔπραξαν
556 1794 562 1805 ,
578 1774 710 1809 προδότας
724 1773 825 1800 τούτων
840 1773 989 1808 γίγνεσθαι.

202 1820 266 1846 Ὀτε
282 1820 311 1846 δὲ
325 1819 385 1846 οὑδὲ
401 1820 492 1854 φόϐος,
509 1819 566 1846 ἀλλ’
587 1819 745 1854 ἐψεύδοντο,
769 1819 826 1851 πῶς
851 1819 900 1845 οὐκ
922 1818 990 1850 ἄξιοι

201 1866 291 1901 πάσης
312 1865 508 1901 καταγνώσεώς
529 1867 614 1897 εἰσιν;
644 1864 713 1891 Οὔτε
744 1865 797 1899 γὰρ
827 1864 989 1899 στρατιώτου

202 1913 343 1948 παρόντος,
356 1912 386 1939 οὑ
401 1911 552 1938 παλατινῶν
562 1933 568 1942 ,
586 1911 602 1946 ἢ
625 1912 755 1946 νοταρίων
773 1910 988 1942 ἀποσταλέντων,

200 1960 278 1985 ὁποῖα
295 1957 342 1985 νῦν
354 1958 430 1984 αὐτοὶ
448 1958 578 1989 ποιοῦσιν,
594 1957 651 1984 ἀλλ’
664 1957 723 1983 οὐδὲ
746 1956 877 1991 βασιλέως
895 1955 991 1991 παρόν-

199 2013 254 2036 τος,
270 2003 330 2030 οὐδὲ
343 2003 411 2034 ὅλως
427 2002 570 2038 κληθέντες
588 2001 663 2037 παρὰ
684 2010 755 2033 τινος
773 2001 909 2036 ἔγραψαν·
933 2000 989 2026 ἀλλ’

200 2050 276 2077 αὐτοὶ
293 2049 415 2080 θέλοντες
431 2040 603 2084 ἁνῆλθονέῐς
631 2048 680 2083 τὴν
702 2047 810 2083 Ῥώμην
820 2067 827 2079 ,
851 2047 898 2073 καὶ
914 2048 942 2073 ὲν
956 2048 988 2082 τῇ

200 2095 348 2131 ἐκκλησίᾳ,
362 2094 425 2121 ἔνθα
440 2094 520 2128 φόϐος
539 2095 588 2129 μὲν
606 2094 704 2127 ἔξωθεν
729 2094 779 2120 οὐκ
801 2091 851 2128 ἦν,
868 2094 946 2128 μόνος
962 2093 990 2119 δὲ

199 2141 271 2168 ότοῦ
287 2140 353 2167 Θεοῦ
367 2140 447 2174 φόϐος
460 2140 533 2171 ἐστὶ,
556 2140 603 2166 καὶ
625 2139 768 2175 ἐλευθέραν
793 2139 907 2170 ἕκαστος
933 2138 988 2173 ἔχει

200 2188 250 2223 τὴν
263 2187 434 2222 προαίρεσιν,
448 2187 481 2212 δι’
499 2185 601 2212 ἑαυτῶν
618 2185 780 2220 μετενόησαν
795 2185 843 2211 καὶ
856 2184 987 2219 ἔγραψαν.

1041 266 1101 293 laici
1116 267 1224 301 quidem
1241 269 1349 295 nomine
1361 269 1393 296 ad
1410 270 1627 297 communionem
1640 270 1822 298 adntittendtts

1041 317 1111 344 erat,
1132 313 1202 346 quod
1227 321 1288 342 sese
1313 315 1371 349 ipse
1399 320 1557 347 castrasset,
1575 320 1603 342 ttt
1622 316 1673 342 sibi
1696 316 1823 350 deinceps

1048 358 1124 392 copia
1142 359 1210 386 foret
1222 359 1372 387 dormiendi
1391 368 1451 387 cum
1468 361 1583 395 quadam
1610 361 1742 394 Eustolio,
1756 361 1823 395 ’qnat

1041 411 1101 430 cum
1121 405 1218 432 mulier
1238 405 1296 440 ejus
1309 414 1390 440 opera
1405 412 1487 438 esset,
1508 407 1583 442 virgo
1605 413 1693 435 tamen
1708 407 1824 436 vocaba-

1041 453 1102 477 tur:
1118 450 1249 486 Georgius
1263 452 1339 484 item,
1353 453 1476 486 Aeacius,
1498 453 1655 481 Theodorus
1669 458 1696 481 et
1714 453 1823 481 Narcis—

1041 504 1097 526 sus.
1115 497 1158 530 qui
1173 498 1287 530 depositi
1306 499 1332 524 in
1350 501 1454 533 synodo
1483 499 1591 526 fuerant
1608 521 1615 533 ,
1631 500 1743 535 'ingenli
1760 504 1823 528 sunt

1040 541 1144 576 pudore
1165 541 1270 569 suffusi.
1298 543 1398 570 Deinde
1418 552 1477 571 cum
1496 545 1742 572 animadverterent
1761 552 1822 572 cunt

1042 587 1191 614 Athanasio
1206 590 1380 616 concordiam
1396 595 1421 616 et
1438 598 1530 624 pacem
1550 598 1661 618 servare
1680 591 1823 626 episcopos

1043 633 1184 667 plusquam
1207 635 1432 670 quadringentos,
1457 644 1489 663 ex
1514 635 1595 670 285
1611 644 1707 671 magna
1726 636 1821 668 Roma,

1042 686 1076 705 ex
1103 679 1229 707 universa
1254 680 1339 713 Italia,
1366 681 1500 715 Calabria,
1525 682 1630 716 Apulia,
1657 682 1822 716 Campania,

1042 724 1158 758 Bruttia,
1173 725 1276 758 Sicilia,
1297 726 1431 759 Sardinia,
1444 727 1566 760 Corsica,
1582 736 1613 755 ex
1641 733 1695 755 tota
1717 728 1818 761 Africa,

1042 778 1075 797 ex
1092 771 1197 803 Galliis,
1215 779 1247 798 ex
1266 772 1415 805 Britannia,
1430 780 1462 799 ex
1484 772 1630 807 Hispattiis,
1654 781 1713 800 cum
1729 781 1825 808 magno

1041 822 1069 844 et
1086 818 1241 844 confessore
1251 817 1330 844 llosio
1343 827 1349 843 :
1367 818 1506 853 episcopos
1519 819 1601 846 etiattt
1613 819 1823 854 Pannoniarum,

1042 862 1144 896 Norici,
1164 862 1267 896 Sisciae,
1287 863 1435 896 Dalmatiae,
1453 864 1710 897 Dardanite,Daci:n,
1723 865 1824 900 Mysiae,

1043 909 1217 942 Macedoniae,
1245 909 1403 942 Thessaliae,
1426 911 1563 946 totiusque
1581 911 1704 944 Achaiae,
1727 911 1824 944 Cretae,

1042 956 1123 990 Cypri
1140 960 1166 983 et
1179 955 1278 989 Lyciae,
1296 956 1428 990 plurimos
1442 956 1505 982 item
1527 955 1687 988 Palmstinae,
1705 955 1823 988 Isauriae,

1045 1000 1169 1036 Aigypti,
1183 1000 1342 1033 Thebaidis,
1371 1001 1454 1029 totius
1470 1001 1572 1036 Libyae,
1592 1005 1621 1029 et
1638 1001 1823 1037 Pentapoleos.

1048 1045 1120 1078 Haec,
1134 1046 1256 1081 inquam,
1273 1054 1334 1073 cum
1359 1046 1482 1074 viderent
1505 1047 1555 1079 illi,
1586 1046 1686 1073 invidia
1704 1054 1736 1073 ac
1752 1051 1825 1073 metu

1044 1092 1160 1125 correpti
1187 1098 1251 1119 sunt
1271 1091 1404 1124 :invidia,
1433 1091 1505 1126 quod
1537 1096 1590 1118 tant
1613 1091 1689 1118 mttlti
1706 1091 1826 1125 tantique

1041 1138 1161 1173 episcopi
1179 1144 1240 1164 cum
1258 1137 1304 1164 illo
1319 1137 1552 1164 communicarent
1567 1145 1575 1170 ;
1600 1141 1684 1168 metu,
1703 1143 1737 1163 tte
1750 1136 1824 1170 quia

1042 1193 1071 1213 se
1095 1184 1203 1219 decepti
1230 1183 1348 1216 fuerant,
1374 1188 1456 1211 tantm
1483 1189 1591 1217 tantque
1605 1183 1732 1211 concordi
1753 1184 1823 1210 mul-

1044 1230 1150 1257 titudini
1173 1237 1235 1257 sese
1258 1228 1441 1264 adiungerent
1459 1238 1467 1256 :
1495 1237 1561 1256 neve
1578 1230 1605 1256 in
1623 1235 1759 1264 posterttm
1775 1237 1824 1258 sua

1042 1277 1155 1304 hmresis
1172 1275 1303 1303 infamata
1325 1275 1402 1310 quasi
1431 1275 1457 1302 itt
1480 1275 1643 1310 triumphum
1659 1276 1756 1310 ubique
1776 1277 1826 1304 du—

1041 1327 1148 1351 ceretur
1153 1343 1158 1350 .

1077 1454 1123 1482 29.
1142 1454 1234 1482 Primo
1245 1455 1354 1489 quidem
1369 1453 1483 1481 Ursacio
1498 1457 1526 1480 et
1538 1453 1642 1480 Valenti
1663 1453 1826 1487 persuadent

1041 1506 1070 1528 ut
1085 1505 1187 1528 mutata
1204 1500 1348 1531 sententia,
1365 1499 1444 1534 quasi
1473 1506 1554 1525 canes
1569 1499 1599 1525 ad
1619 1499 1754 1532 proprium
1775 1506 1824 1524 vo-

1042 1548 1137 1574 mitttnt
1150 1551 1322 1574 revertantur
1338 1547 1372 1579 ",
1384 1550 1411 1572 et
1426 1550 1551 1580 tattqttant
1571 1545 1644 1578 porci
1664 1545 1689 1570 in
1712 1545 1825 1578 pristino

1041 1592 1189 1627 impietatis
1201 1592 1256 1619 luto
1265 1591 1430 1622 volutentur,
1444 1598 1475 1616 ac
1498 1590 1665 1622 simulantes,
1682 1590 1751 1616 hanc
1770 1597 1825 1623 pce-

1042 1638 1161 1665 nitentize
1172 1645 1227 1664 suae
1238 1644 1346 1664 causam
1361 1635 1601 1663 eomntiniscantnr
1611 1654 1619 1666 ,
1636 1636 1706 1669 qttod
1722 1634 1824 1663 scilicet

1041 1682 1155 1718 piissimi
1175 1682 1330 1709 Constantis
1342 1681 1485 1708 formidine
1499 1680 1532 1707 ad
1551 1679 1577 1706 id
1600 1679 1731 1713 agendam
1751 1687 1824 1707 cont-

1040 1728 1111 1763 pulsi
1127 1733 1228 1755 essent.
1245 1727 1339 1762 Atqui,
1358 1727 1410 1754 etsi
1424 1726 1576 1754 formidinis
1591 1733 1671 1753 cattsa
1680 1730 1754 1758 erat,
1769 1733 1822 1752 non

1041 1775 1130 1803 decuit
1142 1779 1226 1807 certe,
1242 1775 1264 1802 si
1285 1780 1374 1801 tamen
1391 1773 1475 1808 gestis
1490 1773 1547 1800 suis
1563 1772 1745 1803 contidissent.
1765 1772 1823 1798 illo-

1041 1830 1099 1850 rum
1114 1822 1266 1856 proditores
1277 1828 1346 1848 esse.
1360 1822 1395 1847 At
1408 1819 1622 1854 quandoquidem
1636 1825 1722 1845 metus
1735 1817 1822 1844 nullus

1041 1868 1100 1899 fuit,
1116 1867 1171 1902 qui,
1193 1875 1295 1902 quaeso,
1308 1873 1360 1893 non
1374 1865 1446 1892 omni
1469 1865 1642 1891 damnatione
1657 1864 1728 1898 digni
1743 1863 1823 1890 sunt?

1040 1912 1118 1940 Nullo
1132 1912 1230 1946 quippe
1245 1911 1331 1938 utilite
1343 1915 1485 1944 prmsente,
1499 1909 1578 1936 nullis
1595 1909 1685 1936 missis
1699 1907 1824 1942 palatinis

1040 1957 1081 1985 vel
1097 1957 1220 1989 notariis,
1239 1961 1268 1983 ut
1283 1957 1338 1991 jam
1352 1955 1390 1982 illi
1408 1959 1507 1990 agunt,
1522 1962 1574 1981 tton
1601 1961 1690 1981 eorant
1707 1953 1824 1987 impera-

1041 2009 1110 2036 tore,
1126 2012 1140 2030 a
1156 2003 1284 2037 nulloque
1297 2002 1375 2029 acciti
1389 2002 1445 2028 hac
1458 2000 1605 2034 scripsere;
1620 2000 1666 2026 sed
1681 1999 1750 2026 ultro
1772 1998 1822 2032 ipsi

1041 2049 1153 2076 Romam
1177 2048 1291 2083 profecti
1316 2048 1341 2074 in
1367 2046 1481 2074 ecclesia
1496 2066 1503 2077 ,
1524 2045 1568 2072 ubi
1598 2045 1671 2072 nulla
1693 2049 1822 2071 extranea

1042 2094 1165 2126 formido,
1194 2094 1242 2121 sed
1269 2094 1341 2121 solus
1363 2093 1410 2120 Dei
1441 2093 1520 2119 timor
1547 2094 1587 2118 est
1611 2090 1682 2117 :ubi
1710 2090 1821 2116 liberam

1041 2140 1157 2174 quisque
1169 2139 1250 2166 habet
1263 2138 1441 2169 voluntatem,
1461 2145 1507 2164 sua
1524 2141 1620 2171 sponte
1636 2135 1821 2171 paenitentiam

1042 2185 1077 2212 illi
1092 2189 1214 2220 egerunt,
1229 2185 1386 2219 scriptoque
1399 2183 1575 2211 tradiderunt.
1593 2182 1717 2208 Attamen
1730 2181 1820 2207 Ariani

200 2232 256 2259 Καὶ
283 2233 356 2267 ὅμως
381 2231 513 2266 Ἀρειανοὶ
533 2230 657 2265 δεύτερον
683 2230 839 2264 γενόμενοι,
862 2229 990 2264 τοιαύτην

1043 2231 1139 2258 iterum
1153 2230 1255 2263 eﬂ‘ecti,
1271 2230 1418 2258 absurdunt
1437 2229 1570 2264 ejusmodi
1589 2229 1728 2256 obtentum
1752 2235 1823 2254 corn-

200 2278 280 2305 πάλιν
305 2277 415 2313 ἀπρεπῆ
443 2277 576 2312 πρόφασιν
607 2276 814 2310 ἐπινοήσαντες,
851 2275 901 2301 οὐκ
929 2276 989 2310 ἐρυ-

201 2313 323 2361 θριῶσιν.

235 2370 280 2397 '50.
303 2371 416 2396 Ἔπειτα
433 2371 507 2405 κοινῇ
533 2369 724 2404 προσελθόντες
747 2368 916 2404 παρεκάλουν
942 2368 988 2394 τὸν

201 2415 310 2454 βασιλέα
336 2415 532 2446 Κωνστάντιον,
563 2415 704 2449 λέγοντες⁸
733 2414 787 2440 Καὶ
822 2413 852 2439 τὺ
881 2413 987 2448 πρῶτον

200 2462 346 2495 ἀξιοῦντες,
375 2462 424 2488 οὐκ
453 2460 668 2496 ὲπιστεύθημεν·
693 2460 820 2494 ἐλέγομεν
843 2458 898 2493 (ΞΟ)
922 2458 985 2494 γὰρ,

199 2507 244 2534 ὅτε
260 2506 434 2542 μετεπέμποο
451 2506 495 2532 τὸν
516 2506 689 2537 Ἀθανάσιον,
703 2505 758 2535 ὃτι,
775 2504 868 2531 τοῦτον
887 2513 988 2540 προκα-

201 2553 337 2588 λούμενος,
355 2552 402 2588 τὴν
415 2552 551 2587 ἡμετέραν
563 2552 666 2587 αἵρεσιν
677 2551 824 2581 ἐκϐάλλεις.
836 2545 921 2581 Οὗτος
934 2549 988 2585 γὰρ

201 2599 230 2633 ἐξ
240 2599 326 2635 ἀρχῆς
338 2599 398 2625 κατ’
411 2599 495 2634 αὐτῆς
512 2598 606 2632 γέγονε
616 2618 623 2630 ,
639 2597 685 2623 καὶ
705 2598 735 2623 οὐ
751 2596 866 2623 παύεται
885 2596 988 2631 ταύτην

235 2667 258 2684 ’⁸
270 2665 291 2693 ll
307 2665 380 2693 Petr.
396 2673 426 2698 tt,
439 2665 484 2692 22.

237 2733 294 2767 (l6)
310 2732 348 2760 Ita
361 2733 417 2766 Reg
442 2739 468 2760 et
484 2734 576 2762 Basil..
590 2735 640 2769 τήν
656 2733 731 2759 deest
748 2733 774 2759 in
792 2733 881 2759 editis.

238 2769 293 2805 (l7)
309 2769 354 2795 Sic
366 2769 436 2796 Edit.
458 2767 623 2805 Parisietts.,'
636 2773 662 2794 et
682 2770 717 2805 ita
739 2768 901 2805 legenduim
913 2767 984 2805 Edit.

202 2803 309 2831 Couttu.
323 2809 349 2830 ct
364 2811 446 2836 tuss.,
462 2803 623 2839 Σαρδανίας,
637 2804 781 2839 ntale,nam
797 2803 918 2830 Sardinia
930 2803 984 2834 jam

202 2847 282 2874 supra
300 2845 446 2874 memorata
462 2844 512 2865 est.
532 2839 665 2874 Dardania
683 2845 747 2864 vero
767 2838 830 2874 item
844 2845 987 2874 memora-

203 2872 246 2903 tur
257 2874 284 2902 in
297 2873 422 2910 Apologia
437 2878 530 2901 contra
545 2873 670 2906 Arianos,
686 2881 759 2901 nunt.
779 2873 790 2901 l
804 2877 830 2900 et
842 2872 887 2900 56.

1041 2277 1146 2304 minisci
1166 2285 1218 2304 non
1234 2277 1408 2304 erubescunt.

1041 2369 1051 2377 “
1075 2367 1121 2395 '50.
1134 2366 1235 2394 Deinde
1251 2366 1439 2400 imperatorem
1457 2372 1510 2391 una
1530 2370 1623 2391 omnes
1648 2361 1820 2394 conveniunt,

1042 2413 1136 2447 hisque
1152 2413 1243 2440 verbis
1256 2417 1352 2446 rogant
1368 2420 1374 2438 τ
1391 2411 1457 2438 Cum
1479 2411 1594 2445 printum
1618 2415 1644 2435 te
1664 2409 1821 2442 deprecare—

1030 2467 1111 2491 rtnnr,
1127 2459 1194 2485 fides
1212 2458 1290 2485 nobis
1307 2458 1396 2485 ltabita
1411 2465 1464 2483 non
1483 2460 1533 2483 est.
1545 2455 1689 2482 Aiebamus
1702 2454 1820 2488 quidem,

1041 2505 1086 2532 ubi
1102 2504 1282 2531 Athanasium
1294 2503 1414 2530 accivisti
1424 2523 1431 2534 ,
1449 2507 1475 2529 te
1490 2506 1609 2528 nostram
1623 2500 1757 2535 expellere
1771 2499 1822 2527 Ine-

1040 2550 1121 2576 resim
1138 2558 1145 2576 :
1161 2549 1195 2576 ab
1209 2549 1286 2576 initio
1305 2549 1404 2584 quippe
1427 2547 1471 2575 ille
1499 2546 1669 2574 adversarius
1685 2545 1742 2579 ejus
1760 2545 1820 2575 fuit,

1040 2603 1120 2630 quant
1139 2604 1190 2622 non
1206 2600 1294 2623 cessat
1309 2595 1479 2622 anathemate
1496 2594 1684 2621 condemnare.
1702 2593 1822 2626 Namque

1074 2730 1179 2764 (18)lta
1196 2729 1263 2764 Reg.
1279 2729 1306 2756 In
1322 2729 1401 2755 editis
1413 2729 1463 2763 τῆς
1482 2729 1566 2755 deest.

1085 2762 1127 2799 l9)
1142 2765 1179 2791 lta
1193 2762 1259 2799 Reg.
1274 2769 1301 2790 et
1312 2762 1475 2791 Basiliensis.
1494 2764 1562 2790 Editi
1579 2770 1651 2796 vero,
1663 2762 1706 2789 διὰ
1717 2762 1766 2798 τὴν
1777 2771 1821 2789 το-

1038 2799 1141 2828 σούτων
1152 2799 1314 2834 όμοψυχίαν,
1328 2799 1437 2834 Olltissis
1451 2799 1626 2826 intermediis.

1071 2835 1129 2870 (‘20)
1148 2833 1184 2862 Ita
1203 2835 1268 2869 Heg.
1286 2838 1313 2860 et
1327 2833 1406 2870 Basil.
1424 2833 1492 2861 Editi
1506 2840 1607 2867 autem,
1619 2833 1745 2868 λέγομεν.
1760 2833 1819 2862 Mox

1037 2871 1102 2906 Reg.
1117 2876 1143 2898 et
1162 2869 1255 2902 Basil.,
1274 2869 1459 2907 μετέπεμπες.
