2007 3044
194 100 243 136 75!

496 102 525 130 S.
550 100 730 129 ATHANASH
749 99 825 128 OPP.
843 98 934 127 PARS
951 99 973 126 1.

1045 98 1228 128 ωετοιιιοΑ
1247 98 1291 126 ΕΤ
1312 97 1522 126 ὒΟϐΜΔΤΙΟΑ.

1771 98 1827 126 732

196 163 254 191 ειιτὶ
269 167 296 190 ct
317 162 390 188 ascia
411 161 516 188 irruens
541 159 687 194 confringit
708 163 802 194 portas
821 165 916 186 eorum
939 157 986 193 qui

1039 157 1083 190 Θὲς
1095 158 1161 193 ἔχει,
1176 159 1205 184 ἐν
1223 157 1332 184 πελέκει
1346 157 1391 183 καὶ
1406 156 1576 192 λαξευτηρίῳ
1592 156 1738 183 ἐπιϐαίνων
1759 165 1826 183 κατ-

197 218 225 236 se
252 208 412 244 recipiunt‘.
442 206 567 234 Salvator
590 210 680 232 autem
704 212 736 232 ea
761 210 804 232 est
831 209 986 232 mansuetu-

197 256 271 287 dine,
297 259 326 282 ut
351 254 391 280 his
412 253 502 280 verbis
526 253 621 278 doceat
645 251 753 286 quidem
776 260 782 278 :
808 251 838 279 Si
860 252 917 286 quis
934 251 989 278 uult

197 306 255 335 pou
271 309 309 327 me
326 300 410 326 venire
423 299 443 332 ⁵,
461 303 498 330 et,
515 298 567 330 Qui
583 297 635 324 uult
650 305 722 324 meus
739 305 793 324 esse
803 297 946 331 discipulus
960 297 987 330 ';

198 347 244 374 sed
262 347 305 373 ubi
321 345 474 380 quempiam
488 344 597 375 adierit,
622 343 722 370 nullatn
744 342 842 370 inferat
855 345 920 374 vim,
941 343 989 370 sed

199 394 287 426 potius
309 392 440 426 pulsando
466 391 523 418 hrec
547 391 691 425 loquatur:
709 390 788 423 Aperi
812 390 874 416 mihi
889 410 896 422 ,
914 398 990 416 soror

198 447 256 466 mea
280 447 375 473 sponsa
389 439 411 464 ⁷.
443 437 520 464 Tunc
543 437 565 464 si
592 436 735 470 aperiant,
758 435 930 470 ingreditur:
948 435 989 461 sitt

200 484 337 518 negligant
356 483 545 516 abnuatttque,
571 482 684 509 secedit.
713 481 770 507 Non
795 481 866 507 enim
892 480 989 514 gladiis

200 533 247 555 aut
265 530 338 561 telis,
361 537 414 556 non
440 528 556 555 militttttt
583 535 674 559 tnantt,
692 527 792 554 veritas
817 527 988 560 praedicatur,

199 576 246 603 sed
258 576 384 603 suasione
397 581 423 602 et
439 574 564 602 consilio.
583 574 711 607 Qttmnant
726 578 815 600 autem
838 573 873 599 ibi
889 573 988 604 suasio,

200 622 245 649 ubi
260 622 434 656 imperatoris
458 621 590 648 formido?
611 620 663 646 Aut
682 619 817 654 quodnam
834 619 988 649 consilium,

200 668 245 695 ubi
255 669 300 702 qui
315 667 418 700 abnuit,
431 667 527 694 exsilio
544 667 651 692 tandem
669 665 710 692 vel
727 671 814 691 morte
842 664 990 691 multatur?

201 715 285 742 David
298 719 386 746 certe,
406 721 451 740 rex
467 713 592 746 quamvis
613 716 686 739 esset
699 731 706 742 ,
729 719 790 738 cum
813 711 917 737 hostem
936 718 990 744 pne

199 761 326 788 manibus
353 755 475 794 haberet,
506 760 604 786 milites
630 758 688 794 ejus
712 757 891 785 interliciendi
916 756 990 791 cupi-

200 807 266 840 dos,
290 814 459 841 nequaquam
486 805 604 841 potentia
632 813 679 832 sua
705 805 799 836 vetuit,
828 804 894 837 sed,
911 808 939 830 ut
952 803 990 830 ait

1039 204 1131 231 εάσσει
1149 203 1204 239 (29)
1228 204 1277 236 τὰς
1299 203 1383 238 θύρας
1399 203 1452 229 τῶν
1469 203 1620 238 δεχομένων
1639 203 1729 229 αὐτόν.
1752 203 1781 229 '0
1795 203 1826 229 δὲ

1038 250 1132 285 Σωτὴρ
1148 249 1234 281 οὕτως
1253 250 1311 275 ἐστὶ
1327 250 1425 284 πρᾶος,
1446 249 1483 280 ὡς
1499 249 1632 276 διδάσκειν
1647 249 1705 284 μὲν,
1723 249 1759 276 El
1778 257 1826 281 τις

1038 295 1117 323 θέλει
1133 296 1228 322 ὀπίσω
1241 304 1300 329 μου
1320 295 1428 322 ἐλθεῖν*
1447 295 1503 328 καὶ,
1523 294 1554 321 ’0
1566 295 1663 322 θέλων
1677 294 1754 321 εἶναι
1766 300 1825 328 μου

1036 342 1172 376 μαθητής
1183 350 1190 357 ·
1210 342 1354 377 ἐρχόμενον
1368 341 1396 368 δὲ
1411 341 1478 376 πρὸς
1494 341 1610 367 ἕκαστον
1625 340 1662 376 μὴ
1673 340 1823 376 βιάζεσθαι,

1038 389 1105 416 ἀλλὰ
1121 389 1219 424 μᾶλλον
1247 388 1353 424 κρούειν
1369 397 1398 414 τε
1420 388 1468 414 καὶ
1489 387 1587 422 λέγειν’
1611 387 1822 422 Ἀνοιξόνμοι,

1038 434 1154 468 ἀδελφή
1173 444 1233 469 μου
1248 436 1348 469 νύμφη
1360 443 1366 451 '
1387 435 1434 461 καὶ
1449 435 1608 468 ἀνοιγόντων
1626 434 1685 468 μὲν,
1706 433 1826 469 εἰσέρχε-

1038 489 1093 512 ται,
1109 481 1258 507 ὀκνούντων
1273 481 1301 507 δὲ
1315 481 1362 508 καὶ
1377 481 1414 516 μὴ
1428 480 1558 507 θελόντων
1578 481 1699 512 ἐκείνων,
1715 481 1826 515 ἀναχω-

1040 526 1089 560 ρεῖ.
1107 525 1143 551 Οὺ
1163 525 1216 560 γὰρ
1230 524 1342 559 ξίφεσιν,
1360 526 1376 560 ἢ
1394 525 1508 560 βέλεσιν,
1520 525 1579 552 οὐδὲ
1593 525 1639 552 διὰ
1653 525 1828 560 στρατιωτῶν

1038 572 1055 606 ή
1070 572 1182 606 ἀλήθεια
1204 572 1426 606 καταγγέλλεται,
1451 571 1518 598 ἀλλὰ
1540 572 1628 598 πειθοῖ
1647 571 1694 598 καὶ
1708 571 1827 606 συμῧου-

1039 617 1093 652 λία.
1112 618 1180 643 Ποία
1194 616 1240 644 οὖν
1255 617 1350 650 πειθὼ,
1370 617 1433 644 ἔνθα
1447 618 1580 653 βασιλέως
1597 617 1694 651 99660;;
1712 618 1747 644 ’Ὴ
1762 618 1828 644 ποία

1041 662 1200 697 συμὸουλία,
1217 663 1246 689 ὲν
1293 664 1307 689 ὁ
1318 663 1463 697 ἀντιλέγων
1478 663 1508 689 τὸ
1524 663 1598 694 τέλος
1614 661 1755 698 ἐξορισμὸν
1769 660 1826 698 ἔχει

1040 709 1086 734 καὶ
1101 708 1230 739 θάνατον;
1253 709 1306 735 Καὶ
1323 710 1337 735 ό
1355 709 1404 744 μὲν
1419 708 1501 735 Δασὶδ
1528 709 1617 735 καίτοι
1636 708 1762 743 βασιλεὺς
1776 708 1826 741 ὢν,

1040 754 1086 779 καὶ
1111 753 1157 780 τὸν
1179 753 1274 790 ἐχθρὸν
1296 754 1348 780 ὑπὸ
1368 755 1461 789 χεῖρας
1484 753 1563 788 ἔχων,
1579 753 1704 785 θέλοντάς
1720 762 1750 780 τε
1758 754 1827 786 τοὺς

1041 797 1209 832 στρατιώτας
1237 798 1394 825 ἀποκτεῖναι
1417 798 1461 824 τὸν
1477 798 1583 833 ἐχθρὸν,
1609 798 1639 824 οὐ
1662 799 1694 833 τῇ
1718 797 1827 834 ἐξουσία

201 852 341 887 Scriptura
358 853 380 885 ⁸,
404 852 471 878 viris
493 852 548 878 suis
569 851 651 878 David
671 851 753 878 verbo
773 851 924 885 persuasit,
941 858 988 877 ne-

1041 842 1205 875 κεκώλυκεν,
1226 842 1293 875 ἀλλ’,
1313 843 1350 873 ὼς
1368 843 1384 878 ἡ
1410 843 1506 878 Γραφή
1524 851 1616 878 φησιν,
1631 843 1722 870 ἔπεισε
1745 843 1828 870 Δαὸὶδ

201 906 254 933 que
270 898 360 926 Saulis
381 897 559 925 obtruncattdi
583 897 737 923 facultatem
753 896 836 923 dedit.
863 895 910 922 llic
927 903 990 922 vero

202 944 276 971 nulla
291 944 394 971 ratione
414 943 542 978 prmditus
553 961 560 974 ,
580 946 767 976 potestateque
783 949 848 968 usus
865 941 991 968 omnibus

201 991 255 1017 vim
273 989 354 1016 infert
371 999 377 1016 :
395 994 423 1015 ttt
437 988 502 1015 nulli
520 996 571 1014 non
586 988 674 1022 palam
691 992 736 1018 su,
755 987 860 1013 illorum
876 987 991 1022 pruden-

202 1037 267 1064 tiam
280 1056 288 1067 ,
306 1043 360 1062 non
377 1035 526 1062 secundum
545 1034 629 1061 Deum
644 1054 651 1065 ,
679 1034 726 1060 sed
752 1033 897 1060 humanam
919 1040 988 1064 esse,

201 1081 311 1116 Ariique
335 1085 486 1108 sectatores
510 1087 605 1114 reapse
633 1087 685 1105 nott
706 1080 806 1106 habere
828 1087 916 1113 regem
937 1079 989 1106 nisi

201 1128 347 1154 Caesarem.
371 1125 435 1160 Ejus
461 1126 531 1152 enim
556 1125 718 1152 auctoritate
741 1125 802 1152 freti
819 1125 919 1152 Christi
941 1125 990 1152 ad-

201 1173 317 1200 versarii
335 1180 394 1207 quze
421 1171 527 1206 placent
555 1171 647 1198 omnia
673 1172 805 1198 arbitratu
832 1179 881 1198 suo
907 1171 990 1205 perli~

203 1220 288 1246 cittnt.
318 1219 404 1246 Porro
419 1226 479 1245 cutn
496 1225 555 1245 sese
576 1222 673 1251 putant
694 1217 817 1251 plurimis
830 1217 889 1252 ejus
908 1224 989 1251 opera

203 1265 315 1293 insidias
336 1272 432 1298 parare
446 1284 454 1295 ,
469 1272 521 1290 ttott
538 1265 682 1290 advertunt
693 1271 760 1290 sane
775 1270 805 1290 se
821 1263 919 1290 multos
931 1262 989 1290 eili-

203 1319 265 1338 cere
286 1311 468 1338 conlcssores.
486 1309 506 1336 E
524 1316 639 1343 quorum
656 1315 769 1335 numero
798 1313 860 1335 sunt
883 1308 931 1335 viri
945 1308 990 1342 qui

201 1358 257 1392 jam
271 1356 372 1384 claram
391 1355 501 1383 edidere
517 1354 716 1381 confessionem
729 1373 737 1386 ,
755 1353 859 1387 ipsique
874 1353 990 1388 religiosi

208 1410 241 1430 ac
266 1403 343 1437 probi
357 1402 487 1436 episcopi,
503 1401 630 1428 Paulinus
643 1401 815 1427 Trevirorum
827 1400 919 1427 Galliae
935 1407 991 1427 me-

203 1448 317 1483 tropolis
345 1449 507 1483 episcopus,
535 1447 645 1474 Lucifer
677 1446 834 1482 metropolis
859 1446 992 1473 Sardinite

202 1495 360 1530 episcopus,
400 1493 531 1520 Eusebius
561 1491 745 1520 Vercellorum
783 1491 865 1518 Italiae
901 1492 986 1523 urbis,

203 1541 345 1576 Dionysius
357 1539 516 1571 Mediolani;
537 1544 580 1567 est
601 1544 690 1566 autem
708 1545 736 1566 et
758 1539 815 1573 ipsa
832 1538 987 1573 metropolis

203 1584 297 1612 italiae.
323 1584 424 1612 Accitis
448 1584 519 1611 enim
545 1584 598 1611 illis
617 1584 744 1618 prteccpit
767 1584 935 1617 imperator,
959 1588 989 1610 ut

203 1637 297 1658 contra
311 1630 490 1658 Athanasium
513 1629 739 1660 subscribercttt.
762 1637 793 1656 ac
813 1636 874 1656 cum
900 1629 986 1656 haere-

204 1677 267 1704 ticis
281 1676 525 1703 communicarent.
546 1674 649 1708 Quibus
664 1675 702 1702 rei
722 1675 864 1702 insolentia
878 1679 988 1710 stupen-

204 1723 276 1750 tibus
292 1729 324 1749 ac
343 1721 511 1754 dicentibus,
540 1721 568 1748 id
592 1721 772 1749 ecclesiastici
789 1729 842 1748 tton
864 1729 924 1748 esse
940 1728 987 1748 ca-

204 1767 306 1800 nonis;
337 1767 427 1794 statim
459 1766 503 1793 ille
518 1786 526 1798 ,
557 1765 592 1792 At
615 1766 686 1800 qttod
715 1773 765 1800 ego
789 1765 860 1798 volo,
886 1766 913 1793 id
938 1773 987 1801 pro

205 1820 329 1845 canone,
361 1813 468 1847 inquit,
502 1813 633 1840 habeatur
655 1819 663 1838 :
687 1819 731 1839 me
757 1812 854 1846 quippe
879 1812 915 1839 ita
945 1812 986 1838 lo-

205 1864 330 1894 quentem
346 1859 406 1894 Syri
421 1858 542 1893 episcopi
561 1857 688 1884 tolerant.
712 1858 766 1884 Aut
790 1858 869 1892 igitur
883 1859 987 1885 obtent-

205 1910 308 1941 perate,
322 1910 369 1933 aut
382 1912 431 1932 vos
446 1912 553 1940 quoque
567 1908 689 1931 extorres
703 1903 786 1930 futuri
799 1903 875 1930 estis.

235 2039 286 2066 «34.
309 2039 358 2066 llis
373 2038 473 2065 auditis
485 2038 602 2072 episcopi
624 2044 735 2072 remque
751 2045 922 2072 summopere
937 2039 987 2065 mi-

205 2086 277 2118 rati,
303 2084 427 2111 mattibus
452 2084 485 2109 ad
514 2083 597 2110 Deutn
627 2083 731 2113 tensis.
761 2082 923 2117 compellare
947 2083 987 2110 vi-

204 2139 264 2159 rum
293 2130 445 2163 docereque
468 2136 522 2156 tton
553 2136 630 2155 suum
660 2135 720 2155 esse
749 2128 908 2163 imperium,
939 2128 986 2155 sed

1038 890 1099 920 τοὺς
1115 889 1212 924 ἄνδρας
1228 889 1310 916 αὑτοῦ
1326 891 1354 916 ὲν
1367 889 1466 923 λόγοις,
1486 890 1532 915 καὶ
1548 890 1597 916 οὐκ
1612 890 1708 916 ἔδωκεν
1724 890 1826 922 αὐτοῖς,

1038 935 1208 966 ἀναστάντας
1223 935 1378 962 θανατῶσαι
1396 935 1442 962 τὸν
1458 934 1554 962 Σαούλ.
1572 935 1657 966 Αὐτὸς
1673 935 1701 962 δὲ
1721 935 1765 962 τὸν
1781 934 1826 961 λό-

1038 989 1086 1015 γον
1098 981 1148 1007 οὐκ
1167 980 1245 1015 ἔχων,
1272 981 1330 1016 μετ’
1347 980 1469 1012 ἐξουσίας
1497 981 1600 1012 πάντας
1621 980 1759 1015 βιάζεται’
1783 981 1826 1007 ἵνα

1038 1026 1130 1062 δειχθῇ
1154 1028 1245 1057 πᾶσιν,
1261 1027 1301 1053 ὅτι
1318 1027 1334 1062 ἡ
1352 1027 1481 1062 φρόνησις
1500 1026 1587 1053 αὐτῶν
1605 1027 1655 1053 οὐκ
1683 1026 1739 1052 ἐστι
1756 1026 1827 1053 κατὰ

1038 1073 1115 1104 Θεὸν,
1127 1073 1183 1099 ἀλλ’
1199 1073 1367 1109 ἀνθρωπίνη,
1383 1073 1430 1099 καὶ
1443 1074 1483 1099 ὃτι
1495 1074 1519 1098 oi
1531 1072 1564 1099 τὰ
1582 1073 1685 1108 Ἀρείου
1698 1071 1827 1108 φρονοῦν-

1038 1127 1084 1150 τες
1095 1120 1145 1145 οὐκ
1157 1119 1262 1154 ἔχουσιν
1276 1119 1383 1154 ἀληθῶς
1397 1119 1518 1154 βασιλέα,
1538 1119 1561 1145 εἰ
1573 1119 1610 1154 μὴ
1629 1118 1756 1154 Καίσαρα
1767 1127 1774 1133 ·
1792 1118 1826 1145 δι’

1039 1164 1121 1191 αὑτοῦ
1145 1165 1200 1200 γὰρ
1225 1165 1314 1191 πάντα
1338 1165 1386 1200 μὲν
1408 1165 1511 1200 ὅσαπερ
1528 1164 1583 1198 (30)
1613 1163 1752 1198 βούλονται
1779 1163 1827 1190 καὶ

1039 1211 1204 1246 πράττουσιν
1227 1211 1252 1236 οἱ
1277 1210 1472 1245 Χριστομάχοι.
1488 1210 1617 1243 Δόξαντες
1637 1209 1666 1236 δὲ
1688 1209 1721 1236 δι’
1744 1209 1826 1236 αὑτοῦ

1040 1257 1146 1288 πολλοῖς
1167 1256 1362 1288 ἐπιϐουλεύειν,
1383 1257 1520 1291 ἠγνόησαν
1537 1256 1649 1288 πολλοὺς
1664 1257 1827 1291 ποιήσαντες

1038 1302 1208 1338 ὁμολογητὰς
1230 1302 1368 1336 γενέσθαι,
1398 1301 1428 1333 ἐξ
1449 1298 1487 1327 ὧν
1508 1302 1576 1328 εἰσιν
1593 1302 1618 1327 oi
1642 1301 1690 1327 νῦν
1715 1301 1827 1336 λαμπρᾷ

1040 1347 1206 1383 χρησάμενοι
1230 1348 1263 1382 τῇ
1280 1346 1421 1382 ὁμολογίᾳ,
1441 1346 1536 1382 ἄνδρες
1556 1345 1689 1379 εὐλαϐεῖς,
1705 1347 1752 1373 καὶ
1767 1346 1827 1372 ὲπί-

1040 1401 1136 1418 σκοποι
1152 1392 1259 1426 ἁγαθοὶ,
1276 1393 1407 1424 Παυλῖνος
1423 1394 1437 1419 ὁ
1449 1391 1501 1418 ἀπὸ
1512 1392 1651 1428 Τριδέρων
1665 1392 1713 1428 τῆς
1726 1400 1828 1428 μητρο-

1040 1437 1144 1469 πόλεως
1158 1438 1211 1463 τῶν
1227 1437 1345 1464 Γαλλιὼν
1366 1438 1524 1469 ἐπίσκοπος,
1537 1437 1584 1465 καὶ
1594 1437 1727 1472 Λουκίφερ
1742 1438 1756 1463 ό
1772 1437 1831 1464 ἀπὸ

1043 1482 1234 1518 μητροπόλεως
1254 1483 1303 1518 τῆς
1319 1482 1459 1518 Σαρδινίας
1470 1482 1628 1513 ἐπίσκοπος,
1646 1481 1774 1513 Εὑσέόιός
1794 1490 1824 1508 τε

1038 1529 1052 1554 ὁ
1070 1529 1123 1554 ἀπὸ
1136 1528 1290 1563 Βερκέλλων
1304 1528 1358 1563 (51)
1371 1529 1420 1564 τῆς
1443 1528 1563 1560 Ἰταλίας,
1591 1528 1637 1554 καὶ
1657 1527 1792 1558 Διονύσιος
1809 1528 1825 1554 ό

1037 1574 1091 1601 ἀπὸ
1108 1574 1288 1602 Μεδιολάνωψ
1311 1575 1368 1601 ἐστι
1385 1575 1414 1601 δὲ
1433 1574 1479 1600 καὶ
1504 1574 1572 1610 αὕτη
1597 1573 1757 1609 μητρόπολις
1773 1573 1824 1608 τῆς

1043 1618 1166 1650 Ἰταλίας.
1191 1618 1305 1650 Τούτους
1332 1619 1385 1655 γὰρ
1408 1619 1533 1655 βασιλεὺς
1557 1619 1675 1650 καλέσας
1700 1619 1825 1646 ἐκέλευσε

1037 1665 1107 1692 κατὰ
1123 1665 1283 1694 Ἀθανασίου
1299 1666 1347 1701 μὲν
1364 1666 1543 1702 ὑπογράφειν,
1565 1667 1622 1698 τοῖς
1633 1666 1662 1692 δὲ
1679 1666 1826 1700 αἱρετικοῖς

1037 1713 1185 1739 κοινωνεῖν.
1202 1710 1268 1738 Εἶτα
1284 1713 1395 1739 ἐκείνων
1408 1712 1600 1748 θαυμαζόντων
1616 1712 1648 1738 τὸ
1660 1712 1751 1738 καινὸν
1766 1713 1826 1738 ὲπι-

1036 1758 1158 1794 τήδευμα
1169 1758 1258 1790 τοῦτο,
1271 1759 1316 1786 καὶ
1330 1758 1462 1793 λεγόντων
1481 1759 1518 1794 μὴ
1539 1756 1608 1785 εἶναι
1622 1757 1715 1785 τοῦτον
1727 1757 1826 1793 ἐκκλη-

1038 1805 1175 1832 σιαστικὸν
1184 1805 1294 1836 κανόνα,
1311 1804 1391 1836 εὐθὺς
1402 1806 1514 1836 ἐκεῖνος,
1533 1804 1601 1830 Ἀλλ’
1612 1805 1680 1839 ὅπερ
1694 1804 1750 1838 ἐγὼ
1765 1803 1827 1838 βού-

1037 1851 1128 1885 λομαι,
1143 1850 1221 1877 τοῦτο
1237 1850 1432 1884 κανὼν,ἐλεγε,
1449 1850 1608 1886 νομιζέσθω·
1622 1850 1693 1877 οὕτω
1703 1851 1757 1886 γάρ
1774 1859 1825 1886 μου

1037 1897 1160 1930 λέγοντος
1185 1897 1324 1932 ἀνέχονται
1344 1897 1368 1923 οἱ
1381 1897 1430 1931 τῆς
1446 1897 1545 1932 Συρίας
1560 1897 1700 1932 λεγόμενοι
1712 1897 1825 1923 ἐπίσκο-

1037 1951 1092 1969 ποι.
1104 1944 1137 1969 Ἢ
1149 1943 1238 1969 τοίνυν
1256 1943 1394 1978 πείσθητε,
1406 1944 1422 1978 ἢ
1439 1943 1486 1970 καὶ
1503 1943 1728 1979 ύμείςὺπερόριοι
1742 1943 1825 1978 γενή-

1039 1988 1129 2015 σεσθε.

1072 2034 1116 2061 54.
1137 2033 1229 2060 Ταῦτα
1241 2034 1406 2066 ἀκούσαντες
1421 2035 1445 2062 οἱ
1460 2035 1614 2068 ἐπίσκοποι,
1626 2035 1696 2062 πάνυ
1711 2043 1742 2069 γε
1759 2034 1825 2061 θαυ-

1039 2081 1183 2116 μάσαντες,
1192 2081 1238 2107 καὶ
1248 2080 1296 2112 τὰς
1308 2082 1400 2116 χεῖρας
1409 2081 1596 2112 ἀνατείναντες
1613 2081 1680 2116 πρὸς
1693 2081 1739 2108 τὸν
1746 2081 1823 2113 Θεὸν,

1037 2127 1121 2162 πολλῇ
1133 2128 1166 2162 τῇ
1177 2127 1236 2153 κατ’
1250 2127 1332 2153 αὐτοῦ
1355 2126 1496 2162 παρρησία
1514 2127 1583 2161 μετὰ
1595 2126 1681 2161 λόγων
1691 2127 1826 2162 ἐχρήσαν-

205 2177 251 2204 Dei
278 2175 324 2211 qui
346 2175 527 2202 tradidisset:
553 2181 648 2207 rogare
673 2180 702 2200 ιιι
725 2181 786 2200 eum
812 2174 927 2206 timeret,
953 2181 986 2201 ne

1039 2182 1078 2206 το,
1091 2173 1260 2204 διδάσκοντες
1276 2172 1313 2208 μὴ
1334 2170 1402 2198 εἶναι
1421 2172 1470 2207 τὴν
1489 2172 1626 2206 βασιλείαν
1650 2171 1742 2204 αὑτοῦ,
1757 2171 1826 2198 ἀλλὰ

204 2224 350 2257 derepente
378 2221 469 2248 datmtt
492 2220 623 2247 adimeret
648 2229 655 2246 :
681 2220 851 2247 interminari
891 2219 984 2254 iudicii

203 2269 291 2299 tliem,
321 2266 488 2299 suadereque
519 2273 553 2292 tte
587 2264 785 2291 ecclesiasticas
806 2272 850 2292 res
870 2272 984 2298 pessun-

204 2315 294 2345 daret,
317 2319 369 2339 neu
393 2310 543 2338 Romanum
564 2310 706 2344 imperittm
733 2317 794 2336 cum
818 2309 984 2336 ecclesiasti-

203 2358 244 2385 cis
269 2357 377 2384 statutis
400 2355 606 2387 comtnisceret,
640 2354 681 2381 vel
707 2354 835 2380 Arianam
860 2354 984 2381 haeresim

205 2403 387 2432 introduceret
411 2402 438 2428 in
454 2401 600 2429 Ecelesiatn
627 2400 683 2427 Dei.
714 2400 812 2427 Verum
835 2399 878 2426 ille
900 2407 987 2433 neque

203 2448 322 2480 audivit,
346 2455 395 2475 nec
422 2455 468 2475 eos
491 2446 567 2481 plura
588 2446 678 2473 dicere
701 2445 842 2479 permisit;
870 2445 934 2479 quin
959 2450 987 2472 et

205 2495 296 2523 acrius
323 2494 446 2522 districto
471 2494 615 2521 adversum
639 2492 699 2520 illos
725 2491 814 2527 gladio
839 2492 986 2519 committa-

238 2604 244 2610 .
257 2621 267 2632 ι
282 2615 355 2643 Psal.
375 2622 467 2646 Lntv,
487 2614 513 2641 6.
550 2613 561 2629 ⁵
582 2612 676 2640 Matth.
693 2621 748 2644 xw,
763 2612 808 2639 2L

241 2715 297 2751 (Q9)
312 2716 390 2750 Reg.,
406 2715 550 2742 κατεάσσει
567 2724 573 2742 :
592 2715 667 2746 editt,
689 2723 827 2751 κατεασει.
853 2715 917 2748 Qum
939 2722 990 2741 vox

207 2751 276 2783 apud
290 2752 465 2777 Athanasium
486 2752 535 2777 sub
557 2752 606 2777 ltac
628 2751 714 2777 forma
729 2750 873 2784 aliquando
894 2757 989 2776 occur-

208 2785 254 2811 rit.
266 2784 373 2820 Psaltno
390 2793 480 2816 LXXIV,
494 2785 521 2816 ϐ,
537 2786 643 2820 legitur,
661 2786 689 2811 ὲν
709 2785 817 2811 πελέκει
831 2785 877 2811 καὶ
893 2784 988 2818 λαξευ-

205 2818 292 2852 τηριῳ
309 2819 486 2855 κατέρραξαν.

859 2612 870 2627 ⁸
886 2611 951 2639 Luc.
966 2619 1024 2644 VIII,

1037 2218 1084 2244 τοῦ
1098 2218 1244 2249 δεδωκότος
1269 2217 1347 2248 Θεοῦ,
1361 2217 1390 2243 ὃν
1414 2218 1461 2244 καὶ
1475 2218 1614 2252 φοϐεῖσθαι
1629 2218 1708 2244 αὑτὸν
1720 2217 1825 2252 ἠξίουν,

1039 2266 1076 2300 μὴ
1091 2264 1218 2300 ἐξαίφνης
1231 2264 1313 2300 αὐτὴν
1323 2265 1464 2298 ἀφέληται·
1475 2265 1602 2299 ἠπείλουν
1615 2273 1645 2290 τε
1655 2264 1703 2300 τὴν
1718 2264 1827 2299 ἡμέραν

1038 2310 1087 2345 τῆς
1100 2310 1226 2346 κρίσεως,
1244 2311 1290 2336 καὶ
1309 2310 1501 2337 συνεϐούλευον
1523 2311 1596 2345 αὐτῷ
1612 2310 1650 2346 μὴ
1660 2310 1826 2346 διαφθείρειν

1039 2356 1073 2383 τὰ
1093 2356 1315 2391 ὲκκλησιαστικὰ,
1335 2357 1401 2392 μηδὲ
1418 2356 1686 2392 ἐγκαταμίσγειντὴν
1706 2357 1826 2392 Ῥωμαῖ-

1039 2402 1090 2437 κὴν
1101 2403 1186 2438 ἀρχὴν
1205 2404 1238 2438 τῇ
1251 2403 1300 2437 τῆς
1316 2402 1477 2438 Ἐκκλησίας
1492 2403 1617 2439 διαταγῇ,
1635 2403 1702 2438 μηδὲ
1714 2402 1763 2438 τὴν
1781 2404 1826 2430 ’Λ-

1041 2447 1148 2482 ρειανὴν
1165 2448 1268 2482 αἰρεσιν
1281 2448 1399 2482 εἰσάγειν
1411 2449 1450 2480 εἰς
1459 2448 1677 2484 τὴνἘκκλησίαν
1688 2449 1735 2475 τοῦ
1744 2449 1824 2476 Θεοῦ.

1045 2493 1114 2520 Ἀλλ’
1130 2493 1193 2520 οὗτε
1210 2494 1308 2529 ἧκουεν
1332 2494 1445 2527 ἐκεῖνος,
1461 2494 1523 2521 οὔτε
1534 2503 1561 2521 τι
1577 2495 1658 2522 πλέον
1675 2495 1773 2527 αὐτοὺς
1786 2495 1826 2522 λέ-

1045 2612 1089 2638 20.
1127 2611 1231 2642 "Cant.
1248 2621 1275 2648 v,
1295 2614 1324 2641 ἓ.
1361 2614 1372 2629 ⁸
1391 2615 1399 2641 l
1417 2614 1484 2650 Reg.
1503 2622 1577 2648 xxvn,
1599 2616 1624 2644 9.

1079 2714 1135 2749 (30‘;
1150 2713 1195 2742 Sic
1212 2715 1279 2749 Reg.
1295 2715 1364 2742 Editi
1380 2724 1453 2746 vero.
1465 2717 1525 2743 ὅσα.

1078 2750 1198 2788 (3t)_Sic
1211 2750 1277 2788 lies.
1295 2751 1391 2788 codex.
1406 2751 1478 2788 fidit.
1492 2760 1555 2781 vrro
1566 2753 1681 2786 Comm.,
1695 2753 1822 2788 Μαρκέλ-

1043 2794 1104 2813 Αων.
1125 2785 1194 2813 Edit.
1210 2785 1308 2819 Paris.,
1323 2786 1492 2821 Βαρκέλλων.
