2007 3044
186 126 240 154 735

665 121 824 150 HISTORIA
843 119 1046 148 ARIANORUM
1066 119 1112 146 AD
1133 118 1329 146 MONACIIOS.

1750 119 1801 147 πει

190 192 245 219 διειδ
262 183 422 218 ἐπέτρεπεν,
436 180 503 208 ἀλλὰ
516 181 562 207 καὶ
581 180 680 217 μᾶλλον
694 179 811 215 ἠπείλει,
825 179 871 206 καὶ
896 179 970 214 ξίφος

1022 179 1110 209 batur,
1125 178 1179 204 ituo
1195 185 1227 204 cx
1245 177 1278 204 iis
1299 175 1442 203 nonnullos
1465 175 1498 201 ad
1523 174 1682 209 supplicium
1703 175 1799 203 abduci

185 229 302 265 ὲγύμνου
315 230 374 255 κατ’
393 227 490 260 αὐτῶν,
507 227 555 254 καὶ
576 227 729 261 ἀπάγεσθαι
744 227 771 253 δέ
779 235 852 257 τινας
867 225 896 259 ἐξ
919 226 969 252 (1'5-

183 275 237 302 τῶν
250 274 383 301 ἐκέλευσε
397 273 444 299 καὶ
460 272 550 303 πάλιν,
560 272 597 304 ὡς
609 273 624 298 ό
635 271 743 307 Φαραὼ,
763 271 968 306 μετεγίνωσκεν.

191 319 392 351 Ἐκτινὰξαντες
401 318 490 344 τοίνυν
501 318 524 343 οί
542 317 613 351 ᾶγιοι
622 317 667 343 τὸν
679 315 826 351 κονιορτὸν,
841 315 888 341 καὶ
901 315 969 349 πρὸς

185 365 229 390 τὸν
245 364 309 390 Θεὸν
323 362 532 397 ἀναϐλέψαντες,
552 361 613 387 οὕτε
630 361 742 396 ἀπειλὴν
760 359 889 395 βασιλέως
905 361 969 400 ὲφοτ

186 409 317 445 ϐἠθησαν,
327 408 388 435 οὒτε
399 408 489 442 ξίφους
500 407 685 443 γυμνουμένων)
695 406 749 441 (5‘2)
760 404 969 441 πρώεδώκασιν,

186 454 253 481 ἀλλὰ
267 454 313 480 καὶ
333 454 377 480 τὸν
401 452 552 488 ἐξορισμὸν,
568 452 603 483 ὡς
626 451 807 486 λειτούργημα
823 451 969 481 διακονίας,

186 501 327 536 ἐσχήκασι·
343 500 508 535 διερχόμενοι
521 499 574 534 γὰρ
589 497 660 524 κατὰ
678 497 759 523 τόπον
773 496 820 522 καί⁴
838 496 907 522 κατὰ
923 495 970 521 πό-

186 548 227 574 λιν
244 547 309 583 (55),
324 546 424 581 καίπερ
435 546 464 572 ὲν
482 545 589 580 δεσμοῖς
597 543 681 574 ὄντες,
691 541 904 578 εὐηγγελίζοντο,
921 540 971 576 τὴν

192 594 241 629 μὲν
251 592 348 628 εὐσεϐῆ
357 592 447 618 πίστιν
463 591 650 627 κηρύττοντες,
667 591 716 625 τὴν
731 590 760 615 δὲ
776 589 915 624 Ἀρειανὴν
929 589 971 614 αἴ-

189 648 261 675 ρεσιν
271 637 523 673 ἀναθεματίζοντες,
537 638 584 664 καὶ
597 637 645 672 τὴν
664 636 804 671 μετάνοιαν
819 635 970 671 Οὑρσακίου

187 685 234 711 καὶ
246 684 391 715 Οὐάλεντος
406 683 618 718 στηλιτεύοντες.
633 682 771 716 Ἐγίγνετο
781 681 809 706 δὲ
819 680 895 707 τοῦτο
903 680 971 715 πρὸς

187 729 306 756 ἐναντίου
324 729 379 764 (54)
391 729 446 760 τοῖς
463 727 689 754 ἐπιϐουλεύουσιν*
704 727 759 761 ὅσῳ
777 725 831 764 γὸιρ
850 725 917 752 πολὺ
941 725 971 751 τὺ

186 761 384 810 διάστηματῆς
398 773 684 810 ὲξοριστίας,τοσούτῳ
702 772 791 807 μεῖζον
808 761 838 798 τὸ
853 772 912 797 κατ’
923 771 971 797 αὑ-

186 821 240 848 τῶν
255 823 332 856 μῖσος
345 820 455 856 ηὔξανε,
464 821 512 847 καὶ
523 814 556 855 κῆ
562 828 652 855 ρυγμα
662 817 695 854 ἦν
703 818 772 845 κατὰ
783 819 832 853 τῆς
845 818 971 849 ἀσεϐείας

187 867 275 894 αὐτῶν
290 867 415 902 ἠτούτων
431 867 580 901 ἀποδημία.
595 866 643 896 Τίς
664 865 728 899 γὰρ.
746 865 849 899 βλέπων
864 865 973 895 τούτους

187 913 384 948 διερχομένους,
412 913 461 938 οὐκ
477 912 574 943 αὐτοὺς
595 911 644 946 μὲν
654 910 691 942 ὡς
705 910 872 946 όμολογητὰς
888 911 972 945 ὑπερ-

190 958 357 994 εθαύμαζεν.
370 959 487 989 ἐκείνους
498 958 525 983 δὲ
541 958 589 984 οὐκ
599 957 784 991 ἀπεστρέφετο
799 956 844 982 καὶ⁹
854 955 974 982 ἐϐδελύτ-

187 1013 257 1036 τετο,
270 1004 359 1031 οὐκέτι
373 1004 451 1040 μόνον
467 1003 504 1035 ὡς
522 1003 639 1035 ἀσεϐεῖς,
657 1003 724 1029 ἀλλὰ
739 1003 786 1029 καὶ
804 1002 840 1034 ὡς
859 1003 972 1037 δημίους

188 1049 234 1076 καὶ
250 1050 287 1081 ὼς
298 1048 438 1083 φονευτὰς,
464 1048 510 1075 καὶ
529 1048 617 1074 πάντα
642 1047 739 1083 μᾶλλον
759 1047 774 1081 ἢ
795 1047 973 1082 Χριστιανοῦς

187 1095 327 1131 ὀνομάζων
335 1104 342 1128 ;

224 1142 267 1169 35.
284 1142 390 1168 Βέλτιον
406 1140 454 1176 μὲν
462 1138 508 1166 οὖν
522 1138 556 1175 ἦν
572 1147 642 1166 κατα
666 1139 714 1175 τὴν
727 1139 813 1174 ἀρχὴν
827 1139 972 1165 Κωνστάν-

188 1194 245 1214 τιον
261 1186 381 1222 μηόόλως
398 1187 446 1221 τῆς
459 1185 590 1220 αἱρέσεως
602 1184 702 1220 ταύτης
720 1184 856 1218 γενέσθαι,
871 1183 973 1219 ἣγενό-

191 1240 280 1267 μενον,
304 1231 340 1267 μὴ
362 1231 487 1258 τοσοῦτον
506 1230 625 1257 ἐνδοῦναι
647 1233 704 1262 τοῖς
723 1230 858 1261 ἀσεϐέσιν,
885 1230 901 1266 ἦ
929 1231 972 1256 ἐν-

188 1278 266 1305 δόντα
288 1277 367 1312 μέχρι
386 1276 485 1303 τούτων
500 1277 595 1311 στῆναι
612 1277 669 1311 μετ’
683 1275 781 1307 αὐτῶν,
800 1276 843 1302 ἵνα
856 1275 908 1302 κᾶν
921 1275 973 1306 ἕως

188 1323 289 1350 τούτων
302 1323 383 1358 ἔχωσι
400 1322 453 1349 τῶν
473 1322 659 1357 τολμηθέντων
676 1322 732 1357 (55)
745 1321 836 1356 κοινὴν
848 1321 896 1356 τὴν
912 1321 973 1356 κρί-

190 1377 242 1395 σιν.
267 1368 310 1399 Ὧς
331 1368 359 1394 δὲ
382 1367 463 1398 ἔοικε,
487 1367 558 1393 κατὰ
580 1367 780 1402 τοὺς“ἄψρονας
796 1367 904 1401 δεσμοῖς
924 1367 973 1402 τῆς

188 1415 315 1446 ἀσεϐείας
328 1415 439 1445 ἑαυτοὺς
447 1413 662 1449 περιπείροντες,
673 1412 782 1448 μείζονα
797 1412 857 1438 καθ’
872 1411 973 1440 ἑαυτῶν

188 1462 238 1498 τὴν
251 1462 352 1497 κρίσιν,
364 1460 544 1487 ἐπισπῶνται.
563 1459 617 1486 Καὶ
638 1459 692 1494 γὰρ
704 1459 764 1485 οὐδὲ
786 1458 911 1494 Λιϐερίου
926 1458 972 1485 τοῦ

189 1507 338 1533 ἐπισκόπου
360 1504 468 1540 Ῥώμης
485 1504 554 1531 κατὰ
576 1503 624 1539 τὴν
640 1503 724 1539 ἀρχὴν
745 1503 895 1537 ἐφείσαντο,
906 1502 973 1529 ἀλλὰ

189 1552 236 1578 κα)⁸
256 1551 336 1587 μέχρι
346 1550 399 1576 τῶν
413 1551 470 1576 ἐκεῖ
481 1549 530 1584 τὴν
549 1549 645 1584 μανίαν
658 1548 801 1581 ἐξέτειναν·
816 1549 863 1575 καὶ
873 1549 921 1583 οὐχ
932 1549 973 1574 ὅτι

189 1596 366 1627 ἀποστολικός
383 1597 441 1621 ὲστι
451 1595 544 1630 θρόνος
556 1594 717 1629 ᾐδέσθησαν,
730 1593 785 1620 οὔθ’
799 1595 839 1620 ὅτι
854 1593 909 1628 (56)
922 1602 973 1628 μη-

189 1642 313 1678 τρόπολις
328 1643 343 1676 ἡ
359 1641 451 1676 Ῥώμη
465 1640 671 1675 τῆςῬωμανίας
680 1640 763 1671 ἐστὶν,
776 1639 972 1675 εὺλαὸήθησαν,

189 1686 245 1713 οὔθ’
257 1687 297 1713 ὅτι
311 1686 443 1721 πρότερον
466 1684 661 1715 ἀποστολικοὺς
680 1684 777 1716 αὐτοὺς
792 1685 889 1720 ἄνδρας
907 1685 975 1720 γρά-

189 1741 284 1767 φοντες
299 1732 452 1767 εἰρήκασιν,
470 1731 684 1766 ἐμνημόνευσαν.
708 1730 787 1756 Ἀλλὰ
802 1731 889 1757 πάντα
907 1730 974 1766 όμοῡ

191 1778 334 1814 φύραντες,
346 1777 453 1804 πάντων
469 1776 573 1812 ἀθρόως
586 1775 758 1807 ἐπελάθοντο,
771 1777 818 1802 καὶ
834 1776 917 1811 μόνης
927 1777 975 1812 τῆς

192 1822 261 1856 ὑπὲρ
272 1822 323 1857 τῆς
335 1821 460 1853 ἀσεϐείας
471 1821 587 1856 σπουδῆς
607 1821 776 1856 ἐφρόντισαν.
792 1821 900 1857 Ἐπειδὴ
921 1821 975 1857 γὰρ

191 1868 343 1904 ἑωράκασιν
354 1867 434 1894 αὑτὸν
445 1866 643 1902 ὀρθοδοξοῦντα,
658 1867 704 1893 καὶ
719 1866 848 1902 μισοέντα
863 1867 911 1902 μὲν
927 1867 975 1902 τὴν

196 1914 337 1951 Ἀρειανὴν
358 1913 473 1949 αἵρεσιν,
500 1912 682 1944 σπουδάζοντα
698 1912 726 1938 δὲ
749 1912 853 1944 πάντας
873 1913 975 1940 πείθειν

190 1959 407 1995 ἀποστρέφεσθαι
418 1958 464 1985 καὶ
488 1958 636 1993 ἀναχωρεῖν
647 1957 693 1984 ἀπ’
709 1957 802 1992 αὐτῆς,
821 1957 976 1992 ἑλογίσαντο

190 2007 215 2033 οἱ
234 2005 382 2037 δυσσεὸεἰς,
399 2006 439 2031 ὅτι
459 2004 544 2031 Είτον
561 2004 684 2040 Λιὸέριον
696 2004 850 2040 πείσαιμεν,
868 2004 975 2031 πάντων

189 2052 294 2087 ταχέως
309 2051 492 2086 κρατήσομεν
506 2050 553 2076 καὶ
567 2048 738 2075 διαϐάλλουσι
752 2048 865 2084 βασιλεῖ.
876 2049 976 2075 Κάκεῖ-

190 2107 234 2130 νος
250 2098 365 2133 ταχέως,
382 2096 570 2132 προσδοκήσας
577 2094 621 2121 διὰ
636 2095 760 2130 Λιϐερίου
776 2095 879 2126 πάντας
887 2095 976 2121 ἕλκειν

190 2144 258 2180 πρὸς
274 2143 378 2176 ἑαυτὸν,
400 2142 510 2177 γράφει,
529 2142 576 2168 καὶ
586 2141 689 2176 πέμπει
702 2141 834 2168 σπάδοντα
848 2141 975 2167 Εὐσέῧιόν

189 2199 250 2217 τινα
264 2188 430 2224 καλούμενον
457 2187 525 2223 μετὰ
553 2187 724 2223 γραμμάτων
739 2187 785 2213 καὶ
798 2186 917 2222 δωρεῶν,
932 2186 975 2214 ἵνα

189 2237 245 2268 τοῖς
264 2235 312 2271 μὲν
328 2234 423 2270 δώροις
438 2232 600 2269 κολακεύσῃ,
615 2234 670 2264 τοῖς
683 2233 711 2259 δὲ
724 2232 883 2268 γράμμασιν
895 2231 973 2258 ἀπει-

189 2282 268 2318 λήσῃ,
298 2279 433 2307 Ἀπελθὼν
458 2279 547 2306 τοίνυν
562 2280 576 2305 ὁ
594 2278 702 2305 σπὰδων
726 2279 766 2309 είς
785 2278 833 2314 τὴν
854 2278 972 2313 Ῥώμην,

190 2328 296 2364 πρῶτον
324 2326 472 2363 παρεκάλει
496 2325 542 2352 τὸν
567 2325 692 2360 Λιὸἐριον
717 2324 787 2351 κατὰ
814 2323 972 2350 Ἀθανασίου

191 2374 239 2408 μὲν
254 2371 485 2408 ὑπογράψαι,τοῖς
495 2371 523 2397 δὲ
533 2371 682 2406 ’Δρειανοῖς
698 2369 972 2404 κοινωνῆσαι,λέγων·

189 2418 275 2445 Τοῦτο
292 2418 417 2453 βασιλεὺς
433 2417 566 2453 βούλεται,
594 2417 640 2444 καὶ
667 2416 771 2444 κελεύει
798 2425 827 2442 σε
851 2416 972 2450 ποιῆσαι·

189 2462 257 2496 εἶτα,
282 2464 435 2495 ἐπιδεικνὺς
458 2463 492 2490 τὰ
510 2462 594 2498 δῶρα,
624 2462 781 2498 παρεκάλει·
807 2462 854 2488 καὶ
876 2461 974 2496 χειρῶν

189 2510 300 2545 ἥπτετο,
314 2509 410 2536 λένων·
425 2508 554 2544 Πείσθητι
570 2507 682 2543 βασιλεῖ,
701 2508 747 2535 καὶ
762 2506 848 2534 ταῦτα
855 2507 937 2540 δέξαι.

223 2596 267 2624 56.
295 2596 323 2623 '0
344 2597 372 2623 δὲ
393 2597 540 2628 ἐπίσκοπος
553 2596 623 2632 λόγῳ
648 2596 748 2623 πείθων
765 2595 896 2622 ἐδίδασκε·
912 2595 974 2627 Πῶς

186 2639 242 2669 οἷόν
256 2651 286 2668 τε
304 2642 383 2668 τοῦτο
399 2642 524 2676 γενέσθαι
543 2642 613 2669 κατὰ
628 2642 802 2674 Ἀθανασίου;
820 2641 849 2667 ὃν
863 2641 916 2676 γὰρ
942 2641 972 2668 οὺ

189 2688 269 2724 μόνον
288 2688 336 2723 μία
353 2688 419 2724 (57),
432 2687 499 2714 ἀλλὰ
516 2688 562 2714 καὶ
570 2688 682 2724 δευτέρα
694 2688 800 2719 σύνοδος
808 2687 974 2722 πανταχόθεν

224 2743 280 2804 (52?
297 2743 342 2771 Sic
354 2743 420 2778 Ιῖεκ.
432 2748 459 2771 et
477 2744 543 2771 edit.
561 2744 677 2776 Comm,
695 2749 776 2772 recte.
795 2743 865 2771 Edit.
887 2743 973 2771 Paris.

229 2778 333 2804 Coon..
354 2780 566 2804 γυμνουμένους.
588 2780 668 2804 male.

186 2783 215 2806 et
229 2778 333 2810 Colom,
347 2780 566 2814 γγυμνουμένους,
588 2780 668 2806 male.

223 2814 280 2883 233)
296 2814 334 2840 Ita
346 2812 411 2848 Reg.
429 2812 510 2845 Etiiti,
524 2815 570 2841 καὶ
582 2814 669 2841 πόλιν.
684 2814 785 2841 omisso
798 2812 880 2840 κατά.

233 2848 279 2883 54)
296 2849 341 2877 Sic
355 2848 453 2883 Regius
466 2854 493 2877 ct
509 2850 635 2878 Basilien.
647 2849 728 2883 Editi,
746 2848 814 2883 πρὸς
826 2849 880 2876 ὲναι

233 2848 279 2883 54)
296 2849 341 2877 Sic
355 2848 453 2884 Regius
466 2854 493 2877 et
509 2850 635 2878 Basilien.
647 2849 728 2883 Editi,
746 2848 814 2883 πρὸς
826 2848 967 2879 ἐναντίοις.

986 1534 1007 1562 C

1017 224 1135 257 jusserat
1150 233 1157 251 :
1175 225 1221 250 sed
1246 230 1351 258 postea,
1370 223 1408 249 uti
1424 221 1529 248 Pharao
1541 240 1550 253 ,
1566 221 1726 248 sententiam
1742 230 1801 250 mu-

1021 270 1095 296 tavit.
1113 270 1232 297 Excusso
1247 269 1338 302 itaque
1351 269 1460 303 pulvere
1475 267 1562 294 sancti
1579 267 1615 294 illi
1627 287 1634 299 ,
1649 268 1801 303 erectisque

1019 316 1052 343 ad
1073 316 1154 342 Deum
1173 315 1276 347 oculis,
1303 322 1388 350 neque
1414 315 1502 340 minas
1525 314 1698 348 imperatoris
1719 312 1802 350 288

1021 361 1238 393 reformidarunt,
1262 369 1348 396 neque
1374 361 1460 388 stricti
1476 360 1556 395 gladii
1575 366 1645 387 metu
1658 361 1801 387 veritatem

1020 409 1163 443 prodidere
1179 429 1187 442 ,
1215 409 1261 435 sed
1276 408 1399 434 exsilium
1424 414 1474 441 pro
1494 406 1638 433 ministerii
1660 406 1700 433 sui
1715 405 1802 433 oiiicio

1020 455 1181 482 habuerunt.
1208 453 1276 480 Dum
1303 453 1374 480 enim
1401 460 1449 487 per
1474 452 1533 479 loca
1559 459 1660 486 perque
1679 452 1804 479 civitates

1022 501 1186 532 transirent,
1213 500 1265 527 etsi
1296 499 1410 526 vinculis
1440 498 1599 530 constricti,
1628 498 1803 526 nihilominus

1020 547 1242 581 evangelizabant
1253 566 1260 578 ,
1281 553 1313 573 ac
1325 546 1396 579 piam
1413 544 1490 572 fidem
1505 545 1683 580 praedicantes
1695 565 1702 578 ,
1725 545 1804 572 Aria—

1022 599 1082 619 nam
1100 592 1223 619 haeresim
1235 592 1411 619 anathemate
1425 591 1598 623 datnnabant,
1618 593 1804 620 traducebant-

1021 646 1072 672 qne
1087 638 1190 666 Ursacii
1205 643 1286 673 atque
1302 637 1420 664 Valentis
1434 637 1629 671 pwnitentiam.
1645 637 1720 671 Quod
1736 645 1803 664 con-

1023 688 1062 709 tra
1088 691 1169 718 quam
1196 684 1246 710 rati
1274 688 1350 710 crant
1375 683 1457 710 cessit
1482 683 1685 710 insidiatoribus
1709 692 1716 710 :
1741 691 1803 710 nam

1022 734 1122 763 qttanto
1150 729 1270 763 longiore
1292 729 1434 756 intervallo
1460 729 1577 756 distabat
1603 729 1689 756 exsilii
1717 729 1804 762 locus,

1023 780 1098 801 tanto
1114 776 1200 810 majus
1225 776 1251 802 in
1277 775 1336 802 illos
1357 775 1446 802 odittm
1467 775 1662 802 concitabatur.
1690 774 1804 802 Saneto-

1023 828 1134 855 rumque
1160 821 1277 848 virorum
1299 821 1489 854 commigratio
1506 828 1570 847 vera
1584 820 1635 847 fuit
1652 821 1806 855 praedicatio

990 867 1009 893 R
1023 868 1151 893 adversus
1167 866 1272 892 illorum
1291 866 1463 900 impietatem.
1491 866 1557 899 Quis
1573 866 1644 893 enim
1657 866 1719 893 dum
1744 873 1806 900 per-

1023 918 1149 948 agrantes
1167 917 1310 945 cerneret,
1328 921 1380 939 non
1405 912 1552 939 admiratus
1574 912 1632 938 illos
1654 916 1682 938 ut
1696 911 1804 939 confes-

1023 967 1108 992 sores,
1130 959 1244 986 Arianos
1270 966 1322 986 non
1349 963 1452 985 tantum
1473 963 1502 984 ut
1528 958 1634 992 impios,
1657 958 1704 985 sed
1722 957 1804 985 etiam

1024 1010 1051 1032 ut
1068 1005 1212 1032 carniﬁces
1235 1010 1262 1032 et
1280 1005 1427 1032 homicidas
1445 1013 1497 1031 non
1519 1009 1657 1032 aversatus
1682 1011 1806 1031 exsecra-

1024 1057 1119 1086 tusquc
1131 1055 1182 1083 est,
1201 1055 1230 1078 et
1244 1058 1296 1077 tton
1314 1050 1409 1085 quovis
1429 1051 1517 1084 potius
1543 1058 1623 1084 quam
1637 1050 1806 1078 Christiano-

1024 1105 1082 1124 rum
1101 1098 1207 1125 nomine
1224 1097 1385 1132 appellavit?

1057 1143 1102 1171 55.
1123 1144 1213 1171 Satius
1245 1148 1320 1171 certe
1341 1148 1414 1170 esset
1434 1142 1621 1170 Constantium
1642 1149 1656 1168 a
1675 1141 1806 1177 principio

1023 1189 1102 1224 hujus
1123 1189 1235 1216 haeresis
1255 1193 1414 1217 sectatorem
1435 1197 1487 1216 non
1510 1189 1590 1214 fuisse
1607 1197 1613 1214 :
1632 1193 1678 1214 aut
1693 1188 1715 1215 si
1739 1187 1806 1214 fuis-

1023 1240 1083 1268 set,
1101 1243 1154 1262 non
1170 1240 1274 1262 tantum
1292 1235 1380 1270 impiis
1400 1234 1567 1262 concessisse
1583 1233 1739 1260 facultatis:
1759 1237 1805 1259 aut

1023 1281 1045 1308 si
1063 1288 1242 1308 concessurus
1256 1286 1314 1307 erat
1328 1300 1335 1312 ,
1360 1281 1403 1307 hic
1426 1280 1518 1306 saltem
1533 1287 1584 1306 una
1598 1287 1658 1306 ctnn
1673 1278 1726 1305 illis
1741 1278 1805 1305 sub-

1023 1327 1135 1358 stitisse,
1154 1331 1184 1354 ut
1206 1326 1355 1354 facinorum
1372 1326 1504 1352 duntaxat
1527 1326 1655 1352 itaclt‘ntts
1668 1330 1803 1358 gestorum

1023 1379 1165 1399 commune
1183 1371 1305 1398 subirent
1327 1371 1469 1404 judicium.
1497 1369 1561 1401 Sed.
1587 1370 1623 1396 uti
1646 1370 1733 1403 palam
1753 1374 1809 1402 est,

1023 1416 1085 1444 dum
1112 1423 1191 1449 sese,
1216 1417 1364 1444 amentiutn
1392 1416 1493 1448 instar,
1521 1415 1666 1449 impietatis
1693 1414 1806 1442 vinculis

1023 1462 1221 1497 constringunt,
1253 1462 1363 1496 gravius
1388 1461 1415 1488 in
1441 1469 1470 1488 se
1495 1461 1625 1496 judicium
1652 1461 1804 1487 attrahunt.

1024 1508 1090 1535 Nam
1105 1515 1191 1542 neque
1204 1507 1312 1534 Liberio
1328 1507 1449 1534 Romano
1463 1506 1587 1540 episcopo
1604 1506 1636 1532 ab
1654 1507 1711 1539 ipso
1729 1506 1805 1533 initio

1024 1560 1185 1588 pepercere,
1210 1552 1260 1580 sed
1283 1559 1366 1586 usque
1393 1552 1426 1577 ad
1451 1551 1508 1585 ejus
1534 1551 1606 1578 urbis
1629 1551 1701 1578 cives
1726 1558 1804 1578 suum

1024 1602 1207 1632 propagarttnt
1228 1596 1347 1624 furorem
1358 1617 1366 1627 ,
1385 1595 1450 1622 nihil
1467 1596 1574 1622 rcvcriti
1588 1616 1595 1626 ,
1612 1596 1681 1629 quod
1698 1600 1806 1630 aposto-

1024 1643 1091 1670 licus
1106 1643 1218 1670 thronus
1234 1643 1279 1669 ille
1294 1641 1344 1674 sit,
1372 1641 1437 1668 nihil
1456 1642 1526 1674 quod
1542 1642 1624 1668 Roma
1648 1641 1683 1668 sit
1707 1646 1808 1669 metro-

1025 1688 1093 1723 polis
1106 1687 1245 1714 Romaniaa
1261 1695 1268 1713 z
1293 1694 1344 1714 nec
1360 1685 1492 1714 recordati
1507 1692 1568 1713 sunt
1580 1708 1587 1720 ,
1608 1694 1638 1713 se
1653 1691 1732 1713 antea
1749 1686 1807 1713 illos

1024 1734 1185 1768 apostolicos
1206 1733 1279 1760 viros
1301 1733 1327 1760 in
1351 1732 1448 1760 litteris
1470 1733 1526 1760 suis
1551 1740 1729 1767 nuncupasse.
1755 1732 1808 1760 Sed
1826 1726 1830 1729 ’

1025 1780 1115 1807 omnia
1139 1779 1219 1807 simul
1250 1779 1472 1812 commiscentes,
1498 1779 1617 1806 omnium
1637 1786 1688 1805 una
1711 1777 1808 1806 oblivi-

1025 1831 1147 1858 scuntur,
1162 1833 1211 1853 nec
1225 1825 1361 1859 quidpiam
1380 1825 1434 1852 illis
1449 1825 1499 1852 nisi
1514 1825 1639 1857 impietas
1653 1825 1728 1852 cordi
1747 1826 1806 1852 fuit.

1025 1873 1092 1900 Cum
1115 1872 1185 1899 enim
1217 1872 1290 1899 illum
1312 1876 1456 1899 cernerent
1480 1879 1552 1898 sana:
1575 1871 1636 1898 ﬁdei
1665 1871 1806 1904 cultorem,

1025 1919 1185 1952 Arianmque
1198 1918 1309 1945 haeresis
1324 1918 1518 1949 adversarium,
1538 1923 1729 1952 auctoremque
1749 1926 1808 1945 om-

1026 1964 1105 1991 nibus
1120 1971 1180 1991 esse
1198 1967 1227 1990 ut
1241 1971 1301 1990 eain
1316 1967 1506 1990 aversarentur
1516 1983 1524 1995 ,
1538 1963 1572 1990 ab
1587 1971 1672 1998 eaque
1688 1963 1808 1990 declina-

1026 2014 1103 2041 rent,
1119 2009 1242 2036 arbitrati
1258 2013 1320 2036 sunt
1335 2008 1409 2043 impii
1426 2008 1558 2040 homines,
1578 2017 1616 2040 se.
1635 2009 1656 2036 si
1671 2009 1808 2036 Liberium

1026 2055 1155 2083 seducere
1170 2055 1291 2089 possint,
1315 2062 1409 2082 omnes
1424 2054 1495 2081 illico
1511 2059 1706 2089 superaturos:
1726 2063 1810 2089 quare

1027 2101 1100 2128 illum
1113 2101 1182 2135 apud
1201 2101 1389 2134 imperatorem
1405 2099 1616 2127 calumniantur.
1632 2099 1678 2127 Ille
1697 2108 1810 2135 sperans

1027 2152 1058 2172 se
1072 2144 1171 2172 Liberii
1191 2152 1273 2179 opera
1290 2145 1488 2179 quamprimum
1508 2153 1601 2172 otnnes
1616 2146 1665 2172 sibi
1682 2146 1808 2173 concilia-

992 2201 1013 2227 ι)
1028 2196 1117 2217 turum
1128 2210 1135 2222 ,
1149 2198 1209 2218 cum
1223 2191 1318 2218 litteris
1341 2191 1486 2225 spadonem
1507 2192 1649 2225 quemdam
1664 2191 1807 2219 Eusebiqu

1028 2237 1135 2263 nomine
1151 2236 1244 2268 mittit,
1261 2237 1331 2263 dona
1353 2236 1494 2269 ferentem,
1529 2241 1558 2262 ut
1578 2235 1744 2262 blandiretur
1761 2237 1808 2262 do-

1028 2281 1088 2313 nis,
1112 2281 1209 2308 litteris
1236 2288 1300 2308 vero
1331 2282 1489 2307 minaretur.
1523 2281 1663 2307 Profectus
1695 2281 1806 2308 Romam

1027 2327 1119 2361 spado,
1135 2327 1268 2361 principio
1281 2331 1375 2354 auctor
1387 2331 1446 2354 erat
1456 2327 1562 2353 Liberio
1578 2331 1606 2353 ut
1620 2330 1712 2353 contra
1723 2327 1808 2353 Atha-

1027 2371 1131 2397 nasium
1148 2371 1352 2402 subscriberet,
1371 2379 1432 2397 cum
1446 2370 1606 2404 Arianisque
1627 2371 1807 2397 communica-

1027 2421 1089 2442 ret:
1106 2415 1186 2448 illud,
1211 2416 1301 2448 aiens,
1326 2416 1470 2450 imperator
1493 2420 1619 2449 exoptat,
1648 2415 1698 2442 hoc
1726 2421 1752 2442 te
1768 2415 1807 2442 fa-

1027 2468 1089 2489 cere
1107 2461 1194 2495 jubet.
1222 2459 1291 2486 Hinc
1306 2460 1422 2488 ostensis
1449 2461 1605 2487 muneribus
1627 2459 1804 2489 hortabatur:

1027 2512 1175 2539 manusque
1199 2505 1298 2532 Liberii
1323 2511 1495 2533 contrectans
1519 2505 1806 2540 aiebatz'ltttperatm'i

1025 2551 1190 2586 obtempera,
1210 2555 1237 2578 et
1255 2551 1312 2578 haec
1326 2552 1428 2586 accipe.

1061 2597 1106 2625 56.
1125 2597 1273 2632 Episcopus
1287 2601 1381 2624 contra
1396 2597 1529 2629 monebat,
1547 2597 1642 2631 hisque
1656 2597 1744 2624 verbis
1758 2597 1806 2623 do-

1026 2642 1104 2670 cebat
1127 2643 1262 2670 hominem
1282 2652 1289 2670 :
1309 2642 1380 2675 Qui,
1405 2650 1513 2677 quaeso,
1541 2643 1670 2669 adversus
1687 2642 1807 2669 Athana-

1027 2689 1095 2715 sium
1123 2688 1150 2716 id
1170 2689 1287 2723 agatur?
1305 2688 1373 2715 Nam
1395 2696 1474 2723 quem
1489 2695 1540 2715 non
1563 2695 1614 2715 una
1632 2688 1737 2720 solum,
1758 2688 1807 2716 sed

1064 2746 1120 2780 (35)
1133 2746 1173 2782 ita
1188 2746 1253 2780 Reg.
1268 2746 1295 2773 In
1313 2746 1391 2782 editis
1415 2745 1468 2782 τῷν
1485 2745 1671 2782 τολμηθέντων
1684 2745 1772 2773 deest.

1062 2782 1119 2813 (56)
1132 2781 1199 2816 Reg.
1217 2782 1258 2808 hic
1273 2787 1299 2808 et
1311 2781 1392 2811 infra,
1403 2781 1456 2807 οὐδ’
1473 2781 1524 2808 ὅτι.

1061 2816 1116 2852 (57)
1129 2816 1225 2852 Regius
1236 2817 1332 2849 codex,
1347 2817 1363 2851 ἡ
1382 2816 1439 2851 μία.
