  <div class='ocr_page' id='page_1' title='image "/cluster/home/n/w/nwhite01/storage/ocr_20150623/25/njp.32101010944591/653.png"; bbox 0 0 2007 3044; ppageno 0'>
   <div class='ocr_carea' id='block_1_1' title="bbox 213 110 265 138">
    <p class='ocr_par' dir='ltr' id='par_1_1' title="bbox 213 110 265 138">
     <span class='ocr_line' id='line_1_1' title="bbox 213 110 265 138; baseline 0.019 -1"><span class='ocrx_word' id='word_1_1' title='bbox 213 110 265 138; x_wconf 71' lang='lat'><strong>733</strong></span> 
     </span>
    </p>
   </div>
   <div class='ocr_carea' id='block_1_2' title="bbox 496 87 1521 136">
    <p class='ocr_par' dir='ltr' id='par_1_2' title="bbox 496 87 1521 136">
     <span class='ocr_line' id='line_1_2' title="bbox 496 87 1521 136; baseline -0.002 0"><span class='ocrx_word' id='word_1_2' title='bbox 496 110 524 136; x_wconf 89' lang='lat' dir='ltr'><strong>S.</strong></span> <span class='ocrx_word' id='word_1_3' title='bbox 546 107 729 136; x_wconf 82' lang='lat' dir='ltr'><strong>ATHANASII</strong></span> <span class='ocrx_word' id='word_1_4' title='bbox 749 107 823 136; x_wconf 82' lang='lat' dir='ltr'><strong>OPP.</strong></span> <span class='ocrx_word' id='word_1_5' title='bbox 842 107 933 135; x_wconf 81' lang='lat' dir='ltr'><strong>PARS</strong></span> <span class='ocrx_word' id='word_1_6' title='bbox 952 106 973 133; x_wconf 88' lang='grc'><strong>1.</strong></span> <span class='ocrx_word' id='word_1_7' title='bbox 994 122 1028 127; x_wconf 90' lang='lat'><strong>——</strong></span> <span class='ocrx_word' id='word_1_8' title='bbox 1046 105 1232 133; x_wconf 71' lang='lat' dir='ltr'><strong>HISTORICA</strong></span> <span class='ocrx_word' id='word_1_9' title='bbox 1250 105 1294 132; x_wconf 85' lang='lat' dir='ltr'><strong>ET</strong></span> <span class='ocrx_word' id='word_1_10' title='bbox 1313 87 1521 134; x_wconf 70' lang='lat' dir='ltr'><strong>DOGMATiCA.</strong></span> 
     </span>
    </p>
   </div>
   <div class='ocr_carea' id='block_1_3' title="bbox 1773 106 1827 135">
    <p class='ocr_par' dir='ltr' id='par_1_3' title="bbox 1773 106 1827 135">
     <span class='ocr_line' id='line_1_3' title="bbox 1773 106 1827 135; baseline -0.019 0"><span class='ocrx_word' id='word_1_11' title='bbox 1773 106 1827 135; x_wconf 80' lang='lat'><strong>736</strong></span> 
     </span>
    </p>
   </div>
   <div class='ocr_carea' id='block_1_4' title="bbox 214 167 999 206">
    <p class='ocr_par' dir='ltr' id='par_1_4' title="bbox 214 169 981 206">
     <span class='ocr_line' id='line_1_4' title="bbox 214 169 981 206; baseline -0.003 -9"><span class='ocrx_word' id='word_1_12' title='bbox 214 175 242 197; x_wconf 90' lang='lat' dir='ltr'><strong>et</strong></span> <span class='ocrx_word' id='word_1_13' title='bbox 259 171 342 198; x_wconf 80' lang='lat' dir='ltr'><strong>altera</strong></span> <span class='ocrx_word' id='word_1_14' title='bbox 364 170 482 206; x_wconf 82' lang='lat' dir='ltr'><strong>synodus</strong></span> <span class='ocrx_word' id='word_1_15' title='bbox 502 178 534 197; x_wconf 89' lang='lat' dir='ltr'><strong>ex</strong></span> <span class='ocrx_word' id='word_1_16' title='bbox 562 175 618 197; x_wconf 89' lang='lat' dir='ltr'><strong>toto</strong></span> <span class='ocrx_word' id='word_1_17' title='bbox 641 169 706 196; x_wconf 89' lang='lat' dir='ltr'><strong>orbe</strong></span> <span class='ocrx_word' id='word_1_18' title='bbox 727 176 820 197; x_wconf 82' lang='lat' dir='ltr'><strong>coacta</strong></span> <span class='ocrx_word' id='word_1_19' title='bbox 843 177 938 204; x_wconf 90' lang='lat' dir='ltr'><strong>purum</strong></span> <span class='ocrx_word' id='word_1_20' title='bbox 955 169 981 195; x_wconf 94' lang='lat' dir='ltr'><strong>in</strong></span> 
     </span>
    </p>
   </div>
   <div class='ocr_carea' id='block_1_5' title="bbox 1050 167 1830 206">
    <p class='ocr_par' dir='ltr' id='par_1_5' title="bbox 1050 167 1830 202">
     <span class='ocr_line' id='line_1_5' title="bbox 1050 167 1830 202; baseline -0.001 -8"><span class='ocrx_word' id='word_1_21' title='bbox 1050 168 1209 202; x_wconf 70' lang='grc' dir='ltr'>συναχθεῖσα</span> <span class='ocrx_word' id='word_1_22' title='bbox 1234 167 1324 198; x_wconf 86' lang='grc' dir='ltr'>καλῶς</span> <span class='ocrx_word' id='word_1_23' title='bbox 1353 167 1508 201; x_wconf 53' lang='lat' dir='ltr'><strong>timeamus.</strong></span> <span class='ocrx_word' id='word_1_24' title='bbox 1527 167 1573 194; x_wconf 75' lang='grc' dir='ltr'>καὶ</span> <span class='ocrx_word' id='word_1_25' title='bbox 1598 167 1615 202; x_wconf 84' lang='grc' dir='ltr'>ἡ</span> <span class='ocrx_word' id='word_1_26' title='bbox 1639 167 1780 202; x_wconf 81' lang='grc' dir='ltr'>Ῥωμαίων</span> <span class='ocrx_word' id='word_1_27' title='bbox 1800 169 1830 194; x_wconf 80' lang='grc' dir='ltr'><strong>δὲ</strong></span> 
     </span>
    </p>
   </div>
   <div class='ocr_carea' id='block_1_6' title="bbox 215 215 996 251">
    <p class='ocr_par' dir='ltr' id='par_1_6' title="bbox 215 215 996 251">
     <span class='ocr_line' id='line_1_6' title="bbox 215 215 996 251; baseline -0.005 -7"><span class='ocrx_word' id='word_1_28' title='bbox 215 218 380 251; x_wconf 79' lang='lat' dir='ltr'><strong>noxiumque</strong></span> <span class='ocrx_word' id='word_1_29' title='bbox 396 217 456 249; x_wconf 73' lang='lat' dir='ltr'><strong>iure</strong></span> <span class='ocrx_word' id='word_1_30' title='bbox 472 216 630 246; x_wconf 79' lang='lat' dir='ltr'><strong>declaravit.</strong></span> <span class='ocrx_word' id='word_1_31' title='bbox 648 223 727 250; x_wconf 85' lang='lat' dir='ltr'><strong>quem</strong></span> <span class='ocrx_word' id='word_1_32' title='bbox 740 215 860 242; x_wconf 80' lang='lat' dir='ltr'><strong>Romana</strong></span> <span class='ocrx_word' id='word_1_33' title='bbox 878 215 996 249; x_wconf 88' lang='lat' dir='ltr'><strong>synodus</strong></span> 
     </span>
    </p>
   </div>
   <div class='ocr_carea' id='block_1_7' title="bbox 215 260 996 297">
    <p class='ocr_par' dir='ltr' id='par_1_7' title="bbox 215 260 996 297">
     <span class='ocr_line' id='line_1_7' title="bbox 215 260 996 297; baseline -0.005 -7"><span class='ocrx_word' id='word_1_34' title='bbox 215 270 276 290; x_wconf 69' lang='lat' dir='ltr'><strong>cum</strong></span> <span class='ocrx_word' id='word_1_35' title='bbox 299 270 363 297; x_wconf 89' lang='lat' dir='ltr'><strong>pace</strong></span> <span class='ocrx_word' id='word_1_36' title='bbox 375 262 485 294; x_wconf 81' lang='lat' dir='ltr'><strong>dimisit,</strong></span> <span class='ocrx_word' id='word_1_37' title='bbox 508 270 561 296; x_wconf 89' lang='lat' dir='ltr'><strong>quo</strong></span> <span class='ocrx_word' id='word_1_38' title='bbox 584 268 661 297; x_wconf 80' lang='lat' dir='ltr'><strong>pacto</strong></span> <span class='ocrx_word' id='word_1_39' title='bbox 681 262 809 288; x_wconf 81' lang='lat' dir='ltr'><strong>damnare</strong></span> <span class='ocrx_word' id='word_1_40' title='bbox 831 260 996 295; x_wconf 77' lang='lat' dir='ltr'><strong>possumus?</strong></span> 
     </span>
    </p>
   </div>
   <div class='ocr_carea' id='block_1_8' title="bbox 215 308 997 343">
    <p class='ocr_par' dir='ltr' id='par_1_8' title="bbox 215 308 997 343">
     <span class='ocr_line' id='line_1_8' title="bbox 215 308 997 343; baseline -0.004 -8"><span class='ocrx_word' id='word_1_41' title='bbox 215 309 281 342; x_wconf 81' lang='lat' dir='ltr'><strong>Quis</strong></span> <span class='ocrx_word' id='word_1_42' title='bbox 294 317 342 336; x_wconf 91' lang='lat' dir='ltr'><strong>nos</strong></span> <span class='ocrx_word' id='word_1_43' title='bbox 358 310 520 343; x_wconf 65' lang='lat' dir='ltr'><strong>probaturus</strong></span> <span class='ocrx_word' id='word_1_44' title='bbox 532 313 583 340; x_wconf 84' lang='lat' dir='ltr'><strong>esl,</strong></span> <span class='ocrx_word' id='word_1_45' title='bbox 599 308 622 334; x_wconf 90' lang='lat' dir='ltr'><strong>si</strong></span> <span class='ocrx_word' id='word_1_46' title='bbox 635 315 715 342; x_wconf 84' lang='lat' dir='ltr'><strong>quem</strong></span> <span class='ocrx_word' id='word_1_47' title='bbox 732 311 891 341; x_wconf 75' lang='lat' dir='ltr'><strong>prtesentem</strong></span> <span class='ocrx_word' id='word_1_48' title='bbox 907 314 997 332; x_wconf 89' lang='lat' dir='ltr'><strong>aman-</strong></span> 
     </span>
    </p>
   </div>
   <div class='ocr_carea' id='block_1_9' title="bbox 217 352 994 388">
    <p class='ocr_par' dir='ltr' id='par_1_9' title="bbox 217 352 994 388">
     <span class='ocr_line' id='line_1_9' title="bbox 217 352 994 388; baseline -0.005 -6"><span class='ocrx_word' id='word_1_49' title='bbox 217 360 257 382; x_wconf 87' lang='lat' dir='ltr'><strong>ter</strong></span> <span class='ocrx_word' id='word_1_50' title='bbox 279 354 454 388; x_wconf 84' lang='lat' dir='ltr'><strong>excepimus,</strong></span> <span class='ocrx_word' id='word_1_51' title='bbox 477 355 511 381; x_wconf 82' lang='lat' dir='ltr'><strong>ad</strong></span> <span class='ocrx_word' id='word_1_52' title='bbox 533 354 803 386; x_wconf 80' lang='lat' dir='ltr'><strong>comtmtnionemque</strong></span> <span class='ocrx_word' id='word_1_53' title='bbox 827 352 994 383; x_wconf 82' lang='lat' dir='ltr'><strong>admisimus,</strong></span> 
     </span>
    </p>
   </div>
   <div class='ocr_carea' id='block_1_10' title="bbox 216 398 995 427">
    <p class='ocr_par' dir='ltr' id='par_1_10' title="bbox 216 398 995 427">
     <span class='ocr_line' id='line_1_10' title="bbox 216 398 995 427; baseline -0.005 0"><span class='ocrx_word' id='word_1_54' title='bbox 216 400 353 427; x_wconf 78' lang='lat' dir='ltr'><strong>absentem</strong></span> <span class='ocrx_word' id='word_1_55' title='bbox 370 401 548 427; x_wconf 83' lang='lat' dir='ltr'><strong>aversemur?</strong></span> <span class='ocrx_word' id='word_1_56' title='bbox 571 400 627 426; x_wconf 84' lang='lat' dir='ltr'><strong>Non</strong></span> <span class='ocrx_word' id='word_1_57' title='bbox 645 399 821 426; x_wconf 72' lang='lat' dir='ltr'><strong>ecclesiastici</strong></span> <span class='ocrx_word' id='word_1_58' title='bbox 836 399 948 426; x_wconf 80' lang='lat' dir='ltr'><strong>canonis</strong></span> <span class='ocrx_word' id='word_1_59' title='bbox 963 398 995 423; x_wconf 87' lang='lat' dir='ltr'><strong>il-</strong></span> 
     </span>
    </p>
   </div>
   <div class='ocr_carea' id='block_1_11' title="bbox 215 445 996 480">
    <p class='ocr_par' dir='ltr' id='par_1_11' title="bbox 215 445 996 480">
     <span class='ocr_line' id='line_1_11' title="bbox 215 445 996 480; baseline -0.004 -7"><span class='ocrx_word' id='word_1_60' title='bbox 215 446 259 473; x_wconf 74' lang='lat' dir='ltr'><strong>lud</strong></span> <span class='ocrx_word' id='word_1_61' title='bbox 275 451 333 478; x_wconf 76' lang='lat' dir='ltr'><strong>est,</strong></span> <span class='ocrx_word' id='word_1_62' title='bbox 358 455 406 474; x_wconf 89' lang='lat' dir='ltr'><strong>nec</strong></span> <span class='ocrx_word' id='word_1_63' title='bbox 429 447 508 474; x_wconf 90' lang='lat' dir='ltr'><strong>talem</strong></span> <span class='ocrx_word' id='word_1_64' title='bbox 525 454 643 480; x_wconf 84' lang='lat' dir='ltr'><strong>unquam</strong></span> <span class='ocrx_word' id='word_1_65' title='bbox 664 454 677 472; x_wconf 92' lang='lat' dir='ltr'><strong>a</strong></span> <span class='ocrx_word' id='word_1_66' title='bbox 694 445 820 472; x_wconf 78' lang='lat' dir='ltr'><strong>I‘atribns</strong></span> <span class='ocrx_word' id='word_1_67' title='bbox 843 445 996 478; x_wconf 68' lang='lat' dir='ltr'><strong>accepimus</strong></span> 
     </span>
    </p>
   </div>
   <div class='ocr_carea' id='block_1_12' title="bbox 215 491 995 526">
    <p class='ocr_par' dir='ltr' id='par_1_12' title="bbox 215 491 995 526">
     <span class='ocr_line' id='line_1_12' title="bbox 215 491 995 526; baseline -0.005 -7"><span class='ocrx_word' id='word_1_68' title='bbox 215 493 385 520; x_wconf 80' lang='lat' dir='ltr'><strong>traditionem</strong></span> <span class='ocrx_word' id='word_1_69' title='bbox 404 502 409 519; x_wconf 94' lang='lat'>:</span> <span class='ocrx_word' id='word_1_70' title='bbox 430 501 498 526; x_wconf 84' lang='lat' dir='ltr'><strong>quas</strong></span> <span class='ocrx_word' id='word_1_71' title='bbox 511 493 636 519; x_wconf 82' lang='lat' dir='ltr'><strong>videlicet</strong></span> <span class='ocrx_word' id='word_1_72' title='bbox 653 492 810 518; x_wconf 81' lang='lat' dir='ltr'><strong>traditiones</strong></span> <span class='ocrx_word' id='word_1_73' title='bbox 825 491 873 524; x_wconf 83' lang='lat' dir='ltr'><strong>ipsi</strong></span> <span class='ocrx_word' id='word_1_74' title='bbox 889 499 903 517; x_wconf 90' lang='lat' dir='ltr'><strong>a</strong></span> <span class='ocrx_word' id='word_1_75' title='bbox 918 491 995 517; x_wconf 85' lang='lat' dir='ltr'><strong>beato</strong></span> 
     </span>
    </p>
   </div>
   <div class='ocr_carea' id='block_1_13' title="bbox 214 536 998 572">
    <p class='ocr_par' dir='ltr' id='par_1_13' title="bbox 214 536 998 572">
     <span class='ocr_line' id='line_1_13' title="bbox 214 536 998 572; baseline -0.004 -9"><span class='ocrx_word' id='word_1_76' title='bbox 214 541 242 564; x_wconf 88' lang='lat' dir='ltr'><strong>et</strong></span> <span class='ocrx_word' id='word_1_77' title='bbox 257 545 353 572; x_wconf 80' lang='lat' dir='ltr'><strong>magno</strong></span> <span class='ocrx_word' id='word_1_78' title='bbox 371 538 489 572; x_wconf 78' lang='lat' dir='ltr'><strong>apostolo</strong></span> <span class='ocrx_word' id='word_1_79' title='bbox 504 537 583 564; x_wconf 84' lang='lat' dir='ltr'><strong>Petro</strong></span> <span class='ocrx_word' id='word_1_80' title='bbox 601 544 738 571; x_wconf 78' lang='lat' dir='ltr'><strong>accepere.</strong></span> <span class='ocrx_word' id='word_1_81' title='bbox 758 536 810 562; x_wconf 83' lang='lat' dir='ltr'><strong>Sed</strong></span> <span class='ocrx_word' id='word_1_82' title='bbox 836 536 857 562; x_wconf 89' lang='lat' dir='ltr'><strong>si</strong></span> <span class='ocrx_word' id='word_1_83' title='bbox 882 536 998 570; x_wconf 78' lang='lat' dir='ltr'><strong>impera-</strong></span> 
     </span>
    </p>
   </div>
   <div class='ocr_carea' id='block_1_14' title="bbox 216 581 994 616">
    <p class='ocr_par' dir='ltr' id='par_1_14' title="bbox 216 581 994 616">
     <span class='ocr_line' id='line_1_14' title="bbox 216 581 994 616; baseline 0 -8"><span class='ocrx_word' id='word_1_84' title='bbox 216 588 258 608; x_wconf 91' lang='lat' dir='ltr'><strong>tor</strong></span> <span class='ocrx_word' id='word_1_85' title='bbox 278 583 493 610; x_wconf 80' lang='lat' dir='ltr'><strong>ecclesiasticam</strong></span> <span class='ocrx_word' id='word_1_86' title='bbox 509 588 587 609; x_wconf 87' lang='lat' dir='ltr'><strong>curat</strong></span> <span class='ocrx_word' id='word_1_87' title='bbox 599 589 693 616; x_wconf 74' lang='lat' dir='ltr'><strong>pacem</strong></span> <span class='ocrx_word' id='word_1_88' title='bbox 709 591 717 615; x_wconf 86' lang='lat'><strong>;</strong></span> <span class='ocrx_word' id='word_1_89' title='bbox 738 583 760 608; x_wconf 89' lang='lat' dir='ltr'><strong>si</strong></span> <span class='ocrx_word' id='word_1_90' title='bbox 776 581 851 616; x_wconf 74' lang='lat' dir='ltr'><strong>jubet</strong></span> <span class='ocrx_word' id='word_1_91' title='bbox 871 582 994 616; x_wconf 76' lang='lat' dir='ltr'><strong>abrogari</strong></span> 
     </span>
    </p>
   </div>
   <div class='ocr_carea' id='block_1_15' title="bbox 214 629 996 664">
    <p class='ocr_par' dir='ltr' id='par_1_15' title="bbox 214 629 996 664">
     <span class='ocr_line' id='line_1_15' title="bbox 214 629 996 664; baseline -0.003 -8"><span class='ocrx_word' id='word_1_92' title='bbox 214 637 274 664; x_wconf 67' lang='lat' dir='ltr'><strong>quae</strong></span> <span class='ocrx_word' id='word_1_93' title='bbox 297 630 366 664; x_wconf 85' lang='lat' dir='ltr'><strong>apud</strong></span> <span class='ocrx_word' id='word_1_94' title='bbox 383 637 432 656; x_wconf 91' lang='lat' dir='ltr'><strong>nos</strong></span> <span class='ocrx_word' id='word_1_95' title='bbox 450 637 499 663; x_wconf 90' lang='lat' dir='ltr'><strong>pro</strong></span> <span class='ocrx_word' id='word_1_96' title='bbox 517 629 665 656; x_wconf 79' lang='lat' dir='ltr'><strong>Athanasio</strong></span> <span class='ocrx_word' id='word_1_97' title='bbox 689 629 791 664; x_wconf 86' lang='lat' dir='ltr'><strong>scripta</strong></span> <span class='ocrx_word' id='word_1_98' title='bbox 815 634 897 661; x_wconf 83' lang='lat' dir='ltr'><strong>sunt;</strong></span> <span class='ocrx_word' id='word_1_99' title='bbox 917 629 996 655; x_wconf 86' lang='lat' dir='ltr'><strong>abro-</strong></span> 
     </span>
    </p>
   </div>
   <div class='ocr_carea' id='block_1_16' title="bbox 215 675 995 709">
    <p class='ocr_par' dir='ltr' id='par_1_16' title="bbox 215 675 995 709">
     <span class='ocr_line' id='line_1_16' title="bbox 215 675 995 709; baseline -0.001 -8"><span class='ocrx_word' id='word_1_100' title='bbox 215 679 309 708; x_wconf 81' lang='lat' dir='ltr'><strong>gcntur</strong></span> <span class='ocrx_word' id='word_1_101' title='bbox 327 675 390 702; x_wconf 83' lang='lat' dir='ltr'><strong>item</strong></span> <span class='ocrx_word' id='word_1_102' title='bbox 410 682 575 709; x_wconf 61' lang='lat' dir='ltr'><strong>quaecunque</strong></span> <span class='ocrx_word' id='word_1_103' title='bbox 591 675 625 701; x_wconf 85' lang='lat' dir='ltr'><strong>ab</strong></span> <span class='ocrx_word' id='word_1_104' title='bbox 652 675 704 701; x_wconf 83' lang='lat' dir='ltr'><strong>illis</strong></span> <span class='ocrx_word' id='word_1_105' title='bbox 727 676 857 701; x_wconf 83' lang='lat' dir='ltr'><strong>adversus</strong></span> <span class='ocrx_word' id='word_1_106' title='bbox 873 681 933 700; x_wconf 89' lang='lat' dir='ltr'><strong>eum</strong></span> <span class='ocrx_word' id='word_1_107' title='bbox 948 683 995 708; x_wconf 66' lang='lat' dir='ltr'><strong>gu-</strong></span> 
     </span>
    </p>
   </div>
   <div class='ocr_carea' id='block_1_17' title="bbox 214 719 998 755">
    <p class='ocr_par' dir='ltr' id='par_1_17' title="bbox 214 719 998 755">
     <span class='ocr_line' id='line_1_17' title="bbox 214 719 998 755; baseline -0.001 -9"><span class='ocrx_word' id='word_1_108' title='bbox 214 726 256 746; x_wconf 86' lang='lat' dir='ltr'><strong>sta</strong></span> <span class='ocrx_word' id='word_1_109' title='bbox 284 720 405 752; x_wconf 76' lang='lat' dir='ltr'><strong>fuerint;</strong></span> <span class='ocrx_word' id='word_1_110' title='bbox 422 721 584 755; x_wconf 74' lang='lat' dir='ltr'><strong>abrogentur</strong></span> <span class='ocrx_word' id='word_1_111' title='bbox 607 728 666 754; x_wconf 63' lang='lat' dir='ltr'><strong>qua:</strong></span> <span class='ocrx_word' id='word_1_112' title='bbox 690 720 820 747; x_wconf 76' lang='lat' dir='ltr'><strong>adversus</strong></span> <span class='ocrx_word' id='word_1_113' title='bbox 842 719 909 746; x_wconf 82' lang='lat' dir='ltr'><strong>alios</strong></span> <span class='ocrx_word' id='word_1_114' title='bbox 935 724 998 746; x_wconf 81' lang='lat' dir='ltr'><strong>sunt</strong></span> 
     </span>
    </p>
   </div>
   <div class='ocr_carea' id='block_1_18' title="bbox 214 765 996 800">
    <p class='ocr_par' dir='ltr' id='par_1_18' title="bbox 214 765 996 800">
     <span class='ocr_line' id='line_1_18' title="bbox 214 765 996 800; baseline 0 -9"><span class='ocrx_word' id='word_1_115' title='bbox 214 771 295 791; x_wconf 86' lang='lat' dir='ltr'><strong>acta:</strong></span> <span class='ocrx_word' id='word_1_116' title='bbox 314 773 345 791; x_wconf 83' lang='lat' dir='ltr'><strong>ac</strong></span> <span class='ocrx_word' id='word_1_117' title='bbox 370 767 476 792; x_wconf 83' lang='lat' dir='ltr'><strong>demum</strong></span> <span class='ocrx_word' id='word_1_118' title='bbox 497 765 681 792; x_wconf 81' lang='lat' dir='ltr'><strong>ecclesiastica</strong></span> <span class='ocrx_word' id='word_1_119' title='bbox 702 766 819 800; x_wconf 83' lang='lat' dir='ltr'><strong>synodus</strong></span> <span class='ocrx_word' id='word_1_120' title='bbox 834 765 925 799; x_wconf 83' lang='lat' dir='ltr'><strong>procul</strong></span> <span class='ocrx_word' id='word_1_121' title='bbox 945 765 996 792; x_wconf 78' lang='lat' dir='ltr'><strong>l‘a—</strong></span> 
     </span>
    </p>
   </div>
   <div class='ocr_carea' id='block_1_19' title="bbox 215 810 997 846">
    <p class='ocr_par' dir='ltr' id='par_1_19' title="bbox 215 810 997 846">
     <span class='ocr_line' id='line_1_19' title="bbox 215 810 997 846; baseline 0.001 -10"><span class='ocrx_word' id='word_1_122' title='bbox 215 810 281 837; x_wconf 87' lang='lat' dir='ltr'><strong>latio</strong></span> <span class='ocrx_word' id='word_1_123' title='bbox 303 816 426 846; x_wconf 76' lang='lat' dir='ltr'><strong>cogatur,</strong></span> <span class='ocrx_word' id='word_1_124' title='bbox 449 811 492 837; x_wconf 86' lang='lat' dir='ltr'><strong>ubi</strong></span> <span class='ocrx_word' id='word_1_125' title='bbox 519 819 568 838; x_wconf 88' lang='lat' dir='ltr'><strong>nec</strong></span> <span class='ocrx_word' id='word_1_126' title='bbox 593 812 741 846; x_wconf 76' lang='lat' dir='ltr'><strong>imperator</strong></span> <span class='ocrx_word' id='word_1_127' title='bbox 759 816 924 845; x_wconf 81' lang='lat' dir='ltr'><strong>compareat,</strong></span> <span class='ocrx_word' id='word_1_128' title='bbox 949 819 997 838; x_wconf 85' lang='lat' dir='ltr'><strong>nec</strong></span> 
     </span>
    </p>
   </div>
   <div class='ocr_carea' id='block_1_20' title="bbox 1055 213 1832 249">
    <p class='ocr_par' dir='ltr' id='par_1_20' title="bbox 1055 213 1832 249">
     <span class='ocr_line' id='line_1_20' title="bbox 1055 213 1832 249; baseline -0.001 -8"><span class='ocrx_word' id='word_1_129' title='bbox 1055 214 1200 249; x_wconf 83' lang='grc' dir='ltr'>Ἐκκλησία</span> <span class='ocrx_word' id='word_1_130' title='bbox 1222 215 1279 249; x_wconf 81' lang='grc' dir='ltr'>μετ’</span> <span class='ocrx_word' id='word_1_131' title='bbox 1293 215 1402 249; x_wconf 75' lang='grc' dir='ltr'><strong>εἰρήνης</strong></span> <span class='ocrx_word' id='word_1_132' title='bbox 1417 214 1546 245; x_wconf 78' lang='grc' dir='ltr'>ἀπέλυσε,</span> <span class='ocrx_word' id='word_1_133' title='bbox 1564 213 1623 245; x_wconf 87' lang='grc' dir='ltr'>πῶς</span> <span class='ocrx_word' id='word_1_134' title='bbox 1638 213 1774 248; x_wconf 77' lang='grc' dir='ltr'>δυνάμεθα</span> <span class='ocrx_word' id='word_1_135' title='bbox 1784 223 1832 240; x_wconf 82' lang='grc' dir='ltr'>κα-</span> 
     </span>
    </p>
   </div>
   <div class='ocr_carea' id='block_1_21' title="bbox 1047 259 1832 296">
    <p class='ocr_par' dir='ltr' id='par_1_21' title="bbox 1047 259 1832 296">
     <span class='ocr_line' id='line_1_21' title="bbox 1047 259 1832 296; baseline -0.001 -10"><span class='ocrx_word' id='word_1_136' title='bbox 1047 261 1190 296; x_wconf 84' lang='grc' dir='ltr'>τακρῖναι;</span> <span class='ocrx_word' id='word_1_137' title='bbox 1215 261 1250 286; x_wconf 83' lang='grc' dir='ltr'><em>Ἢ</em></span> <span class='ocrx_word' id='word_1_138' title='bbox 1278 259 1319 291; x_wconf 81' lang='grc' dir='ltr'><strong>τίς</strong></span> <span class='ocrx_word' id='word_1_139' title='bbox 1336 260 1409 294; x_wconf 80' lang='grc' dir='ltr'>ἡμᾶς</span> <span class='ocrx_word' id='word_1_140' title='bbox 1433 259 1600 292; x_wconf 77' lang='grc' dir='ltr'>ἀποδέξεται,</span> <span class='ocrx_word' id='word_1_141' title='bbox 1617 261 1640 285; x_wconf 83' lang='grc' dir='ltr'><strong>εί</strong></span> <span class='ocrx_word' id='word_1_142' title='bbox 1658 259 1687 285; x_wconf 82' lang='grc' dir='ltr'>ὃν</span> <span class='ocrx_word' id='word_1_143' title='bbox 1709 259 1832 294; x_wconf 81' lang='grc' dir='ltr'>παρόντα</span> 
     </span>
    </p>
   </div>
   <div class='ocr_carea' id='block_1_22' title="bbox 1048 304 1831 340">
    <p class='ocr_par' dir='ltr' id='par_1_22' title="bbox 1048 304 1831 340">
     <span class='ocr_line' id='line_1_22' title="bbox 1048 304 1831 340; baseline -0.001 -9"><span class='ocrx_word' id='word_1_144' title='bbox 1048 306 1240 340; x_wconf 68' lang='grc' dir='ltr'><strong>ἠγαπήσαμεν,</strong></span> <span class='ocrx_word' id='word_1_145' title='bbox 1265 306 1312 331; x_wconf 68' lang='grc' dir='ltr'>καὶ</span> <span class='ocrx_word' id='word_1_146' title='bbox 1338 305 1446 340; x_wconf 76' lang='grc' dir='ltr'>εἴχομεν</span> <span class='ocrx_word' id='word_1_147' title='bbox 1461 306 1493 340; x_wconf 82' lang='grc' dir='ltr'>τῇ</span> <span class='ocrx_word' id='word_1_148' title='bbox 1510 305 1645 340; x_wconf 83' lang='grc' dir='ltr'>κοινωνίᾳ,</span> <span class='ocrx_word' id='word_1_149' title='bbox 1670 304 1762 331; x_wconf 78' lang='grc' dir='ltr'>τοῦτον</span> <span class='ocrx_word' id='word_1_150' title='bbox 1783 306 1831 330; x_wconf 73' lang='grc' dir='ltr'><strong>ἐὰν</strong></span> 
     </span>
    </p>
   </div>
   <div class='ocr_carea' id='block_1_23' title="bbox 1048 348 1831 386">
    <p class='ocr_par' dir='ltr' id='par_1_23' title="bbox 1048 348 1831 386">
     <span class='ocr_line' id='line_1_23' title="bbox 1048 348 1831 386; baseline -0.003 -8"><span class='ocrx_word' id='word_1_151' title='bbox 1048 351 1266 386; x_wconf 63' lang='grc' dir='ltr'>ἀποστραφῶμεν</span> <span class='ocrx_word' id='word_1_152' title='bbox 1276 351 1395 382; x_wconf 82' lang='grc' dir='ltr'>ἀπόντα;</span> <span class='ocrx_word' id='word_1_153' title='bbox 1407 351 1463 377; x_wconf 71' lang='grc' dir='ltr'><strong>Οὐκ</strong></span> <span class='ocrx_word' id='word_1_154' title='bbox 1477 351 1548 377; x_wconf 73' lang='grc' dir='ltr'>ἔστιν</span> <span class='ocrx_word' id='word_1_155' title='bbox 1555 348 1630 381; x_wconf 69' lang='grc' dir='ltr'>οὗτος</span> <span class='ocrx_word' id='word_1_156' title='bbox 1642 350 1831 385; x_wconf 80' lang='grc' dir='ltr'>ἐκκλησιαστι-</span> 
     </span>
    </p>
   </div>
   <div class='ocr_carea' id='block_1_24' title="bbox 1048 396 1831 432">
    <p class='ocr_par' dir='ltr' id='par_1_24' title="bbox 1048 396 1831 432">
     <span class='ocr_line' id='line_1_24' title="bbox 1048 396 1831 432; baseline -0.003 -9"><span class='ocrx_word' id='word_1_157' title='bbox 1048 397 1096 428; x_wconf 70' lang='grc' dir='ltr'><strong>κὸς</strong></span> <span class='ocrx_word' id='word_1_158' title='bbox 1109 397 1207 428; x_wconf 84' lang='grc' dir='ltr'>κανὼν,</span> <span class='ocrx_word' id='word_1_159' title='bbox 1221 396 1281 423; x_wconf 71' lang='grc' dir='ltr'>οὒτε</span> <span class='ocrx_word' id='word_1_160' title='bbox 1297 396 1424 432; x_wconf 77' lang='grc' dir='ltr'><strong>τοιαύτην</strong></span> <span class='ocrx_word' id='word_1_161' title='bbox 1435 396 1543 423; x_wconf 78' lang='grc' dir='ltr'>πώποτε</span> <span class='ocrx_word' id='word_1_162' title='bbox 1555 397 1700 432; x_wconf 81' lang='grc' dir='ltr'>παράδοσιν</span> <span class='ocrx_word' id='word_1_163' title='bbox 1717 396 1831 431; x_wconf 76' lang='grc' dir='ltr'><strong>ἔσχομεν</strong></span> 
     </span>
    </p>
   </div>
   <div class='ocr_carea' id='block_1_25' title="bbox 1049 442 1832 478">
    <p class='ocr_par' dir='ltr' id='par_1_25' title="bbox 1049 442 1832 478">
     <span class='ocr_line' id='line_1_25' title="bbox 1049 442 1832 478; baseline -0.001 -9"><span class='ocrx_word' id='word_1_164' title='bbox 1049 443 1123 478; x_wconf 72' lang='grc' dir='ltr'>παρὰ</span> <span class='ocrx_word' id='word_1_165' title='bbox 1139 442 1192 469; x_wconf 82' lang='grc' dir='ltr'>τῶν</span> <span class='ocrx_word' id='word_1_166' title='bbox 1206 443 1344 478; x_wconf 79' lang='grc' dir='ltr'>Πατέρων,</span> <span class='ocrx_word' id='word_1_167' title='bbox 1365 442 1420 469; x_wconf 86' lang='grc' dir='ltr'>τῶν</span> <span class='ocrx_word' id='word_1_168' title='bbox 1437 443 1482 469; x_wconf 83' lang='grc' dir='ltr'>καὶ</span> <span class='ocrx_word' id='word_1_169' title='bbox 1506 443 1596 468; x_wconf 78' lang='grc' dir='ltr'>αὐτῶν</span> <span class='ocrx_word' id='word_1_170' title='bbox 1623 442 1832 477; x_wconf 73' lang='grc' dir='ltr'>παραλαϐόντων</span> 
     </span>
    </p>
   </div>
   <div class='ocr_carea' id='block_1_26' title="bbox 1049 488 1830 525">
    <p class='ocr_par' dir='ltr' id='par_1_26' title="bbox 1049 488 1830 525">
     <span class='ocr_line' id='line_1_26' title="bbox 1049 488 1830 525; baseline 0 -11"><span class='ocrx_word' id='word_1_171' title='bbox 1049 489 1124 524; x_wconf 79' lang='grc' dir='ltr'>παρὰ</span> <span class='ocrx_word' id='word_1_172' title='bbox 1136 488 1182 515; x_wconf 79' lang='grc' dir='ltr'>τοῦ</span> <span class='ocrx_word' id='word_1_173' title='bbox 1196 489 1330 525; x_wconf 75' lang='grc' dir='ltr'><strong>μακαρίου</strong></span> <span class='ocrx_word' id='word_1_174' title='bbox 1348 489 1394 515; x_wconf 80' lang='grc' dir='ltr'>καὶ</span> <span class='ocrx_word' id='word_1_175' title='bbox 1411 489 1527 524; x_wconf 75' lang='grc' dir='ltr'>μεγάλου</span> <span class='ocrx_word' id='word_1_176' title='bbox 1549 489 1694 515; x_wconf 70' lang='grc' dir='ltr'>ἀποστόλου</span> <span class='ocrx_word' id='word_1_177' title='bbox 1716 489 1830 525; x_wconf 81' lang='grc' dir='ltr'>Πέτρου.</span> 
     </span>
    </p>
   </div>
   <div class='ocr_carea' id='block_1_27' title="bbox 1055 535 1832 570">
    <p class='ocr_par' dir='ltr' id='par_1_27' title="bbox 1055 535 1832 570">
     <span class='ocr_line' id='line_1_27' title="bbox 1055 535 1832 570; baseline -0.001 -9"><span class='ocrx_word' id='word_1_178' title='bbox 1055 535 1123 561; x_wconf 80' lang='grc' dir='ltr'>Ἀλλ’</span> <span class='ocrx_word' id='word_1_179' title='bbox 1134 535 1212 570; x_wconf 79' lang='grc' dir='ltr'>εἴπερ</span> <span class='ocrx_word' id='word_1_180' title='bbox 1221 535 1273 570; x_wconf 74' lang='grc' dir='ltr'>ἄρα</span> <span class='ocrx_word' id='word_1_181' title='bbox 1286 535 1360 570; x_wconf 83' lang='grc' dir='ltr'>μέλει</span> <span class='ocrx_word' id='word_1_182' title='bbox 1377 535 1416 570; x_wconf 77' lang='grc' dir='ltr'>τῷ</span> <span class='ocrx_word' id='word_1_183' title='bbox 1427 535 1530 570; x_wconf 82' lang='grc' dir='ltr'>βασιλεῖ</span> <span class='ocrx_word' id='word_1_184' title='bbox 1544 536 1607 570; x_wconf 65' lang='grc' dir='ltr'>περὶ</span> <span class='ocrx_word' id='word_1_185' title='bbox 1621 535 1669 570; x_wconf 82' lang='grc' dir='ltr'>τῆς</span> <span class='ocrx_word' id='word_1_186' title='bbox 1684 535 1832 569; x_wconf 70' lang='grc' dir='ltr'>ἐκκλησια-</span> 
     </span>
    </p>
   </div>
   <div class='ocr_carea' id='block_1_28' title="bbox 1050 580 1833 616">
    <p class='ocr_par' dir='ltr' id='par_1_28' title="bbox 1050 580 1833 616">
     <span class='ocr_line' id='line_1_28' title="bbox 1050 580 1833 616; baseline 0 -10"><span class='ocrx_word' id='word_1_187' title='bbox 1050 580 1144 615; x_wconf 85' lang='grc' dir='ltr'>στικῆς</span> <span class='ocrx_word' id='word_1_188' title='bbox 1155 581 1273 616; x_wconf 74' lang='grc' dir='ltr'>εἰρήνης,</span> <span class='ocrx_word' id='word_1_189' title='bbox 1290 581 1314 606; x_wconf 85' lang='grc' dir='ltr'>εἰ</span> <span class='ocrx_word' id='word_1_190' title='bbox 1327 580 1431 606; x_wconf 81' lang='grc' dir='ltr'>κελεύει</span> <span class='ocrx_word' id='word_1_191' title='bbox 1443 580 1555 615; x_wconf 76' lang='grc' dir='ltr'>λυθῆναι</span> <span class='ocrx_word' id='word_1_192' title='bbox 1574 581 1608 606; x_wconf 79' lang='grc' dir='ltr'><strong>τὰ</strong></span> <span class='ocrx_word' id='word_1_193' title='bbox 1619 581 1681 616; x_wconf 81' lang='grc' dir='ltr'>παρ’</span> <span class='ocrx_word' id='word_1_194' title='bbox 1692 581 1756 615; x_wconf 80' lang='grc' dir='ltr'>ἡμῖν</span> <span class='ocrx_word' id='word_1_195' title='bbox 1769 580 1833 615; x_wconf 79' lang='grc' dir='ltr'>περὶ</span> 
     </span>
    </p>
   </div>
   <div class='ocr_carea' id='block_1_29' title="bbox 1056 625 1833 661">
    <p class='ocr_par' dir='ltr' id='par_1_29' title="bbox 1056 625 1833 661">
     <span class='ocr_line' id='line_1_29' title="bbox 1056 625 1833 661; baseline -0.001 -9"><span class='ocrx_word' id='word_1_196' title='bbox 1056 625 1212 652; x_wconf 76' lang='grc' dir='ltr'>Ἀθανασίου</span> <span class='ocrx_word' id='word_1_197' title='bbox 1229 627 1376 661; x_wconf 68' lang='grc' dir='ltr'>γραφέντα·</span> <span class='ocrx_word' id='word_1_198' title='bbox 1398 626 1502 653; x_wconf 78' lang='grc' dir='ltr'>λυέσϐω</span> <span class='ocrx_word' id='word_1_199' title='bbox 1518 626 1564 653; x_wconf 74' lang='grc' dir='ltr'><strong>καὶ</strong></span> <span class='ocrx_word' id='word_1_200' title='bbox 1586 625 1620 652; x_wconf 72' lang='grc' dir='ltr'><strong>τὰ</strong></span> <span class='ocrx_word' id='word_1_201' title='bbox 1640 626 1704 661; x_wconf 76' lang='grc' dir='ltr'>παρ’</span> <span class='ocrx_word' id='word_1_202' title='bbox 1721 626 1833 652; x_wconf 78' lang='grc' dir='ltr'><strong>ἐκείνων</strong></span> 
     </span>
    </p>
   </div>
   <div class='ocr_carea' id='block_1_30' title="bbox 1049 671 1830 707">
    <p class='ocr_par' dir='ltr' id='par_1_30' title="bbox 1049 671 1830 707">
     <span class='ocr_line' id='line_1_30' title="bbox 1049 671 1830 707; baseline -0.003 -9"><span class='ocrx_word' id='word_1_203' title='bbox 1049 673 1109 698; x_wconf 82' lang='grc' dir='ltr'>κατ’</span> <span class='ocrx_word' id='word_1_204' title='bbox 1124 671 1206 698; x_wconf 76' lang='grc' dir='ltr'>αὑτοῦ</span> <span class='ocrx_word' id='word_1_205' title='bbox 1215 673 1356 707; x_wconf 84' lang='grc' dir='ltr'>γενόμενα,</span> <span class='ocrx_word' id='word_1_206' title='bbox 1374 672 1478 698; x_wconf 79' lang='grc' dir='ltr'>λυέσΘω</span> <span class='ocrx_word' id='word_1_207' title='bbox 1487 672 1514 698; x_wconf 80' lang='grc' dir='ltr'><strong>δὲ</strong></span> <span class='ocrx_word' id='word_1_208' title='bbox 1529 672 1576 698; x_wconf 74' lang='grc' dir='ltr'>καὶ</span> <span class='ocrx_word' id='word_1_209' title='bbox 1588 671 1621 698; x_wconf 77' lang='grc' dir='ltr'><strong>τὰ</strong></span> <span class='ocrx_word' id='word_1_210' title='bbox 1630 671 1700 698; x_wconf 78' lang='grc' dir='ltr'>κατὰ</span> <span class='ocrx_word' id='word_1_211' title='bbox 1713 671 1830 698; x_wconf 72' lang='grc' dir='ltr'><strong>πάντων⁸</strong></span> 
     </span>
    </p>
   </div>
   <div class='ocr_carea' id='block_1_31' title="bbox 1049 716 1834 753">
    <p class='ocr_par' dir='ltr' id='par_1_31' title="bbox 1049 716 1834 753">
     <span class='ocr_line' id='line_1_31' title="bbox 1049 716 1834 753; baseline -0.003 -9"><span class='ocrx_word' id='word_1_212' title='bbox 1049 719 1096 745; x_wconf 74' lang='grc' dir='ltr'><strong>καὶ</strong></span> <span class='ocrx_word' id='word_1_213' title='bbox 1111 718 1230 752; x_wconf 73' lang='grc' dir='ltr'>γενέσθω</span> <span class='ocrx_word' id='word_1_214' title='bbox 1253 718 1344 745; x_wconf 78' lang='grc' dir='ltr'>λοιπὸν</span> <span class='ocrx_word' id='word_1_215' title='bbox 1369 718 1580 753; x_wconf 74' lang='grc' dir='ltr'>ἐκκλησιαστικὴ</span> <span class='ocrx_word' id='word_1_216' title='bbox 1603 717 1711 748; x_wconf 78' lang='grc' dir='ltr'>σύνοδος</span> <span class='ocrx_word' id='word_1_217' title='bbox 1725 716 1834 752; x_wconf 68' lang='grc' dir='ltr'>μακρὰν</span> 
     </span>
    </p>
   </div>
   <div class='ocr_carea' id='block_1_32' title="bbox 1049 761 1834 800">
    <p class='ocr_par' dir='ltr' id='par_1_32' title="bbox 1049 761 1834 800">
     <span class='ocr_line' id='line_1_32' title="bbox 1049 761 1834 800; baseline -0.001 -10"><span class='ocrx_word' id='word_1_218' title='bbox 1049 763 1096 790; x_wconf 73' lang='grc' dir='ltr'><strong>τοῦ</strong></span> <span class='ocrx_word' id='word_1_219' title='bbox 1110 764 1249 795; x_wconf 78' lang='grc' dir='ltr'>παλατίου,</span> <span class='ocrx_word' id='word_1_220' title='bbox 1273 764 1301 789; x_wconf 78' lang='grc' dir='ltr'>ὲν</span> <span class='ocrx_word' id='word_1_221' title='bbox 1358 763 1483 798; x_wconf 76' lang='grc' dir='ltr'>βασιλεὺς</span> <span class='ocrx_word' id='word_1_222' title='bbox 1499 764 1529 789; x_wconf 83' lang='grc' dir='ltr'>οὐ</span> <span class='ocrx_word' id='word_1_223' title='bbox 1547 764 1686 799; x_wconf 83' lang='grc' dir='ltr'>πάρεστιν,</span> <span class='ocrx_word' id='word_1_224' title='bbox 1701 763 1729 789; x_wconf 87' lang='grc' dir='ltr'>οὺ</span> <span class='ocrx_word' id='word_1_225' title='bbox 1745 763 1834 797; x_wconf 83' lang='grc' dir='ltr'>κόμης</span> 
     </span>
    </p>
   </div>
   <div class='ocr_carea' id='block_1_33' title="bbox 1050 808 1833 844">
    <p class='ocr_par' dir='ltr' id='par_1_33' title="bbox 1050 808 1833 844">
     <span class='ocr_line' id='line_1_33' title="bbox 1050 808 1833 844; baseline -0.003 -8"><span class='ocrx_word' id='word_1_226' title='bbox 1050 810 1239 844; x_wconf 74' lang='grc' dir='ltr'>παραγίνεται,</span> <span class='ocrx_word' id='word_1_227' title='bbox 1254 810 1283 835; x_wconf 86' lang='grc' dir='ltr'>οὐ</span> <span class='ocrx_word' id='word_1_228' title='bbox 1292 810 1422 844; x_wconf 74' lang='grc' dir='ltr'>δικαστὴς</span> <span class='ocrx_word' id='word_1_229' title='bbox 1438 809 1554 840; x_wconf 71' lang='grc' dir='ltr'>ἀπειλεῖ,</span> <span class='ocrx_word' id='word_1_230' title='bbox 1570 809 1638 835; x_wconf 82' lang='grc' dir='ltr'>ἀλλὰ</span> <span class='ocrx_word' id='word_1_231' title='bbox 1656 809 1734 844; x_wconf 75' lang='grc' dir='ltr'>μόνον</span> <span class='ocrx_word' id='word_1_232' title='bbox 1747 809 1760 834; x_wconf 72' lang='grc' dir='ltr'>ὁ</span> <span class='ocrx_word' id='word_1_233' title='bbox 1785 808 1833 834; x_wconf 74' lang='grc' dir='ltr'>τοῦ</span> 
     </span>
    </p>
   </div>
   <div class='ocr_carea' id='block_1_34' title="bbox 215 845 999 896">
    <p class='ocr_par' dir='ltr' id='par_1_34' title="bbox 215 857 998 892">
     <span class='ocr_line' id='line_1_34' title="bbox 215 857 998 892; baseline 0 -9"><span class='ocrx_word' id='word_1_234' title='bbox 215 865 307 884; x_wconf 85' lang='lat' dir='ltr'><strong>comes</strong></span> <span class='ocrx_word' id='word_1_235' title='bbox 326 859 453 889; x_wconf 76' lang='lat' dir='ltr'><strong>accedat.</strong></span> <span class='ocrx_word' id='word_1_236' title='bbox 470 865 519 885; x_wconf 89' lang='lat' dir='ltr'><strong>nec</strong></span> <span class='ocrx_word' id='word_1_237' title='bbox 531 858 614 892; x_wconf 82' lang='lat' dir='ltr'><strong>judex</strong></span> <span class='ocrx_word' id='word_1_238' title='bbox 628 857 808 885; x_wconf 77' lang='lat' dir='ltr'><strong>committetur</strong></span> <span class='ocrx_word' id='word_1_239' title='bbox 819 877 827 889; x_wconf 87' lang='lat'><strong>,</strong></span> <span class='ocrx_word' id='word_1_240' title='bbox 841 857 888 884; x_wconf 87' lang='lat' dir='ltr'><strong>sed</strong></span> <span class='ocrx_word' id='word_1_241' title='bbox 904 857 948 883; x_wconf 84' lang='lat' dir='ltr'><strong>Dei</strong></span> <span class='ocrx_word' id='word_1_242' title='bbox 966 858 998 883; x_wconf 88' lang='lat' dir='ltr'><strong>ti-</strong></span> 
     </span>
    </p>
   </div>
   <div class='ocr_carea' id='block_1_35' title="bbox 1050 845 1833 896">
    <p class='ocr_par' dir='ltr' id='par_1_35' title="bbox 1050 854 1833 896">
     <span class='ocr_line' id='line_1_35' title="bbox 1050 854 1833 896; baseline -0.003 -14"><span class='ocrx_word' id='word_1_243' title='bbox 1050 856 1117 896; x_wconf 76' lang='grc' dir='ltr'>Θεοῦ</span> <span class='ocrx_word' id='word_1_244' title='bbox 1130 855 1210 890; x_wconf 75' lang='grc' dir='ltr'>φόϐος</span> <span class='ocrx_word' id='word_1_245' title='bbox 1223 857 1303 890; x_wconf 81' lang='grc' dir='ltr'>ἀρκεῖ</span> <span class='ocrx_word' id='word_1_246' title='bbox 1326 856 1373 882; x_wconf 73' lang='grc' dir='ltr'>καὶ</span> <span class='ocrx_word' id='word_1_247' title='bbox 1388 856 1404 890; x_wconf 86' lang='grc' dir='ltr'>ὴ</span> <span class='ocrx_word' id='word_1_248' title='bbox 1418 855 1471 880; x_wconf 84' lang='grc' dir='ltr'>τ’ὦν</span> <span class='ocrx_word' id='word_1_249' title='bbox 1486 855 1641 881; x_wconf 83' lang='grc' dir='ltr'>ἀποστόλων</span> <span class='ocrx_word' id='word_1_250' title='bbox 1655 854 1782 886; x_wconf 79' lang='grc' dir='ltr'><strong>διάταξις·</strong></span> <span class='ocrx_word' id='word_1_251' title='bbox 1799 854 1833 880; x_wconf 76' lang='grc' dir='ltr'><strong>ἶν’</strong></span> 
     </span>
    </p>
   </div>
   <div class='ocr_carea' id='block_1_36' title="bbox 216 903 998 938">
    <p class='ocr_par' dir='ltr' id='par_1_36' title="bbox 216 903 998 938">
     <span class='ocr_line' id='line_1_36' title="bbox 216 903 998 938; baseline -0.001 -8"><span class='ocrx_word' id='word_1_252' title='bbox 216 911 275 930; x_wconf 90' lang='lat' dir='ltr'><strong>mor</strong></span> <span class='ocrx_word' id='word_1_253' title='bbox 290 903 405 930; x_wconf 67' lang='lat' dir='ltr'><strong>subiciat</strong></span> <span class='ocrx_word' id='word_1_254' title='bbox 420 912 480 930; x_wconf 90' lang='lat' dir='ltr'><strong>cum</strong></span> <span class='ocrx_word' id='word_1_255' title='bbox 506 903 649 938; x_wconf 88' lang='lat' dir='ltr'><strong>apostolica</strong></span> <span class='ocrx_word' id='word_1_256' title='bbox 674 903 890 930; x_wconf 87' lang='lat' dir='ltr'><strong>constitutione:</strong></span> <span class='ocrx_word' id='word_1_257' title='bbox 912 908 942 929; x_wconf 92' lang='lat' dir='ltr'><strong>ut</strong></span> <span class='ocrx_word' id='word_1_258' title='bbox 965 910 998 930; x_wconf 90' lang='lat' dir='ltr'><strong>eo</strong></span> 
     </span>
    </p>
   </div>
   <div class='ocr_carea' id='block_1_37' title="bbox 216 949 997 984">
    <p class='ocr_par' dir='ltr' id='par_1_37' title="bbox 216 949 997 984">
     <span class='ocr_line' id='line_1_37' title="bbox 216 949 997 984; baseline 0 -9"><span class='ocrx_word' id='word_1_259' title='bbox 216 949 296 976; x_wconf 89' lang='lat' dir='ltr'><strong>modo</strong></span> <span class='ocrx_word' id='word_1_260' title='bbox 324 957 384 976; x_wconf 91' lang='lat' dir='ltr'><strong>cum</strong></span> <span class='ocrx_word' id='word_1_261' title='bbox 419 949 513 984; x_wconf 80' lang='lat' dir='ltr'><strong>primis</strong></span> <span class='ocrx_word' id='word_1_262' title='bbox 546 949 730 976; x_wconf 86' lang='lat' dir='ltr'><strong>ecclesiastica</strong></span> <span class='ocrx_word' id='word_1_263' title='bbox 763 955 886 976; x_wconf 82' lang='lat' dir='ltr'><strong>servetur</strong></span> <span class='ocrx_word' id='word_1_264' title='bbox 920 949 997 980; x_wconf 86' lang='lat' dir='ltr'><strong>ﬁdes,</strong></span> 
     </span>
    </p>
   </div>
   <div class='ocr_carea' id='block_1_38' title="bbox 218 994 997 1030">
    <p class='ocr_par' dir='ltr' id='par_1_38' title="bbox 218 994 997 1030">
     <span class='ocr_line' id='line_1_38' title="bbox 218 994 997 1030; baseline 0.001 -10"><span class='ocrx_word' id='word_1_265' title='bbox 218 999 298 1029; x_wconf 91' lang='lat' dir='ltr'><strong>prout</strong></span> <span class='ocrx_word' id='word_1_266' title='bbox 313 1002 327 1021; x_wconf 92' lang='lat' dir='ltr'><strong>a</strong></span> <span class='ocrx_word' id='word_1_267' title='bbox 343 994 466 1022; x_wconf 86' lang='lat' dir='ltr'><strong>Patribns</strong></span> <span class='ocrx_word' id='word_1_268' title='bbox 492 996 518 1022; x_wconf 91' lang='lat' dir='ltr'><strong>in</strong></span> <span class='ocrx_word' id='word_1_269' title='bbox 543 995 650 1022; x_wconf 69' lang='lat' dir='ltr'><strong>Nicmna</strong></span> <span class='ocrx_word' id='word_1_270' title='bbox 661 995 776 1030; x_wconf 72' lang='lat' dir='ltr'><strong>osyuodo</strong></span> <span class='ocrx_word' id='word_1_271' title='bbox 792 995 874 1030; x_wconf 75' lang='lat'><strong>289</strong></span> <span class='ocrx_word' id='word_1_272' title='bbox 889 995 997 1022; x_wconf 83' lang='lat' dir='ltr'><strong>deﬁnita</strong></span> 
     </span>
    </p>
   </div>
   <div class='ocr_carea' id='block_1_39' title="bbox 216 1040 998 1075">
    <p class='ocr_par' dir='ltr' id='par_1_39' title="bbox 216 1040 998 1075">
     <span class='ocr_line' id='line_1_39' title="bbox 216 1040 998 1075; baseline 0.001 -9"><span class='ocrx_word' id='word_1_273' title='bbox 216 1045 266 1067; x_wconf 89' lang='lat' dir='ltr'><strong>est.</strong></span> <span class='ocrx_word' id='word_1_274' title='bbox 277 1040 486 1075; x_wconf 79' lang='lat' dir='ltr'><strong>EjicianturArii</strong></span> <span class='ocrx_word' id='word_1_275' title='bbox 496 1045 651 1072; x_wconf 84' lang='lat' dir='ltr'><strong>sectatores,</strong></span> <span class='ocrx_word' id='word_1_276' title='bbox 659 1042 881 1075; x_wconf 80' lang='lat' dir='ltr'><strong>anathemaleqne</strong></span> <span class='ocrx_word' id='word_1_277' title='bbox 890 1041 998 1067; x_wconf 88' lang='lat' dir='ltr'><strong>damne-</strong></span> 
     </span>
    </p>
   </div>
   <div class='ocr_carea' id='block_1_40' title="bbox 217 1085 1000 1120">
    <p class='ocr_par' dir='ltr' id='par_1_40' title="bbox 217 1085 1000 1120">
     <span class='ocr_line' id='line_1_40' title="bbox 217 1085 1000 1120; baseline 0.001 -9"><span class='ocrx_word' id='word_1_278' title='bbox 217 1091 262 1112; x_wconf 91' lang='lat' dir='ltr'><strong>tur</strong></span> <span class='ocrx_word' id='word_1_279' title='bbox 276 1093 368 1112; x_wconf 84' lang='lat' dir='ltr'><strong>eornm</strong></span> <span class='ocrx_word' id='word_1_280' title='bbox 389 1085 508 1112; x_wconf 63' lang='lat' dir='ltr'><strong>haeresis.</strong></span> <span class='ocrx_word' id='word_1_281' title='bbox 532 1086 570 1112; x_wconf 88' lang='lat' dir='ltr'><strong>Ac</strong></span> <span class='ocrx_word' id='word_1_282' title='bbox 591 1086 698 1112; x_wconf 87' lang='lat' dir='ltr'><strong>demum</strong></span> <span class='ocrx_word' id='word_1_283' title='bbox 719 1086 819 1120; x_wconf 84' lang='lat' dir='ltr'><strong>judicio</strong></span> <span class='ocrx_word' id='word_1_284' title='bbox 846 1086 949 1112; x_wconf 86' lang='lat' dir='ltr'><strong>reddito</strong></span> <span class='ocrx_word' id='word_1_285' title='bbox 967 1086 1000 1111; x_wconf 85' lang='lat' dir='ltr'><strong>de</strong></span> 
     </span>
    </p>
   </div>
   <div class='ocr_carea' id='block_1_41' title="bbox 215 1131 998 1165">
    <p class='ocr_par' dir='ltr' id='par_1_41' title="bbox 215 1131 998 1165">
     <span class='ocr_line' id='line_1_41' title="bbox 215 1131 998 1165; baseline -0.003 -7"><span class='ocrx_word' id='word_1_286' title='bbox 215 1132 375 1158; x_wconf 85' lang='lat' dir='ltr'><strong>criminibus</strong></span> <span class='ocrx_word' id='word_1_287' title='bbox 393 1133 420 1159; x_wconf 85' lang='lat' dir='ltr'><strong>in</strong></span> <span class='ocrx_word' id='word_1_288' title='bbox 437 1131 615 1158; x_wconf 77' lang='lat' dir='ltr'><strong>Athanasium</strong></span> <span class='ocrx_word' id='word_1_289' title='bbox 627 1151 634 1163; x_wconf 87' lang='lat'><strong>,</strong></span> <span class='ocrx_word' id='word_1_290' title='bbox 655 1132 696 1158; x_wconf 83' lang='lat' dir='ltr'><strong>vel</strong></span> <span class='ocrx_word' id='word_1_291' title='bbox 711 1132 737 1158; x_wconf 92' lang='lat' dir='ltr'><strong>in</strong></span> <span class='ocrx_word' id='word_1_292' title='bbox 753 1131 833 1158; x_wconf 87' lang='lat' dir='ltr'><strong>alium</strong></span> <span class='ocrx_word' id='word_1_293' title='bbox 848 1131 998 1165; x_wconf 90' lang='lat' dir='ltr'><strong>quempiam</strong></span> 
     </span>
    </p>
   </div>
   <div class='ocr_carea' id='block_1_42' title="bbox 216 1174 1000 1210">
    <p class='ocr_par' dir='ltr' id='par_1_42' title="bbox 216 1174 1000 1210">
     <span class='ocr_line' id='line_1_42' title="bbox 216 1174 1000 1210; baseline 0.001 -10"><span class='ocrx_word' id='word_1_294' title='bbox 216 1174 332 1201; x_wconf 81' lang='lat' dir='ltr'><strong>allatis:</strong></span> <span class='ocrx_word' id='word_1_295' title='bbox 355 1175 389 1202; x_wconf 89' lang='lat' dir='ltr'><strong>de</strong></span> <span class='ocrx_word' id='word_1_296' title='bbox 421 1176 578 1202; x_wconf 81' lang='lat' dir='ltr'><strong>criminibus</strong></span> <span class='ocrx_word' id='word_1_297' title='bbox 615 1175 677 1202; x_wconf 89' lang='lat' dir='ltr'><strong>item</strong></span> <span class='ocrx_word' id='word_1_298' title='bbox 711 1176 809 1210; x_wconf 82' lang='lat' dir='ltr'><strong>quibus</strong></span> <span class='ocrx_word' id='word_1_299' title='bbox 839 1181 1000 1202; x_wconf 81' lang='lat' dir='ltr'><strong>accusantur</strong></span> 
     </span>
    </p>
   </div>
   <div class='ocr_carea' id='block_1_43' title="bbox 215 1220 999 1255">
    <p class='ocr_par' dir='ltr' id='par_1_43' title="bbox 215 1220 999 1255">
     <span class='ocr_line' id='line_1_43' title="bbox 215 1220 999 1255; baseline 0.001 -9"><span class='ocrx_word' id='word_1_300' title='bbox 215 1220 274 1251; x_wconf 84' lang='lat' dir='ltr'><strong>illi;</strong></span> <span class='ocrx_word' id='word_1_301' title='bbox 289 1226 352 1248; x_wconf 92' lang='lat' dir='ltr'><strong>tunc</strong></span> <span class='ocrx_word' id='word_1_302' title='bbox 363 1222 471 1248; x_wconf 89' lang='lat' dir='ltr'><strong>demum</strong></span> <span class='ocrx_word' id='word_1_303' title='bbox 488 1222 526 1248; x_wconf 87' lang='lat' dir='ltr'><strong>rei</strong></span> <span class='ocrx_word' id='word_1_304' title='bbox 538 1221 720 1255; x_wconf 78' lang='lat' dir='ltr'><strong>expelluntur,</strong></span> <span class='ocrx_word' id='word_1_305' title='bbox 737 1221 838 1248; x_wconf 88' lang='lat' dir='ltr'><strong>innoxii</strong></span> <span class='ocrx_word' id='word_1_306' title='bbox 853 1229 913 1248; x_wconf 92' lang='lat' dir='ltr'><strong>cum</strong></span> <span class='ocrx_word' id='word_1_307' title='bbox 932 1221 999 1247; x_wconf 59' lang='lat' dir='ltr'><strong>ﬁdno</strong></span> 
     </span>
    </p>
   </div>
   <div class='ocr_carea' id='block_1_44' title="bbox 216 1267 1000 1302">
    <p class='ocr_par' dir='ltr' id='par_1_44' title="bbox 216 1267 1000 1302">
     <span class='ocr_line' id='line_1_44' title="bbox 216 1267 1000 1302; baseline -0.004 -7"><span class='ocrx_word' id='word_1_308' title='bbox 216 1269 258 1295; x_wconf 69' lang='lat' dir='ltr'><strong>ria</strong></span> <span class='ocrx_word' id='word_1_309' title='bbox 274 1273 301 1295; x_wconf 84' lang='lat' dir='ltr'><strong>et</strong></span> <span class='ocrx_word' id='word_1_310' title='bbox 326 1268 472 1295; x_wconf 83' lang='lat' dir='ltr'><strong>securitate</strong></span> <span class='ocrx_word' id='word_1_311' title='bbox 488 1268 598 1302; x_wconf 74' lang='lat' dir='ltr'><strong>degant.</strong></span> <span class='ocrx_word' id='word_1_312' title='bbox 624 1268 716 1302; x_wconf 80' lang='lat' dir='ltr'><strong>Neque</strong></span> <span class='ocrx_word' id='word_1_313' title='bbox 738 1267 809 1293; x_wconf 86' lang='lat' dir='ltr'><strong>enim</strong></span> <span class='ocrx_word' id='word_1_314' title='bbox 829 1267 869 1292; x_wconf 83' lang='lat' dir='ltr'><strong>fas</strong></span> <span class='ocrx_word' id='word_1_315' title='bbox 889 1270 931 1292; x_wconf 84' lang='lat' dir='ltr'><strong>est</strong></span> <span class='ocrx_word' id='word_1_316' title='bbox 953 1273 1000 1293; x_wconf 84' lang='lat' dir='ltr'><strong>eos</strong></span> 
     </span>
    </p>
   </div>
   <div class='ocr_carea' id='block_1_45' title="bbox 216 1313 999 1349">
    <p class='ocr_par' dir='ltr' id='par_1_45' title="bbox 216 1313 999 1349">
     <span class='ocr_line' id='line_1_45' title="bbox 216 1313 999 1349; baseline -0.001 -9"><span class='ocrx_word' id='word_1_317' title='bbox 216 1315 320 1349; x_wconf 78' lang='lat' dir='ltr'><strong>synodo</strong></span> <span class='ocrx_word' id='word_1_318' title='bbox 344 1314 526 1345; x_wconf 84' lang='lat' dir='ltr'><strong>adnumerari,</strong></span> <span class='ocrx_word' id='word_1_319' title='bbox 554 1314 600 1348; x_wconf 88' lang='lat' dir='ltr'><strong>qui</strong></span> <span class='ocrx_word' id='word_1_320' title='bbox 629 1314 680 1340; x_wconf 90' lang='lat' dir='ltr'><strong>ﬁde</strong></span> <span class='ocrx_word' id='word_1_321' title='bbox 704 1313 779 1346; x_wconf 89' lang='lat' dir='ltr'><strong>impii</strong></span> <span class='ocrx_word' id='word_1_322' title='bbox 807 1317 891 1339; x_wconf 86' lang='lat' dir='ltr'><strong>sunt:</strong></span> <span class='ocrx_word' id='word_1_323' title='bbox 912 1320 999 1346; x_wconf 86' lang='lat' dir='ltr'><strong>neque</strong></span> 
     </span>
    </p>
   </div>
   <div class='ocr_carea' id='block_1_46' title="bbox 217 1357 999 1392">
    <p class='ocr_par' dir='ltr' id='par_1_46' title="bbox 217 1357 999 1392">
     <span class='ocr_line' id='line_1_46' title="bbox 217 1357 999 1392; baseline -0.004 -6"><span class='ocrx_word' id='word_1_324' title='bbox 217 1359 344 1386; x_wconf 76' lang='lat' dir='ltr'><strong>convenit</strong></span> <span class='ocrx_word' id='word_1_325' title='bbox 368 1359 431 1386; x_wconf 87' lang='lat' dir='ltr'><strong>ﬁdei</strong></span> <span class='ocrx_word' id='word_1_326' title='bbox 462 1359 630 1392; x_wconf 75' lang='lat' dir='ltr'><strong>inquisitioni</strong></span> <span class='ocrx_word' id='word_1_327' title='bbox 665 1359 776 1385; x_wconf 84' lang='lat' dir='ltr'><strong>alterius</strong></span> <span class='ocrx_word' id='word_1_328' title='bbox 796 1357 926 1392; x_wconf 83' lang='lat' dir='ltr'><strong>cujusque</strong></span> <span class='ocrx_word' id='word_1_329' title='bbox 951 1365 999 1384; x_wconf 89' lang='lat' dir='ltr'><strong>ne-</strong></span> 
     </span>
    </p>
   </div>
   <div class='ocr_carea' id='block_1_47' title="bbox 217 1405 999 1440">
    <p class='ocr_par' dir='ltr' id='par_1_47' title="bbox 217 1405 999 1440">
     <span class='ocr_line' id='line_1_47' title="bbox 217 1405 999 1440; baseline -0.001 -8"><span class='ocrx_word' id='word_1_330' title='bbox 217 1406 281 1440; x_wconf 73' lang='lat' dir='ltr'><strong>gotii</strong></span> <span class='ocrx_word' id='word_1_331' title='bbox 298 1405 496 1440; x_wconf 88' lang='lat' dir='ltr'><strong>inquisitionem</strong></span> <span class='ocrx_word' id='word_1_332' title='bbox 515 1405 658 1432; x_wconf 81' lang='lat' dir='ltr'><strong>anteferri.</strong></span> <span class='ocrx_word' id='word_1_333' title='bbox 681 1405 802 1432; x_wconf 83' lang='lat' dir='ltr'><strong>Primum</strong></span> <span class='ocrx_word' id='word_1_334' title='bbox 825 1405 924 1439; x_wconf 85' lang='lat' dir='ltr'><strong>quippe</strong></span> <span class='ocrx_word' id='word_1_335' title='bbox 940 1412 999 1431; x_wconf 86' lang='lat' dir='ltr'><strong>om-</strong></span> 
     </span>
    </p>
   </div>
   <div class='ocr_carea' id='block_1_48' title="bbox 218 1451 999 1483">
    <p class='ocr_par' dir='ltr' id='par_1_48' title="bbox 218 1451 999 1483">
     <span class='ocr_line' id='line_1_48' title="bbox 218 1451 999 1483; baseline -0.003 -5"><span class='ocrx_word' id='word_1_336' title='bbox 218 1451 260 1478; x_wconf 86' lang='lat' dir='ltr'><strong>nis</strong></span> <span class='ocrx_word' id='word_1_337' title='bbox 276 1452 308 1478; x_wconf 87' lang='lat' dir='ltr'><strong>de</strong></span> <span class='ocrx_word' id='word_1_338' title='bbox 329 1452 379 1478; x_wconf 88' lang='lat' dir='ltr'><strong>lide</strong></span> <span class='ocrx_word' id='word_1_339' title='bbox 396 1452 526 1478; x_wconf 85' lang='lat' dir='ltr'><strong>dissensio</strong></span> <span class='ocrx_word' id='word_1_340' title='bbox 547 1451 744 1483; x_wconf 86' lang='lat' dir='ltr'><strong>abscindenda,</strong></span> <span class='ocrx_word' id='word_1_341' title='bbox 769 1459 801 1477; x_wconf 86' lang='lat' dir='ltr'><strong>ac</strong></span> <span class='ocrx_word' id='word_1_342' title='bbox 823 1456 878 1477; x_wconf 91' lang='lat' dir='ltr'><strong>tnm</strong></span> <span class='ocrx_word' id='word_1_343' title='bbox 892 1451 999 1478; x_wconf 89' lang='lat' dir='ltr'><strong>demum</strong></span> 
     </span>
    </p>
   </div>
   <div class='ocr_carea' id='block_1_49' title="bbox 1048 900 1834 937">
    <p class='ocr_par' dir='ltr' id='par_1_49' title="bbox 1048 900 1834 937">
     <span class='ocr_line' id='line_1_49' title="bbox 1048 900 1834 937; baseline -0.003 -9"><span class='ocrx_word' id='word_1_344' title='bbox 1048 902 1134 933; x_wconf 74' lang='grc' dir='ltr'>οὕτως</span> <span class='ocrx_word' id='word_1_345' title='bbox 1149 902 1383 937; x_wconf 74' lang='grc' dir='ltr'>προηγουμένωςή</span> <span class='ocrx_word' id='word_1_346' title='bbox 1398 902 1446 937; x_wconf 76' lang='grc' dir='ltr'>μὲν</span> <span class='ocrx_word' id='word_1_347' title='bbox 1453 901 1661 936; x_wconf 79' lang='grc' dir='ltr'>ὲκκλησιαστικὴ</span> <span class='ocrx_word' id='word_1_348' title='bbox 1679 902 1768 932; x_wconf 78' lang='grc' dir='ltr'><strong>πίστις</strong></span> <span class='ocrx_word' id='word_1_349' title='bbox 1783 900 1834 926; x_wconf 85' lang='grc' dir='ltr'><strong>σώ-</strong></span> 
     </span>
    </p>
   </div>
   <div class='ocr_carea' id='block_1_50' title="bbox 1049 947 1834 984">
    <p class='ocr_par' dir='ltr' id='par_1_50' title="bbox 1049 947 1834 984">
     <span class='ocr_line' id='line_1_50' title="bbox 1049 947 1834 984; baseline -0.001 -10"><span class='ocrx_word' id='word_1_350' title='bbox 1049 948 1139 984; x_wconf 80' lang='grc' dir='ltr'>ζηται,</span> <span class='ocrx_word' id='word_1_351' title='bbox 1152 948 1243 980; x_wconf 78' lang='grc' dir='ltr'>καθὼς</span> <span class='ocrx_word' id='word_1_352' title='bbox 1254 949 1279 974; x_wconf 85' lang='grc' dir='ltr'>οἱ</span> <span class='ocrx_word' id='word_1_353' title='bbox 1293 948 1413 984; x_wconf 81' lang='grc' dir='ltr'>Πατὲρες</span> <span class='ocrx_word' id='word_1_354' title='bbox 1426 947 1527 983; x_wconf 78' lang='grc' dir='ltr'>ὥρισαν</span> <span class='ocrx_word' id='word_1_355' title='bbox 1545 949 1572 973; x_wconf 77' lang='grc' dir='ltr'>ἐν</span> <span class='ocrx_word' id='word_1_356' title='bbox 1584 949 1617 982; x_wconf 78' lang='grc' dir='ltr'>τῇ</span> <span class='ocrx_word' id='word_1_357' title='bbox 1632 947 1703 974; x_wconf 78' lang='grc' dir='ltr'>κατὰ</span> <span class='ocrx_word' id='word_1_358' title='bbox 1718 947 1834 973; x_wconf 72' lang='grc' dir='ltr'>Νίκαιαν</span> 
     </span>
    </p>
   </div>
   <div class='ocr_carea' id='block_1_51' title="bbox 1050 991 1830 1028">
    <p class='ocr_par' dir='ltr' id='par_1_51' title="bbox 1050 991 1830 1028">
     <span class='ocr_line' id='line_1_51' title="bbox 1050 991 1830 1028; baseline -0.001 -9"><span class='ocrx_word' id='word_1_359' title='bbox 1050 993 1158 1028; x_wconf 71' lang='grc' dir='ltr'><strong>συνόδῳ⁸</strong></span> <span class='ocrx_word' id='word_1_360' title='bbox 1168 993 1192 1019; x_wconf 79' lang='grc' dir='ltr'>οἱ</span> <span class='ocrx_word' id='word_1_361' title='bbox 1207 993 1234 1018; x_wconf 74' lang='grc' dir='ltr'>δὲ</span> <span class='ocrx_word' id='word_1_362' title='bbox 1242 993 1276 1019; x_wconf 77' lang='grc' dir='ltr'>τὰ</span> <span class='ocrx_word' id='word_1_363' title='bbox 1291 993 1395 1028; x_wconf 78' lang='grc' dir='ltr'>Ἀρείου</span> <span class='ocrx_word' id='word_1_364' title='bbox 1405 991 1563 1027; x_wconf 69' lang='grc' dir='ltr'>φρονοῦντες</span> <span class='ocrx_word' id='word_1_365' title='bbox 1576 992 1754 1018; x_wconf 73' lang='grc' dir='ltr'>ἐκΰάλλωνται</span> <span class='ocrx_word' id='word_1_366' title='bbox 1766 993 1830 1027; x_wconf 63' lang='lat'><strong>(58),</strong></span> 
     </span>
    </p>
   </div>
   <div class='ocr_carea' id='block_1_52' title="bbox 1049 1037 1832 1074">
    <p class='ocr_par' dir='ltr' id='par_1_52' title="bbox 1049 1037 1832 1074">
     <span class='ocr_line' id='line_1_52' title="bbox 1049 1037 1832 1074; baseline -0.004 -8"><span class='ocrx_word' id='word_1_367' title='bbox 1049 1039 1096 1066; x_wconf 63' lang='grc' dir='ltr'>καὶ</span> <span class='ocrx_word' id='word_1_368' title='bbox 1113 1039 1246 1074; x_wconf 82' lang='grc' dir='ltr'>ἡαῖρεσις</span> <span class='ocrx_word' id='word_1_369' title='bbox 1263 1039 1351 1065; x_wconf 73' lang='grc' dir='ltr'>αὐτῶν</span> <span class='ocrx_word' id='word_1_370' title='bbox 1368 1038 1580 1073; x_wconf 77' lang='grc' dir='ltr'>ἁναϐεματισοῇ·</span> <span class='ocrx_word' id='word_1_371' title='bbox 1601 1038 1648 1064; x_wconf 76' lang='grc' dir='ltr'>καὶ</span> <span class='ocrx_word' id='word_1_372' title='bbox 1658 1038 1717 1063; x_wconf 84' lang='grc' dir='ltr'>τότε</span> <span class='ocrx_word' id='word_1_373' title='bbox 1731 1037 1832 1067; x_wconf 80' lang='grc' dir='ltr'>λοιπὸν,</span> 
     </span>
    </p>
   </div>
   <div class='ocr_carea' id='block_1_53' title="bbox 1049 1081 1835 1121">
    <p class='ocr_par' dir='ltr' id='par_1_53' title="bbox 1049 1081 1835 1121">
     <span class='ocr_line' id='line_1_53' title="bbox 1049 1081 1835 1121; baseline -0.003 -11"><span class='ocrx_word' id='word_1_374' title='bbox 1049 1085 1164 1121; x_wconf 82' lang='grc' dir='ltr'>κρίσεως</span> <span class='ocrx_word' id='word_1_375' title='bbox 1186 1084 1336 1119; x_wconf 79' lang='grc' dir='ltr'><strong>γενομένης</strong></span> <span class='ocrx_word' id='word_1_376' title='bbox 1352 1085 1416 1118; x_wconf 75' lang='grc' dir='ltr'>περὶ</span> <span class='ocrx_word' id='word_1_377' title='bbox 1435 1081 1471 1110; x_wconf 83' lang='grc' dir='ltr'>ὧν</span> <span class='ocrx_word' id='word_1_378' title='bbox 1494 1083 1660 1114; x_wconf 71' lang='grc' dir='ltr'>Ἀθανάπιος,</span> <span class='ocrx_word' id='word_1_379' title='bbox 1680 1083 1725 1110; x_wconf 73' lang='grc' dir='ltr'>καὶ</span> <span class='ocrx_word' id='word_1_380' title='bbox 1742 1083 1769 1109; x_wconf 79' lang='grc' dir='ltr'>εἴ</span> <span class='ocrx_word' id='word_1_381' title='bbox 1791 1090 1835 1114; x_wconf 80' lang='grc' dir='ltr'><strong>τις</strong></span> 
     </span>
    </p>
   </div>
   <div class='ocr_carea' id='block_1_54' title="bbox 1049 1126 1836 1167">
    <p class='ocr_par' dir='ltr' id='par_1_54' title="bbox 1049 1126 1836 1167">
     <span class='ocr_line' id='line_1_54' title="bbox 1049 1126 1836 1167; baseline -0.004 -10"><span class='ocrx_word' id='word_1_382' title='bbox 1049 1131 1141 1167; x_wconf 75' lang='grc' dir='ltr'>ἕτερος</span> <span class='ocrx_word' id='word_1_383' title='bbox 1154 1130 1319 1164; x_wconf 76' lang='grc' dir='ltr'>ἐγκαλεῖται,</span> <span class='ocrx_word' id='word_1_384' title='bbox 1340 1130 1386 1156; x_wconf 77' lang='grc' dir='ltr'>καὶ</span> <span class='ocrx_word' id='word_1_385' title='bbox 1401 1130 1464 1164; x_wconf 78' lang='grc' dir='ltr'>περὶ</span> <span class='ocrx_word' id='word_1_386' title='bbox 1476 1126 1513 1156; x_wconf 82' lang='grc' dir='ltr'>ὧν</span> <span class='ocrx_word' id='word_1_387' title='bbox 1526 1129 1711 1164; x_wconf 73' lang='grc' dir='ltr'>ἐγκελεύονται</span> <span class='ocrx_word' id='word_1_388' title='bbox 1727 1129 1773 1155; x_wconf 70' lang='grc' dir='ltr'>καὶ</span> <span class='ocrx_word' id='word_1_389' title='bbox 1787 1128 1836 1154; x_wconf 77' lang='grc' dir='ltr'>αὑο</span> 
     </span>
    </p>
   </div>
   <div class='ocr_carea' id='block_1_55' title="bbox 1049 1174 1836 1211">
    <p class='ocr_par' dir='ltr' id='par_1_55' title="bbox 1049 1174 1836 1211">
     <span class='ocr_line' id='line_1_55' title="bbox 1049 1174 1836 1211; baseline -0.003 -9"><span class='ocrx_word' id='word_1_390' title='bbox 1049 1177 1099 1208; x_wconf 69' lang='grc' dir='ltr'>τοὶ,</span> <span class='ocrx_word' id='word_1_391' title='bbox 1108 1177 1132 1202; x_wconf 90' lang='grc' dir='ltr'>οἱ</span> <span class='ocrx_word' id='word_1_392' title='bbox 1148 1176 1196 1211; x_wconf 75' lang='grc' dir='ltr'>μὲν</span> <span class='ocrx_word' id='word_1_393' title='bbox 1215 1175 1359 1202; x_wconf 80' lang='grc' dir='ltr'>ὑπεύθυνοι</span> <span class='ocrx_word' id='word_1_394' title='bbox 1367 1175 1558 1206; x_wconf 69' lang='grc' dir='ltr'>ἐκϐάλλωνται,</span> <span class='ocrx_word' id='word_1_395' title='bbox 1573 1176 1596 1201; x_wconf 82' lang='grc' dir='ltr'>οἱ</span> <span class='ocrx_word' id='word_1_396' title='bbox 1609 1175 1636 1201; x_wconf 75' lang='grc' dir='ltr'><strong>δὲ</strong></span> <span class='ocrx_word' id='word_1_397' title='bbox 1648 1174 1760 1210; x_wconf 72' lang='grc' dir='ltr'>καθαροὶ</span> <span class='ocrx_word' id='word_1_398' title='bbox 1768 1175 1836 1210; x_wconf 71' lang='grc' dir='ltr'>παῤ-</span> 
     </span>
    </p>
   </div>
   <div class='ocr_carea' id='block_1_56' title="bbox 1051 1218 1833 1257">
    <p class='ocr_par' dir='ltr' id='par_1_56' title="bbox 1051 1218 1833 1257">
     <span class='ocr_line' id='line_1_56' title="bbox 1051 1218 1833 1257; baseline -0.003 -9"><span class='ocrx_word' id='word_1_399' title='bbox 1051 1222 1147 1257; x_wconf 80' lang='grc' dir='ltr'>ρησίαν</span> <span class='ocrx_word' id='word_1_400' title='bbox 1170 1221 1276 1256; x_wconf 79' lang='grc' dir='ltr'>ἔχωσιν.</span> <span class='ocrx_word' id='word_1_401' title='bbox 1296 1221 1332 1247; x_wconf 79' lang='grc' dir='ltr'><strong>Οὐ</strong></span> <span class='ocrx_word' id='word_1_402' title='bbox 1352 1221 1406 1256; x_wconf 79' lang='grc' dir='ltr'><strong>γὰρ</strong></span> <span class='ocrx_word' id='word_1_403' title='bbox 1432 1218 1486 1246; x_wconf 80' lang='grc' dir='ltr'>οἷὸν</span> <span class='ocrx_word' id='word_1_404' title='bbox 1505 1229 1534 1246; x_wconf 90' lang='grc' dir='ltr'><strong>τε</strong></span> <span class='ocrx_word' id='word_1_405' title='bbox 1551 1220 1649 1255; x_wconf 53' lang='grc' dir='ltr'>συκδῳ</span> <span class='ocrx_word' id='word_1_406' title='bbox 1667 1220 1833 1256; x_wconf 76' lang='grc' dir='ltr'>συναριθμη-</span> 
     </span>
    </p>
   </div>
   <div class='ocr_carea' id='block_1_57' title="bbox 1050 1257 1836 1302">
    <p class='ocr_par' dir='ltr' id='par_1_57' title="bbox 1050 1257 1836 1302">
     <span class='ocr_line' id='line_1_57' title="bbox 1050 1257 1836 1302; baseline -0.003 -8"><span class='ocrx_word' id='word_1_407' title='bbox 1050 1268 1128 1302; x_wconf 84' lang='grc' dir='ltr'>θῆναι</span> <span class='ocrx_word' id='word_1_408' title='bbox 1145 1268 1207 1299; x_wconf 75' lang='grc' dir='ltr'>τοὺς</span> <span class='ocrx_word' id='word_1_409' title='bbox 1220 1267 1284 1302; x_wconf 72' lang='grc' dir='ltr'>περὶ</span> <span class='ocrx_word' id='word_1_410' title='bbox 1297 1267 1387 1293; x_wconf 76' lang='grc' dir='ltr'>πίστιν</span> <span class='ocrx_word' id='word_1_411' title='bbox 1400 1266 1573 1297; x_wconf 76' lang='grc' dir='ltr'>ἀσεϐοῦντας·</span> <span class='ocrx_word' id='word_1_412' title='bbox 1583 1266 1643 1292; x_wconf 68' lang='grc' dir='ltr'>οὐδὲ</span> <span class='ocrx_word' id='word_1_413' title='bbox 1659 1267 1757 1301; x_wconf 78' lang='grc' dir='ltr'>πρέπει</span> <span class='ocrx_word' id='word_1_414' title='bbox 1766 1257 1836 1301; x_wconf 68' lang='grc' dir='ltr'>προ-</span> 
     </span>
    </p>
   </div>
   <div class='ocr_carea' id='block_1_58' title="bbox 1050 1312 1836 1349">
    <p class='ocr_par' dir='ltr' id='par_1_58' title="bbox 1050 1312 1836 1349">
     <span class='ocr_line' id='line_1_58' title="bbox 1050 1312 1836 1349; baseline -0.001 -10"><span class='ocrx_word' id='word_1_415' title='bbox 1050 1313 1190 1349; x_wconf 77' lang='grc' dir='ltr'>κρίνεσθαι</span> <span class='ocrx_word' id='word_1_416' title='bbox 1203 1313 1363 1348; x_wconf 80' lang='grc' dir='ltr'>πράγματος</span> <span class='ocrx_word' id='word_1_417' title='bbox 1377 1312 1499 1344; x_wconf 70' lang='grc' dir='ltr'>ἐξέτασιν</span> <span class='ocrx_word' id='word_1_418' title='bbox 1513 1312 1562 1346; x_wconf 86' lang='grc' dir='ltr'>τῆς</span> <span class='ocrx_word' id='word_1_419' title='bbox 1583 1312 1645 1347; x_wconf 72' lang='grc' dir='ltr'>περὶ</span> <span class='ocrx_word' id='word_1_420' title='bbox 1661 1312 1777 1343; x_wconf 78' lang='grc' dir='ltr'>πίστεως</span> <span class='ocrx_word' id='word_1_421' title='bbox 1792 1312 1836 1345; x_wconf 81' lang='grc' dir='ltr'><strong>ἑξ-</strong></span> 
     </span>
    </p>
   </div>
   <div class='ocr_carea' id='block_1_59' title="bbox 1050 1359 1835 1395">
    <p class='ocr_par' dir='ltr' id='par_1_59' title="bbox 1050 1359 1835 1395">
     <span class='ocr_line' id='line_1_59' title="bbox 1050 1359 1835 1395; baseline -0.001 -9"><span class='ocrx_word' id='word_1_422' title='bbox 1050 1361 1178 1391; x_wconf 77' lang='grc' dir='ltr'>ετάσεως.</span> <span class='ocrx_word' id='word_1_423' title='bbox 1199 1360 1259 1395; x_wconf 84' lang='grc' dir='ltr'><strong>Χρὴ</strong></span> <span class='ocrx_word' id='word_1_424' title='bbox 1273 1360 1326 1394; x_wconf 77' lang='grc' dir='ltr'><strong>γὰρ</strong></span> <span class='ocrx_word' id='word_1_425' title='bbox 1338 1359 1444 1394; x_wconf 82' lang='grc' dir='ltr'>πρῶτον</span> <span class='ocrx_word' id='word_1_426' title='bbox 1463 1360 1551 1385; x_wconf 78' lang='grc' dir='ltr'>πᾶσαν</span> <span class='ocrx_word' id='word_1_427' title='bbox 1569 1359 1692 1394; x_wconf 75' lang='grc' dir='ltr'>περὶτῆς</span> <span class='ocrx_word' id='word_1_428' title='bbox 1718 1359 1835 1391; x_wconf 80' lang='grc' dir='ltr'>πίστεως</span> 
     </span>
    </p>
   </div>
   <div class='ocr_carea' id='block_1_60' title="bbox 1050 1404 1835 1440">
    <p class='ocr_par' dir='ltr' id='par_1_60' title="bbox 1050 1404 1835 1440">
     <span class='ocr_line' id='line_1_60' title="bbox 1050 1404 1835 1440; baseline -0.001 -9"><span class='ocrx_word' id='word_1_429' title='bbox 1050 1405 1197 1438; x_wconf 59' lang='grc' dir='ltr'>διαφωνίαν</span> <span class='ocrx_word' id='word_1_430' title='bbox 1210 1404 1399 1436; x_wconf 77' lang='grc' dir='ltr'>ἑκκόπτεσοαι,</span> <span class='ocrx_word' id='word_1_431' title='bbox 1417 1405 1464 1431; x_wconf 73' lang='grc' dir='ltr'>καὶ</span> <span class='ocrx_word' id='word_1_432' title='bbox 1479 1405 1538 1430; x_wconf 76' lang='grc' dir='ltr'>τότε</span> <span class='ocrx_word' id='word_1_433' title='bbox 1553 1405 1603 1440; x_wconf 73' lang='grc' dir='ltr'>τὴν</span> <span class='ocrx_word' id='word_1_434' title='bbox 1619 1405 1679 1440; x_wconf 76' lang='grc' dir='ltr'>περὶ</span> <span class='ocrx_word' id='word_1_435' title='bbox 1693 1405 1746 1431; x_wconf 85' lang='grc' dir='ltr'>τῶν</span> <span class='ocrx_word' id='word_1_436' title='bbox 1762 1413 1835 1440; x_wconf 88' lang='grc' dir='ltr'>πρα-</span> 
     </span>
    </p>
   </div>
   <div class='ocr_carea' id='block_1_61' title="bbox 1050 1450 1834 1486">
    <p class='ocr_par' dir='ltr' id='par_1_61' title="bbox 1050 1450 1834 1486">
     <span class='ocr_line' id='line_1_61' title="bbox 1050 1450 1834 1486; baseline 0 -10"><span class='ocrx_word' id='word_1_437' title='bbox 1050 1451 1163 1486; x_wconf 86' lang='grc' dir='ltr'>γμάτων</span> <span class='ocrx_word' id='word_1_438' title='bbox 1183 1450 1296 1486; x_wconf 78' lang='grc' dir='ltr'>ἔρευναν</span> <span class='ocrx_word' id='word_1_439' title='bbox 1311 1450 1455 1476; x_wconf 85' lang='grc' dir='ltr'>ποιεῖσθαι.</span> <span class='ocrx_word' id='word_1_440' title='bbox 1476 1451 1530 1477; x_wconf 76' lang='grc' dir='ltr'><strong>Καὶ</strong></span> <span class='ocrx_word' id='word_1_441' title='bbox 1543 1451 1596 1486; x_wconf 79' lang='grc' dir='ltr'>γὰρ</span> <span class='ocrx_word' id='word_1_442' title='bbox 1610 1452 1624 1477; x_wconf 83' lang='grc' dir='ltr'>ὁ</span> <span class='ocrx_word' id='word_1_443' title='bbox 1639 1451 1739 1485; x_wconf 79' lang='grc' dir='ltr'>Κύριος</span> <span class='ocrx_word' id='word_1_444' title='bbox 1755 1451 1834 1485; x_wconf 77' lang='grc' dir='ltr'>ἡμῶν</span> 
     </span>
    </p>
   </div>
   <div class='ocr_carea' id='block_1_62' title="bbox 217 1495 999 1543">
    <p class='ocr_par' dir='ltr' id='par_1_62' title="bbox 217 1496 999 1532">
     <span class='ocr_line' id='line_1_62' title="bbox 217 1496 999 1532; baseline -0.003 -8"><span class='ocrx_word' id='word_1_445' title='bbox 217 1496 251 1524; x_wconf 89' lang='lat' dir='ltr'><strong>de</strong></span> <span class='ocrx_word' id='word_1_446' title='bbox 276 1497 336 1523; x_wconf 86' lang='lat' dir='ltr'><strong>aliis</strong></span> <span class='ocrx_word' id='word_1_447' title='bbox 356 1503 491 1531; x_wconf 83' lang='lat' dir='ltr'><strong>qmeratur</strong></span> <span class='ocrx_word' id='word_1_448' title='bbox 510 1497 634 1532; x_wconf 73' lang='lat' dir='ltr'><strong>negotiis.</strong></span> <span class='ocrx_word' id='word_1_449' title='bbox 661 1497 727 1523; x_wconf 83' lang='lat' dir='ltr'><strong>Nam</strong></span> <span class='ocrx_word' id='word_1_450' title='bbox 753 1497 882 1524; x_wconf 89' lang='lat' dir='ltr'><strong>Dominus</strong></span> <span class='ocrx_word' id='word_1_451' title='bbox 906 1501 999 1524; x_wconf 83' lang='lat' dir='ltr'><strong>noster</strong></span> 
     </span>
    </p>
   </div>
   <div class='ocr_carea' id='block_1_63' title="bbox 1050 1495 1834 1543">
    <p class='ocr_par' dir='ltr' id='par_1_63' title="bbox 1057 1495 1834 1532">
     <span class='ocr_line' id='line_1_63' title="bbox 1057 1495 1834 1532; baseline 0 -10"><span class='ocrx_word' id='word_1_452' title='bbox 1057 1496 1160 1532; x_wconf 75' lang='grc' dir='ltr'>Ἰησοῦς</span> <span class='ocrx_word' id='word_1_453' title='bbox 1175 1497 1189 1522; x_wconf 82' lang='grc' dir='ltr'>ὁ</span> <span class='ocrx_word' id='word_1_454' title='bbox 1204 1496 1258 1532; x_wconf 70' lang='grc'><strong>(59)</strong></span> <span class='ocrx_word' id='word_1_455' title='bbox 1278 1496 1393 1531; x_wconf 80' lang='grc' dir='ltr'>Χριστὸς</span> <span class='ocrx_word' id='word_1_456' title='bbox 1410 1495 1439 1521; x_wconf 78' lang='grc' dir='ltr'>οὐ</span> <span class='ocrx_word' id='word_1_457' title='bbox 1455 1496 1586 1532; x_wconf 80' lang='grc' dir='ltr'>πρότερον</span> <span class='ocrx_word' id='word_1_458' title='bbox 1606 1495 1750 1531; x_wconf 74' lang='grc' dir='ltr'><strong>ἐθεράπευε</strong></span> <span class='ocrx_word' id='word_1_459' title='bbox 1769 1497 1834 1527; x_wconf 71' lang='grc' dir='ltr'>τοὺς</span> 
     </span>
    </p>
   </div>
   <div class='ocr_carea' id='block_1_64' title="bbox 216 1539 1000 1576">
    <p class='ocr_par' dir='ltr' id='par_1_64' title="bbox 216 1539 1000 1576">
     <span class='ocr_line' id='line_1_64' title="bbox 216 1539 1000 1576; baseline 0 -9"><span class='ocrx_word' id='word_1_460' title='bbox 216 1539 295 1568; x_wconf 75' lang='lat' dir='ltr'><strong>Jesns</strong></span> <span class='ocrx_word' id='word_1_461' title='bbox 318 1541 442 1568; x_wconf 81' lang='lat' dir='ltr'><strong>Christus</strong></span> <span class='ocrx_word' id='word_1_462' title='bbox 466 1550 518 1568; x_wconf 87' lang='lat' dir='ltr'><strong>non</strong></span> <span class='ocrx_word' id='word_1_463' title='bbox 544 1547 607 1569; x_wconf 90' lang='lat' dir='ltr'><strong>ante</strong></span> <span class='ocrx_word' id='word_1_464' title='bbox 635 1542 741 1569; x_wconf 85' lang='lat' dir='ltr'><strong>curavit</strong></span> <span class='ocrx_word' id='word_1_465' title='bbox 764 1547 896 1576; x_wconf 59' lang='lat' dir='ltr'><strong>aegrotos,</strong></span> <span class='ocrx_word' id='word_1_466' title='bbox 919 1550 1000 1576; x_wconf 84' lang='lat' dir='ltr'><strong>quam</strong></span> 
     </span>
    </p>
   </div>
   <div class='ocr_carea' id='block_1_65' title="bbox 216 1588 1001 1623">
    <p class='ocr_par' dir='ltr' id='par_1_65' title="bbox 216 1588 1001 1623">
     <span class='ocr_line' id='line_1_65' title="bbox 216 1588 1001 1623; baseline 0 -9"><span class='ocrx_word' id='word_1_467' title='bbox 216 1588 391 1614; x_wconf 80' lang='lat' dir='ltr'><strong>ostenderent</strong></span> <span class='ocrx_word' id='word_1_468' title='bbox 405 1588 642 1622; x_wconf 82' lang='lat' dir='ltr'><strong>declararentque,</strong></span> <span class='ocrx_word' id='word_1_469' title='bbox 658 1596 738 1622; x_wconf 84' lang='lat' dir='ltr'><strong>quam</strong></span> <span class='ocrx_word' id='word_1_470' title='bbox 749 1595 815 1623; x_wconf 76' lang='lat' dir='ltr'><strong>erga</strong></span> <span class='ocrx_word' id='word_1_471' title='bbox 828 1595 857 1615; x_wconf 90' lang='lat' dir='ltr'><strong>se</strong></span> <span class='ocrx_word' id='word_1_472' title='bbox 871 1588 1001 1614; x_wconf 85' lang='lat' dir='ltr'><strong>haberent</strong></span> 
     </span>
    </p>
   </div>
   <div class='ocr_carea' id='block_1_66' title="bbox 218 1624 1000 1669">
    <p class='ocr_par' dir='ltr' id='par_1_66' title="bbox 218 1624 1000 1669">
     <span class='ocr_line' id='line_1_66' title="bbox 218 1624 1000 1669; baseline 0.001 -10"><span class='ocrx_word' id='word_1_473' title='bbox 218 1633 308 1660; x_wconf 84' lang='lat' dir='ltr'><strong>iidem.</strong></span> <span class='ocrx_word' id='word_1_474' title='bbox 333 1632 396 1660; x_wconf 71' lang='lat' dir='ltr'><strong>Haec</strong></span> <span class='ocrx_word' id='word_1_475' title='bbox 413 1641 427 1660; x_wconf 86' lang='lat' dir='ltr'><strong>a</strong></span> <span class='ocrx_word' id='word_1_476' title='bbox 443 1633 568 1660; x_wconf 79' lang='lat' dir='ltr'><strong>Patribus</strong></span> <span class='ocrx_word' id='word_1_477' title='bbox 584 1634 726 1661; x_wconf 90' lang='lat' dir='ltr'><strong>didicimus</strong></span> <span class='ocrx_word' id='word_1_478' title='bbox 743 1641 749 1666; x_wconf 88' lang='lat'><strong>;</strong></span> <span class='ocrx_word' id='word_1_479' title='bbox 773 1624 1000 1669; x_wconf 57' lang='lat' dir='ltr'><strong>haecimperatori</strong></span> 
     </span>
    </p>
   </div>
   <div class='ocr_carea' id='block_1_67' title="bbox 218 1672 1002 1711">
    <p class='ocr_par' dir='ltr' id='par_1_67' title="bbox 218 1672 1002 1711">
     <span class='ocr_line' id='line_1_67' title="bbox 218 1672 1002 1711; baseline 0.003 -7"><span class='ocrx_word' id='word_1_480' title='bbox 218 1672 342 1705; x_wconf 80' lang='lat' dir='ltr'><strong>renuntia</strong></span> <span class='ocrx_word' id='word_1_481' title='bbox 358 1687 365 1711; x_wconf 91' lang='lat'>;</span> <span class='ocrx_word' id='word_1_482' title='bbox 392 1680 448 1706; x_wconf 66' lang='lat' dir='ltr'><strong>haec</strong></span> <span class='ocrx_word' id='word_1_483' title='bbox 467 1685 494 1707; x_wconf 89' lang='lat' dir='ltr'><strong>et</strong></span> <span class='ocrx_word' id='word_1_484' title='bbox 517 1680 554 1706; x_wconf 89' lang='lat' dir='ltr'><strong>illi</strong></span> <span class='ocrx_word' id='word_1_485' title='bbox 571 1684 598 1706; x_wconf 89' lang='lat' dir='ltr'><strong>et</strong></span> <span class='ocrx_word' id='word_1_486' title='bbox 615 1680 740 1707; x_wconf 73' lang='lat' dir='ltr'><strong>Ecclesite</strong></span> <span class='ocrx_word' id='word_1_487' title='bbox 756 1680 923 1707; x_wconf 67' lang='lat' dir='ltr'><strong>aediticationi</strong></span> <span class='ocrx_word' id='word_1_488' title='bbox 937 1687 1002 1706; x_wconf 90' lang='lat' dir='ltr'><strong>con-</strong></span> 
     </span>
    </p>
   </div>
   <div class='ocr_carea' id='block_1_68' title="bbox 218 1724 1000 1760">
    <p class='ocr_par' dir='ltr' id='par_1_68' title="bbox 218 1724 1000 1760">
     <span class='ocr_line' id='line_1_68' title="bbox 218 1724 1000 1760; baseline 0.003 -10"><span class='ocrx_word' id='word_1_489' title='bbox 218 1725 330 1751; x_wconf 86' lang='lat' dir='ltr'><strong>ducunt.</strong></span> <span class='ocrx_word' id='word_1_490' title='bbox 346 1724 383 1752; x_wconf 82' lang='lat' dir='ltr'><strong>Ne</strong></span> <span class='ocrx_word' id='word_1_491' title='bbox 396 1725 540 1752; x_wconf 85' lang='lat' dir='ltr'><strong>audiantur</strong></span> <span class='ocrx_word' id='word_1_492' title='bbox 555 1726 685 1753; x_wconf 84' lang='lat' dir='ltr'><strong>Ursacius</strong></span> <span class='ocrx_word' id='word_1_493' title='bbox 699 1731 726 1752; x_wconf 90' lang='lat' dir='ltr'><strong>et</strong></span> <span class='ocrx_word' id='word_1_494' title='bbox 744 1725 841 1752; x_wconf 78' lang='lat' dir='ltr'><strong>Valens</strong></span> <span class='ocrx_word' id='word_1_495' title='bbox 859 1734 866 1753; x_wconf 92' lang='lat'>:</span> <span class='ocrx_word' id='word_1_496' title='bbox 881 1726 1000 1760; x_wconf 89' lang='lat' dir='ltr'><strong>quicum</strong></span> 
     </span>
    </p>
   </div>
   <div class='ocr_carea' id='block_1_69' title="bbox 219 1769 1000 1806">
    <p class='ocr_par' dir='ltr' id='par_1_69' title="bbox 219 1769 1000 1806">
     <span class='ocr_line' id='line_1_69' title="bbox 219 1769 1000 1806; baseline 0.004 -10"><span class='ocrx_word' id='word_1_497' title='bbox 219 1769 252 1796; x_wconf 89' lang='lat' dir='ltr'><strong>de</strong></span> <span class='ocrx_word' id='word_1_498' title='bbox 267 1771 346 1797; x_wconf 89' lang='lat' dir='ltr'><strong>rebus</strong></span> <span class='ocrx_word' id='word_1_499' title='bbox 366 1778 380 1796; x_wconf 83' lang='lat' dir='ltr'><strong>a</strong></span> <span class='ocrx_word' id='word_1_500' title='bbox 399 1777 428 1797; x_wconf 76' lang='lat' dir='ltr'><strong>se</strong></span> <span class='ocrx_word' id='word_1_501' title='bbox 442 1776 505 1798; x_wconf 87' lang='lat' dir='ltr'><strong>ante</strong></span> <span class='ocrx_word' id='word_1_502' title='bbox 519 1772 601 1806; x_wconf 80' lang='lat' dir='ltr'><strong>gestis</strong></span> <span class='ocrx_word' id='word_1_503' title='bbox 616 1771 804 1806; x_wconf 76' lang='lat' dir='ltr'><strong>pmnitentiam</strong></span> <span class='ocrx_word' id='word_1_504' title='bbox 817 1773 933 1806; x_wconf 80' lang='lat' dir='ltr'><strong>egerint,</strong></span> <span class='ocrx_word' id='word_1_505' title='bbox 944 1771 1000 1806; x_wconf 73' lang='lat' dir='ltr'><strong>jam</strong></span> 
     </span>
    </p>
   </div>
   <div class='ocr_carea' id='block_1_70' title="bbox 219 1815 571 1850">
    <p class='ocr_par' dir='ltr' id='par_1_70' title="bbox 219 1815 571 1850">
     <span class='ocr_line' id='line_1_70' title="bbox 219 1815 571 1850; baseline 0.006 -9"><span class='ocrx_word' id='word_1_506' title='bbox 219 1815 329 1842; x_wconf 91' lang='lat' dir='ltr'><strong>minime</strong></span> <span class='ocrx_word' id='word_1_507' title='bbox 344 1815 395 1843; x_wconf 89' lang='lat' dir='ltr'><strong>ﬁde</strong></span> <span class='ocrx_word' id='word_1_508' title='bbox 411 1817 483 1850; x_wconf 75' lang='lat' dir='ltr'><strong>digni</strong></span> <span class='ocrx_word' id='word_1_509' title='bbox 499 1822 571 1843; x_wconf 85' lang='lat' dir='ltr'><strong>sunt.</strong></span> 
     </span>
    </p>
   </div>
   <div class='ocr_carea' id='block_1_71' title="bbox 253 1862 1001 1897">
    <p class='ocr_par' dir='ltr' id='par_1_71' title="bbox 253 1862 1001 1897">
     <span class='ocr_line' id='line_1_71' title="bbox 253 1862 1001 1897; baseline 0.001 -8"><span class='ocrx_word' id='word_1_510' title='bbox 253 1862 296 1889; x_wconf 81' lang='grc'><strong>57.</strong></span> <span class='ocrx_word' id='word_1_511' title='bbox 317 1862 378 1890; x_wconf 68' lang='lat' dir='ltr'><strong>Haec</strong></span> <span class='ocrx_word' id='word_1_512' title='bbox 400 1863 541 1897; x_wconf 83' lang='lat' dir='ltr'><strong>episcopus</strong></span> <span class='ocrx_word' id='word_1_513' title='bbox 555 1863 688 1891; x_wconf 86' lang='lat' dir='ltr'><strong>Liberius.</strong></span> <span class='ocrx_word' id='word_1_514' title='bbox 701 1865 736 1890; x_wconf 84' lang='lat' dir='ltr'><strong>At</strong></span> <span class='ocrx_word' id='word_1_515' title='bbox 761 1864 902 1891; x_wconf 87' lang='lat' dir='ltr'><strong>eunuchus</strong></span> <span class='ocrx_word' id='word_1_516' title='bbox 929 1863 1001 1890; x_wconf 90' lang='lat' dir='ltr'><strong>indi-</strong></span> 
     </span>
    </p>
   </div>
   <div class='ocr_carea' id='block_1_72' title="bbox 219 1910 1000 1944">
    <p class='ocr_par' dir='ltr' id='par_1_72' title="bbox 219 1910 1000 1944">
     <span class='ocr_line' id='line_1_72' title="bbox 219 1910 1000 1944; baseline 0.001 -9"><span class='ocrx_word' id='word_1_517' title='bbox 219 1914 326 1942; x_wconf 69' lang='lat' dir='ltr'><strong>gnatus,</strong></span> <span class='ocrx_word' id='word_1_518' title='bbox 341 1917 393 1935; x_wconf 91' lang='lat' dir='ltr'><strong>non</strong></span> <span class='ocrx_word' id='word_1_519' title='bbox 411 1914 465 1936; x_wconf 88' lang='lat' dir='ltr'><strong>tam</strong></span> <span class='ocrx_word' id='word_1_520' title='bbox 486 1910 558 1944; x_wconf 88' lang='lat' dir='ltr'><strong>quod</strong></span> <span class='ocrx_word' id='word_1_521' title='bbox 577 1910 750 1937; x_wconf 87' lang='lat' dir='ltr'><strong>subscribere</strong></span> <span class='ocrx_word' id='word_1_522' title='bbox 763 1914 902 1942; x_wconf 88' lang='lat' dir='ltr'><strong>renueret,</strong></span> <span class='ocrx_word' id='word_1_523' title='bbox 919 1917 1000 1944; x_wconf 87' lang='lat' dir='ltr'><strong>quam</strong></span> 
     </span>
    </p>
   </div>
   <div class='ocr_carea' id='block_1_73' title="bbox 219 1955 1002 1990">
    <p class='ocr_par' dir='ltr' id='par_1_73' title="bbox 219 1955 1002 1990">
     <span class='ocr_line' id='line_1_73' title="bbox 219 1955 1002 1990; baseline 0.004 -10"><span class='ocrx_word' id='word_1_524' title='bbox 219 1955 290 1988; x_wconf 88' lang='lat' dir='ltr'><strong>quod</strong></span> <span class='ocrx_word' id='word_1_525' title='bbox 307 1955 380 1981; x_wconf 91' lang='lat' dir='ltr'><strong>illum</strong></span> <span class='ocrx_word' id='word_1_526' title='bbox 398 1956 492 1982; x_wconf 73' lang='lat' dir='ltr'><strong>lueresi</strong></span> <span class='ocrx_word' id='word_1_527' title='bbox 519 1955 704 1983; x_wconf 82' lang='lat' dir='ltr'><strong>adversarium</strong></span> <span class='ocrx_word' id='word_1_528' title='bbox 725 1956 913 1990; x_wconf 85' lang='lat' dir='ltr'><strong>comperisset,</strong></span> <span class='ocrx_word' id='word_1_529' title='bbox 934 1956 1002 1983; x_wconf 90' lang='lat' dir='ltr'><strong>obli-</strong></span> 
     </span>
    </p>
   </div>
   <div class='ocr_carea' id='block_1_74' title="bbox 219 2002 1002 2036">
    <p class='ocr_par' dir='ltr' id='par_1_74' title="bbox 219 2002 1002 2036">
     <span class='ocr_line' id='line_1_74' title="bbox 219 2002 1002 2036; baseline 0.004 -10"><span class='ocrx_word' id='word_1_530' title='bbox 219 2004 317 2035; x_wconf 86' lang='lat' dir='ltr'><strong>tusque</strong></span> <span class='ocrx_word' id='word_1_531' title='bbox 332 2009 360 2028; x_wconf 89' lang='lat' dir='ltr'><strong>sc</strong></span> <span class='ocrx_word' id='word_1_532' title='bbox 372 2009 463 2028; x_wconf 88' lang='lat' dir='ltr'><strong>coram</strong></span> <span class='ocrx_word' id='word_1_533' title='bbox 481 2002 608 2036; x_wconf 87' lang='lat' dir='ltr'><strong>episcopo</strong></span> <span class='ocrx_word' id='word_1_534' title='bbox 624 2007 697 2028; x_wconf 86' lang='lat' dir='ltr'><strong>stare</strong></span> <span class='ocrx_word' id='word_1_535' title='bbox 707 2021 714 2033; x_wconf 88' lang='lat'>.</span> <span class='ocrx_word' id='word_1_536' title='bbox 732 2003 831 2029; x_wconf 85' lang='lat' dir='ltr'><strong>acriter</strong></span> <span class='ocrx_word' id='word_1_537' title='bbox 844 2003 1002 2029; x_wconf 85' lang='lat' dir='ltr'><strong>intermina-</strong></span> 
     </span>
    </p>
   </div>
   <div class='ocr_carea' id='block_1_75' title="bbox 220 2046 1000 2082">
    <p class='ocr_par' dir='ltr' id='par_1_75' title="bbox 220 2046 1000 2082">
     <span class='ocr_line' id='line_1_75' title="bbox 220 2046 1000 2082; baseline 0.004 -11"><span class='ocrx_word' id='word_1_538' title='bbox 220 2051 264 2072; x_wconf 82' lang='lat' dir='ltr'><strong>tus</strong></span> <span class='ocrx_word' id='word_1_539' title='bbox 274 2053 334 2072; x_wconf 91' lang='lat' dir='ltr'><strong>cum</strong></span> <span class='ocrx_word' id='word_1_540' title='bbox 360 2046 437 2073; x_wconf 86' lang='lat' dir='ltr'><strong>donis</strong></span> <span class='ocrx_word' id='word_1_541' title='bbox 453 2047 529 2079; x_wconf 85' lang='lat' dir='ltr'><strong>abit,</strong></span> <span class='ocrx_word' id='word_1_542' title='bbox 547 2046 733 2082; x_wconf 79' lang='lat' dir='ltr'><strong>nefariamque</strong></span> <span class='ocrx_word' id='word_1_543' title='bbox 759 2055 815 2074; x_wconf 86' lang='lat' dir='ltr'><strong>rem</strong></span> <span class='ocrx_word' id='word_1_544' title='bbox 830 2048 1000 2082; x_wconf 73' lang='lat' dir='ltr'><strong>aggreditur,</strong></span> 
     </span>
    </p>
   </div>
   <div class='ocr_carea' id='block_1_76' title="bbox 219 2091 1001 2129">
    <p class='ocr_par' dir='ltr' id='par_1_76' title="bbox 219 2091 1001 2129">
     <span class='ocr_line' id='line_1_76' title="bbox 219 2091 1001 2129; baseline 0.005 -12"><span class='ocrx_word' id='word_1_545' title='bbox 219 2099 280 2125; x_wconf 74' lang='lat' dir='ltr'><strong>qua:</strong></span> <span class='ocrx_word' id='word_1_546' title='bbox 296 2099 309 2117; x_wconf 74' lang='grc' dir='ltr'><strong>ει</strong></span> <span class='ocrx_word' id='word_1_547' title='bbox 328 2091 490 2118; x_wconf 77' lang='lat' dir='ltr'><strong>Christianis</strong></span> <span class='ocrx_word' id='word_1_548' title='bbox 511 2093 619 2127; x_wconf 86' lang='lat' dir='ltr'><strong>quidem</strong></span> <span class='ocrx_word' id='word_1_549' title='bbox 646 2094 809 2126; x_wconf 83' lang='lat' dir='ltr'><strong>abhorreat,</strong></span> <span class='ocrx_word' id='word_1_550' title='bbox 837 2094 1001 2129; x_wconf 81' lang='lat' dir='ltr'><strong>majorisque</strong></span> 
     </span>
    </p>
   </div>
   <div class='ocr_carea' id='block_1_77' title="bbox 220 2137 1000 2172">
    <p class='ocr_par' dir='ltr' id='par_1_77' title="bbox 220 2137 1000 2172">
     <span class='ocr_line' id='line_1_77' title="bbox 220 2137 1000 2172; baseline 0.006 -9"><span class='ocrx_word' id='word_1_551' title='bbox 220 2137 255 2164; x_wconf 90' lang='lat' dir='ltr'><strong>sit</strong></span> <span class='ocrx_word' id='word_1_552' title='bbox 277 2137 396 2164; x_wconf 65' lang='lat' dir='ltr'><strong>audaciae</strong></span> <span class='ocrx_word' id='word_1_553' title='bbox 419 2145 500 2172; x_wconf 88' lang='lat' dir='ltr'><strong>quam</strong></span> <span class='ocrx_word' id='word_1_554' title='bbox 525 2145 584 2172; x_wconf 77' lang='lat' dir='ltr'><strong>qnze</strong></span> <span class='ocrx_word' id='word_1_555' title='bbox 611 2139 758 2172; x_wconf 86' lang='lat' dir='ltr'><strong>spadonem</strong></span> <span class='ocrx_word' id='word_1_556' title='bbox 776 2141 880 2168; x_wconf 81' lang='lat' dir='ltr'><strong>deceat.</strong></span> <span class='ocrx_word' id='word_1_557' title='bbox 909 2141 1000 2169; x_wconf 86' lang='lat' dir='ltr'><strong>Saulis</strong></span> 
     </span>
    </p>
   </div>
   <div class='ocr_carea' id='block_1_78' title="bbox 1052 1540 1835 1576">
    <p class='ocr_par' dir='ltr' id='par_1_78' title="bbox 1052 1540 1835 1576">
     <span class='ocr_line' id='line_1_78' title="bbox 1052 1540 1835 1576; baseline 0.001 -9"><span class='ocrx_word' id='word_1_558' title='bbox 1052 1542 1216 1576; x_wconf 71' lang='grc' dir='ltr'>πάσχοντας,</span> <span class='ocrx_word' id='word_1_559' title='bbox 1231 1542 1294 1576; x_wconf 73' lang='grc' dir='ltr'>πρὶν</span> <span class='ocrx_word' id='word_1_560' title='bbox 1311 1540 1343 1567; x_wconf 81' lang='grc' dir='ltr'>ἂν</span> <span class='ocrx_word' id='word_1_561' title='bbox 1355 1541 1459 1572; x_wconf 79' lang='grc' dir='ltr'>δείξωσι</span> <span class='ocrx_word' id='word_1_562' title='bbox 1481 1541 1527 1567; x_wconf 77' lang='grc' dir='ltr'>καὶ</span> <span class='ocrx_word' id='word_1_563' title='bbox 1543 1541 1664 1574; x_wconf 76' lang='grc' dir='ltr'>εἴπωσιν,</span> <span class='ocrx_word' id='word_1_564' title='bbox 1680 1542 1772 1568; x_wconf 80' lang='grc' dir='ltr'>ὁποίαν</span> <span class='ocrx_word' id='word_1_565' title='bbox 1789 1541 1835 1568; x_wconf 84' lang='grc' dir='ltr'>πί-</span> 
     </span>
    </p>
   </div>
   <div class='ocr_carea' id='block_1_79' title="bbox 1053 1585 1836 1624">
    <p class='ocr_par' dir='ltr' id='par_1_79' title="bbox 1053 1585 1836 1624">
     <span class='ocr_line' id='line_1_79' title="bbox 1053 1585 1836 1624; baseline 0.003 -11"><span class='ocrx_word' id='word_1_566' title='bbox 1053 1595 1110 1613; x_wconf 87' lang='grc' dir='ltr'>στιν</span> <span class='ocrx_word' id='word_1_567' title='bbox 1127 1585 1199 1622; x_wconf 78' lang='grc' dir='ltr'>εἶχον</span> <span class='ocrx_word' id='word_1_568' title='bbox 1213 1588 1252 1619; x_wconf 86' lang='grc' dir='ltr'>εἰς</span> <span class='ocrx_word' id='word_1_569' title='bbox 1268 1587 1358 1613; x_wconf 69' lang='grc' dir='ltr'>αὐτόν.</span> <span class='ocrx_word' id='word_1_570' title='bbox 1374 1587 1465 1613; x_wconf 78' lang='grc' dir='ltr'>Ταῦτα</span> <span class='ocrx_word' id='word_1_571' title='bbox 1484 1587 1558 1623; x_wconf 79' lang='grc' dir='ltr'>παρὰ</span> <span class='ocrx_word' id='word_1_572' title='bbox 1570 1588 1623 1614; x_wconf 81' lang='grc' dir='ltr'>τῶν</span> <span class='ocrx_word' id='word_1_573' title='bbox 1634 1588 1758 1624; x_wconf 82' lang='grc' dir='ltr'>ῐιατέρων</span> <span class='ocrx_word' id='word_1_574' title='bbox 1771 1589 1836 1624; x_wconf 72' lang='grc' dir='ltr'><strong>ἐμά-</strong></span> 
     </span>
    </p>
   </div>
   <div class='ocr_carea' id='block_1_80' title="bbox 1052 1629 1836 1670">
    <p class='ocr_par' dir='ltr' id='par_1_80' title="bbox 1052 1629 1836 1670">
     <span class='ocr_line' id='line_1_80' title="bbox 1052 1629 1836 1670; baseline 0.005 -12"><span class='ocrx_word' id='word_1_575' title='bbox 1052 1632 1143 1668; x_wconf 84' lang='grc' dir='ltr'>Θομεν·</span> <span class='ocrx_word' id='word_1_576' title='bbox 1161 1633 1247 1659; x_wconf 74' lang='grc' dir='ltr'>ταῦτα</span> <span class='ocrx_word' id='word_1_577' title='bbox 1265 1629 1425 1668; x_wconf 65' lang='grc' dir='ltr'>ἐπαγγειλον</span> <span class='ocrx_word' id='word_1_578' title='bbox 1445 1633 1483 1667; x_wconf 79' lang='grc' dir='ltr'>τῷ</span> <span class='ocrx_word' id='word_1_579' title='bbox 1501 1633 1613 1668; x_wconf 77' lang='grc' dir='ltr'>βασιλεῖ·</span> <span class='ocrx_word' id='word_1_580' title='bbox 1625 1634 1709 1660; x_wconf 70' lang='grc' dir='ltr'>ταῦτα</span> <span class='ocrx_word' id='word_1_581' title='bbox 1721 1634 1775 1670; x_wconf 81' lang='grc' dir='ltr'><strong>γὰρ</strong></span> <span class='ocrx_word' id='word_1_582' title='bbox 1788 1636 1836 1662; x_wconf 70' lang='grc' dir='ltr'>καὶ</span> 
     </span>
    </p>
   </div>
   <div class='ocr_carea' id='block_1_81' title="bbox 1051 1679 1835 1717">
    <p class='ocr_par' dir='ltr' id='par_1_81' title="bbox 1051 1679 1835 1717">
     <span class='ocr_line' id='line_1_81' title="bbox 1051 1679 1835 1717; baseline 0.003 -12"><span class='ocrx_word' id='word_1_583' title='bbox 1051 1679 1126 1714; x_wconf 80' lang='grc' dir='ltr'>αὐτῷ</span> <span class='ocrx_word' id='word_1_584' title='bbox 1150 1679 1293 1714; x_wconf 49' lang='grc' dir='ltr'>συμςέρει,</span> <span class='ocrx_word' id='word_1_585' title='bbox 1316 1680 1364 1706; x_wconf 66' lang='grc' dir='ltr'>καὶ</span> <span class='ocrx_word' id='word_1_586' title='bbox 1375 1680 1423 1714; x_wconf 78' lang='grc' dir='ltr'>τὴν</span> <span class='ocrx_word' id='word_1_587' title='bbox 1453 1680 1613 1715; x_wconf 81' lang='grc' dir='ltr'>Ἐκκλησίαν</span> <span class='ocrx_word' id='word_1_588' title='bbox 1627 1681 1769 1715; x_wconf 80' lang='grc' dir='ltr'>οἰκοδομεῖ.</span> <span class='ocrx_word' id='word_1_589' title='bbox 1789 1682 1835 1717; x_wconf 85' lang='grc' dir='ltr'><strong>Μὴ</strong></span> 
     </span>
    </p>
   </div>
   <div class='ocr_carea' id='block_1_82' title="bbox 1051 1725 1835 1763">
    <p class='ocr_par' dir='ltr' id='par_1_82' title="bbox 1051 1725 1835 1763">
     <span class='ocr_line' id='line_1_82' title="bbox 1051 1725 1835 1763; baseline 0.005 -13"><span class='ocrx_word' id='word_1_590' title='bbox 1051 1725 1172 1751; x_wconf 83' lang='grc' dir='ltr'>ἀκουέτω</span> <span class='ocrx_word' id='word_1_591' title='bbox 1188 1725 1243 1759; x_wconf 77' lang='grc' dir='ltr'><strong>(ιθ)</strong></span> <span class='ocrx_word' id='word_1_592' title='bbox 1259 1725 1288 1751; x_wconf 79' lang='grc' dir='ltr'><strong>δὲ</strong></span> <span class='ocrx_word' id='word_1_593' title='bbox 1299 1727 1449 1761; x_wconf 74' lang='grc' dir='ltr'>οὑρσάκιος</span> <span class='ocrx_word' id='word_1_594' title='bbox 1463 1727 1510 1752; x_wconf 79' lang='grc' dir='ltr'><strong>καὶ</strong></span> <span class='ocrx_word' id='word_1_595' title='bbox 1526 1727 1641 1761; x_wconf 76' lang='grc' dir='ltr'>Οὐάλης·</span> <span class='ocrx_word' id='word_1_596' title='bbox 1657 1728 1703 1753; x_wconf 71' lang='grc' dir='ltr'>καὶ</span> <span class='ocrx_word' id='word_1_597' title='bbox 1718 1729 1771 1763; x_wconf 79' lang='grc' dir='ltr'>γὰρ</span> <span class='ocrx_word' id='word_1_598' title='bbox 1790 1729 1835 1754; x_wconf 73' lang='grc' dir='ltr'>καὶ</span> 
     </span>
    </p>
   </div>
   <div class='ocr_carea' id='block_1_83' title="bbox 1052 1771 1836 1808">
    <p class='ocr_par' dir='ltr' id='par_1_83' title="bbox 1052 1771 1836 1808">
     <span class='ocr_line' id='line_1_83' title="bbox 1052 1771 1836 1808; baseline 0.005 -11"><span class='ocrx_word' id='word_1_599' title='bbox 1052 1771 1081 1797; x_wconf 79' lang='grc' dir='ltr'>ὲν</span> <span class='ocrx_word' id='word_1_600' title='bbox 1092 1773 1148 1802; x_wconf 85' lang='grc' dir='ltr'>τοῖς</span> <span class='ocrx_word' id='word_1_601' title='bbox 1159 1771 1300 1806; x_wconf 84' lang='grc' dir='ltr'>προτέροις</span> <span class='ocrx_word' id='word_1_602' title='bbox 1314 1772 1488 1807; x_wconf 72' lang='grc' dir='ltr'>μετενόησαν,</span> <span class='ocrx_word' id='word_1_603' title='bbox 1501 1773 1558 1804; x_wconf 73' lang='grc' dir='ltr'>καὶ,</span> <span class='ocrx_word' id='word_1_604' title='bbox 1574 1773 1621 1799; x_wconf 79' lang='grc' dir='ltr'>νῦν</span> <span class='ocrx_word' id='word_1_605' title='bbox 1637 1773 1770 1808; x_wconf 83' lang='grc' dir='ltr'>λέγοντες,</span> <span class='ocrx_word' id='word_1_606' title='bbox 1787 1776 1836 1801; x_wconf 79' lang='grc' dir='ltr'><strong>οὐκ</strong></span> 
     </span>
    </p>
   </div>
   <div class='ocr_carea' id='block_1_84' title="bbox 1052 1816 1218 1843">
    <p class='ocr_par' dir='ltr' id='par_1_84' title="bbox 1052 1816 1218 1843">
     <span class='ocr_line' id='line_1_84' title="bbox 1052 1816 1218 1843; baseline 0.006 -1"><span class='ocrx_word' id='word_1_607' title='bbox 1052 1816 1105 1843; x_wconf 69' lang='grc' dir='ltr'>εἰσὶ</span> <span class='ocrx_word' id='word_1_608' title='bbox 1119 1817 1218 1843; x_wconf 61' lang='lat' dir='ltr'><strong>morai.</strong></span> 
     </span>
    </p>
   </div>
   <div class='ocr_carea' id='block_1_85' title="bbox 1087 1861 1835 1899">
    <p class='ocr_par' dir='ltr' id='par_1_85' title="bbox 1087 1861 1835 1899">
     <span class='ocr_line' id='line_1_85' title="bbox 1087 1861 1835 1899; baseline 0.004 -9"><span class='ocrx_word' id='word_1_609' title='bbox 1087 1863 1130 1890; x_wconf 83' lang='grc'><strong>57.</strong></span> <span class='ocrx_word' id='word_1_610' title='bbox 1153 1863 1182 1890; x_wconf 84' lang='grc'><strong>’0</strong></span> <span class='ocrx_word' id='word_1_611' title='bbox 1199 1864 1247 1898; x_wconf 77' lang='grc' dir='ltr'>μὲν</span> <span class='ocrx_word' id='word_1_612' title='bbox 1261 1861 1308 1890; x_wconf 71' lang='grc' dir='ltr'><strong>οὖν</strong></span> <span class='ocrx_word' id='word_1_613' title='bbox 1328 1863 1476 1895; x_wconf 73' lang='grc' dir='ltr'>ἐπίσκοπος</span> <span class='ocrx_word' id='word_1_614' title='bbox 1489 1863 1613 1899; x_wconf 74' lang='grc' dir='ltr'>Λιὸέριος</span> <span class='ocrx_word' id='word_1_615' title='bbox 1626 1864 1753 1891; x_wconf 73' lang='grc' dir='ltr'>τοιαῦτα·</span> <span class='ocrx_word' id='word_1_616' title='bbox 1775 1867 1791 1892; x_wconf 86' lang='grc' dir='ltr'><strong>ὀ</strong></span> <span class='ocrx_word' id='word_1_617' title='bbox 1805 1866 1835 1893; x_wconf 84' lang='grc' dir='ltr'><strong>δὲ</strong></span> 
     </span>
    </p>
   </div>
   <div class='ocr_carea' id='block_1_86' title="bbox 1052 1908 1835 1948">
    <p class='ocr_par' dir='ltr' id='par_1_86' title="bbox 1052 1908 1835 1948">
     <span class='ocr_line' id='line_1_86' title="bbox 1052 1908 1835 1948; baseline 0.008 -14"><span class='ocrx_word' id='word_1_618' title='bbox 1052 1908 1188 1944; x_wconf 77' lang='grc' dir='ltr'>εὐνοῦχος,</span> <span class='ocrx_word' id='word_1_619' title='bbox 1209 1909 1351 1944; x_wconf 72' lang='grc' dir='ltr'>λυπηθεὶς,</span> <span class='ocrx_word' id='word_1_620' title='bbox 1368 1911 1398 1936; x_wconf 77' lang='grc' dir='ltr'>οὐ</span> <span class='ocrx_word' id='word_1_621' title='bbox 1415 1909 1541 1936; x_wconf 76' lang='grc' dir='ltr'>τοσοῦτον</span> <span class='ocrx_word' id='word_1_622' title='bbox 1556 1911 1596 1936; x_wconf 76' lang='grc' dir='ltr'>ὅτι</span> <span class='ocrx_word' id='word_1_623' title='bbox 1613 1911 1649 1946; x_wconf 82' lang='grc' dir='ltr'>μὴ</span> <span class='ocrx_word' id='word_1_624' title='bbox 1668 1912 1835 1948; x_wconf 67' lang='grc' dir='ltr'>ὑπέγραψεν,</span> 
     </span>
    </p>
   </div>
   <div class='ocr_carea' id='block_1_87' title="bbox 1051 1953 1836 1992">
    <p class='ocr_par' dir='ltr' id='par_1_87' title="bbox 1051 1953 1836 1992">
     <span class='ocr_line' id='line_1_87' title="bbox 1051 1953 1836 1992; baseline 0.008 -12"><span class='ocrx_word' id='word_1_625' title='bbox 1051 1954 1108 1981; x_wconf 75' lang='grc' dir='ltr'>ἀλλ’</span> <span class='ocrx_word' id='word_1_626' title='bbox 1119 1955 1159 1981; x_wconf 80' lang='grc' dir='ltr'>ὅτι</span> <span class='ocrx_word' id='word_1_627' title='bbox 1172 1955 1221 1990; x_wconf 81' lang='grc' dir='ltr'>τῆς</span> <span class='ocrx_word' id='word_1_628' title='bbox 1233 1955 1363 1991; x_wconf 77' lang='grc' dir='ltr'>αἱρέσεως</span> <span class='ocrx_word' id='word_1_629' title='bbox 1378 1955 1474 1991; x_wconf 71' lang='grc' dir='ltr'>ἐχθρὸν</span> <span class='ocrx_word' id='word_1_630' title='bbox 1487 1955 1567 1982; x_wconf 69' lang='grc' dir='ltr'>αὑτὸν</span> <span class='ocrx_word' id='word_1_631' title='bbox 1590 1953 1667 1992; x_wconf 76' lang='grc' dir='ltr'>εὗρεν</span> <span class='ocrx_word' id='word_1_632' title='bbox 1680 1977 1686 1989; x_wconf 84' lang='grc'><strong>,</strong></span> <span class='ocrx_word' id='word_1_633' title='bbox 1711 1959 1836 1986; x_wconf 76' lang='grc' dir='ltr'>ἐπιλαθό-</span> 
     </span>
    </p>
   </div>
   <div class='ocr_carea' id='block_1_88' title="bbox 1053 2000 1837 2041">
    <p class='ocr_par' dir='ltr' id='par_1_88' title="bbox 1053 2000 1837 2041">
     <span class='ocr_line' id='line_1_88' title="bbox 1053 2000 1837 2041; baseline 0.006 -14"><span class='ocrx_word' id='word_1_634' title='bbox 1053 2001 1133 2036; x_wconf 81' lang='grc' dir='ltr'>μενός</span> <span class='ocrx_word' id='word_1_635' title='bbox 1144 2010 1185 2033; x_wconf 84' lang='grc' dir='ltr'><strong>τε,</strong></span> <span class='ocrx_word' id='word_1_636' title='bbox 1208 2002 1248 2028; x_wconf 84' lang='grc' dir='ltr'>ὅτι</span> <span class='ocrx_word' id='word_1_637' title='bbox 1269 2001 1336 2036; x_wconf 84' lang='grc' dir='ltr'>πρὸς</span> <span class='ocrx_word' id='word_1_638' title='bbox 1348 2002 1495 2037; x_wconf 71' lang='grc' dir='ltr'>ἐπίσκοπον</span> <span class='ocrx_word' id='word_1_639' title='bbox 1511 2000 1553 2038; x_wconf 86' lang='grc' dir='ltr'>ἦν,</span> <span class='ocrx_word' id='word_1_640' title='bbox 1579 2003 1703 2038; x_wconf 76' lang='grc' dir='ltr'>μεγάλως</span> <span class='ocrx_word' id='word_1_641' title='bbox 1726 2005 1837 2041; x_wconf 82' lang='grc' dir='ltr'>ἀπειλή-</span> 
     </span>
    </p>
   </div>
   <div class='ocr_carea' id='block_1_89' title="bbox 1053 2046 1837 2083">
    <p class='ocr_par' dir='ltr' id='par_1_89' title="bbox 1053 2046 1837 2083">
     <span class='ocr_line' id='line_1_89' title="bbox 1053 2046 1837 2083; baseline 0.005 -11"><span class='ocrx_word' id='word_1_642' title='bbox 1053 2054 1101 2078; x_wconf 88' lang='grc' dir='ltr'>σας</span> <span class='ocrx_word' id='word_1_643' title='bbox 1121 2046 1249 2081; x_wconf 78' lang='grc' dir='ltr'>ἐξήρχετο</span> <span class='ocrx_word' id='word_1_644' title='bbox 1274 2047 1343 2082; x_wconf 77' lang='grc' dir='ltr'>μετὰ</span> <span class='ocrx_word' id='word_1_645' title='bbox 1363 2047 1416 2073; x_wconf 80' lang='grc' dir='ltr'>τῶν</span> <span class='ocrx_word' id='word_1_646' title='bbox 1432 2047 1524 2083; x_wconf 83' lang='grc' dir='ltr'>δώρων</span> <span class='ocrx_word' id='word_1_647' title='bbox 1537 2057 1544 2063; x_wconf 88' lang='grc'>·</span> <span class='ocrx_word' id='word_1_648' title='bbox 1563 2049 1676 2083; x_wconf 74' lang='grc' dir='ltr'>πράττει</span> <span class='ocrx_word' id='word_1_649' title='bbox 1693 2049 1720 2075; x_wconf 81' lang='grc' dir='ltr'><em>δέ</em></span> <span class='ocrx_word' id='word_1_650' title='bbox 1739 2058 1765 2076; x_wconf 87' lang='grc' dir='ltr'><strong>τι</strong></span> <span class='ocrx_word' id='word_1_651' title='bbox 1784 2058 1837 2076; x_wconf 80' lang='grc' dir='ltr'>πα-</span> 
     </span>
    </p>
   </div>
   <div class='ocr_carea' id='block_1_90' title="bbox 1054 2092 1836 2128">
    <p class='ocr_par' dir='ltr' id='par_1_90' title="bbox 1054 2092 1836 2128">
     <span class='ocr_line' id='line_1_90' title="bbox 1054 2092 1836 2128; baseline 0.005 -11"><span class='ocrx_word' id='word_1_652' title='bbox 1054 2092 1185 2126; x_wconf 82' lang='grc' dir='ltr'>ράνομον,</span> <span class='ocrx_word' id='word_1_653' title='bbox 1201 2092 1370 2127; x_wconf 83' lang='grc' dir='ltr'>Χριστιανῶν</span> <span class='ocrx_word' id='word_1_654' title='bbox 1393 2092 1442 2127; x_wconf 78' lang='grc' dir='ltr'>μὲν</span> <span class='ocrx_word' id='word_1_655' title='bbox 1464 2093 1616 2128; x_wconf 80' lang='grc' dir='ltr'>ἀλλότριον,</span> <span class='ocrx_word' id='word_1_656' title='bbox 1637 2094 1791 2121; x_wconf 77' lang='grc' dir='ltr'>σπαδόντων</span> <span class='ocrx_word' id='word_1_657' title='bbox 1807 2096 1836 2122; x_wconf 73' lang='grc' dir='ltr'><strong>δὲ</strong></span> 
     </span>
    </p>
   </div>
   <div class='ocr_carea' id='block_1_91' title="bbox 1052 2137 1837 2176">
    <p class='ocr_par' dir='ltr' id='par_1_91' title="bbox 1052 2137 1837 2176">
     <span class='ocr_line' id='line_1_91' title="bbox 1052 2137 1837 2176; baseline 0.005 -13"><span class='ocrx_word' id='word_1_658' title='bbox 1052 2137 1257 2173; x_wconf 81' lang='grc' dir='ltr'>τολμηρότερον.</span> <span class='ocrx_word' id='word_1_659' title='bbox 1274 2138 1327 2173; x_wconf 86' lang='grc' dir='ltr'>Τὴν</span> <span class='ocrx_word' id='word_1_660' title='bbox 1347 2138 1400 2174; x_wconf 81' lang='grc' dir='ltr'><strong>γὰρ</strong></span> <span class='ocrx_word' id='word_1_661' title='bbox 1420 2139 1574 2174; x_wconf 72' lang='grc' dir='ltr'>παράϐασιν</span> <span class='ocrx_word' id='word_1_662' title='bbox 1587 2139 1633 2165; x_wconf 79' lang='grc' dir='ltr'>τοῦ</span> <span class='ocrx_word' id='word_1_663' title='bbox 1646 2140 1731 2166; x_wconf 68' lang='grc' dir='ltr'>Σαοὺλ</span> <span class='ocrx_word' id='word_1_664' title='bbox 1752 2147 1837 2176; x_wconf 85' lang='grc' dir='ltr'>μιμη-</span> 
     </span>
    </p>
   </div>
   <div class='ocr_carea' id='block_1_92' title="bbox 221 2181 999 2220">
    <p class='ocr_par' dir='ltr' id='par_1_92' title="bbox 221 2183 999 2220">
     <span class='ocr_line' id='line_1_92' title="bbox 221 2183 999 2220; baseline 0.006 -12"><span class='ocrx_word' id='word_1_665' title='bbox 221 2183 318 2219; x_wconf 48' lang='lat' dir='ltr'><strong>quippe</strong></span> <span class='ocrx_word' id='word_1_666' title='bbox 333 2184 582 2216; x_wconf 72' lang='lat' dir='ltr'><strong>pnevaricationem</strong></span> <span class='ocrx_word' id='word_1_667' title='bbox 601 2184 723 2211; x_wconf 88' lang='lat' dir='ltr'><strong>imitatus</strong></span> <span class='ocrx_word' id='word_1_668' title='bbox 738 2205 745 2217; x_wconf 94' lang='lat'><strong>,</strong></span> <span class='ocrx_word' id='word_1_669' title='bbox 762 2185 950 2220; x_wconf 80' lang='lat' dir='ltr'><strong>profectusque</strong></span> <span class='ocrx_word' id='word_1_670' title='bbox 967 2188 999 2214; x_wconf 86' lang='lat' dir='ltr'><strong>ad</strong></span> 
     </span>
    </p>
   </div>
   <div class='ocr_carea' id='block_1_93' title="bbox 1050 2181 1836 2220">
    <p class='ocr_par' dir='ltr' id='par_1_93' title="bbox 1053 2181 1836 2220">
     <span class='ocr_line' id='line_1_93' title="bbox 1053 2181 1836 2220; baseline 0.006 -13"><span class='ocrx_word' id='word_1_671' title='bbox 1053 2182 1182 2216; x_wconf 82' lang='grc' dir='ltr'>σάμενος,</span> <span class='ocrx_word' id='word_1_672' title='bbox 1197 2181 1320 2208; x_wconf 82' lang='grc' dir='ltr'>ἀπελθὼν</span> <span class='ocrx_word' id='word_1_673' title='bbox 1337 2183 1375 2214; x_wconf 83' lang='grc' dir='ltr'><strong>εἰς</strong></span> <span class='ocrx_word' id='word_1_674' title='bbox 1390 2182 1420 2209; x_wconf 82' lang='grc' dir='ltr'>τὸ</span> <span class='ocrx_word' id='word_1_675' title='bbox 1434 2183 1582 2218; x_wconf 82' lang='grc' dir='ltr'>μαρτύριον</span> <span class='ocrx_word' id='word_1_676' title='bbox 1595 2184 1695 2220; x_wconf 83' lang='grc' dir='ltr'>Πέτρου</span> <span class='ocrx_word' id='word_1_677' title='bbox 1714 2185 1759 2211; x_wconf 77' lang='grc' dir='ltr'>τοῦ</span> <span class='ocrx_word' id='word_1_678' title='bbox 1770 2186 1836 2212; x_wconf 77' lang='grc' dir='ltr'>ἀπο-</span> 
     </span>
    </p>
   </div>
   <div class='ocr_carea' id='block_1_94' title="bbox 219 2227 1003 2264">
    <p class='ocr_par' dir='ltr' id='par_1_94' title="bbox 219 2227 1003 2264">
     <span class='ocr_line' id='line_1_94' title="bbox 219 2227 1003 2264; baseline 0.006 -11"><span class='ocrx_word' id='word_1_679' title='bbox 219 2227 377 2262; x_wconf 73' lang='lat' dir='ltr'><strong>uartyrium</strong></span> <span class='ocrx_word' id='word_1_680' title='bbox 395 2227 467 2254; x_wconf 89' lang='lat' dir='ltr'><strong>Petri</strong></span> <span class='ocrx_word' id='word_1_681' title='bbox 483 2229 608 2262; x_wconf 83' lang='lat' dir='ltr'><strong>apostoli,</strong></span> <span class='ocrx_word' id='word_1_682' title='bbox 623 2228 659 2255; x_wconf 88' lang='lat' dir='ltr'><strong>ibi</strong></span> <span class='ocrx_word' id='word_1_683' title='bbox 671 2229 740 2255; x_wconf 89' lang='lat' dir='ltr'><strong>dona</strong></span> <span class='ocrx_word' id='word_1_684' title='bbox 753 2228 797 2256; x_wconf 85' lang='lat' dir='ltr'><strong>illa</strong></span> <span class='ocrx_word' id='word_1_685' title='bbox 809 2232 943 2264; x_wconf 87' lang='lat' dir='ltr'><strong>apposuit.</strong></span> <span class='ocrx_word' id='word_1_686' title='bbox 964 2232 1003 2258; x_wconf 80' lang='lat' dir='ltr'><strong>lle.</strong></span> 
     </span>
    </p>
   </div>
   <div class='ocr_carea' id='block_1_95' title="bbox 219 2272 1004 2310">
    <p class='ocr_par' dir='ltr' id='par_1_95' title="bbox 219 2272 1004 2310">
     <span class='ocr_line' id='line_1_95' title="bbox 219 2272 1004 2310; baseline 0.008 -12"><span class='ocrx_word' id='word_1_687' title='bbox 219 2277 370 2307; x_wconf 88' lang='lat' dir='ltr'><strong>comperta,</strong></span> <span class='ocrx_word' id='word_1_688' title='bbox 386 2272 509 2300; x_wconf 87' lang='lat' dir='ltr'><strong>Liberius</strong></span> <span class='ocrx_word' id='word_1_689' title='bbox 521 2274 648 2300; x_wconf 87' lang='lat' dir='ltr'><strong>adversus</strong></span> <span class='ocrx_word' id='word_1_690' title='bbox 665 2273 715 2301; x_wconf 90' lang='lat' dir='ltr'><strong>loci</strong></span> <span class='ocrx_word' id='word_1_691' title='bbox 732 2275 870 2301; x_wconf 89' lang='lat' dir='ltr'><strong>custodem</strong></span> <span class='ocrx_word' id='word_1_692' title='bbox 885 2277 1004 2310; x_wconf 76' lang='lat' dir='ltr'><strong>graviter</strong></span> 
     </span>
    </p>
   </div>
   <div class='ocr_carea' id='block_1_96' title="bbox 220 2319 1003 2356">
    <p class='ocr_par' dir='ltr' id='par_1_96' title="bbox 220 2319 1003 2356">
     <span class='ocr_line' id='line_1_96' title="bbox 220 2319 1003 2356; baseline 0.004 -11"><span class='ocrx_word' id='word_1_693' title='bbox 220 2319 385 2349; x_wconf 86' lang='lat' dir='ltr'><strong>succensuit,</strong></span> <span class='ocrx_word' id='word_1_694' title='bbox 400 2319 470 2352; x_wconf 89' lang='lat' dir='ltr'><strong>quod</strong></span> <span class='ocrx_word' id='word_1_695' title='bbox 487 2327 538 2346; x_wconf 92' lang='lat' dir='ltr'><strong>non</strong></span> <span class='ocrx_word' id='word_1_696' title='bbox 553 2320 736 2353; x_wconf 86' lang='lat' dir='ltr'><strong>prohibuisset</strong></span> <span class='ocrx_word' id='word_1_697' title='bbox 751 2320 888 2348; x_wconf 90' lang='lat' dir='ltr'><strong>hominem</strong></span> <span class='ocrx_word' id='word_1_698' title='bbox 907 2330 914 2348; x_wconf 88' lang='lat'><strong>:</strong></span> <span class='ocrx_word' id='word_1_699' title='bbox 931 2321 1003 2356; x_wconf 87' lang='lat' dir='ltr'><strong>ipsa-</strong></span> 
     </span>
    </p>
   </div>
   <div class='ocr_carea' id='block_1_97' title="bbox 221 2364 1002 2404">
    <p class='ocr_par' dir='ltr' id='par_1_97' title="bbox 221 2364 1002 2404">
     <span class='ocr_line' id='line_1_97' title="bbox 221 2364 1002 2404; baseline 0.006 -14"><span class='ocrx_word' id='word_1_700' title='bbox 221 2371 273 2398; x_wconf 87' lang='lat' dir='ltr'><strong>que</strong></span> <span class='ocrx_word' id='word_1_701' title='bbox 291 2364 360 2390; x_wconf 88' lang='lat' dir='ltr'><strong>dona</strong></span> <span class='ocrx_word' id='word_1_702' title='bbox 377 2369 406 2390; x_wconf 92' lang='lat' dir='ltr'><strong>nt</strong></span> <span class='ocrx_word' id='word_1_703' title='bbox 421 2365 543 2404; x_wconf 80' lang='lat' dir='ltr'><strong>illicitum</strong></span> <span class='ocrx_word' id='word_1_704' title='bbox 557 2366 722 2392; x_wconf 88' lang='lat' dir='ltr'><strong>sacriﬁcium</strong></span> <span class='ocrx_word' id='word_1_705' title='bbox 740 2367 839 2401; x_wconf 69' lang='lat' dir='ltr'><strong>abiecit</strong></span> <span class='ocrx_word' id='word_1_706' title='bbox 856 2376 863 2394; x_wconf 86' lang='lat'><strong>:</strong></span> <span class='ocrx_word' id='word_1_707' title='bbox 882 2374 942 2401; x_wconf 74' lang='lat' dir='ltr'><strong>quae</strong></span> <span class='ocrx_word' id='word_1_708' title='bbox 959 2375 1002 2395; x_wconf 85' lang='lat' dir='ltr'><strong>res</strong></span> 
     </span>
    </p>
   </div>
   <div class='ocr_carea' id='block_1_98' title="bbox 221 2410 1000 2447">
    <p class='ocr_par' dir='ltr' id='par_1_98' title="bbox 221 2410 1000 2447">
     <span class='ocr_line' id='line_1_98' title="bbox 221 2410 1000 2447; baseline 0.006 -11"><span class='ocrx_word' id='word_1_709' title='bbox 221 2414 367 2436; x_wconf 82' lang='lat' dir='ltr'><strong>castratum</strong></span> <span class='ocrx_word' id='word_1_710' title='bbox 390 2410 422 2436; x_wconf 87' lang='lat' dir='ltr'><strong>ad</strong></span> <span class='ocrx_word' id='word_1_711' title='bbox 438 2411 504 2436; x_wconf 88' lang='lat' dir='ltr'><strong>iram</strong></span> <span class='ocrx_word' id='word_1_712' title='bbox 521 2411 607 2445; x_wconf 82' lang='lat' dir='ltr'><strong>magis</strong></span> <span class='ocrx_word' id='word_1_713' title='bbox 629 2412 785 2439; x_wconf 82' lang='lat' dir='ltr'><strong>concitavit.</strong></span> <span class='ocrx_word' id='word_1_714' title='bbox 806 2413 1000 2447; x_wconf 86' lang='lat' dir='ltr'><strong>Imperatorem</strong></span> 
     </span>
    </p>
   </div>
   <div class='ocr_carea' id='block_1_99' title="bbox 222 2454 1004 2493">
    <p class='ocr_par' dir='ltr' id='par_1_99' title="bbox 222 2454 1004 2493">
     <span class='ocr_line' id='line_1_99' title="bbox 222 2454 1004 2493; baseline 0.009 -13"><span class='ocrx_word' id='word_1_715' title='bbox 222 2454 303 2489; x_wconf 65' lang='lat' dir='ltr'><strong>igitur</strong></span> <span class='ocrx_word' id='word_1_716' title='bbox 318 2455 362 2481; x_wconf 87' lang='lat' dir='ltr'><strong>ille</strong></span> <span class='ocrx_word' id='word_1_717' title='bbox 381 2455 422 2481; x_wconf 86' lang='lat' dir='ltr'><strong>his</strong></span> <span class='ocrx_word' id='word_1_718' title='bbox 443 2462 595 2483; x_wconf 86' lang='lat' dir='ltr'><strong>commovet</strong></span> <span class='ocrx_word' id='word_1_719' title='bbox 614 2457 693 2485; x_wconf 90' lang='lat' dir='ltr'><strong>dictis</strong></span> <span class='ocrx_word' id='word_1_720' title='bbox 712 2467 718 2484; x_wconf 90' lang='lat'><strong>:</strong></span> <span class='ocrx_word' id='word_1_721' title='bbox 734 2457 791 2485; x_wconf 85' lang='lat' dir='ltr'><strong>Non</strong></span> <span class='ocrx_word' id='word_1_722' title='bbox 809 2459 835 2486; x_wconf 90' lang='lat' dir='ltr'><strong>id</strong></span> <span class='ocrx_word' id='word_1_723' title='bbox 853 2458 909 2493; x_wconf 88' lang='lat' dir='ltr'><strong>jam</strong></span> <span class='ocrx_word' id='word_1_724' title='bbox 926 2460 1004 2487; x_wconf 92' lang='lat' dir='ltr'><strong>nobis</strong></span> 
     </span>
    </p>
   </div>
   <div class='ocr_carea' id='block_1_100' title="bbox 222 2500 1003 2533">
    <p class='ocr_par' dir='ltr' id='par_1_100' title="bbox 222 2500 1003 2533">
     <span class='ocr_line' id='line_1_100' title="bbox 222 2500 1003 2533; baseline 0.009 -7"><span class='ocrx_word' id='word_1_725' title='bbox 222 2500 398 2528; x_wconf 86' lang='lat' dir='ltr'><strong>sollicitudini</strong></span> <span class='ocrx_word' id='word_1_726' title='bbox 412 2505 463 2533; x_wconf 84' lang='lat' dir='ltr'><strong>est,</strong></span> <span class='ocrx_word' id='word_1_727' title='bbox 483 2507 511 2527; x_wconf 91' lang='lat' dir='ltr'><strong>ut</strong></span> <span class='ocrx_word' id='word_1_728' title='bbox 528 2501 652 2529; x_wconf 80' lang='lat' dir='ltr'><strong>Liherius</strong></span> <span class='ocrx_word' id='word_1_729' title='bbox 676 2504 829 2531; x_wconf 79' lang='lat' dir='ltr'><strong>subscribat</strong></span> <span class='ocrx_word' id='word_1_730' title='bbox 844 2511 852 2531; x_wconf 90' lang='lat'><strong>:</strong></span> <span class='ocrx_word' id='word_1_731' title='bbox 866 2505 914 2532; x_wconf 87' lang='lat' dir='ltr'><strong>sed</strong></span> <span class='ocrx_word' id='word_1_732' title='bbox 938 2506 1003 2533; x_wconf 91' lang='lat' dir='ltr'><strong>illud</strong></span> 
     </span>
    </p>
   </div>
   <div class='ocr_carea' id='block_1_101' title="bbox 222 2546 1002 2583">
    <p class='ocr_par' dir='ltr' id='par_1_101' title="bbox 222 2546 1002 2583">
     <span class='ocr_line' id='line_1_101' title="bbox 222 2546 1002 2583; baseline 0.008 -11"><span class='ocrx_word' id='word_1_733' title='bbox 222 2546 308 2580; x_wconf 83' lang='lat' dir='ltr'><strong>magis</strong></span> <span class='ocrx_word' id='word_1_734' title='bbox 325 2554 374 2574; x_wconf 82' lang='lat' dir='ltr'><strong>nos</strong></span> <span class='ocrx_word' id='word_1_735' title='bbox 396 2547 479 2581; x_wconf 77' lang='lat' dir='ltr'><strong>angit,</strong></span> <span class='ocrx_word' id='word_1_736' title='bbox 497 2549 567 2581; x_wconf 91' lang='lat' dir='ltr'><strong>quod</strong></span> <span class='ocrx_word' id='word_1_737' title='bbox 582 2553 676 2575; x_wconf 91' lang='lat' dir='ltr'><strong>contra</strong></span> <span class='ocrx_word' id='word_1_738' title='bbox 700 2549 823 2576; x_wconf 67' lang='lat' dir='ltr'><strong>haeresim</strong></span> <span class='ocrx_word' id='word_1_739' title='bbox 843 2551 878 2576; x_wconf 86' lang='lat' dir='ltr'><strong>ita</strong></span> <span class='ocrx_word' id='word_1_740' title='bbox 894 2552 1002 2583; x_wconf 85' lang='lat' dir='ltr'><strong>sentiat,</strong></span> 
     </span>
    </p>
   </div>
   <div class='ocr_carea' id='block_1_102' title="bbox 221 2592 1002 2631">
    <p class='ocr_par' dir='ltr' id='par_1_102' title="bbox 221 2592 1002 2631">
     <span class='ocr_line' id='line_1_102' title="bbox 221 2592 1002 2631; baseline 0.006 -13"><span class='ocrx_word' id='word_1_741' title='bbox 221 2595 253 2618; x_wconf 89' lang='lat' dir='ltr'><strong>nt</strong></span> <span class='ocrx_word' id='word_1_742' title='bbox 267 2592 424 2619; x_wconf 83' lang='lat' dir='ltr'><strong>nominatim</strong></span> <span class='ocrx_word' id='word_1_743' title='bbox 439 2593 553 2620; x_wconf 85' lang='lat' dir='ltr'><strong>Arianos</strong></span> <span class='ocrx_word' id='word_1_744' title='bbox 570 2594 648 2620; x_wconf 88' lang='lat' dir='ltr'><strong>l&#39;eriat</strong></span> <span class='ocrx_word' id='word_1_745' title='bbox 664 2595 847 2623; x_wconf 86' lang='lat' dir='ltr'><strong>anathemate.</strong></span> <span class='ocrx_word' id='word_1_746' title='bbox 859 2595 900 2623; x_wconf 87' lang='lat' dir='ltr'><strong>Ad</strong></span> <span class='ocrx_word' id='word_1_747' title='bbox 915 2596 1002 2631; x_wconf 87' lang='lat' dir='ltr'><strong>ipsum</strong></span> 
     </span>
    </p>
   </div>
   <div class='ocr_carea' id='block_1_103' title="bbox 261 2707 1004 2745">
    <p class='ocr_par' dir='ltr' id='par_1_103' title="bbox 261 2707 1004 2745">
     <span class='ocr_line' id='line_1_103' title="bbox 261 2707 1004 2745; baseline 0.005 -11"><span class='ocrx_word' id='word_1_748' title='bbox 261 2707 315 2742; x_wconf 77' lang='grc'><strong>(58)</strong></span> <span class='ocrx_word' id='word_1_749' title='bbox 333 2708 377 2736; x_wconf 87' lang='lat' dir='ltr'><strong>Sic</strong></span> <span class='ocrx_word' id='word_1_750' title='bbox 398 2709 477 2736; x_wconf 77' lang='lat' dir='ltr'><strong>Basil.</strong></span> <span class='ocrx_word' id='word_1_751' title='bbox 495 2714 522 2737; x_wconf 89' lang='lat' dir='ltr'><strong>et</strong></span> <span class='ocrx_word' id='word_1_752' title='bbox 546 2710 620 2737; x_wconf 86' lang='lat' dir='ltr'><strong>editi.</strong></span> <span class='ocrx_word' id='word_1_753' title='bbox 638 2710 714 2745; x_wconf 63' lang='lat' dir='ltr'><strong>lieg.,</strong></span> <span class='ocrx_word' id='word_1_754' title='bbox 738 2710 922 2738; x_wconf 72' lang='grc' dir='ltr'>ἐκϐάλλονται.</span> <span class='ocrx_word' id='word_1_755' title='bbox 940 2711 1004 2744; x_wconf 62' lang='lat' dir='ltr'><strong>Quae</strong></span> 
     </span>
    </p>
   </div>
   <div class='ocr_carea' id='block_1_104' title="bbox 224 2746 999 2783">
    <p class='ocr_par' dir='ltr' id='par_1_104' title="bbox 224 2746 999 2783">
     <span class='ocr_line' id='line_1_104' title="bbox 224 2746 999 2783; baseline 0.008 -16"><span class='ocrx_word' id='word_1_756' title='bbox 224 2749 372 2783; x_wconf 69' lang='lat' dir='ltr'><strong>sequuntur</strong></span> <span class='ocrx_word' id='word_1_757' title='bbox 387 2751 474 2771; x_wconf 83' lang='lat' dir='ltr'><strong>autem</strong></span> <span class='ocrx_word' id='word_1_758' title='bbox 483 2750 544 2783; x_wconf 83' lang='lat' dir='ltr'><strong>post</strong></span> <span class='ocrx_word' id='word_1_759' title='bbox 563 2747 632 2773; x_wconf 87' lang='lat' dir='ltr'><strong>hanc</strong></span> <span class='ocrx_word' id='word_1_760' title='bbox 643 2754 747 2783; x_wconf 75' lang='lat' dir='ltr'><strong>vorem,</strong></span> <span class='ocrx_word' id='word_1_761' title='bbox 758 2747 886 2783; x_wconf 70' lang='lat' dir='ltr'><strong>usquead</strong></span> <span class='ocrx_word' id='word_1_762' title='bbox 902 2746 999 2773; x_wconf 71' lang='grc' dir='ltr'>ἐκϐάλ-</span> 
     </span>
    </p>
   </div>
   <div class='ocr_carea' id='block_1_105' title="bbox 225 2781 998 2812">
    <p class='ocr_par' dir='ltr' id='par_1_105' title="bbox 225 2781 998 2812">
     <span class='ocr_line' id='line_1_105' title="bbox 225 2781 998 2812; baseline 0.008 -10"><span class='ocrx_word' id='word_1_763' title='bbox 225 2781 321 2812; x_wconf 66' lang='grc' dir='ltr'>λωνται</span> <span class='ocrx_word' id='word_1_764' title='bbox 339 2787 462 2812; x_wconf 80' lang='lat' dir='ltr'><strong>sequens,</strong></span> <span class='ocrx_word' id='word_1_765' title='bbox 485 2782 595 2806; x_wconf 87' lang='lat' dir='ltr'><strong>deerant</strong></span> <span class='ocrx_word' id='word_1_766' title='bbox 618 2783 644 2807; x_wconf 93' lang='lat' dir='ltr'><strong>in</strong></span> <span class='ocrx_word' id='word_1_767' title='bbox 662 2781 726 2807; x_wconf 90' lang='lat' dir='ltr'><strong>edit.</strong></span> <span class='ocrx_word' id='word_1_768' title='bbox 743 2781 788 2807; x_wconf 67' lang='lat' dir='ltr'><strong>sed</strong></span> <span class='ocrx_word' id='word_1_769' title='bbox 813 2781 945 2808; x_wconf 82' lang='lat' dir='ltr'><strong>habentur</strong></span> <span class='ocrx_word' id='word_1_770' title='bbox 972 2782 998 2808; x_wconf 93' lang='lat' dir='ltr'><strong>iu</strong></span> 
     </span>
    </p>
   </div>
   <div class='ocr_carea' id='block_1_106' title="bbox 226 2810 998 2850">
    <p class='ocr_par' dir='ltr' id='par_1_106' title="bbox 226 2810 998 2850">
     <span class='ocr_line' id='line_1_106' title="bbox 226 2810 998 2850; baseline 0.01 -14"><span class='ocrx_word' id='word_1_771' title='bbox 226 2810 292 2845; x_wconf 69' lang='grc' dir='ltr'>[ιρις.</span> <span class='ocrx_word' id='word_1_772' title='bbox 312 2818 337 2840; x_wconf 91' lang='lat' dir='ltr'><strong>et</strong></span> <span class='ocrx_word' id='word_1_773' title='bbox 353 2810 435 2842; x_wconf 82' lang='lat' dir='ltr'><strong>Basil.</strong></span> <span class='ocrx_word' id='word_1_774' title='bbox 449 2810 474 2841; x_wconf 84' lang='lat' dir='ltr'><strong>in</strong></span> <span class='ocrx_word' id='word_1_775' title='bbox 490 2815 585 2848; x_wconf 78' lang='lat' dir='ltr'><strong>quibus</strong></span> <span class='ocrx_word' id='word_1_776' title='bbox 602 2823 652 2843; x_wconf 88' lang='lat' dir='ltr'><strong>vox</strong></span> <span class='ocrx_word' id='word_1_777' title='bbox 673 2815 861 2850; x_wconf 80' lang='grc' dir='ltr'>ἐγκελεύονται</span> <span class='ocrx_word' id='word_1_778' title='bbox 874 2817 998 2844; x_wconf 83' lang='lat' dir='ltr'><strong>mendose</strong></span> 
     </span>
    </p>
   </div>
   <div class='ocr_carea' id='block_1_107' title="bbox 1052 2228 1835 2265">
    <p class='ocr_par' dir='ltr' id='par_1_107' title="bbox 1052 2228 1835 2265">
     <span class='ocr_line' id='line_1_107' title="bbox 1052 2228 1835 2265; baseline 0.006 -11"><span class='ocrx_word' id='word_1_779' title='bbox 1052 2228 1154 2261; x_wconf 82' lang='grc' dir='ltr'>στόλου,</span> <span class='ocrx_word' id='word_1_780' title='bbox 1171 2228 1205 2254; x_wconf 78' lang='grc' dir='ltr'>τὰ</span> <span class='ocrx_word' id='word_1_781' title='bbox 1221 2229 1294 2264; x_wconf 87' lang='grc' dir='ltr'>δῶρα</span> <span class='ocrx_word' id='word_1_782' title='bbox 1308 2229 1382 2264; x_wconf 75' lang='grc' dir='ltr'>αὐτῷ</span> <span class='ocrx_word' id='word_1_783' title='bbox 1396 2229 1537 2264; x_wconf 76' lang='grc' dir='ltr'>ἀνέθηκεν.</span> <span class='ocrx_word' id='word_1_784' title='bbox 1561 2230 1640 2257; x_wconf 80' lang='grc' dir='ltr'>Ἀλλὰ</span> <span class='ocrx_word' id='word_1_785' title='bbox 1659 2231 1751 2265; x_wconf 72' lang='grc' dir='ltr'>μαοὼν</span> <span class='ocrx_word' id='word_1_786' title='bbox 1763 2233 1777 2259; x_wconf 85' lang='grc' dir='ltr'>ὁ</span> <span class='ocrx_word' id='word_1_787' title='bbox 1789 2234 1835 2259; x_wconf 86' lang='grc' dir='ltr'><strong>Λι-</strong></span> 
     </span>
    </p>
   </div>
   <div class='ocr_carea' id='block_1_108' title="bbox 1051 2275 1836 2315">
    <p class='ocr_par' dir='ltr' id='par_1_108' title="bbox 1051 2275 1836 2315">
     <span class='ocr_line' id='line_1_108' title="bbox 1051 2275 1836 2315; baseline 0.005 -15"><span class='ocrx_word' id='word_1_788' title='bbox 1051 2275 1150 2310; x_wconf 77' lang='grc' dir='ltr'>ϐέριος,</span> <span class='ocrx_word' id='word_1_789' title='bbox 1176 2275 1244 2310; x_wconf 83' lang='grc' dir='ltr'>πρὸς</span> <span class='ocrx_word' id='word_1_790' title='bbox 1262 2275 1311 2311; x_wconf 79' lang='grc' dir='ltr'>μὲν</span> <span class='ocrx_word' id='word_1_791' title='bbox 1332 2275 1378 2302; x_wconf 82' lang='grc' dir='ltr'>τὸν</span> <span class='ocrx_word' id='word_1_792' title='bbox 1399 2276 1534 2311; x_wconf 76' lang='grc' dir='ltr'>τηροῦντα</span> <span class='ocrx_word' id='word_1_793' title='bbox 1549 2277 1595 2303; x_wconf 70' lang='grc' dir='ltr'><strong>τὸν</strong></span> <span class='ocrx_word' id='word_1_794' title='bbox 1618 2277 1707 2309; x_wconf 83' lang='grc' dir='ltr'>τόπον,</span> <span class='ocrx_word' id='word_1_795' title='bbox 1729 2278 1775 2305; x_wconf 80' lang='grc' dir='ltr'><strong>καὶ</strong></span> <span class='ocrx_word' id='word_1_796' title='bbox 1799 2279 1836 2315; x_wconf 82' lang='grc' dir='ltr'>μὴ</span> 
     </span>
    </p>
   </div>
   <div class='ocr_carea' id='block_1_109' title="bbox 1051 2320 1836 2358">
    <p class='ocr_par' dir='ltr' id='par_1_109' title="bbox 1051 2320 1836 2358">
     <span class='ocr_line' id='line_1_109' title="bbox 1051 2320 1836 2358; baseline 0.005 -12"><span class='ocrx_word' id='word_1_797' title='bbox 1051 2320 1220 2353; x_wconf 81' lang='grc' dir='ltr'>κωλύσαντα,</span> <span class='ocrx_word' id='word_1_798' title='bbox 1237 2321 1361 2356; x_wconf 79' lang='grc' dir='ltr'>μεγάλως</span> <span class='ocrx_word' id='word_1_799' title='bbox 1374 2322 1562 2358; x_wconf 74' lang='grc' dir='ltr'>ἠγανάκτησεν</span> <span class='ocrx_word' id='word_1_800' title='bbox 1576 2331 1583 2338; x_wconf 75' lang='grc' dir='ltr'><strong>ο</strong></span> <span class='ocrx_word' id='word_1_801' title='bbox 1602 2323 1671 2350; x_wconf 54' lang='lat' dir='ltr'><strong>etC/:1</strong></span> <span class='ocrx_word' id='word_1_802' title='bbox 1682 2323 1710 2349; x_wconf 76' lang='grc' dir='ltr'><strong>δὲ</strong></span> <span class='ocrx_word' id='word_1_803' title='bbox 1722 2323 1759 2355; x_wconf 84' lang='grc' dir='ltr'>ὼς</span> <span class='ocrx_word' id='word_1_804' title='bbox 1772 2324 1836 2351; x_wconf 80' lang='grc' dir='ltr'>ἄου-</span> 
     </span>
    </p>
   </div>
   <div class='ocr_carea' id='block_1_110' title="bbox 1050 2366 1836 2405">
    <p class='ocr_par' dir='ltr' id='par_1_110' title="bbox 1050 2366 1836 2405">
     <span class='ocr_line' id='line_1_110' title="bbox 1050 2366 1836 2405; baseline 0.005 -13"><span class='ocrx_word' id='word_1_805' title='bbox 1050 2375 1096 2392; x_wconf 90' lang='grc' dir='ltr'><strong>τον</strong></span> <span class='ocrx_word' id='word_1_806' title='bbox 1113 2366 1208 2393; x_wconf 82' lang='grc' dir='ltr'>θυσίαν</span> <span class='ocrx_word' id='word_1_807' title='bbox 1229 2367 1378 2403; x_wconf 71' lang='grc' dir='ltr'>ἀπέρριψε,</span> <span class='ocrx_word' id='word_1_808' title='bbox 1402 2369 1448 2394; x_wconf 77' lang='grc' dir='ltr'>καὶ</span> <span class='ocrx_word' id='word_1_809' title='bbox 1463 2368 1541 2395; x_wconf 83' lang='grc' dir='ltr'>τοῦτο</span> <span class='ocrx_word' id='word_1_810' title='bbox 1564 2369 1662 2403; x_wconf 83' lang='grc' dir='ltr'>μᾷλλον</span> <span class='ocrx_word' id='word_1_811' title='bbox 1678 2370 1717 2401; x_wconf 78' lang='grc' dir='ltr'><strong>εἰς</strong></span> <span class='ocrx_word' id='word_1_812' title='bbox 1730 2369 1815 2405; x_wconf 76' lang='grc' dir='ltr'>ὀργὴν</span> <span class='ocrx_word' id='word_1_813' title='bbox 1829 2391 1836 2402; x_wconf 94' lang='grc'><strong>,</strong></span> 
     </span>
    </p>
   </div>
   <div class='ocr_carea' id='block_1_111' title="bbox 1051 2412 1836 2450">
    <p class='ocr_par' dir='ltr' id='par_1_111' title="bbox 1051 2412 1836 2450">
     <span class='ocr_line' id='line_1_111' title="bbox 1051 2412 1836 2450; baseline 0.005 -12"><span class='ocrx_word' id='word_1_814' title='bbox 1051 2412 1134 2439; x_wconf 74' lang='grc' dir='ltr'>ἐκίνει</span> <span class='ocrx_word' id='word_1_815' title='bbox 1145 2413 1191 2439; x_wconf 81' lang='grc' dir='ltr'>τὸν</span> <span class='ocrx_word' id='word_1_816' title='bbox 1207 2413 1324 2440; x_wconf 86' lang='grc' dir='ltr'>θλαδίαν.</span> <span class='ocrx_word' id='word_1_817' title='bbox 1339 2414 1488 2449; x_wconf 79' lang='grc' dir='ltr'>Παροξύνει</span> <span class='ocrx_word' id='word_1_818' title='bbox 1502 2415 1590 2441; x_wconf 78' lang='grc' dir='ltr'>τοίνυν</span> <span class='ocrx_word' id='word_1_819' title='bbox 1602 2415 1723 2449; x_wconf 85' lang='grc' dir='ltr'>βασιλέα,</span> <span class='ocrx_word' id='word_1_820' title='bbox 1738 2415 1836 2450; x_wconf 63' lang='grc' dir='ltr'>λέγων·</span> 
     </span>
    </p>
   </div>
   <div class='ocr_carea' id='block_1_112' title="bbox 1052 2458 1836 2497">
    <p class='ocr_par' dir='ltr' id='par_1_112' title="bbox 1052 2458 1836 2497">
     <span class='ocr_line' id='line_1_112' title="bbox 1052 2458 1836 2497; baseline 0.005 -13"><span class='ocrx_word' id='word_1_821' title='bbox 1052 2458 1150 2484; x_wconf 79' lang='grc' dir='ltr'>Οὐκέτι</span> <span class='ocrx_word' id='word_1_822' title='bbox 1167 2459 1230 2494; x_wconf 71' lang='grc' dir='ltr'>περὶ</span> <span class='ocrx_word' id='word_1_823' title='bbox 1247 2459 1293 2485; x_wconf 85' lang='grc' dir='ltr'>τοῦ</span> <span class='ocrx_word' id='word_1_824' title='bbox 1307 2459 1410 2495; x_wconf 64' lang='grc' dir='ltr'>γράψαι</span> <span class='ocrx_word' id='word_1_825' title='bbox 1422 2460 1628 2496; x_wconf 81' lang='grc' dir='ltr'>Λιὸέριόνὲστιν</span> <span class='ocrx_word' id='word_1_826' title='bbox 1644 2462 1708 2497; x_wconf 65' lang='grc' dir='ltr'>ἡμῖν</span> <span class='ocrx_word' id='word_1_827' title='bbox 1724 2462 1740 2497; x_wconf 88' lang='grc' dir='ltr'>ἡ</span> <span class='ocrx_word' id='word_1_828' title='bbox 1755 2471 1836 2497; x_wconf 78' lang='grc' dir='ltr'>φρον-</span> 
     </span>
    </p>
   </div>
   <div class='ocr_carea' id='block_1_113' title="bbox 1050 2505 1836 2543">
    <p class='ocr_par' dir='ltr' id='par_1_113' title="bbox 1050 2505 1836 2543">
     <span class='ocr_line' id='line_1_113' title="bbox 1050 2505 1836 2543; baseline 0.005 -13"><span class='ocrx_word' id='word_1_829' title='bbox 1050 2505 1101 2536; x_wconf 69' lang='grc' dir='ltr'>τὶς,</span> <span class='ocrx_word' id='word_1_830' title='bbox 1120 2505 1176 2531; x_wconf 80' lang='grc' dir='ltr'>ἀλλ’</span> <span class='ocrx_word' id='word_1_831' title='bbox 1191 2507 1231 2532; x_wconf 85' lang='grc' dir='ltr'>ὃτι</span> <span class='ocrx_word' id='word_1_832' title='bbox 1246 2506 1316 2532; x_wconf 77' lang='grc' dir='ltr'>κατὰ</span> <span class='ocrx_word' id='word_1_833' title='bbox 1331 2507 1381 2541; x_wconf 78' lang='grc' dir='ltr'>τῆς</span> <span class='ocrx_word' id='word_1_834' title='bbox 1395 2506 1527 2542; x_wconf 78' lang='grc' dir='ltr'>αἱρέσεως</span> <span class='ocrx_word' id='word_1_835' title='bbox 1539 2507 1610 2533; x_wconf 73' lang='grc' dir='ltr'>οὕτω</span> <span class='ocrx_word' id='word_1_836' title='bbox 1624 2509 1727 2543; x_wconf 83' lang='grc' dir='ltr'>φρονεῖ,</span> <span class='ocrx_word' id='word_1_837' title='bbox 1750 2508 1788 2540; x_wconf 86' lang='grc' dir='ltr'><strong>ὡς</strong></span> <span class='ocrx_word' id='word_1_838' title='bbox 1807 2508 1836 2540; x_wconf 78' lang='grc' dir='ltr'>ἐξ</span> 
     </span>
    </p>
   </div>
   <div class='ocr_carea' id='block_1_114' title="bbox 1050 2551 1836 2588">
    <p class='ocr_par' dir='ltr' id='par_1_114' title="bbox 1050 2551 1836 2588">
     <span class='ocr_line' id='line_1_114' title="bbox 1050 2551 1836 2588; baseline 0.003 -11"><span class='ocrx_word' id='word_1_839' title='bbox 1050 2551 1181 2586; x_wconf 87' lang='grc' dir='ltr'>ὀνόματος</span> <span class='ocrx_word' id='word_1_840' title='bbox 1203 2553 1265 2584; x_wconf 70' lang='grc' dir='ltr'>τοὺς</span> <span class='ocrx_word' id='word_1_841' title='bbox 1286 2553 1440 2588; x_wconf 80' lang='grc' dir='ltr'>Ἀρειανοὺς</span> <span class='ocrx_word' id='word_1_842' title='bbox 1461 2552 1677 2588; x_wconf 81' lang='grc' dir='ltr'>ἀναθεματίζειν.</span> <span class='ocrx_word' id='word_1_843' title='bbox 1697 2554 1744 2584; x_wconf 79' lang='grc' dir='ltr'><strong>Εἰς</strong></span> <span class='ocrx_word' id='word_1_844' title='bbox 1757 2553 1836 2579; x_wconf 80' lang='grc' dir='ltr'>τοῦτο</span> 
     </span>
    </p>
   </div>
   <div class='ocr_carea' id='block_1_115' title="bbox 1051 2597 1836 2635">
    <p class='ocr_par' dir='ltr' id='par_1_115' title="bbox 1051 2597 1836 2635">
     <span class='ocr_line' id='line_1_115' title="bbox 1051 2597 1836 2635; baseline 0.003 -11"><span class='ocrx_word' id='word_1_845' title='bbox 1051 2597 1079 2624; x_wconf 75' lang='grc' dir='ltr'><strong>δὲ</strong></span> <span class='ocrx_word' id='word_1_846' title='bbox 1096 2599 1165 2624; x_wconf 79' lang='grc' dir='ltr'>κινεῖ</span> <span class='ocrx_word' id='word_1_847' title='bbox 1180 2598 1225 2625; x_wconf 70' lang='grc' dir='ltr'><strong>καὶ</strong></span> <span class='ocrx_word' id='word_1_848' title='bbox 1244 2599 1305 2630; x_wconf 68' lang='grc' dir='ltr'>τοὺς</span> <span class='ocrx_word' id='word_1_849' title='bbox 1319 2599 1428 2634; x_wconf 80' lang='grc' dir='ltr'>ἑτέρους</span> <span class='ocrx_word' id='word_1_850' title='bbox 1439 2600 1586 2631; x_wconf 81' lang='grc' dir='ltr'>σπάδοντας</span> <span class='ocrx_word' id='word_1_851' title='bbox 1599 2600 1654 2635; x_wconf 71' lang='grc'><strong>(41)</strong></span> <span class='ocrx_word' id='word_1_852' title='bbox 1668 2608 1674 2614; x_wconf 90' lang='grc'><strong>·</strong></span> <span class='ocrx_word' id='word_1_853' title='bbox 1692 2599 1783 2626; x_wconf 58' lang='grc' dir='ltr'><strong>πολλοὶ⁵</strong></span> <span class='ocrx_word' id='word_1_854' title='bbox 1797 2599 1836 2631; x_wconf 80' lang='grc' dir='ltr'><strong>δὲ,</strong></span> 
     </span>
    </p>
   </div>
   <div class='ocr_carea' id='block_1_116' title="bbox 1058 2711 1517 2748">
    <p class='ocr_par' dir='ltr' id='par_1_116' title="bbox 1058 2711 1517 2748">
     <span class='ocr_line' id='line_1_116' title="bbox 1058 2711 1517 2748; baseline 0.009 -10"><span class='ocrx_word' id='word_1_855' title='bbox 1058 2711 1163 2748; x_wconf 74' lang='lat' dir='ltr'><strong>videtur</strong></span> <span class='ocrx_word' id='word_1_856' title='bbox 1177 2714 1263 2746; x_wconf 85' lang='lat' dir='ltr'><strong>posita</strong></span> <span class='ocrx_word' id='word_1_857' title='bbox 1279 2721 1326 2747; x_wconf 91' lang='lat' dir='ltr'><strong>pro</strong></span> <span class='ocrx_word' id='word_1_858' title='bbox 1342 2714 1517 2748; x_wconf 78' lang='grc' dir='ltr'>ἐγκαλοῦντα.</span> 
     </span>
    </p>
   </div>
   <div class='ocr_carea' id='block_1_117' title="bbox 1092 2747 1666 2782">
    <p class='ocr_par' dir='ltr' id='par_1_117' title="bbox 1092 2747 1666 2782">
     <span class='ocr_line' id='line_1_117' title="bbox 1092 2747 1666 2782; baseline 0.009 -9"><span class='ocrx_word' id='word_1_859' title='bbox 1092 2747 1148 2781; x_wconf 81' lang='lat'><strong>(59)</strong></span> <span class='ocrx_word' id='word_1_860' title='bbox 1163 2748 1198 2774; x_wconf 87' lang='lat' dir='ltr'><strong>Ita</strong></span> <span class='ocrx_word' id='word_1_861' title='bbox 1217 2748 1281 2782; x_wconf 75' lang='lat' dir='ltr'><strong>Heg.</strong></span> <span class='ocrx_word' id='word_1_862' title='bbox 1301 2748 1326 2774; x_wconf 94' lang='lat' dir='ltr'><strong>In</strong></span> <span class='ocrx_word' id='word_1_863' title='bbox 1341 2751 1421 2776; x_wconf 78' lang='lat' dir='ltr'><strong>editis</strong></span> <span class='ocrx_word' id='word_1_864' title='bbox 1438 2750 1568 2778; x_wconf 81' lang='lat' dir='ltr'><strong>articulus</strong></span> <span class='ocrx_word' id='word_1_865' title='bbox 1580 2750 1666 2778; x_wconf 78' lang='lat' dir='ltr'><strong>deest.</strong></span> 
     </span>
    </p>
   </div>
   <div class='ocr_carea' id='block_1_118' title="bbox 1088 2782 1399 2816">
    <p class='ocr_par' dir='ltr' id='par_1_118' title="bbox 1088 2782 1399 2816">
     <span class='ocr_line' id='line_1_118' title="bbox 1088 2782 1399 2816; baseline 0.003 -8"><span class='ocrx_word' id='word_1_866' title='bbox 1088 2782 1144 2816; x_wconf 71' lang='grc'><strong>(40)</strong></span> <span class='ocrx_word' id='word_1_867' title='bbox 1159 2782 1237 2809; x_wconf 83' lang='lat' dir='ltr'><strong>Forte</strong></span> <span class='ocrx_word' id='word_1_868' title='bbox 1251 2783 1399 2809; x_wconf 84' lang='grc' dir='ltr'>ἀκουέσοω.</span> 
     </span>
    </p>
   </div>
   <div class='ocr_carea' id='block_1_119' title="bbox 1089 2817 1836 2850">
    <p class='ocr_par' dir='ltr' id='par_1_119' title="bbox 1089 2817 1836 2850">
     <span class='ocr_line' id='line_1_119' title="bbox 1089 2817 1836 2850; baseline 0.003 -6"><span class='ocrx_word' id='word_1_869' title='bbox 1089 2817 1145 2850; x_wconf 79' lang='grc'><strong>(41)</strong></span> <span class='ocrx_word' id='word_1_870' title='bbox 1166 2818 1269 2850; x_wconf 87' lang='lat' dir='ltr'><strong>Quanta</strong></span> <span class='ocrx_word' id='word_1_871' title='bbox 1293 2819 1362 2849; x_wconf 88' lang='lat' dir='ltr'><strong>apud</strong></span> <span class='ocrx_word' id='word_1_872' title='bbox 1383 2818 1569 2847; x_wconf 78' lang='lat' dir='ltr'><strong>Constantium</strong></span> <span class='ocrx_word' id='word_1_873' title='bbox 1594 2819 1674 2848; x_wconf 71' lang='lat' dir='ltr'><strong>luerit</strong></span> <span class='ocrx_word' id='word_1_874' title='bbox 1698 2817 1836 2847; x_wconf 77' lang='lat' dir='ltr'><strong>eunucho-</strong></span> 
     </span>
    </p>
   </div>
  </div>
