2007 3044
153 156 205 184 7ῧ7

624 154 785 182 HISTORIA
804 152 1014 182 ARIANORUM
1032 151 1077 179 AD
1093 149 1289 179 MONACIIOS.

1705 148 1758 180 758

153 212 251 250 μᾶλλον
264 211 292 239 δὲ
311 211 341 238 τὸ
356 211 415 238 ὁλον
433 212 501 237 εἰσὶν
517 211 636 246 εὐνοῦχοι
652 212 728 247 παρὰ
741 213 929 247 Κωνσταντίῳ,

991 211 1144 245 oquendum
1169 214 1283 237 caateros
1307 210 1442 243 spadones
1464 213 1591 243 provocat
1605 228 1614 241 ,
1637 209 1760 244 plerique

152 258 198 285 καὶ
227 257 314 284 πάντα
342 257 464 283 δύνανται
487 257 551 293 παρ’
567 257 651 292 αὐτῷ,
681 257 764 293 χωρίς
788 266 817 284 τε
832 258 932 285 τούτων

151 303 227 331 οὐδέν
252 304 323 329 ἐστιν
337 304 401 336 λἐκεῖ
414 302 549 336 γενέσθαι.
571 302 674 338 Γράφει
694 303 725 338 δὴ
746 302 792 329 οὖν
810 303 933 338 βασιλεὺς

151 351 190 381 είς
212 350 329 385 Ῥώμην,
349 349 395 376 καὶ
411 349 490 375 πάλιν
510 349 666 381 παλατινοὶ,
682 350 729 376 καὶ
744 349 872 385 νοτάριοι,
887 349 934 376 καὶ

153 396 271 431 κόμητες
292 395 346 430 (42)
369 395 594 427 ἀποστέλλονται,
618 395 665 421 καὶ
690 394 840 430 γράμματα
867 394 934 430 πρὸς

151 442 196 468 τὸν
216 441 350 477 ἔπαρχον,
368 441 410 468 ἵνα
427 441 442 476 ἢ
461 441 643 476 πλανήσαντες
661 440 729 476 δόλῳ
748 441 792 468 τὸν
811 441 933 476 Διόέριον

153 487 321 521 ἐξαγάγωσιν
346 486 398 513 ἀπὸ
421 487 469 521 τῆς
484 486 602 521 Ῥώμης,
616 487 662 512 καὶ
681 486 824 521 πέμψωσιν
848 486 886 518 είς
905 486 935 513 τὸ

154 533 332 568 στρατόπεδον
345 533 412 568 πρὸς
423 533 511 563 αὐτὸν,
525 533 542 567 ἢ
556 532 601 568 βίᾳ
613 532 707 558 τοῦτον
721 531 860 564 διώξωσιν.

189 601 233 629 58.
255 601 386 628 Τοιούτων
412 600 444 635 δὴ
464 599 547 626 ὄντων
570 599 624 626 ¹τῶν
646 599 821 634 γραφέντων,
843 598 934 626 λοιπὸν

154 649 234 676 κάκεῖ
253 647 333 682 φόϐος
353 646 400 673 καὶ
423 645 550 680 ὲπιὸουλὴ
577 644 645 672 κατὰ
674 646 763 671 πᾶσαν
785 644 834 680 τὴν
859 644 934 671 πόλιν

155 695 271 730 ἤκμαζε,
303 693 380 720 Κατὰ
404 692 493 719 πόσων
519 691 583 725 γοῦν
603 691 683 718 οἴκων
703 690 802 726 ἀπειλὴ
819 690 932 725 γέγονε;

155 741 231 767 πόσοι
257 740 341 771 πόσας
366 737 529 772 ἐπαγγελίας
550 737 675 772 εἰλήφασι
697 735 767 762 κατὰ
790 735 934 771 Λιϐερίους

155 786 232 812 πόσοι
247 785 330 812 ταῦτα
347 784 487 819 βλέποντες
508 783 662 818 ὲκρύϐησαν
682 782 822 808 ἐπίσκοποι
836 790 843 814 ;
855 783 935 808 πόσαι

154 831 208 858 τῶν
225 831 373 865 ἐλευθέρων
387 829 562 865 ἀνεχώρησαν
584 830 624 860 είς
645 829 730 863 χωρία
748 828 790 854 διὰ
807 828 856 860 τὰς
879 828 935 854 δια-

156 876 235 908 ϐολὰς
248 876 302 902 τῶν
317 875 532 911 Χριστομάχων;
558 874 648 905 πόσοις
671 874 801 908 ὰσκηταῖς
823 872 936 899 ἐπεϐού-

157 921 252 948 λευσαν
265 929 272 953 ;
288 921 386 952 πόσους
401 921 460 946 ἐκεῖ
479 920 663 955 διατρίὸοντας
681 919 726 945 καὶ
740 918 831 945 λοιπὸν
843 918 874 945 τὺ
887 919 936 953 ἐφ-

157 968 242 994 έστιον
268 967 377 1001 ἔχοντας
391 967 447 993 ἐκεῖ
460 965 603 1001 διωχθῆναι
620 965 799 1000 πεποιήκατι;
825 965 938 996 ποσάκις

157 1014 204 1040 καὶ
218 1013 291 1044 ὅπως
305 1013 439 1046 ἐφύλαξαν
453 1013 497 1039 τὸν
515 1012 611 1047 λιμένα
628 1011 674 1038 καὶ
687 1012 735 1042 τὰς
749 1012 867 1043 εἰσόδους
884 1011 937 1037 τῶν

158 1057 258 1089 πυλῶν,
277 1057 320 1083 ἵνα
342 1058 378 1092 μή
395 1065 436 1088 τις
453 1057 590 1092 ὀρῧόδοξος
606 1056 732 1083 εἰσελθὼν
747 1056 873 1092 θεωρήσῃ
890 1056 938 1082 Λι-

158 1103 264 1138 6έριον;
283 1103 364 1137 Ἔσχε
381 1103 428 1128 καὶ
449 1102 540 1138 Ῥώμη
553 1104 650 1137 πεῖραν
663 1101 717 1128 τῶν
729 1102 936 1137 Χριστομάχων,

159 1149 205 1175 καὶ
219 1148 289 1182 ἔγνω
308 1148 399 1174 λοιπὸν
417 1148 485 1183 ὅπερ
505 1148 556 1174 οὑκ
572 1148 711 1174 ἐπίστευεν
725 1147 860 1174 ἀκούουσα
873 1147 938 1182 πρὸ-

157 1202 246 1228 τερον,
256 1193 313 1225 πῶς
321 1194 366 1220 καὶ
379 1194 407 1220 ai
419 1194 510 1229 ἕτεραι
523 1193 679 1228 Ἐκκλησίαι
691 1193 761 1220 κατὰ
772 1194 848 1220 πόλιν
859 1194 939 1228 ἐπορ-

161 1237 287 1274 Οήοησαν,
298 1239 361 1274 παρ’
376 1238 473 1265 αὐτῶν.
491 1238 618 1273 Εὐνοῦχοι
633 1236 743 1273 δὲ’ἦσαν
757 1239 781 1264 οἱ
796 1238 939 1265 καὶταῦτα

160 1285 206 1311 καὶ
229 1284 263 1310 τὰ
285 1284 356 1311 κατὰ
379 1284 486 1311 πάντων
505 1283 651 1316 κινοῦντες.
669 1284 724 1310 Καὶ
745 1283 776 1310 τὸ
791 1283 938 1319 παράδοξον

161 1330 210 1364 τῆς
223 1329 366 1364 ἐπιϐουλῆς
385 1328 463 1356 τοῦτό
486 1330 573 1361 ἐστιν,
598 1330 639 1356 ὅτι
660 1330 676 1365 ἠ
698 1329 821 1365 Ἀρειανὴ
837 1329 939 1365 αἵρεσις

161 1375 313 1411 ἀρνουμένη
327 1375 372 1402 τὸν
383 1375 445 1401 Υἱὺν
461 1374 508 1401 τοῦ
528 1374 605 1406 Θεοῦ,
624 1375 653 1409 ἐξ
673 1375 806 1410 εὐνούχων
822 1375 877 1410 ἔχει
891 1375 940 1411 τὴν

161 1421 295 1457 βοήθειαν,
313 1421 419 1453 οἵτινες,
432 1421 469 1452 ὡς
485 1422 517 1457 τῇ
534 1422 621 1458 φύσει,
635 1421 721 1454 οὕτως
734 1422 781 1448 καὶ
793 1421 841 1458 τὴν
853 1421 940 1458 ψυχὴν

161 1467 260 1504 ἀρετῆς
285 1468 376 1502 ἄγονοι
405 1467 593 1503 τυγχάνοντες,
624 1468 654 1494 οὺ
680 1468 806 1503 φέρουσιν
832 1468 941 1495 ἀκούειν

160 1514 227 1546 ὅλως
243 1514 307 1549 περὶ
324 1513 400 1540 Υὶοῦ.
422 1514 452 1540 '0
469 1514 516 1548 μὲν
529 1511 577 1541 οὖν
589 1514 621 1541 ἐκ
631 1514 681 1549 τῆς
693 1514 834 1546 Αἰθιοπίας
849 1514 940 1541 εὐνοῦ-

983 256 1082 284 eteuim
1099 256 1153 283 imo
1165 263 1259 283 omnes
1274 255 1342 290 apud
1354 254 1540 282 Constantium
1549 255 1666 283 eunuchi
1680 260 1754 288 sunt,

983 309 1066 336 penes
1080 309 1148 336 quos
1162 301 1249 329 omnis
1263 306 1304 328 est
1315 301 1350 328 ibi
1363 305 1483 336 potestas
1494 319 1502 333 ,
1519 300 1639 336 nihilque
1653 302 1705 330 nisi
1726 303 1760 330 de

983 349 1090 377 illorum
1120 349 1252 377 sententia
1271 349 1382 384 geritur.
1398 347 1514 375 Litteras
1539 348 1621 384 igitur
1645 347 1759 376 Romam

985 396 1068 423 mittit
1095 395 1242 429 imperator
1263 395 1439 428 :iterumque
1459 393 1570 428 palatini
1583 415 1591 426 ,
1617 394 1714 422 notarii
1733 399 1761 421 et

985 441 1118 472 comites,
1144 440 1293 473 litteraeque
1316 439 1349 466 ad
1373 438 1527 473 prmfeetnm
1556 439 1709 472 mittuntur,
1732 444 1762 467 ut

986 491 1032 513 aut
1045 485 1183 513 Liberium
1204 485 1266 513 dolo
1282 485 1366 512 Roma
1383 486 1544 511 subductum
1567 485 1594 512 in
1609 489 1697 512 castra
1727 485 1761 513 ad

985 540 1014 559 se
1026 532 1239 559 transmitterem
1251 551 1258 563 ,
1279 535 1325 557 aut
1341 531 1364 557 vi
1377 530 1511 558 hominem
1526 535 1761 566 persequerentur.

1021 599 1066 626 58.
1081 599 1177 633 (Amvo
1195 597 1280 631 355.)
1297 597 1343 625 llis
1359 597 1449 633 itaque
1475 603 1503 626 et
1522 598 1652 633 ejusmodi
1674 598 1763 626 missis

987 646 1082 674 litteris
1095 667 1103 680 ,
1122 650 1211 674 metus
1229 649 1339 672 exortus
1353 648 1414 677 est,
1434 643 1590 678 insidiaeque
1607 651 1656 678 per
1679 648 1762 671 totam

988 694 1079 720 urbem
1093 696 1204 727 paratae.
1220 691 1290 724 Quot
1302 691 1384 725 igitur
1398 690 1522 718 domibus
1537 689 1657 717 insidiati
1678 690 1764 717 sunt?

987 744 1053 774 quot
1068 739 1134 766 viris
1149 743 1256 773 quantae
1267 736 1473 771 pollicitationes
1488 736 1580 769 factae,
1592 739 1622 762 ut
1635 735 1764 763 adversus

989 785 1125 812 Liberium
1140 791 1195 812 rem
1211 787 1336 818 gererent
1350 782 1361 809 2
1378 786 1444 816 quot
1456 781 1574 816 episcopi
1589 781 1631 809 his
1654 788 1764 815 perspe-

988 831 1037 858 ctis
1052 830 1131 858 rebus
1145 836 1204 857 sese
1218 828 1371 856 abdebant?
1391 832 1457 862 quot
1475 827 1568 855 liberae
1581 826 1708 854 mulieres
1729 827 1765 853 ob

953 890 972 916 Β
987 881 1105 903 structas
1127 882 1142 902 a
1167 873 1269 902 Christi
1287 873 1403 901 inimicis
1419 872 1588 904 calumnias,
1615 879 1662 906 per
1682 879 1765 906 pagos

987 920 1178 950 secesserunt?
1193 926 1259 955 quot
1276 919 1374 947 ascetis
1389 918 1506 946 insidiati
1529 918 1613 945 sunt?
1631 923 1696 953 quot
1711 918 1766 945 illic

988 972 1186 995 commoranles
1202 966 1324 993 homines
1336 985 1344 999 ,
1361 965 1406 999 qui
1420 969 1520 992 statum
1539 964 1575 991 ibi
1599 964 1765 991 domicilium

988 1013 1060 1041 nacti
1074 1017 1152 1040 erant
1166 1033 1174 1045 ,
1199 1011 1296 1047 expelli
1319 1011 1471 1038 curarunt!
1487 1011 1593 1046 quoties
1606 1015 1633 1038 et
1647 1018 1699 1045 quo
1713 1015 1768 1038 slu-

989 1060 1032 1087 dio
1045 1063 1151 1094 portum
1167 1059 1308 1092 exitusque
1319 1062 1457 1092 portarum
1479 1056 1676 1088 custodierunt,
1689 1061 1718 1083 ut
1733 1062 1766 1082 ne

988 1105 1048 1139 quis
1061 1105 1199 1140 ingressus
1215 1104 1438 1136 orthodoxorum,
1462 1102 1599 1130 Liberium
1617 1101 1767 1130 inviseret?

989 1152 1057 1180 Tum
1076 1151 1160 1179 Roma
1178 1158 1286 1186 quoque
1309 1150 1411 1177 Christi
1437 1149 1554 1177 hostium
1571 1148 1767 1175 immanitatem

989 1202 1099 1232 experta
1117 1201 1170 1228 est,
1185 1196 1312 1231 novitque
1325 1196 1432 1223 demum
1443 1215 1450 1227 .
1462 1202 1522 1229 quae
1537 1198 1599 1222 ante
1611 1201 1663 1220 non
1676 1193 1766 1220 credi-

990 1244 1038 1275 dit,
1054 1250 1114 1270 ctttn
1128 1242 1232 1269 audiret
1247 1263 1254 1275 ,
1271 1246 1397 1276 quantam
1417 1240 1520 1268 caeteris
1545 1239 1674 1268 Ecclesiis
1686 1260 1694 1273 ,
1710 1239 1767 1267 sin-

990 1289 1112 1324 gulisque
1127 1289 1239 1316 urbibns
1259 1276 1586 1315 vastitatem'intulissent
1607 1286 1658 1314 illi.
1676 1286 1768 1313 Eunu-

991 1334 1034 1362 chi
1048 1342 1129 1369 porro
1146 1339 1222 1362 erant
1235 1334 1281 1369 qni
1296 1335 1352 1361 haec
1368 1337 1395 1361 et
1411 1333 1464 1360 alia
1486 1333 1512 1360 in
1539 1333 1679 1361 universos
1694 1337 1768 1369 gesta

991 1380 1144 1408 movebant.
1170 1380 1204 1408 Et
1221 1380 1291 1414 quod
1307 1380 1334 1408 in
1349 1379 1481 1414 ejusmodi
1498 1379 1603 1407 insidiis
1616 1378 1769 1406 mirandum

991 1432 1042 1460 est,
1056 1428 1156 1454 Ariana
1171 1427 1281 1455 haeresis
1296 1435 1356 1462 qua:
1367 1426 1461 1453 Filium
1477 1425 1524 1453 Dei
1538 1424 1770 1460 abnegat.auxilio

993 1473 1088 1500 nititur
1099 1473 1294 1504 eunuchorum,
1310 1472 1356 1507 qui
1371 1476 1399 1498 ut
1414 1476 1520 1504 natura,
1538 1471 1577 1498 sic
1589 1474 1616 1498 et
1631 1470 1720 1496 anima
1735 1469 1770 1496 ad

993 1518 1140 1553 gignendas
1167 1518 1281 1545 virtutes
1308 1517 1415 1545 steriles
1434 1521 1517 1548 sunt,
1535 1524 1585 1544 nec
1610 1523 1720 1550 prorsus
1737 1516 1770 1542 do

161 1567 217 1594 χος,
241 1559 278 1594 μὴ
296 1559 362 1586 νοῶν
378 1558 395 1585 ἃ
410 1558 604 1592 ἀνεγίνωσκεν,
625 1559 737 1594 ἐπείσθη
754 1560 792 1594 τῷ
807 1559 939 1595 Φιλίππῳ1

995 1563 1064 1590 Filio
1078 1564 1172 1590 audire
1187 1563 1270 1590 verba
1287 1562 1433 1590 sustinent.
1449 1561 1574 1596 Ethiops
1591 1565 1664 1588 certe
1683 1568 1764 1588 eunu-

162 1603 312 1630 διδάσκοντι
326 1605 390 1640 περὶ
402 1604 448 1631 τοῦ
463 1605 599 1640 Σωτῆρος·
614 1604 638 1629 οί
655 1603 683 1630 δὲ
696 1603 742 1630 τοῦ
755 1605 942 1632 Κωνσταντίου

163 1647 308 1679 σπάδοντες
322 1647 382 1674 οὔτε
401 1649 447 1674 τοῦ
464 1649 568 1683 Πέτρου
583 1648 773 1683 ὁμολογοῦντος
792 1649 941 1684 ἀνέχονται,

161 1692 229 1719 ἀλλὰ
247 1694 294 1719 καὶ
315 1693 359 1721 τὸν
378 1694 486 1729 Πατέρα
510 1693 649 1720 δεικνύντα
666 1693 710 1719 τὸν
726 1693 788 1720 Υίὸν
810 1694 943 1729 ἀποστρέ-

162 1747 267 1772 φονται,
295 1739 342 1765 καὶ
368 1739 507 1774 μαίνονται
533 1738 604 1765 κατὰ
625 1738 677 1765 τῶν
690 1738 821 1773 λεγόντων
835 1740 943 1774 γνήσιον

162 1781 230 1812 εἶναι
246 1784 292 1811 τὸν
300 1785 362 1811 Υὶὸν
375 1784 420 1811 τοῦ
434 1785 511 1818 Θεοῦ,
524 1784 690 1816 ἐκδικοῦντες
705 1785 857 1812 σπαδόντων
870 1785 944 1820 αἴρε-

163 1837 214 1862 σιν,
232 1830 312 1865 μηδὲν
325 1828 393 1857 εἶναι
407 1831 516 1866 γνήσιον
532 1831 578 1857 καὶ
589 1830 713 1866 ἀληθινὸν
726 1831 757 1858 ὲκ
769 1831 815 1858 τοῦ
826 1831 942 1867 Πατρός.

161 1874 210 1902 Ara
223 1875 301 1903 τοῦτο
317 1877 371 1911 γὰρ
385 1876 432 1903 καὶ
447 1877 461 1902 ὁ
475 1876 554 1912 νόμος
570 1877 656 1912 εἴργει
673 1876 782 1909 τούτους
794 1878 834 1908 είς
847 1877 944 1913 ἐκκλη-

163 1921 304 1956 ειαστικὴν
326 1921 488 1957 συμϐουλίαν
511 1923 781 1958 προσλαμϐάνεσθαι·
804 1924 851 1949 καὶ
870 1923 944 1959 ὅμως

161 1966 270 1999 τούτους
286 1967 333 1995 νῦν
355 1969 409 1995 τῶν
434 1969 664 2004 ἑκκλησιαστικῶν
679 1971 819 2006 χριμάτων
834 1971 944 2006 κυρίους

162 2012 330 2046 ἑλογίσαντο·
359 2014 407 2040 καὶ
429 2015 496 2050 ὅπερ
521 2015 555 2042 ἂν
577 2015 665 2047 αὐτοῖς
683 2016 761 2052 δόξῃ,
777 2017 855 2043 τοῦτο
866 2017 943 2044 Κων-

163 2059 284 2091 στάντιος
299 2061 396 2096 κρίνει,
415 2061 460 2087 καὶ
473 2062 497 2088 οί
518 2062 655 2097 λεγόμενοι
675 2062 817 2090 ἐπίσκοποι
833 2063 944 2100 ὑποκρί-

161 2113 261 2133 νονται.
284 2106 316 2132 Ὢ
335 2106 376 2138 τίς
397 2107 429 2134 ἂν
451 2108 554 2142 γένοιτο
571 2108 671 2135 τούτων
694 2108 880 2144 λογογράφος;
903 2109 944 2140 τίς

162 2151 312 2188 ἀπαγγείλῃ
323 2151 409 2180 ταῦτα
419 2154 458 2185 είς
474 2153 568 2188 γενεὰν
583 2154 677 2189 ἑτέραν
690 2162 696 2186 ;
713 2155 755 2186 τίς
768 2152 823 2190 ἄρα
836 2155 945 2182 πιστεύ-

163 2205 233 2224 σειεν
247 2198 362 2232 ἁκούων,
377 2199 417 2225 ὅτι
431 2200 574 2231 σπάδοντες
585 2200 610 2226 οἱ
620 2201 758 2232 οίκειακὰς
772 2201 826 2236 (45)
837 2201 942 2237 ὑπηρε-

163 2243 222 2275 σίας
249 2244 328 2278 μόγις
351 2245 539 2280 πιστευόμενοι
566 2244 725 2281 (φιλήδονον
744 2246 798 2282 γὰρ
824 2246 855 2272 τὸ
882 2246 942 2273 τού-

161 2296 216 2315 των
231 2286 308 2321 εἶδος,
323 2289 370 2316 καὶ
382 2290 457 2316 οὐδὲν
471 2290 532 2318 ἄλλο
544 2290 719 2326 μεριμνῶσιν,
732 2291 769 2323 ὼς
785 2291 867 2325 τοῦθ’,
877 2292 944 2326 ὅπερ

163 2335 261 2366 αὐτοὺς
275 2336 291 2370 ἡ
310 2335 388 2370 φύσις
403 2337 540 2371 ἀφείλατο,
555 2336 733 2373 ἐμποδίζειν),
743 2335 814 2364 οὗτοι
830 2338 877 2365 νῦν
890 2338 943 2364 τῶν

163 2380 393 2416 ὲκκλησιαστικῶν
408 2382 463 2417 (44)
475 2383 649 2418 κατάρχουσι,
666 2383 712 2410 καὶ
725 2383 828 2415 τούτοις
843 2383 941 2410 ὑποπί-

164 2433 237 2452 πτων
260 2426 459 2460 Κωνπάντιος,
491 2428 570 2455 πᾶσιν
591 2428 776 2461 ἐπεϐούλευσε,
802 2429 848 2455 καὶ
864 2429 941 2455 Δισέ-

166 2478 221 2506 ριον
234 2470 378 2507 ὲξώρισενς

199 2579 242 2607 59.
265 2579 370 2615 Ἐπειδὴ
392 2580 446 2616 γὰρ
467 2581 549 2613 πολὺς
567 2579 601 2616 ἦν
625 2583 664 2613 είς
682 2581 789 2616 Ῥώμην
817 2581 938 2616 γράφων,

199 2637 210 2652 ¹
223 2638 283 2666 Act.
299 2646 354 2673 vut,
365 2639 410 2666 27.
449 2640 471 2655 ¹⁰
483 2640 574 2668 Matth.
591 2649 646 2668 xm
658 2661 665 2673 ,
683 2641 710 2668 5.

164 2693 224 2714 I'ttm
244 2691 370 2722 potestas,
392 2688 460 2714 haud
471 2689 528 2715 sine
539 2689 712 2722 querimoniis
723 2693 855 2715 testantur
867 2690 933 2715 scri-

165 2721 386 2758 ptoresplurimi.
409 2721 554 2750 Eusebium
573 2729 661 2750 autem
680 2724 760 2750 istum
779 2723 933 2758 praefectum

163 2756 276 2783 cubiculi
296 2763 425 2783 memOrat
437 2757 593 2785 Ammianus
609 2756 795 2789 Marcellinus,
816 2759 861 2785 lib.
878 2765 933 2789 xw,

163 2798 222 2827 cap.
243 2791 284 2823 Η,
299 2791 344 2817 lib.
359 2799 400 2827 xvi,
417 2800 476 2824 cap.
491 2793 523 2823 5,
541 2798 567 2819 et
589 2793 660 2820 alibi.
678 2793 775 2827 Aitque
792 2795 846 2827 ipse
872 2794 935 2819 Am-
952 2813 956 2817 .

165 2826 342 2862 mianus_eutn
356 2835 369 2852 a
381 2826 487 2853 Iuliano
509 2829 669 2862 impcrawre
691 2826 771 2854 morti
789 2826 935 2858 addictum,

163 2866 243 2894 atque
254 2860 287 2887 ab
301 2862 425 2888 Adrastia
446 2860 556 2889 muliere
574 2863 767 2897 praecipitatum
790 2862 888 2894 fuisse,
905 2862 937 2889 li-

320 2909 454 2939 ΡΑτειοι.
470 2910 528 2940 (in.
549 2910 648 2940 XXV.

994 1608 1062 1635 chus
1076 1615 1137 1635 cum
1154 1615 1205 1635 non
1219 1607 1379 1640 intelligeret
1394 1614 1453 1642 qua:
1475 1606 1598 1641 legebat,
1611 1605 1692 1641 29o
1706 1605 1766 1632 Phi-

994 1653 1066 1688 lippo
1081 1652 1113 1680 de
1127 1651 1266 1680 Salvatore
1279 1652 1384 1680 docenti
1397 1651 1514 1679 credidit
1527 1650 1538 1666 ⁸
1551 1659 1558 1678 :
1571 1656 1599 1678 at
1619 1650 1770 1677 Constantii

994 1699 1137 1733 spadones,
1153 1705 1186 1725 ne
1201 1697 1308 1725 Petrum
1325 1698 1431 1732 quidem
1453 1697 1624 1725 conﬁtentem
1645 1696 1770 1729 tolerant,

995 1744 1048 1771 illlO
1063 1743 1168 1770 Patrem
1182 1743 1227 1778 qui
1240 1743 1336 1770 Filium
1352 1751 1429 1770 suutn
1443 1743 1591 1770 declarat”
1602 1746 1772 1776 aversantur,

995 1789 1140 1824 furuntqoe
1160 1790 1185 1816 in
1207 1797 1254 1817 eos
1267 1790 1314 1824 qtti
1331 1790 1406 1816 aiunt
1420 1789 1563 1824 genuinum
1575 1796 1635 1816 esse
1661 1788 1706 1815 Dei
1723 1787 1771 1814 Fi-

994 1835 1058 1862 lium
1076 1842 1083 1861 :
1101 1840 1181 1870 atque
1204 1835 1241 1862 ita
1267 1835 1415 1870 spadonum
1442 1834 1608 1862 ulciscuntur
1629 1834 1771 1865 haeresim.

994 1888 1053 1913 quae
1070 1881 1118 1913 ait,
1134 1880 1200 1907 nihil
1224 1888 1256 1907 ex
1274 1881 1351 1908 Patre
1365 1881 1507 1916 genuinum
1524 1887 1556 1908 ac
1581 1887 1674 1907 verum
1698 1887 1768 1907 esse.

994 1925 1126 1958 Quocirca
1142 1930 1215 1953 vetat
1237 1926 1279 1953 lex
1299 1925 1359 1954 illos
1385 1927 1418 1953 ad
1444 1926 1656 1954 ecclesiasticum
1680 1926 1767 1954 consi-

995 1970 1059 1998 lium
1075 1971 1190 1999 admitti.
1208 1973 1336 2000 Attamen
1360 1972 1409 1999 hos
1431 1979 1503 1999 nunc
1528 1972 1771 2000 ecclesiasticarum

993 2016 1154 2050 iudiciorum
1169 2017 1291 2045 dominos
1312 2021 1436 2052 reputant
1453 2024 1621 2051 :eorumque
1641 2017 1773 2044 arbitratu

993 2062 1095 2097 judicat
1110 2062 1285 2091 Constantius
1298 2084 1306 2096 ,
1332 2063 1564 2092 dissimulantibus
1585 2063 1637 2091 illis
1657 2063 1702 2098 qui
1717 2063 1773 2098 epi-

995 2108 1069 2142 scopi
1086 2108 1194 2136 nomine
1207 2114 1348 2136 vocantur.
1363 2109 1420 2137 ileu
1432 2111 1491 2144 quis
1503 2116 1546 2136 res
1562 2109 1691 2143 ejusmodi
1707 2109 1773 2135 scri-

995 2156 1041 2187 pto
1055 2153 1201 2180 traditurus
1214 2154 1278 2181 est?
1296 2154 1357 2189 quis
1379 2160 1537 2182 narraturus
1550 2154 1716 2190 generationi
1732 2153 1773 2179 al-

997 2197 1068 2224 teri?
1085 2199 1145 2232 quis
1159 2199 1280 2226 narranti
1298 2199 1378 2227 iidem
1395 2200 1492 2227 habeat
1502 2219 1510 2231 ,
1524 2199 1655 2234 spadones
1669 2198 1773 2225 scilicet

995 2243 1094 2277 quibus
1109 2244 1254 2272 domestica
1272 2245 1315 2272 vix
1331 2245 1479 2273 ministeria
1501 2245 1697 2273 concredantur
1713 2244 1773 2279 (vo-

994 2288 1138 2322 luptarium
1153 2290 1225 2317 enim
1243 2297 1326 2324 genus
1339 2295 1399 2323 est,
1411 2292 1455 2325 qui
1474 2290 1541 2318 nihil
1564 2290 1636 2317 aliud
1658 2293 1753 2317 curant
1765 2308 1773 2320 ,

994 2341 1074 2368 quam
1089 2339 1118 2361 ut
1141 2335 1211 2369 quod
1234 2335 1285 2363 sibi
1304 2343 1319 2362 a
1337 2341 1432 2365 natura
1451 2340 1574 2370 negatum
1597 2339 1657 2366 est,
1673 2334 1723 2361 hoc
1736 2333 1773 2360 illi

995 2379 1020 2405 itt
1033 2379 1094 2406 aliis
1109 2379 1279 2415 impediant),
1297 2380 1357 2408 illos
1369 2381 1490 2416 inquam,
1514 2378 1705 2407 ecclesiasticis
1716 2377 1771 2412 jam

996 2425 1076 2451 rebus
1099 2425 1232 2460 imperare
1247 2446 1254 2458 ,
1279 2426 1523 2461 Constantiumque
1552 2425 1602 2452 illis
1624 2424 1772 2455 subditum,

996 2470 1108 2497 insidias
1126 2471 1153 2497 in
1167 2479 1261 2498 omnes
1275 2479 1400 2506 parasse,
1415 2477 1496 2506 atque
1514 2471 1646 2498 Liberium
1660 2470 1685 2497 in
1698 2469 1773 2497 exsi-

995 2515 1060 2542 lium
1071 2516 1176 2544 misisse
1186 2517 1198 2544 ?

1030 2583 1076 2611 59.
1092 2584 1171 2618 Nam,
1184 2593 1244 2613 cum
1260 2586 1358 2614 multus
1376 2591 1448 2614 esset
1465 2586 1509 2613 ille
1524 2585 1550 2613 in
1563 2584 1704 2613 scribendo
1718 2583 1772 2611 Ro-

989 2690 1038 2717 bro
1055 2696 1123 2719 xxn,
1140 2688 1230 2722 capite
1243 2687 1270 2714 4.

1035 2723 1080 2757 η)
1101 2723 1178 2757 Reg.,
1192 2723 1313 2757 κόμιτες,
1328 2723 1360 2750 de
1373 2729 1457 2750 more.

1035 2758 1081 2789 45)
1097 2757 1175 2792 Reg.,
1195 2758 1332 2788 οἱκιακάς.
1421 2791 1425 2792 ν
1449 2786 1453 2790 _

1024 2793 1081 2828 (44)
1094 2792 1182 2824 Editi,
1207 2792 1388 2827 Ἐχκλησιῶν,
1412 2791 1497 2827 Reg.,
1528 2791 1771 2828 ἐκκλησιαπικῶν,

989 2824 1142 2863 qttam'esse
1155 2834 1246 2853 veram
1265 2824 1404 2863 lectionem
1418 2824 1531 2854 suadent
1546 2824 1696 2863 hzec'paitlo
1707 2824 1770 2856 ante

991 2861 1062 2890 dicta
1074 2861 1307 2898 ὲκκλησιαστιχῶν
1320 2862 1461 2898 χριμάτων
1475 2862 1596 2898 κυρίους.

1572 2908 1610 2939 25-
