2007 3044
223 153 275 182 739

518 150 546 178 S.
567 147 751 178 ATHANASII
770 148 956 178 0PP.‘PARS
975 149 996 176 l.
1016 164 1050 171 —
1069 147 1253 176 HISTORICA
1272 147 1316 175 ET
1335 146 1548 175 DOGMATICA.

1783 144 1838 171 ἨΟ

223 220 306 244 mam.
321 219 382 239 cum
397 212 484 239 minas
507 211 776 244 lntentaret,legatos
788 210 917 243 mitteret,
935 210 1000 236 iusi-

1058 209 1177 241 ὶπειλῶν,
1199 209 1385 239 ἀποστέλλων,
1406 205 1601 236 ἐπιϐουλεύων,
1618 204 1711 231 λοιπὸν
1726 204 1754 230 δὲ
1775 205 1838 238 ὲγε-

221 257 335 292 diasque
349 263 468 292 pararet,
484 257 592 285 demum
610 256 681 284 facta
696 260 737 283 est
748 255 928 283 Alexandrina
942 262 1002 290 per-

222 304 325 331 secutio
349 312 357 330 :
381 303 559 338 Liberiusque
582 303 615 330 ad
639 303 829 338 imperatorem
855 302 973 329 trahitur
995 311 1002 328 :

222 349 360 384 multaque
373 349 419 377 ille
433 356 500 377 usus
516 349 642 384 loquendi
661 348 768 380 ﬁducia,
785 348 894 380 Desine,
906 347 1003 382 inquit,

221 395 391 422 Christianos
413 396 555 430 persequi:
572 401 606 421 ne
622 398 714 421 nostra
736 400 817 428 opera
831 393 937 421 coneris
951 394 1003 421 im-

220 440 348 475 pietatem
362 439 533 467 introducere
546 440 572 467 in
595 439 757 466 Ecclesium.
774 438 874 466 Sumus
889 446 954 467 sane
970 440 1003 466 ad

221 486 311 514 omnia
335 485 476 513 toleranda
501 485 610 520 parati.
637 485 807 519 potiusquam
830 484 1003 512 Ariomanitaa

221 531 363 558 audiamus
382 539 389 558 :
417 538 451 558 ne
467 537 527 562 nos,
549 531 594 564 qui
610 529 758 557 Christiani
787 536 892 560 sumus.
923 533 1004 564 cogas

221 576 456 607 Christomachos.
470 576 497 602 id
512 580 562 608 est,
576 575 685 603 Christo
709 575 832 602 inimicos
848 574 925 602 etllci.
948 575 1004 601 Hu-

219 622 263 656 jus
278 628 384 657 quoque
401 622 448 648 tibi
466 620 569 648 consilii
585 625 710 648 auctores
724 627 816 647 sumus
827 640 835 653 ,
853 627 886 647 ne
901 627 1004 655 pugnes

221 676 283 695 cum
300 675 332 695 eo
354 667 400 702 qui
421 667 472 694 hoc
501 667 548 694 tibi
575 666 716 702 imperium
733 666 862 693 tradidit:
880 674 930 693 neu
955 673 1003 700 pro

221 714 369 750 gratiarum
386 714 493 740 actione
510 713 679 748 impietatem
701 712 740 739 illi
759 711 861 739 referas
875 720 883 739 :
896 719 929 740 ne
942 719 1004 747 per-

221 766 335 794 sequare
348 758 408 786 illos
424 758 470 793 qui
488 757 602 785 credunt
615 757 642 784 in
654 764 732 790 eum,
747 764 780 784 ne
795 761 822 784 tu
834 764 940 791 quoque
954 764 1002 783 au-

221 806 280 833 dias
296 814 303 832 :
320 806 421 832 Durum
435 809 474 831 eu
496 804 542 830 tibi
559 808 651 830 contra
668 803 804 830 stimulum
819 803 958 829 calcitrare
970 803 1002 829 ¹¹.

223 851 276 879 Sed
290 852 393 878 utinam
409 850 555 882 auscultes,
566 855 593 877 ut
607 854 634 876 tu
646 856 763 884 quoque,
779 849 1002 884 quemadmodum

1051 257 1123 290 γόνει
1138 255 1184 282 καὶ
1197 256 1212 282 ὁ
1224 254 1294 281 κατὰ
1314 252 1511 288 Ἀλεξάνδρειαν
1530 250 1664 286 διωγμός²
1688 249 1743 285 (45)
1758 250 1837 276 ἑλκε-

1051 310 1095 328 ται
1109 301 1156 328 καὶ
1167 300 1291 335 Δισέριος
1307 299 1375 335 πρὸς
1392 297 1514 333 βασιλέα,
1537 296 1583 324 καὶ
1604 296 1672 332 πρὸς
1693 294 1775 330 πολλῇ
1792 297 1838 322 καὶ

1052 347 1132 378 αὐτὸς
1151 346 1283 382 κέχρηται
1297 345 1353 381 (46)
1369 345 1402 380 τῇ
1421 343 1562 378 παρρησίᾳ
1574 361 1581 374 ,
1601 342 1722 373 Παῦσαι,
1740 341 1836 374 λέγων,

1051 393 1155 420 διώκων
1171 391 1349 426 Χριστιανούς
1363 399 1370 406 ·
1398 391 1436 426 μὴ
1459 390 1572 426 πείραζε
1594 389 1627 414 δι’
1640 387 1719 422 ἡμῶν
1733 387 1838 418 είσάξαι

1052 438 1100 473 τὴν
1115 438 1241 466 ἀσέϐειαν
1261 439 1301 469 είς
1321 437 1368 472 τὴν
1392 436 1563 471 Ἐκκλησίαν.
1582 434 1673 461 Πάντα
1693 432 1838 467 ὑπομένειν

1052 485 1135 520 ἐσμὲν
1151 484 1264 519 ἕτοιμοι,
1282 484 1298 519 ἢ
1320 484 1520 519 Ἀρειομανῖται
1535 481 1666 516 κληθῆναι
1683 479 1750 514 (47).
1772 478 1840 513 Χρι-

1053 531 1176 562 στιανοὺς
1191 530 1270 562 ὂντας
1283 531 1356 565 ἡμᾶς
1373 529 1410 565 μὴ
1427 527 1562 563 ἀνάγκαζε
1574 528 1595 554 Χ
1600 525 1779 563 ριστομάχους
1792 532 1839 558 γε-

1053 575 1155 602 νέσθαι.
1179 575 1265 602 Τοῦτο
1290 575 1336 602 καὶ
1363 575 1405 602 σοὶ
1427 573 1663 610 ωμὸουλεύομεψ
1688 571 1724 606 μὴ
1753 570 1839 605 μάχου

1053 622 1120 658 πρὸς
1139 622 1184 648 τὸν
1205 621 1337 648 δεδωκότα
1355 629 1394 647 σοι
1413 620 1461 656 τὴν
1478 619 1563 655 ἀρχὴν
1579 617 1696 652 ταύτην·
1723 615 1760 651 μὴ
1781 616 1838 642 ἀντ’

1053 666 1226 703 εὐχαριστίας
1241 666 1377 702 ἀσεσήσῃς
1395 666 1434 697 είς
1447 665 1526 692 αὐτόν
1538 673 1544 679 ·
1564 663 1601 699 μὴ
1619 662 1700 690 δίωκε
1717 662 1778 692 τοὺς
1792 669 1839 686 πι-

1054 713 1197 744 στεύοντας
1211 713 1250 744 εἰς
1266 712 1357 744 αὑτὸν,
1378 711 1416 747 μὴ
1427 710 1545 746 ἀκούσῃς
1568 709 1614 736 καὶ
1631 707 1663 734 σύ
1674 716 1680 722 ·
1702 706 1840 740 Σκληρόν

1054 766 1103 785 σοι
1125 758 1200 791 πρὸς
1215 758 1322 791 κέντρα
1340 756 1498 787 λακτίζειν.
1517 754 1586 782 Ἀλλ’
1603 753 1658 780 εἴθε
1680 752 1732 779 κᾶν
1756 751 1841 778 ἀκού-

1056 811 1116 839 σῃς,
1129 804 1172 829 ῖνα
1188 802 1236 829 καὶ
1254 802 1285 828 σὺ
1309 802 1434 837 πεισθῇς,
1460 801 1498 832 ὡς
1514 802 1528 827 ὁ
1544 799 1622 834 ἅγιος
1639 797 1751 829 Παῦλος.
1774 796 1840 823 Ἰδοὺ

1055 848 1212 884 πάρεσμεν,
1230 847 1347 883 ἤλθομεν
1369 847 1432 883 πρὶν
1451 846 1605 873 πλάσωνται
1623 844 1774 880 πρόφασιν·
1795 841 1843 868 διὰ

221 896 318 926 beatus
331 895 430 922 Paulus
445 895 627 929 obtemperes.
648 894 717 921 Ecca
732 894 871 926 adsumus.
885 895 1004 922 accessi-

1058 894 1133 921 τοῦτο
1154 894 1208 930 γὰρ
1231 895 1278 920 καὶ
1295 893 1477 928 ὲσπεύσαμεν,
1502 892 1612 923 εἰδότες,
1637 891 1678 917 ὅτι
1699 887 1841 925 ὲξορισμὸς

222 950 283 970 mus
296 943 452 978 priusquam
472 941 509 968 illi
521 940 738 968 criminationem
754 941 1003 968 comminiscantur.

221 988 286 1016 Ideo
298 988 514 1023 properavimus,
527 987 603 1022 gnari
618 986 697 1014 nobis
710 994 724 1013 a
750 990 777 1015 te
792 986 1004 1021 exspectandum

223 1035 350 1063 exsilium
368 1041 451 1066 esse,
480 1038 508 1061 ut
532 1037 594 1061 ante
619 1034 762 1061 conﬁctam
789 1033 1004 1060 criminationem

223 1081 371 1117 patiamur.
387 1080 570 1114 omnibusque
591 1079 729 1114 propalam
755 1079 790 1107 sit
803 1099 812 1112 ,
828 1079 895 1107 alios
912 1086 1006 1106 omnes

223 1127 317 1155 cadent
332 1134 385 1162 qua
405 1134 454 1154 nos
470 1125 574 1153 ratione
597 1133 738 1160 perpessos
752 1133 829 1158 esse,
854 1125 1006 1159 allatasque

224 1174 355 1201 adversus
380 1173 440 1200 illos
455 1172 658 1200 criminationes
671 1191 679 1204 ,
698 1172 828 1200 conﬁctas
839 1171 873 1199 ab
887 1172 1006 1200 inimicis

224 1218 309 1246 fuisse
321 1225 329 1245 :
341 1226 456 1254 quorum
477 1218 566 1245 omnia
582 1217 665 1249 dicta,
691 1217 758 1245 nihil
778 1217 830 1245 nisi
844 1217 985 1244 calumnia:
996 1238 1004 1251 ,

225 1266 290 1294 nihil
305 1265 355 1293 nisi
369 1265 507 1292 mendacia
522 1265 606 1292 fuere.

260 1311 305 1339 ω.
333 1311 372 1338 Ita
399 1311 502 1338 locutus
530 1309 653 1337 Liberius
680 1309 806 1337 omnibus
835 1309 1006 1337 admirationi

225 1357 292 1390 fuit;
309 1362 337 1384 at
352 1356 398 1384 ille
414 1356 515 1383 nullum
531 1355 603 1382 aliud
627 1363 787 1390 responsum
813 1355 904 1387 dedit,
925 1363 1006 1389 quatit

226 1403 298 1440 quod
312 1403 394 1438 jussit
417 1402 492 1429 illum
511 1402 581 1429 mitti
607 1402 634 1429 in
658 1401 783 1429 exsilium
799 1409 806 1428 :
823 1400 1006 1435 singulosque,

225 1454 256 1476 ut
269 1453 349 1476 antea
363 1447 478 1479 fecerat,
493 1448 527 1474 ab
539 1447 654 1474 invicem
672 1446 811 1482 disjunxit.
821 1445 907 1479 Quam
920 1445 1007 1472 exsilii

226 1495 359 1522 rationem
382 1494 521 1521 adinvenit
543 1493 619 1528 ipse;
639 1497 667 1519 ut
692 1492 719 1519 in
744 1491 832 1526 pomis
858 1490 1009 1525 irrogandis

1054 942 1128 976 ἡμᾶς
1144 941 1218 976 μένει
1235 940 1308 976 παρὰ
1320 940 1378 972 σοῦ,
1397 940 1449 971 ἴνα,
1466 939 1529 975 πρὶν
1542 938 1597 973 (48)
1611 937 1772 973 προφάσεως
1787 934 1842 961 πᾶ-

1055 987 1155 1023 θωμεν,
1170 987 1216 1014 καὶ
1237 988 1303 1013 πᾶσι
1323 986 1414 1021 δειχθῇ
1437 984 1569 1020 φανερῶς,
1590 983 1631 1010 ὅτι
1652 982 1699 1008 καὶ
1720 981 1744 1008 οἱ
1766 979 1842 1006 ἄλλοι

1056 1033 1155 1064 πάντες
1178 1032 1248 1059 οὕτω
1266 1031 1441 1063 πεπόνθασιν,
1459 1030 1496 1062 ὡς
1511 1031 1601 1064 ἡμεῖς,
1623 1028 1669 1054 καὶ
1684 1027 1713 1054 αἱ
1736 1025 1840 1061 λεχθεῖ-

1057 1088 1101 1106 σαι
1130 1079 1188 1106 κατ’
1213 1078 1302 1104 αὐτῶν
1327 1077 1476 1112 προφάσεις
1506 1073 1679 1109 ὲπλάσθησαν
1697 1072 1772 1107 παρὰ
1786 1071 1843 1099 τῶν

1056 1125 1161 1161 ἐχθρῶν
1171 1145 1178 1156 ,
1198 1124 1245 1151 καὶ
1263 1124 1350 1150 πάντα
1364 1123 1397 1150 τὰ
1414 1124 1472 1150 χατ¹
1488 1120 1586 1152 αὐτούς
1603 1121 1661 1147 ἔστ’.
1675 1118 1843 1153 συκοφαντία

1057 1172 1104 1198 καὶ
1116 1170 1212 1206 ψευδῆ.

1093 1305 1136 1333 40.
1153 1304 1232 1331 Οὕτω
1247 1304 1295 1339 μὲν
1308 1301 1354 1330 οὖν
1368 1303 1382 1330 ὁ
1395 1301 1521 1338 Λιὸέριος
1536 1300 1595 1327 τότε
1612 1299 1708 1333 λέγων,
1721 1297 1842 1333 ἐθαυμά-

1058 1353 1119 1384 ζετο
1129 1350 1205 1386 παρὰ
1215 1349 1323 1376 πάντων
1335 1358 1342 1365 ·
1360 1350 1373 1375 ὁ
1387 1348 1426 1381 δὲ,
1443 1347 1503 1375 ἀντὶ
1517 1346 1564 1373 τοῦ
1577 1343 1785 1380 ἀποκρίνασθαι.
1801 1343 1845 1378 p.6—

1057 1406 1103 1425 vov
1117 1397 1243 1424 ἐκέλευσε
1259 1395 1306 1423 καὶ
1321 1394 1460 1429 ἐξώρισεν,
1476 1393 1590 1420 ἕκαστον
1604 1391 1760 1425 διαστήσας,
1775 1389 1844 1424 ὅπερ

1058 1443 1105 1469 καὶ
1124 1441 1171 1469 ἐπὶ
1187 1440 1241 1468 τῶν
1253 1440 1393 1476 προτέρων
1405 1438 1548 1473 πεποίηκε.
1565 1436 1663 1463 Τοῦτον
1675 1435 1739 1470 γὰρ,
1754 1433 1844 1469 ἐξορί-

1059 1487 1122 1520 ζων,
1143 1486 1188 1513 τὸν
1206 1485 1291 1513 τύπον
1307 1485 1388 1516 αὐτὸς
1404 1484 1540 1519 ἐποίησεν,
1564 1482 1608 1509 ἴνα
1622 1481 1667 1507 καὶ
1683 1481 1711 1506 ὲν
1731 1481 1791 1511 ταῖς
1804 1487 1846 1505 τι.-

225 1541 361 1576 prioribus
376 1540 511 1568 crudelior
524 1526 646 1574 tyrannis
655 1542 682 1565 et
694 1537 913 1573 persecutoribus
925 1541 1007 1564 esset.

1062 1534 1178 1569 μωρίαις
1189 1533 1327 1568 ὠμότερος
1341 1531 1395 1558 τῶν
1411 1531 1463 1567 πρὸ
1475 1528 1555 1557 αὑτοῦ
1573 1529 1708 1564 τυράννων
1726 1526 1773 1552 καὶ
1785 1526 1847 1551 διω-

1100 1579 1112 1584 -
1173 1579 1179 1584 .
1291 1577 1330 1584 ...ιι
1371 1577 1377 1584 ι
1437 1576 1444 1584 ι
1564 1575 1570 1584 1
1635 1571 1741 1584 θηηηῄἚ
1766 1571 1842 1584 ..-.,.ι

226 1587 293 1614 Nam
311 1587 336 1614 in
352 1586 483 1622 superiori
498 1585 688 1620 persecutione
701 1604 708 1616 ,
726 1583 817 1618 plures
830 1590 882 1610 una
900 1582 1007 1610 confes-

226 1641 302 1661 sorea
329 1631 444 1666 relegari
467 1630 549 1665 jussit
562 1629 752 1660 Maximianus,
766 1636 798 1655 ac
815 1635 864 1662 per
877 1627 1007 1656 consortii

227 1678 438 1707 consolationem
461 1684 569 1712 poenam
595 1675 737 1710 mitigavit.
755 1675 789 1701 At
807 1674 851 1702 hic
870 1673 949 1709 longe
965 1673 1010 1701 illo

227 1725 375 1757 crudelior,
387 1724 460 1751 viros
474 1723 501 1750 in
515 1721 640 1757 loquendi
653 1721 791 1754 libertate,
803 1725 885 1755 atque
902 1720 927 1746 in
943 1727 1009 1747 con-

227 1772 344 1800 fessione
360 1771 448 1799 socios
461 1770 494 1798 ab
506 1769 620 1796 invicem
638 1767 752 1796 semovit
766 1787 773 1799 ,
798 1766 859 1794 illos
882 1766 1011 1802 disjunxit

227 1818 274 1853 qui
302 1818 354 1845 [ide
380 1816 497 1851 copulati
510 1818 599 1848 erant,
615 1818 646 1841 ut
666 1820 701 1841 ne
716 1813 758 1840 vel
771 1813 798 1840 in
814 1816 901 1840 morte
918 1816 1011 1839 mutuo

228 1865 383 1892 fruerentur
402 1866 511 1897 aspectu
522 1882 530 1895 ,
548 1865 623 1888 ratus
636 1859 759 1895 corporis
784 1859 1009 1894 segregationem,

228 1911 326 1938 animae
338 1916 444 1944 quoque
457 1906 582 1935 affectum
601 1906 769 1941 disjungere,
792 1909 839 1932 aut
853 1905 913 1933 illos
941 1905 1010 1932 invi-

229 1964 287 1984 cem
299 1955 434 1989 sejunclos
448 1954 600 1981 concordiae
615 1956 644 1980 et
664 1950 849 1979 unanimitatis
870 1950 1010 1978 oblituros.

229 2001 337 2036 Ignorat
362 2000 476 2032 scilicet,
501 1998 607 2026 etiamsi
629 1997 728 2032 singuli
753 2003 873 2024 seorsum
893 1997 1009 2031 degant,

230 2048 326 2075 adesse
360 2050 449 2073 tamen
486 2044 632 2079 unicuique
665 2043 807 2070 Dominum
845 2049 926 2077 quem
959 2049 1012 2068 una

230 2101 326 2122 omnes
345 2091 461 2120 confessi
474 2095 547 2125 sunt,
558 2091 604 2125 qui
616 2090 681 2118 illud
696 2093 767 2125 aget,
778 2093 807 2116 ut
825 2088 910 2116 multo
923 2088 1013 2123 plures

231 2140 345 2175 singulis
372 2139 460 2166 adsint
475 2137 516 2174 (ut
538 2137 601 2164 olim
628 2136 724 2164 Elisazo
746 2135 884 2170 prophetas
909 2133 1012 2170 prasti-

232 2188 264 2214 tit
285 2185 318 2221 ")
343 2192 422 2220 quam
453 2184 508 2212 sint
529 2190 590 2211 cum
616 2182 773 2210 Constantio
802 2181 912 2209 milites.
937 2180 1013 2208 Caeca

1061 1579 1133 1607 κτῶν
1148 1579 1271 1615 γένηται.
1291 1577 1336 1613 Τῷ
1350 1577 1399 1613 μὲν
1415 1576 1469 1613 γὰρ
1489 1575 1613 1611 προτέρῳ
1633 1571 1743 1608 διωγμῷ
1766 1571 1845 1607 κοινῂ

1061 1626 1108 1653 καὶ
1122 1625 1235 1656 πολλοὺς
1254 1623 1312 1659 ἅμα
1335 1622 1453 1650 κελεύων
1463 1621 1478 1648 ὁ
1490 1621 1551 1648 τότε
1567 1618 1735 1654 Μαξιμιανὺς
1750 1616 1846 1651 ἐξώρι-

1062 1672 1107 1706 ζεν
1114 1670 1281 1707 ὁμολογητὰς
1291 1670 1339 1697 κα¹ι
1351 1669 1400 1705 τὴν
1411 1667 1546 1703 τιμωρίαν
1559 1663 1742 1707 ἐπεκούφιζεὶ
1753 1670 1847 1697 παρα-

1064 1704 1230 1754 μυθουμενοέ
1261 1715 1359 1746 αὐτοὺς
1379 1704 1447 1749 (49)
1478 1713 1511 1748 τῇ
1534 1709 1662 1745 συνουσίαι⁸
1676 1718 1684 1725 ⁸
1714 1704 1791 1739 οὗτος
1819 1707 1867 1734 δὲν

1063 1753 1187 1790 ᾆιάκείνου
1203 1761 1314 1796 γέγονεν
1328 1759 1476 1795 ὠμότερος,
1492 1757 1537 1784 καὶ
1557 1756 1680 1791 διέστησε
1695 1753 1757 1785 τοὺς
1771 1753 1848 1787 κοινῇ

1063 1807 1337 1845 παρρησιασαμένους
1358 1805 1406 1832 καὶ
1430 1803 1668 1840 ὁμολογήσαντας,
1690 1801 1737 1828 καὶ
1756 1799 1849 1834 διεχώ-

1065 1863 1122 1892 ρισε
1138 1855 1193 1890 (50)
1216 1855 1278 1885 τοὺς
1299 1851 1474 1882 συνδεθέντας
1486 1851 1519 1885 τῇ
1536 1849 1626 1875 πίστει
1637 1867 1644 1879 ,
1660 1847 1704 1873 ἵνα
1721 1846 1768 1873 καὶ
1783 1845 1851 1872 dm-

1064 1902 1226 1937 θνήσκοντες
1242 1899 1372 1934 ἀλλήλους
1390 1897 1427 1933 μὴ
1444 1893 1758 1932 βλέπωσιαομίζωνηὼς
1772 1892 1786 1918 ὁ
1801 1900 1851 1927 χω-

1065 1947 1161 1984 ρισμὸς
1187 1946 1232 1973 τοῦ
1260 1946 1384 1981 σώματος
1409 1943 1516 1974 πάντως
1541 1942 1588 1968 καὶ
1610 1940 1658 1976 τὴν
1687 1940 1737 1974 τῆς
1760 1938 1850 1973 ψυχῆς

1063 1988 1181 2020 διάθεσιν
1197 1993 1328 2028 διίστησιν
1339 2012 1345 2024 ,
1369 1991 1386 2026 ἢ
1403 1989 1581 2026 χωρισθέντες
1594 1988 1640 2022 ἀφ’
1653 1986 1773 2019 ἑαυτῶν,
1790 1986 1852 2011 ἐπι-

1064 2039 1198 2066 λάθωνται
1215 2038 1270 2074 (51)
1285 2037 1334 2072 τῆς
1353 2036 1475 2072 ἀλλήλων
1488 2033 1675 2070 ὁμοφροσύνης
1687 2040 1716 2059 τε
1731 2031 1778 2058 καὶ
1789 2031 1855 2066 ὁμο-

1064 2084 1163 2120 ψυχίας
1174 2093 1182 2100 ·
1199 2084 1249 2110 οὐκ
1262 2083 1349 2115 είδὼς,
1363 2083 1404 2109 ὃτι
1413 2103 1420 2115 ,
1437 2081 1489 2108 κᾶν
1501 2081 1614 2111 ἕκαστος
1628 2078 1773 2114 ἀπομείνῃ,
1793 2077 1851 2104 ἀλλ’

1066 2131 1122 2166 ἔχει
1145 2130 1204 2166 μεθ’
1221 2129 1318 2156 ἑαυτοῦ
1340 2129 1419 2155 πάλιν
1435 2127 1464 2154 ὃν
1481 2127 1556 2162 κοινῇ
1580 2125 1702 2156 συνόντες
1713 2123 1853 2159 ὡμολόγη-

1066 2185 1116 2203 σαν
1128 2175 1240 2211 Κύριον,
1261 2175 1292 2207 ὃς
1310 2175 1357 2201 καὶ
1377 2173 1485 2204 πλείους
1503 2170 1573 2198 εἶναι
1595 2171 1701 2206 ποιήσει
1721 2169 1779 2205 μεθ’
1792 2169 1853 2196 ἐκά-

232 2214 316 2268 plane
338 2214 381 2259 res
409 2234 451 2258 est
473 2229 575 2257 malitia
596 2237 603 2257 :
621 2227 700 2263 291
723 2227 785 2255 dum
810 2227 881 2254 enim
909 2233 938 2253 se
962 2233 1008 2261 pu-

1068 2230 1131 2248 στου
1150 2221 1198 2256 (ὡς
1214 2220 1363 2255 πεποίηκεν
1384 2219 1430 2245 ἐπὶ
1449 2216 1600 2244 Ἐλισσαίου
1620 2215 1667 2243 τοῦ
1689 2214 1853 2251 προφήτου),

232 2284 290 2306 tant
322 2277 491 2306 conlessores
524 2274 707 2305 contristare,
737 2273 782 2301 ubi
811 2272 871 2300 illos
900 2271 1014 2298 invicem

232 2328 397 2359 segregant,
421 2323 448 2350 iu
471 2323 523 2350 hoc
553 2320 688 2355 praecipue
714 2326 774 2347 sese
801 2319 859 2353 ipse
875 2317 953 2344 valde
968 2316 1015 2343 lae-

233 2372 338 2396 serunt.
365 2367 432 2394 Nam
460 2367 483 2394 si
505 2372 558 2393 una
583 2365 621 2392 illi
645 2368 673 2392 et
697 2363 724 2391 in
748 2363 840 2390 eodem
867 2361 926 2389 loco
950 2360 1017 2388 fuis-

234 2419 306 2445 sent,
322 2421 354 2441 cs
377 2419 431 2440 uno
451 2417 554 2439 tantum
569 2410 630 2438 loco
650 2410 792 2444 impiorum
807 2408 895 2436 scelus
909 2406 1018 2441 evulga-

235 2463 292 2487 tum
308 2459 418 2487 fuisset:
435 2458 491 2493 jam
509 2464 573 2484 vero
592 2463 653 2484 cum
672 2455 731 2483 illos
749 2453 918 2490 segregarint
930 2472 938 2486 ,
954 2452 1018 2479 illud

271 2518 293 2535 ¹¹
307 2518 369 2545 Act.
381 2525 420 2549 Ix,
434 2521 462 2544 δ.
500 2516 520 2532 ⁸·
533 2515 566 2543 ιν
580 2516 646 2550 Reg.
661 2522 699 2547 Vl,
715 2513 759 2540 16.

273 2586 329 2622 (45)
344 2586 406 2613 llaec
421 2584 578 2622 Ammianus
592 2581 673 2609 refert
687 2581 732 2622 lib;
747 2577 1015 2622 Xv,lcap."l.ﬁp.n§tl:

238 2613 424 2651 Tlieotloretus
437 2620 500 2646 item
514 2619 559 2645 lib.
574 2625 605 2649 tt,
623 2624 683 2650 cap.
698 2615 742 2648 l6,
764 2615 924 2651 colloquium
938 2613 1017 2651 all'ert

237 2648 340 2687 Liberii
358 2663 419 2683 cum
430 2653 595 2682 Constantio.
609 2648 666 2684 Qua
684 2652 716 2678 de
734 2658 762 2677 re
777 2651 803 2676 in
825 2649 883 2676 Vita
898 2648 1016 2674 Athana-

238 2701 331 2760 mito)
344 2725 381 2752 lla
396 2724 462 2760 Res.
476 2722 547 2760 sum
560 2729 632 2753 vero,
646 2718 879 2760 xéxtyubmale.

289 2753 333 2796 47)
346 2761 401 2796 Sic
411 2753 476 2796 Βέε.
491 2759 559 2796 Edit.
575 2764 650 2796 ve_ro_
664 2753 822 2796 Parisultic,
839 2753 974 2796 γενέσθαι,

241 2789 312 2824 infra
325 2789 388 2830 lpost
397 2789 596 2830 Χριστομάχος,
608 2791 687 2830 habet
698 2789 838 2830 κιλρῃθῆναιξ
858 2792 1022 2830 transmuta-

242 2822 279 2858 tis
300 2822 511 2857 vo'cibusttlit'.
535 2822 639 2855 Comm.
657 2822 790 2860 κληθῆναι
812 2823 954 2860 utrobique
974 2822 1022 2860 ha-

241 2857 300 2897 bet.
311 2869 337 2893 et
350 2865 386 2892 ita
403 2863 484 2897 Basil.
500 2863 594 2895 codex,
613 2857 810 2896 pritna'm'anu;
831 2859 876 2885 sed
893 2857 1021 2890 secunda,

1064 2270 1136 2305 ἥπερ
1160 2268 1213 2294 εἰσὶ
1237 2266 1305 2303 μετὰ
1323 2264 1512 2293 Κωνσταντίου
1540 2261 1715 2299 στρατιῶται.
1747 2260 1853 2295 Τυφλδν

1065 2315 1172 2351 ἀληθῶς
1187 2315 1203 2350 ή
1224 2313 1307 2340 κακία
1319 2319 1325 2326 ·
1340 2312 1369 2338 ἐν
1384 2307 1407 2345 ᾧ
1426 2309 1480 2345 γὰρ
1497 2307 1587 2341 ἔδοξαν
1602 2308 1696 2334 λυπεῖν
1713 2306 1778 2337 τοὺς
1793 2306 1855 2340 ὁμο-

1065 2361 1191 2396 λογητὰς.
1209 2357 1416 2395 διαχωρίζοντες
1428 2356 1525 2388 αὐτοὺς
1541 2354 1588 2381 ἀπ’
1603 2353 1736 2388 ἀλλήλων,
1750 2353 1780 2378 ὲν
1794 2350 1856 2377 τού-

1066 2416 1105 2442 τῳ
1124 2405 1224 2441 μᾶλλον
1246 2404 1358 2435 ἑαυτοὺς
1376 2401 1501 2438 μεγάλως
1524 2400 1665 2436 ἠδίκησαν,
1690 2397 1780 2428 Ὂλως
1806 2396 1855 2432 μὲν

1067 2441 1121 2488 γὰρ
1134 2453 1158 2478 εί
1177 2451 1294 2485 συνῆσαν
1308 2449 1441 2485 ἀλλήλοις,
1458 2447 1504 2474 xal.
1515 2446 1561 2472 ἐπὶ
1571 2445 1601 2472 τὸ
1615 2443 1680 2472 αὐτὸ
1694 2441 1855 2478 ἐτύγχανον,

1071 2582 1148 2604 eraso
1165 2572 1310 2608 κληθῆναι.
1327 2575 1462 2606 postremo
1477 2566 1604 2608 γενέσθαι
1615 2565 1705 2608 habet.

1107 2600 1162 2645 (λθ)
1180 2600 1251 2635 Εάίιῖ
1263 2600 1421 2638 Ρίιιὶὲιειιεη
1432 2600 1525 2640 πρινή.
1540 2603 1611 2629 Edil.
1626 2600 1730 2628 Comm.
1749 2601 1776 2625 et
1788 2604 1854 2624 mss.

1071 2646 1166 2716 “98.9)
1184 2678 1223 2716 _lta
1240 2677 1319 2716 [ictu
1334 2675 1382 2716 sffl
1397 2673 1495 2716 αὐτούς
1505 2672 1582 2716 deest
1597 2669 1733 2716 inleditis.

1183 2702 1223 2740 lt;
1329 2711 1416 2749 _Edi_ti.
1434 2702 1597 2749 ᾓιεῇώρησε.
1613 2702 1858 2749 Μοίρι-«Ἤ...ξῇ

997 2756 1023 2778 et
1074 2736 1614 2786 θνῆισῖὧντοιςί-Εῗιῖιίῑἀττοθνήὲκὸνῖτες,
1639 2736 1753 2772 utraque
1777 2736 1860 2764 lectio

1074 2786 1259 2854 ῳιῗῖῗῖἷὲᾱίιί,
1272 2815 1461 2844 ἐπιλάθωνται.
1480 2813 1557 2848 Βθεη
1569 2809 1751 2837 ὲπιλὰθονται.
