2007 3044
235 155 284 184 7H

234 216 265 249 ἐξ
274 215 333 246 ἐνὸς
343 214 424 242 τόπου
440 212 493 241 τῶν
506 215 611 242 ἀσεϐῶν
623 215 784 251 ἐγνωρίζετο
796 217 826 242 τὸ
844 215 926 251 μύσος
941 214 1005 251 (5‘2)-
1023 218 1046 246 Α

234 262 282 288 νῦν
313 261 360 292 δέ,
391 261 581 296 διαστήσαντες
608 261 722 293 αὐτοὺς,
755 262 935 296 πεποιήκασιν
969 262 1008 292 είς

235 310 323 336 πάντα
339 309 419 335 τόπον
436 308 590 344 διαδραμεῖν
604 308 707 335 ἑαυτῶν
726 309 773 336 καὶ
787 309 939 344 γνωσθῆναι
960 309 1008 344 τὴν

233 355 318 390 ἀσεϐῆ
332 355 435 390 αἵρεσιν
450 354 497 381 καὶ
511 355 650 390 πονηρίαν.

267 400 311 426 Η.
334 397 383 426 Οἷα
397 399 450 435 γὰρ
471 400 516 426 καὶ
539 399 623 426 ταῦτα
643 400 807 435 πράττοντες
820 400 945 436 ἔδρασαν,
966 400 1008 431 τίς

233 445 350 476 ἀκούσας
365 446 413 480 οὐχ
431 445 561 480 ἡγήσεται
577 445 664 472 πάντα
679 446 777 480 μᾶλλον
793 446 889 477 αὐτοὺς
904 445 920 480 ἢ
941 446 1008 480 Χρι-

233 491 356 522 στιανοὺς
380 489 467 523 εἷναι;
488 491 612 526 Λιϐερίου
633 491 687 526 γὰρ
713 491 920 524 ἀποστείλαντος
942 492 1009 527 πρὸς

234 536 342 571 βασιλέα
362 536 509 572 Εὑτρόπιον
527 536 582 571 (53)
604 535 797 571 πρεσϐύτερον,
821 536 867 563 καὶ
888 536 1008 564 διάκονον

238 581 349 616 Ἱλάριον
367 581 434 616 μετὰ
451 581 629 617 γραμμάτων,
645 581 689 607 ὅτε
705 582 750 608 καὶ
765 582 790 608 ol
805 582 867 618 περ).
878 582 1009 616 Λουκίφε-

234 635 278 662 ρον
295 627 349 662 (54)
362 627 524 662 ὡμολόγουν,
536 627 581 653 τὸν
596 627 644 662 μὲν
659 627 841 663 πρεσόύτερον
862 627 940 660 εὐθὺς
967 627 1010 660 ἐξο

231 673 395 708 ώρισανντὺν
407 673 435 699 δέ
447 673 567 700 διάκονον
581 673 691 709 Ὶλάριον
702 673 902 708 γυμνώσαντες,
918 673 1008 700 καὶτὰ

231 720 303 746 νῶτα
321 719 506 754 μαστίξαντες,
523 719 664 755 ἐξώρισαν,
679 719 892 754 ἐπιφωνοῦντες·
913 720 962 746 Διὰ
979 720 1005 746 τί

233 765 270 800 μὴ
287 765 415 800 ἁντέστης
430 765 557 800 Λιϐερίῳ,
573 766 640 792 ἀλλὰ
653 766 700 792 καὶ
716 766 779 800 παρ’
795 765 876 792 αὐτοῦ
895 765 1008 800 κεκόμι-

231 819 280 842 κας
294 810 459 846 γράμματα;
473 810 578 836 ἐποίουν
587 810 614 836 δὲ
630 809 707 836 τοῦτο
722 810 871 845 Οὐρσάκιος
880 810 928 849 οιαὶ
942 810 1010 837 Οὐά-

230 856 288 891 λης,
306 856 353 882 καὶ
368 856 391 882 οἱ
408 856 455 882 σὺν
472 855 562 887 αὐτοῖς
582 855 736 887 σπάδοντες.
757 856 810 882 Καὶ
826 857 840 882 ὀ
858 855 905 891 μὲν
919 855 1008 882 διάκο-

230 909 274 932 νος
291 900 484 936 μαστιξόμενος
504 900 611 936 ηὐλόγει
627 901 671 926 τὸν
685 899 795 936 Κύριον,
813 902 942 936 μνησθεὶς
954 903 1005 928 αὐ-

229 947 275 973 τοῦ
288 947 410 980 λέγοντος
419 955 426 961 ·
443 946 496 973 Τὸν
509 946 603 973 νῶτόν
610 955 669 980 μου
683 946 778 973 ἔδωκα
797 948 841 979 εἰς
852 947 1004 983 μάστιγας.

230 993 261 1018 Ol
277 991 305 1018 δὲ
324 993 370 1018 καὶ
388 991 560 1026 μαστίςοντες
576 991 673 1024 ἐγέλων
689 992 736 1018 καὶ
752 991 895 1026 ἐχλεύαζον
911 993 1004 1026 αὐτὸν,

229 1038 279 1064 οὐκ
295 1037 483 1073 ἐρυθριῶντες.
497 1038 538 1064 ὅτι
555 1037 669 1072 Λευϊτην
686 1037 808 1072 ὕϐριζον·
825 1038 963 1074 πρέποντα
977 1039 1007 1066 δὲ

229 1083 334 1115 ἐαυτοῖς
348 1083 393 1109 καὶ
409 1080 479 1110 οὗτοι
492 1081 623 1117 γελῶντες
639 1083 765 1118 ἐφρόνουν
776 1103 783 1115 ,
797 1085 921 1116 κάκεῖνος
934 1084 1007 1111 εὐλο-

229 1128 284 1162 γῶν
304 1128 430 1164 ὑπέμενε.
456 1128 493 1155 Τὸ
521 1129 568 1164 μὲν
592 1128 647 1164 γὰρ
669 1128 815 1156 τύπτεσθαι
838 1130 1007 1165 Χριστιανῶν

229 1173 294 1200 Ιδιόν
312 1174 380 1205 ἐστι,
396 1174 426 1201 τὸ
444 1175 472 1201 δέ
488 1174 625 1210 μαστίζειν
640 1175 815 1211 Χριστιανοὺς
830 1176 944 1203 Πιλάτου
961 1177 1007 1204 καὶ

229 1219 340 1254 Καῖάφα
356 1220 385 1246 τὸ
403 1220 539 1256 τόλμημα.
562 1221 639 1247 Οὕτω
662 1221 711 1256 μὲν
729 1219 774 1248 οὖν
797 1222 844 1248 καὶ
865 1222 913 1258 τὴν
941 1223 1007 1250 Ῥω-

231 1266 317 1300 μαίων
335 1266 496 1301 Ἐκκλησίαν
510 1266 557 1293 καὶ
576 1267 646 1294 κατὰ
658 1267 706 1302 τὴν
725 1267 811 1303 ἀρχὴν
827 1268 1006 1304 ἐπεχείρησαν

1024 887 1043 915 Β

228 1311 380 1347 διαφθεῖραι
392 1311 459 1347 (55),
473 1312 633 1348 θελήσαντες
645 1313 826 1349 ἐγκαταμίξαι
840 1314 886 1341 καὶ
897 1315 926 1341 ἐν
939 1315 1006 1350 αὐτῇ

227 1358 277 1392 τὴν
303 1357 444 1384 ἀσέϐειαν
462 1358 476 1384 6
499 1357 526 1384 δέ
549 1358 691 1393 Δισέριος,
708 1358 871 1394 ἐξορισθεὶς,
896 1359 1006 1395 ὕστερον

230 1403 298 1438 μετὰ
312 1403 385 1438 διετῆ
398 1402 490 1439 χρόνον
499 1402 615 1436 ὤκλασε,
629 1404 676 1430 καὶ
688 1404 815 1440 φοϐηθεὶς
826 1405 871 1432 τὸν
884 1405 1007 1433 ἀπειλού-

229 1457 308 1483 μενον
324 1449 452 1480 θάνατον,
469 1448 635 1485 ὑπέγραψεν.
655 1450 734 1477 Ἀλλὰ
750 1450 798 1477 καὶ
813 1450 891 1478 τοῦτο
905 1451 1007 1478 δείκνυ-

228 1503 270 1521 σιν
286 1495 395 1522 ἐκείνων
411 1495 459 1530 μέν
473 1495 522 1531 τὴν
543 1495 602 1531 βίαν
613 1516 620 1528 ,
634 1495 759 1532 Λιϐερίου
778 1496 806 1524 δὲ
823 1497 854 1523 τὸ
867 1497 937 1524 κατὰ
957 1498 1007 1533 τῆς

227 1542 358 1576 αἱρέσεως
379 1543 471 1577 μῖσος,
491 1541 548 1586 ml;
558 1541 606 1577 τὴν
627 1542 695 1578 ὑπὲρ
726 1542 880 1570 Ἀθανασίου
905 1543 1004 1579 ψῆφον,
1019 1557 1040 1586 c

226 1587 270 1612 ὅτε
287 1586 335 1622 τὴν
351 1587 508 1622 προαίρεσιν
523 1584 594 1621 εἶχεν
611 1586 763 1623 ἐλευθέραν.
784 1587 824 1614 Τὰ
838 1588 891 1623 γὰρ
909 1589 941 1614 ἐκ
957 1588 1005 1623 βα-

227 1632 314 1658 σάνων
332 1632 406 1668 παρὰ.
417 1632 465 1667 τὴν
481 1632 510 1665 ἐξ
525 1633 611 1668 ἀρχῆς
623 1632 734 1668 γνώμην
748 1633 904 1669 γιγνόμενα,
921 1633 1006 1660 ταῦτα

226 1676 257 1703 οὑ
279 1676 333 1702 τῶν
356 1676 540 1712 φοϐηθέντων,
561 1676 628 1703 ἀλλὰ
652 1677 706 1704 τῶν
731 1677 926 1712 βασανιζόντων
947 1678 1005 1704 ἐστὶ

227 1721 392 1756 βουλήματα.
406 1722 497 1749 Πάντα
517 1722 606 1758 μέντοι
621 1724 706 1749 ποιεῖν
721 1723 791 1758 ὑπὲρ
808 1724 856 1759 τῆς
875 1724 1005 1758 αἱρέσεως

226 1768 416 1803 ἐπεχείρησαν·
431 1768 491 1794 καθ’
501 1768 618 1804 ἑκάστην
631 1768 660 1795 δέ
677 1768 846 1804 Ἐκκλησίαν,
859 1768 1005 1805 τηροῦντες

225 1814 259 1850 ἢν
271 1815 370 1850 ἔμαθον
386 1815 487 1847 πίστιν,
502 1816 564 1846 τοὺς
577 1816 625 1850 μὲν
638 1815 811 1848 διδασκάλους
826 1815 1003 1852 προσδοκῶσι,

223 1859 273 1896 τὴν
300 1860 327 1886 δέ
349 1861 537 1896 Χριστομάχον
563 1862 666 1897 αἰρεσιν
692 1861 838 1888 ητέλαὸον
866 1861 931 1897 (56),
957 1862 1003 1888 καὶ

226 1906 334 1938 πάντες,
349 1905 387 1937 ὡς
398 1906 470 1940 ὅφιν,
485 1907 671 1943 ἐκτρέπονται.

258 1995 302 2022 42.
324 1995 441 2022 Τοιαῦτα
457 1995 485 2022 δὲ
500 1996 546 2022 καὶ
558 1995 676 2023 τοσαῦτα
691 1996 852 2031 ποιήσαντες
867 1995 890 2022 οἱ
909 1995 1002 2021 δυσσε-

223 2041 288 2073 ϐεῖς,
301 2042 375 2068 οὐδὲν
386 2041 508 2077 ἐνόμιζον
521 2042 708 2077 πεποιηκέναι,
721 2042 773 2074 ἕως
784 2043 798 2068 ὁ
812 2042 897 2077 μέγας
911 2041 1002 2074 Ὂσιος

222 2087 367 2123 ἀπείρατος
380 2085 412 2123 ἦν
424 2087 511 2114 αὐτῶν
524 2088 572 2123 τῆς
588 2088 728 2123 πονηρίας.
741 2087 796 2115 Καὶ
806 2088 860 2123 γὰρ
874 2088 919 2114 καὶ
931 2087 1000 2114 κατὰ

221 2133 266 2160 τοῦ
281 2132 439 2169 τηλικούτου
453 2133 576 2169 γέροντος
593 2134 708 2160 ἐκτεῖναι
725 2133 774 2170 τὴν
788 2134 884 2169 μανίαν
896 2133 1000 2161 ἐαυτῶν

222 2180 382 2215 ἐσκέψαντο·
404 2180 451 2206 καὶ
468 2179 523 2207 οὔθ’
539 2180 580 2207 ὅτι
595 2181 685 2216 πατήρ
704 2181 759 2207 ἐστι
778 2180 830 2207 τῶν
844 2180 1000 2207 ἐπισκόπων

221 2225 400 2261 ᾐσχύνθησαν,
418 2224 473 2252 οὔθ’
484 2226 525 2252 ὅτι
540 2225 649 2260 γέγονεν
661 2225 828 2262 ὁμολογητὴς
844 2226 1000 2262 ηὑλαὸήθη-
1015 2223 1037 2250 D

222 2280 280 2303 σαν,
303 2270 364 2298 οὔτε
384 2271 429 2298 τὸν
447 2272 540 2307 χρόνον
563 2272 611 2307 τῆς
632 2272 800 2307 ἐπισκοπῆς,
813 2272 852 2299 ὅτι
867 2271 996 2308 ἐξήκοντα

220 2318 267 2354 ἔτη
287 2319 332 2345 καὶ
345 2318 435 2344 πλεῖον
447 2318 503 2353 ἔχει
518 2319 546 2345 ἐν
561 2319 639 2354 αὐτῇ,
652 2318 814 2354 ᾐδέσθησαν·
829 2318 896 2345 ἀλλὰ
910 2319 996 2346 πάντα

219 2364 388 2397 ἐξουθένουν,
410 2364 456 2390 καὶ
475 2364 543 2399 πρὸς
564 2364 646 2399 μόνην
666 2365 715 2400 τὴν
735 2365 839 2400 αἵρεσιν
865 2364 993 2390 ἔϐλεπον·

219 2410 354 2446 ἄνθρωποι
372 2410 479 2445 ἀληθῶς
503 2411 571 2446 μήτε
587 2410 631 2437 τὸν
648 2410 713 2437 Θεὸν
735 2411 911 2446 φοϐούμενοι,
929 2411 996 2446 μήτε

218 2456 357 2492 ἄνθρωπον
383 2457 581 2492 ἐντρεπόμενοι.
605 2457 799 2492 Προσελθόντες
818 2457 904 2484 τοίνυν
920 2458 996 2484 Κων-

219 2502 342 2537 σταντίῳ,
355 2502 484 2533 τοιούτοις
502 2502 582 2529 πάλιν
600 2503 748 2538 ἐχρήσαντο
765 2503 882 2538 ρήμασι’
903 2503 994 2530 Πάντα

219 2549 267 2583 μὲν
282 2550 478 2584 πεποιήκαμεν,
489 2549 536 2575 καὶ
546 2548 712 2584 ἐξωρίσαμεν
723 2549 768 2576 τὸν
787 2550 928 2584 Ῥωμαίων
939 2549 993 2584 (57)

217 2594 374 2620 ἐπίσκοπον·
390 2594 557 2630 ἐξωρίσαμεν
576 2594 603 2621 δὲ
626 2595 672 2622 καὶ
686 2595 738 2629 πρὸ
753 2595 833 2622 αὐτοῦ
851 2595 994 2626 πλείστους

216 2640 292 2671 ὅσους
308 2640 486 2670 ἐπισκόπους-
506 2639 591 2666 πάντα
611 2648 640 2666 τε
652 2640 732 2666 τΰπον
751 2640 832 2674 φόϐου
851 2639 995 2674 πεπληρώ-

259 2697 280 2712 ³⁸
296 2697 345 2724 lsa.
360 2704 385 2728 ι,
402 2695 429 2723 6.

319 2744 358 2785 ita
376 2744 440 2785 Reg.
452 2750 479 2772 et
489 2744 570 2785 Basil.
585 2745 654 2785 E_n_li‘li
669 2748 845 2785 vercupieoc.

250 2779 579 2815 (55)_Eulropiumrhunc,
600 2779 718 2809 Hilarius
742 2779 913 2809 Pancratium
936 2788 983 2815 ap-

214 2815 300 2851 pellat
311 2813 462 2851 Erg-ginem.
478 2814 504 2847 5,
524 2823 597 2843 num.
611 2815 638 2849 ϐ,
654 2821 795 2851 postrema:
814 2817 939 2845 editionis

248 2849 304 2885 (54)
322 2848 388 2885 Vide
399 2856 477 2887 supra
487 2850 622 2888 .num._5_5.

707 155 867 186 HISTORIA
886 157 1091 187 ARIANOKUM
1107 157 1152 186 AD
1171 156 1366 186 MONACHOS.

1782 155 1834 184 πο

1059 215 1190 248 effecere,
1208 219 1237 242 ut
1264 214 1352 250 impiae
1376 221 1431 242 sum
1446 213 1557 242 haeresis
1579 212 1741 247 malitiaeqne
1762 210 1833 241 fama

1058 268 1165 289 omnem
1189 260 1217 288 in
1236 259 1323 288 locum
1341 258 1510 295 pervaderet,
1531 265 1563 286 ac
1577 258 1677 293 ubique
1691 262 1832 293 perspecta

1058 311 1138 335 esset.

1092 401 1136 427 Η.
1152 399 1214 427 Haec
1224 399 1287 426 item
1302 397 1405 425 illorum
1419 395 1537 424 facinora
1551 396 1611 431 quis
1623 397 1645 424 si
1665 396 1767 428 audiat,
1779 403 1831 422 non

1059 446 1206 474 arbitretur
1229 445 1289 472 illos
1313 445 1420 479 quidvis
1439 443 1528 478 potius
1558 450 1639 478 quam
1664 442 1833 469 Christianos

1058 499 1118 520 esse
1129 492 1141 519 ?
1155 492 1222 520 Cum
1236 492 1359 519 Liberius
1371 490 1527 525 Eulropium
1543 489 1742 524 presbyterum,
1754 489 1834 516 etHi-

1059 538 1154 565 larium
1169 537 1309 565 diaconum
1323 544 1383 564 cum
1401 537 1498 564 litteris
1514 536 1632 564 misisset
1643 535 1676 562 ad
1690 535 1834 569 imperato-

1059 590 1126 616 rem,
1156 590 1208 617 quo
1234 587 1353 617 tempore
1381 582 1444 610 item
1467 581 1640 609 Lucifercum
1667 581 1746 608 sociis
1766 588 1834 608 con-

1059 628 1202 662 fitebatur;
1220 628 1404 663 presbyterum
1422 627 1513 654 statim
1532 627 1568 654 illi
1582 627 1608 654 in
1623 627 1746 654 exsilium
1762 626 1835 653 able-

1059 679 1154 710 garunt
1169 684 1176 702 :
1194 674 1335 702 diaconum
1352 681 1416 701 vero
1435 673 1577 705 Hilarium,
1591 679 1730 708 postquam
1740 673 1835 700 nudas-

1058 725 1127 753 sent,
1155 724 1234 755 atque
1257 720 1337 747 dorso
1357 719 1446 755 ﬂagris
1468 719 1650 751 caecidissent,
1668 719 1695 746 in
1709 718 1832 746 exsilium

1059 767 1121 794 item
1135 766 1275 793 miserunt.
1290 764 1357 792 Dum
1372 764 1535 799 ﬂagellarenl
1553 768 1642 791 autem
1659 763 1716 791 haec
1731 763 1834 792 vocife-

1059 812 1189 838 rabantur
1206 819 1212 837 :
1232 810 1321 844 Quare
1338 809 1446 837 Liberio
1469 816 1522 836 non
1546 809 1686 841 obstitisti,
1707 808 1754 836 sed
1777 808 1835 843 ejus

1060 856 1178 884 detulisti
1194 855 1317 883 litteras?
1334 854 1401 882 illud
1416 854 1543 882 facinoris
1558 853 1692 881 admisere
1705 852 1835 881 Ursaeius

1057 905 1085 928 et
1099 900 1196 928 Valens
1203 907 1263 928 eum
1276 899 1448 934 spadonibus.
1461 898 1594 926 Diaconus
1607 905 1686 934 porro
1696 898 1760 925 dum
1772 905 1834 925 verh

1058 947 1198 974 beraretur
1214 946 1389 974 benedicebat
1407 945 1529 977 Domino,
1541 951 1644 972 memor
1655 944 1727 971 illius
1742 944 1835 971 dicen-

1057 992 1092 1019 tis
1107 1001 1112 1018 :
1132 992 1244 1019 Donum
1258 999 1341 1018 meum
1361 991 1421 1018 dedi
1438 992 1471 1017 ad
1486 990 1635 1026 ﬂagella".
1647 990 1686 1018 llli
1698 997 1762 1018 vero
1773 997 1834 1018 ver-

1057 1039 1202 1071 berantes,
1226 1038 1376 1065 irridebant
1407 1036 1609 1072 illudebantque
1635 1037 1717 1065 viro:
1745 1044 1833 1072 neque

1056 1082 1187 1110 erubuere
1197 1082 1267 1116 quod
1280 1081 1386 1109 levitam
1401 1080 1538 1109 allicerent
1550 1081 1739 1110 contumeliis:
1754 1081 1833 1109 dum-

1056 1135 1108 1163 que
1119 1129 1265 1156 cachinnos
1275 1127 1478 1162 profunderent,
1494 1134 1549 1154 rem
1562 1127 1612 1155 sibi
1623 1132 1833 1155 consentaneam

1057 1174 1172 1210 agebant
1189 1184 1195 1202 :
1213 1173 1309 1208 illeque
1324 1173 1507 1202 benedicendo
1516 1172 1723 1208 perseverabat.
1735 1172 1824 1200 Verbe

1058 1220 1111 1247 rari
1124 1226 1230 1254 nempe,
1242 1219 1467 1251 Christianorum,
1483 1218 1651 1246 Christianos
1664 1223 1753 1245 autem
1773 1225 1831 1246 ver-

1058 1266 1165 1298 berare,
1181 1265 1257 1292 Pilati
1279 1270 1307 1292 et
1329 1264 1436 1299 Caiphae
1459 1264 1562 1292 facinus
1584 1270 1636 1292 est.
1651 1263 1697 1291 Sic
1715 1264 1804 1299 itaque
1818 1271 1832 1290 ο

1056 1313 1188 1348 principio
1207 1312 1292 1347 ipsam
1319 1311 1467 1339 Romanam
1495 1310 1642 1339 Ecclesiam
1667 1310 1832 1338 labefactare

1058 1359 1146 1386 conati
1157 1363 1231 1391 sunt,
1250 1361 1374 1393 optantes
1385 1365 1461 1386 suam
1479 1358 1518 1385 illi
1538 1357 1688 1384 admiscere
1709 1356 1832 1391 impieta-

1058 1410 1121 1432 tem.
1139 1405 1224 1432 Porro
1240 1404 1366 1432 Liberius
1379 1404 1498 1431 extorris
1512 1403 1610 1436 factus,
1622 1408 1682 1438 post
1695 1403 1831 1431 biennium

1057 1451 1174 1486 denique
1184 1450 1284 1478 fractus
1290 1455 1341 1480 est.
1353 1449 1486 1484 minisque
1497 1449 1592 1477 mortis
1600 1449 1759 1484 perterritus
1769 1449 1833 1478 sub-

1057 1495 1165 1530 scripsit
1184 1495 1268 1531 (ANNO
1279 1495 1354 1531 557).
1369 1495 1468 1522 Verum
1484 1501 1515 1521 ea
1531 1494 1587 1528 ipsa
1602 1501 1631 1521 re
1643 1494 1833 1529 comprobatur

1057 1547 1117 1568 cum
1133 1539 1256 1567 violentia
1269 1548 1371 1573 eorum,
1387 1544 1441 1566 tum
1456 1538 1554 1567 Liberii
1575 1539 1601 1566 in
1619 1540 1740 1567 haeresim
1760 1539 1832 1567 illam

1057 1586 1158 1617 odium,
1171 1585 1282 1620 ejusque
1299 1592 1348 1619 pro
1367 1583 1515 1612 Athanasio
1530 1583 1700 1619 suffragium,
1711 1584 1831 1619 quandiu

1056 1631 1159 1658 scilicet
1171 1631 1255 1658 libere
1272 1630 1439 1665 arbitrioque
1448 1638 1498 1658 suo
1507 1637 1585 1666 agere
1597 1630 1681 1658 licuit.
1691 1630 1759 1658 Nam
1773 1639 1833 1666 qua:

1056 1681 1251 1704 tormentorum
1263 1676 1288 1704 vi
1301 1680 1398 1711 praeter
1409 1676 1526 1711 priorem
1540 1675 1702 1706 sententiam
1716 1676 1832 1704 eliciun-

1055 1726 1109 1755 tur,
1136 1729 1166 1749 ea
1192 1730 1244 1749 non
1263 1721 1508 1754 reformidantium,
1528 1722 1574 1749 sed
1600 1721 1754 1750 vexantium
1769 1727 1832 1749 sunt

1055 1768 1163 1804 placita.
1176 1767 1246 1795 Nihil
1259 1767 1349 1802 itaque
1358 1767 1470 1795 haeresis
1484 1775 1538 1795 suae
1551 1767 1636 1803 gratia
1645 1775 1697 1795 non
1712 1768 1831 1803 aggressi

1055 1818 1128 1842 sunt.
1147 1813 1241 1848 Populi
1257 1821 1320 1841 vero
1331 1820 1379 1848 per
1390 1813 1510 1847 singulas
1521 1813 1657 1841 Eeclesias
1670 1821 1750 1848 quam
1766 1813 1832 1841 didi-

1054 1867 1117 1887 cere
1132 1859 1211 1886 iidem
1231 1859 1389 1892 retinentes,
1410 1859 1552 1894 magistros
1569 1863 1725 1894 exspectant
1747 1866 1829 1891 suos,

1053 1913 1085 1933 ac
1102 1905 1212 1933 Christo
1224 1905 1407 1933 adversariam
1424 1905 1558 1938 haeresim,
1574 1912 1655 1941 quam
1679 1905 1765 1933 coacti
1784 1913 1826 1933 re-

1053 1959 1158 1987 cepere,
1171 1959 1265 1979 omncs
1286 1952 1367 1979 veluti
1384 1955 1535 1986 serpentem
1551 1956 1722 1980 aversantur.

1086 1997 1131 2024 42.
1148 1996 1213 2024 Post
1232 1997 1295 2025 talia
1317 2001 1423 2032 tamque
1443 1996 1525 2024 multa
1547 1997 1685 2029 facinora,
1705 1994 1771 2025 nihil
1796 2003 1825 2025 se

1051 2042 1198 2079 perfecisse
1212 2044 1262 2070 rati
1276 2043 1360 2078 impii,
1372 2043 1490 2078 quandiu
1500 2051 1613 2078 magnus
1623 2043 1722 2071 Hosius
1735 2051 1826 2072 eorum

1052 2088 1246 2124 malignitatem
1268 2094 1395 2124 expertus
1414 2096 1466 2117 non
1485 2094 1576 2122 esset;
1599 2090 1632 2117 ad
1649 2094 1703 2117 tam
1716 2097 1829 2118 venerao

1050 2134 1132 2161 bilem
1149 2141 1239 2162 senem
1256 2134 1373 2162 furorem
1392 2142 1469 2162 suum
1484 2143 1633 2171 propagare
1648 2136 1827 2164 studuerunt:

1050 2187 1103 2207 non
1122 2185 1225 2214 patrem
1249 2180 1448 2215 episcoporum,
1468 2188 1521 2208 non
1543 2181 1724 2209 confessorem
1740 2182 1827 2208 virum

1052 2226 1160 2253 reveriti
1183 2230 1246 2254 sunt
1257 2246 1265 2259 ,
1286 2235 1340 2254 non
1356 2228 1527 2262 episcopatus
1543 2231 1647 2262 tempus
1661 2227 1687 2254 in
1701 2235 1753 2262 quo
1771 2227 1829 2262 plus

1050 2273 1188 2307 sexaginta
1208 2280 1293 2301 annos
1305 2278 1444 2308 exegerat,
1460 2274 1592 2300 erubuere
1605 2281 1611 2299 :
1629 2274 1675 2300 sed
1689 2274 1824 2308 posthabi-

1050 2317 1085 2345 tis
1102 2319 1290 2354 despeclisque
1300 2320 1408 2347 caeteris
1415 2320 1549 2352 omnibus,
1565 2320 1621 2348 sola
1631 2320 1741 2348 haeresis
1752 2321 1827 2347 cordi

1049 2362 1120 2390 fuit:
1150 2364 1271 2392 homines
1292 2372 1358 2392 sane
1380 2365 1426 2400 qui
1443 2373 1495 2393 nec
1514 2366 1596 2392 Deum
1613 2365 1719 2398 timent,
1739 2373 1827 2400 neque

1050 2409 1186 2436 hominem
1205 2414 1372 2438 reverentur.
1386 2410 1572 2438 Constantium
1583 2411 1665 2445 igitur
1684 2410 1825 2441 adeuntes.

1050 2457 1092 2484 his
1116 2457 1285 2484 sermonibus
1308 2457 1479 2493 alloquuntur
1497 2467 1504 2485 :
1534 2456 1606 2484 Nihil
1627 2464 1679 2484 non
1700 2457 1824 2493 egimus:

1049 2502 1231 2530 Romanorum
1242 2502 1396 2538 episcopum
1410 2503 1437 2530 in
1448 2503 1571 2530 exsilium
1592 2503 1787 2538 ablegavimus,
1800 2508 1826 2530 et

1049 2552 1111 2574 ante
1132 2547 1206 2574 illum
1226 2548 1374 2582 permultos
1387 2548 1454 2575 alios
1475 2549 1640 2583 episcopos:
1660 2549 1749 2575 omnia
1766 2548 1825 2576 loca

1048 2593 1190 2620 formidine
1221 2593 1393 2628 replevimus.
1417 2593 1470 2621 Sed
1495 2594 1560 2621 nihil
1578 2593 1655 2621 nobis
1677 2598 1750 2620 tanta
1778 2598 1823 2620 tua

1048 2643 1121 2673 gesta
1143 2639 1290 2673 iuvabunt,
1317 2639 1447 2666 nihildum
1474 2648 1489 2666 a
1516 2640 1592 2668 nobis
1614 2644 1687 2668 recte
1705 2639 1825 2674 factum,

1075 2744 1132 2780 (55)
1144 2743 1243 2779 Regius
1253 2742 1560 2780 codex,_8iae0apsivai,
1577 2742 1656 2770 male.

1075 2777 1132 2815 (56)
1148 2777 1238 2815 lj‘oi'te,
1253 2777 1410 2805 κατέὸαλον.

1076 2815 1132 2850 (57)
1149 2814 1193 2841 Sic
1212 2814 1385 2850 Reguprima
1407 2820 1505 2847 manu,
1528 2813 1647 2842 secunda
1666 2820 1729 2842 vero
1753 2815 1823 2844 idem

1040 2847 1100 2877 eum
1114 2847 1191 2882 edil.,
1207 2848 1260 2875 τῶν
1282 2847 1434 2883 Ῥωμαίων.
