2007 3044
204 139 257 167 7Δῦ

496 138 524 166 S.
541 137 725 165 ATHANASII
744 136 820 165 OPP.
836 137 924 164 PARS
943 137 963 165 l.
983 152 1015 157 ——
1036 136 1218 165 HISTORICA
1238 135 1282 163 ΕΤ
1302 135 1507 163 DOGMATICA.

1744 135 1797 162 πιι

200 197 316 232 quandiu
331 196 426 224 Hosius
445 197 542 224 illaesos
559 197 729 224 remanserit.
742 196 808 224 Nam
824 196 887 224 dum
899 203 964 231 aput

1022 205 1121 231 καμεν·
1145 196 1201 222 ἀλλ’
1217 197 1256 227 εἰς
1271 195 1346 222 οὐδὲν
1363 196 1426 230 ἡμῖν
1451 196 1509 222 tm
1531 195 1565 221 τὰ
1580 195 1729 230 τηλικαῦτά
1749 203 1796 222 σου

200 250 264 270 suos
280 243 337 278 ipse
350 243 433 278 degit,
448 249 543 270 omnes
558 243 584 269 in
599 243 656 269 suis
675 242 801 270 Ecclesiis
813 247 970 275 remanent;

200 293 289 323 potest
303 288 400 323 quippe
412 289 455 316 ille
473 287 553 315 verbo
576 286 680 322 fideque
696 295 744 314 sua
760 295 854 315 omnes
877 287 972 314 adver-

200 341 259 359 sum
281 340 329 360 nos
345 333 482 360 inducere.
507 331 557 359 Hic
581 337 608 359 et
634 333 744 367 synodis
754 339 869 367 praesse
884 332 970 362 solet,

199 378 309 413 ejusque
325 378 424 407 litteris
438 379 535 413 ubique
545 385 638 407 omnes
652 379 847 413 obtemperant.
864 378 913 405 Hic
923 377 970 404 Ni-

198 430 301 450 ctenam
320 424 399 451 tidem
415 424 509 457 edidit,
523 424 691 458 Arianosque
709 428 739 451 ut
753 423 894 451 haereticos
911 423 970 450 ubi-

197 476 250 503 que
270 469 398 496 traduxit.
417 468 445 496 Si
458 469 538 504 igitur
552 469 711 496 remanserit
726 469 781 502 ille,
791 468 883 496 inutile
896 468 971 495 nobis

199 513 280 541 fuerit
296 514 410 542 aliorum
428 514 551 543 exsilium
567 523 574 542 :
596 521 656 542 mox
677 515 750 542 enim
765 514 799 542 de
811 513 900 542 medio
918 513 968 540 tol-

198 559 274 586 lenda
288 565 378 586 nostra
392 560 502 587 haeresis
516 565 566 587 est.
581 559 613 587 Et
629 560 699 587 hunc
715 567 779 594 ergo
791 559 914 594 persequi
928 561 969 586 in-

198 605 281 639 cipias
295 616 301 632 :
319 613 368 633 nec
385 606 471 633 virum
488 606 610 640 quamvis
624 607 797 640 grandaevum
822 606 969 638 miserare,

197 650 283 677 nescit
303 652 401 686 quippe
427 654 519 678 nostra
538 650 648 679 haeresis
669 651 709 678 vel
732 658 826 679 senum
845 651 969 678 canitiem

195 695 330 721 venerari.

230 784 310 819 292
328 785 370 812 45.
390 785 437 812 His
456 785 556 813 auditis
575 786 733 821 imperator,
749 785 815 813 nihil
830 790 970 812 cunctatus

198 837 258 856 cum
274 830 361 858 virum
384 831 511 865 seuisque
527 831 689 867 gravitatem
705 831 789 866 probe
805 835 904 862 nosset,
926 830 969 857 lit-

1023 242 1099 277 ἔργα,
1107 241 1167 268 οὐδὲ
1176 240 1352 276 κατώρθωται
1365 240 1453 268 ὁτιοῦν
1467 241 1543 276 ἡμῖν,
1555 241 1608 272 ἕως
1619 241 1709 272 Ὀσιος
1717 247 1797 276 περι-

1021 288 1142 315 λείπεται
1153 287 1219 322 (58).
1236 287 1354 314 Ἐκείνου
1372 287 1425 323 γὰρ
1436 287 1511 318 δντος
1524 287 1553 313 ὲν
1567 288 1623 318 τοῖς
1641 286 1727 318 ἰδίοις,
1749 286 1797 313 καὶ

1022 334 1119 366 πάντες
1134 335 1163 360 ὲν
1179 334 1237 364 ταῖς
1251 333 1327 365 ίδίαις
1338 333 1507 368 Ἐκκλησίαις
1523 333 1591 360 είσίν
1600 341 1607 348 ο
1624 333 1714 364 ικανός
1724 333 1796 359 ἐστιν

1020 380 1049 406 ὲν
1061 379 1132 414 λόγῳ
1148 378 1196 406 καὶ
1209 378 1297 405 πίστει
1320 377 1422 404 πείθειν
1438 378 1541 410 πάντας
1559 377 1619 404 καθ’
1637 377 1692 412 (59)
1708 377 1794 412 ἡμῶν.

1020 421 1103 455 Οὗτος
1117 423 1163 450 καὶ
1179 423 1293 449 συνόδων
1305 422 1474 457 καθηγεῖται,
1488 422 1533 448 καὶ
1547 423 1658 455 γράφων
1670 421 1796 448 ἀκούεται

1021 470 1156 506 πανταχοῦ
1167 479 1173 485 ·
1196 466 1272 502 οὗτος
1288 470 1333 496 καὶ
1349 468 1397 504 τὴν
1412 469 1441 495 ὲν
1457 468 1558 504 Νικαίᾳ
1574 468 1663 495 πίστιν
1679 467 1795 500 ἐξέθετο,

1020 517 1066 544 καὶ
1082 517 1143 547 τοὺς
1163 516 1315 551 ’Δρειανοὺς
1329 514 1460 550 ἐκήρυξεν
1474 514 1624 549 αἰρετικοὺς
1639 511 1709 539 εἶναι
1726 522 1795 541 παν-

1019 561 1111 597 ταχοῦ.
1129 562 1177 588 Ἂν
1193 560 1282 587 τοίνυν
1297 557 1372 592 οὗτος
1391 560 1480 595 μείνῃ.
1499 559 1624 594 περιττὸς
1637 559 1651 585 ὸ
1666 559 1720 585 τῶν
1739 558 1797 585 ἑτέ-

1020 615 1073 643 ρων
1085 606 1226 642 ὲξορισμὸς
1239 607 1364 640 γέγονεν·
1386 607 1402 641 ἡ
1422 605 1476 640 γὰρ
1496 606 1600 640 αἵρεσις
1621 604 1698 640 ἡμῶν
1714 605 1796 630 ἐκπο-

1018 650 1070 679 δὼν
1087 652 1217 686 γίγνεται.
1238 650 1334 686 Ἀρξαι
1344 650 1432 677 τοίνυν
1449 650 1496 678 καὶ
1511 650 1605 677 τοῦτον
1619 650 1735 681 διώκειν,
1748 651 1796 677 καὶ

1020 696 1057 733 μὴ
1076 696 1166 733 φείσῃ.
1179 696 1231 723 κᾶν
1251 697 1362 732 ἀρχαῖος
1427 697 1472 723 καὶ
1488 696 1542 731 γὰρ
1558 697 1574 731 ὴ
1597 696 1700 732 αἵρεσις
1719 696 1795 731 ἡμῶν

1017 745 1067 770 οὐκ
1080 741 1149 770 οῐδεν
1162 743 1221 770 οὐδὲ
1234 743 1367 779 γερόντων
1381 744 1463 778 τιμᾷν
1476 743 1580 770 πολιὰν.

1051 789 1096 816 43.
1116 787 1207 815 Ταῦτα
1225 788 1349 820 ἀκούων,
1366 788 1416 814 οὐκ
1435 787 1567 823 ἐμέλλησε
1583 787 1718 822 βασιλεὺς,
1735 786 1792 813 ἀλλ’

1017 833 1094 866 είδὼς
1112 834 1157 860 τὸν
1181 833 1334 869 ἄνθρωπον,
1351 833 1397 860 καὶ
1420 833 1450 859 τὸ
1473 832 1563 859 ἱκανὸν
1586 832 1633 859 τοῦ
1657 834 1792 867 γέροντος,

196 875 260 903 teris
277 875 314 903 illi
335 876 390 904 suis
409 877 534 912 pracepit
548 881 577 904 ut
592 884 622 904 se
641 877 806 910 conveniret,
827 885 880 912 quo
900 881 964 905 tem-

1017 879 1116 915 γράφει
1147 880 1193 906 καὶ
1225 879 1329 906 κελεύει
1358 878 1452 905 τοῦτον
1481 878 1568 906 ὲλθετν
1600 878 1668 913 πρὸς
1699 878 1792 910 αὑτὸν,

197 927 261 955 pore
278 920 335 956 (60)
358 921 496 949 Liberium
525 926 679 957 pertentare
707 922 866 956 incipiebat.
886 923 968 950 Acce-

195 966 300 993 dentem
313 966 386 993 illum
404 967 525 1003 rogabat,
538 968 678 1003 solitisque
693 968 791 1000 verbis,
803 969 902 1003 quibus
918 968 968 995 sci-

194 1009 257 1038 licet
279 1012 346 1040 alios
369 1013 494 1048 decipere
519 1018 714 1046 consueverat,
739 1013 911 1045 hortabatur,
939 1017 969 1039 ut

194 1057 334 1084 adversum
353 1065 401 1085 nos
413 1058 556 1090 scriberet,
575 1063 679 1086 etcum
693 1059 799 1086 Arianis
817 1058 968 1086 communi-

193 1109 280 1133 caret.
294 1104 393 1138 Senex,
407 1105 453 1140 qui
467 1105 504 1133 rei
518 1105 629 1140 hujusce
642 1105 683 1133 vel
698 1106 817 1133 auditum
829 1112 900 1140 :egre
915 1104 968 1132 ler-

193 1155 246 1183 ret,
263 1150 416 1186 indignatus
429 1151 499 1186 quod
522 1151 673 1186 huiusmodi
692 1151 829 1186 quidpiam
843 1150 883 1177 vel
903 1157 967 1184 pro-

193 1194 264 1223 l‘erre
289 1203 369 1223 ausus
387 1195 501 1228 fuisset;
518 1197 706 1231 imperatorem
722 1196 812 1223 verbis
830 1196 886 1223 suis
904 1203 966 1230 per-

193 1241 296 1268 culsum
317 1241 350 1268 de
369 1243 500 1270 sententia
517 1241 638 1273 deduxit,
656 1247 737 1277 atque
754 1241 791 1268 ita
808 1242 834 1268 in
851 1241 964 1276 patriam

192 1289 220 1312 et
240 1286 266 1312 in
285 1286 433 1314 Ecclesiam
452 1294 526 1314 suam
544 1286 710 1321 remigravit.
725 1286 789 1319 Sed,
801 1293 862 1313 cunt
882 1286 966 1313 hatre-

193 1331 238 1358 tlci
253 1331 323 1358 haud
337 1331 395 1359 sine
402 1331 520 1366 querelis
531 1337 557 1358 et
566 1331 692 1359 lamentis
703 1332 789 1359 denuo
797 1331 891 1367 instiga
897 1337 964 1365 rent,

192 1377 368 1404 hortarentur
391 1377 518 1409 eunuchi,
537 1385 569 1404 ac
588 1377 673 1412 magis
687 1377 825 1412 magisque
848 1378 966 1404 concita-

193 1427 263 1453 rent,
277 1421 380 1448 litteras
388 1421 494 1449 demum
507 1421 651 1456 imperator
663 1421 754 1453 mittit,
763 1422 965 1448 intermittatur-

191 1475 243 1501 que
257 1476 264 1494 :
286 1466 348 1494 hinc
360 1466 456 1494 Hosius
466 1465 768 1498 albeiturcontumeliis,
780 1473 865 1501 neque
878 1472 964 1494 tamen

191 1511 349 1540 insidiarum
367 1516 438 1539 metu
452 1513 486 1539 de
503 1511 634 1540 sententia
648 1511 808 1539 dimovetur.
824 1513 886 1545 Sed,
903 1520 964 1540 cum

1018 925 1097 961 ἡνίκα
1117 925 1171 961 (60)
1187 925 1232 952 καὶ
1248 925 1371 961 Διϐἐριον
1386 924 1455 952 κατὰ
1467 925 1515 960 τὴν
1531 925 1617 960 ἀρχὴν
1638 924 1792 959 ἐπείραζεν.

1024 971 1147 998 Ἐλθόντα
1158 971 1190 1007 δὴ
1198 970 1244 998 οὖν
1257 972 1338 998 αὑτὸν
1356 971 1443 1006 ἠξίου,
1458 971 1504 998 καὶ
1517 971 1668 1006 προέτρεπε
1683 970 1716 996 τὰ
1733 977 1795 996 συν-

1018 1017 1071 1052 ήθη
1091 1017 1187 1052 λέγων,
1201 1015 1241 1049 οἷς
1258 1017 1290 1052 δὴ
1304 1018 1350 1043 καὶ
1360 1018 1423 1049 τοὺς
1438 1017 1532 1048 ἄλλους
1544 1017 1650 1051 ἁπατᾷν
1660 1015 1792 1050 ἐνόμιζεν,

1018 1062 1060 1089 ἵνα
1079 1062 1138 1090 καθ’
1152 1063 1230 1098 ἡμῶν
1247 1063 1297 1098 μὲν
1308 1063 1410 1098 γράψῃ,
1429 1063 1496 1098 πρὸς
1514 1063 1542 1089 δὲ
1556 1063 1619 1093 τοὺς
1640 1062 1793 1096 Ἀρειανοὺς

1017 1107 1066 1144 Em
1076 1107 1123 1144 τὴν
1136 1107 1285 1135 κοινωνίαν.
1302 1108 1331 1134 ὐ
1340 1108 1368 1134 δὲ
1379 1108 1477 1143 γέρων,
1491 1108 1537 1134 καὶ
1549 1107 1597 1142 τὴν
1610 1107 1692 1142 ἀκοὴν
1705 1106 1794 1141 ἀηδῶς

1016 1153 1140 1187 ἐνέγκας,
1161 1152 1208 1178 καὶ
1229 1152 1375 1188 λυπηθεὶς,
1389 1152 1429 1178 ὅτι
1448 1152 1498 1178 κᾶν
1519 1151 1586 1182 ὅλως
1601 1149 1749 1184 ἐφθέγξατό
1767 1157 1795 1177 τι

1016 1198 1143 1230 τοιοῦτον»
1157 1198 1318 1233 ὲ-πιπλήξιις,
1339 1199 1386 1226 καὶ
1401 1198 1497 1229 πείσας
1515 1197 1610 1227 αὑτὸν,
1622 1196 1793 1231 ἀνεχώρησεν

1015 1245 1056 1275 εἰς
1070 1243 1118 1279 τὴν
1133 1244 1250 1279 πατρίδα
1266 1244 1312 1271 καὶ
1326 1243 1375 1280 τὴν
1396 1243 1556 1278 Ἐκκλησίαν
1578 1241 1684 1269 ἑαυτοῦ.
1715 1241 1794 1267 Ἀλλὰ

1014 1290 1068 1317 τῶν
1084 1290 1228 1325 αίρετικῶν
1244 1290 1461 1326 ἀποδυρομένων,
1477 1289 1525 1317 καὶ
1540 1289 1620 1315 πάλιν
1634 1287 1794 1324 παροξυνόν-

1015 1343 1083 1368 των,
1099 1332 1155 1370 εἶχε
1169 1335 1198 1362 δὲ
1214 1336 1260 1362 καὶ
1279 1337 1341 1368 τοὺς
1360 1336 1502 1370 εὐνούχους
1522 1335 1792 1370 ὑπομιμνήσκοντας,

1015 1382 1062 1409 καὶ
1082 1382 1180 1418 μᾶλλον
1196 1381 1410 1419 παροξύνοντας,
1432 1381 1531 1416 γράφει
1552 1380 1644 1407 λοιπον
1666 1379 1792 1414 βασιλεὺς

1017 1427 1085 1462 μετὰ
1106 1427 1233 1463 ἀπειλῆς·
1255 1427 1300 1454 καὶ
1315 1426 1450 1463 ὑϐρίζεται
1469 1427 1518 1462 μὲν
1534 1427 1549 1453 ὁ
1567 1427 1676 1457 Ὅσιος,
1693 1425 1723 1451 οὐ
1747 1433 1790 1451 κι-

1015 1475 1099 1500 νεῖται
1113 1474 1142 1501 δὲ
1153 1474 1197 1500 διὰ
1211 1474 1255 1500 τὸν
1269 1473 1349 1508 φόϐον
1361 1474 1409 1509 τῆς
1423 1473 1568 1508 ἐπιϐουλῆς
1579 1481 1586 1487 ·
1599 1472 1653 1498 ἀλλ’
1668 1470 1790 1506 ἑστηκὼς

1015 1519 1053 1555 τῷ
1078 1520 1242 1556 φρονήματι.
1271 1519 1318 1547 καὶ
1341 1519 1388 1546 ἐπὶ
1409 1520 1458 1555 τὴν
1485 1519 1588 1555 πέτραν
1613 1518 1788 1552 οίκοδομήσας

189 1561 323 1592 perstaret
346 1557 440 1585 ﬁrmus
463 1557 490 1585 in
511 1557 647 1592 proposito
669 1565 718 1585 suo
733 1567 739 1585 :
755 1565 816 1585 cum
833 1558 893 1585 ﬁdei
909 1566 964 1585 suae

1015 1565 1109 1592 ἑαυτοῦ
1121 1565 1169 1601 τὴν
1181 1565 1230 1600 τῆς
1244 1565 1359 1596 πίστεως
1373 1564 1470 1596 οἰκίαν,
1490 1563 1703 1600 ἐπαρρησιάζετο
1719 1560 1790 1587 κατὰ

190 1603 296 1630 domum
313 1610 393 1637 supra
416 1607 518 1637 petram
541 1603 720 1634 aediﬁcasset,
741 1603 878 1638 nihiloque
899 1603 964 1631 vali-

187 1648 278 1678 diores
286 1655 364 1685 quam
373 1647 467 1682 stillas,
481 1653 674 1686 ventorumque
684 1648 772 1684 ﬂatus,
790 1649 963 1686 epistolarum

189 1696 277 1722 minas
291 1699 440 1730 reputaret,
455 1703 515 1723 cum
527 1695 624 1723 liducia
642 1697 771 1724 adversus
787 1698 912 1725 haeresim
925 1698 964 1724 Io—

189 1746 266 1768 cutus
281 1746 332 1768 est.
349 1740 488 1776 Plerisque
510 1741 591 1776 igitur
603 1749 618 1768 a
633 1741 792 1770 Constantio
807 1743 898 1771 missis
913 1744 966 1777 epi-

188 1786 276 1820 stolis,
291 1787 335 1814 ubi
354 1786 433 1814 modo
455 1787 542 1814 virum
558 1787 718 1815 adulabatnr
741 1788 817 1822 quasi
837 1793 962 1823 patrem,

190 1834 268 1860 modo
279 1833 438 1866 minabatur,
452 1833 609 1868 exsulesque
629 1834 794 1866 nominabat,
806 1834 863 1862 haec
871 1835 961 1862 aiens:

190 1877 265 1906 Tune
275 1878 348 1907 solus
362 1880 509 1907 etiamnum
530 1879 626 1907 hairesi
646 1879 759 1907 infestus
771 1881 963 1914 permanebis‘l

188 1924 356 1958 Obsequere,
376 1932 407 1952 ac
420 1925 509 1952 scribe
526 1930 619 1952 contra
635 1925 812 1953 Athanasium
828 1935 835 1953 :
849 1927 963 1961 quicun—

188 1977 240 2004 que
252 1971 324 1998 enim
336 1971 465 1998 adversus
479 1971 553 1998 illutn
566 1971 717 2006 scripserit,
733 1972 776 1998 hic
789 1972 868 2006 plane
882 1972 960 1999 Aria-

189 2014 248 2042 nice
261 2015 399 2042 nobiscum
414 2018 526 2048 sentiet;
551 2015 618 2043 nihil
637 2015 820 2043 reformidavit
845 2016 961 2050 Hosius,

187 2060 245 2092 sed,
262 2061 368 2088 tametsi
387 2060 556 2088 contumeliis
578 2061 737 2094 lacessitus,
766 2061 824 2089 hac
842 2062 960 2096 scripsit.

188 2105 305 2140 Ejusque
321 2113 369 2133 nos
382 2105 523 2140 epistolam
533 2106 655 2141 legimus,
667 2111 695 2134 et
704 2107 737 2134 ad
751 2107 851 2135 calcem
862 2115 893 2134 ea
905 2107 961 2143 ipsa

187 2152 319 2186 descripta
334 2157 384 2179 est.

200 2195 298 2224 Hosius
317 2194 474 2224 Constantio
488 2196 639 2231 imperatori
653 2197 681 2224 in
695 2196 806 2224 Domino
823 2197 945 2224 salutem.

219 2242 263 2268 M.
279 2241 333 2277 Ego
344 2241 400 2275 jam
420 2241 522 2277 pridem
537 2241 677 2270 confessus
687 2249 756 2274 sum,
769 2250 829 2269 cum
847 2243 896 2269 sub
911 2251 960 2270 avo

187 2291 232 2313 tuo
249 2286 411 2314 Maximiano
430 2287 584 2322 persecutio
607 2292 786 2324 grassaretur.
809 2287 883 2321 Quod
898 2289 919 2315 si
935 2293 960 2315 tu

185 2340 291 2367 quoque
305 2340 347 2360 me
360 2340 535 2368 persequare,
548 2333 694 2361 etiamnum
704 2333 737 2361 ad
749 2334 855 2369 quidvis
873 2335 960 2368 potius

185 2378 353 2405 tolerandum
372 2385 484 2414 paratus
504 2387 574 2410 sum,
590 2379 660 2413 quod
674 2384 704 2406 ut
724 2379 863 2406 innoxium
877 2378 962 2406 elIun-

184 2423 244 2449 dam
261 2423 430 2459 sanguinem,
454 2425 650 2460 veritatemque
670 2426 782 2459 prodam
799 2434 805 2451 :
826 2428 905 2459 teque
927 2432 960 2451 eo

184 2467 263 2494 modo
271 2467 431 2496 scribentem
440 2477 471 2496 ac
479 2470 698 2497 interminanlem
710 2469 819 2496 minime
831 2469 957 2504 approbo.

183 2513 281 2541 Desine
299 2514 388 2549 itaque
409 2515 470 2542 talia
489 2517 620 2548 scribere,
641 2523 673 2543 ac
687 2523 747 2542 cum
769 2515 833 2542 ΑΙ·ίο
848 2522 882 2541 ne
897 2522 958 2541 sen-

183 2559 245 2592 tias,
259 2566 307 2587 nec
328 2559 479 2588 Orientales
491 2562 592 2593 audias,
609 2569 661 2588 neu
678 2559 791 2588 Ursacio
811 2565 838 2588 et
853 2560 958 2588 Valenti

183 2603 283 2632 habeas
297 2605 387 2633 ﬁdem.
402 2605 468 2632 Nam
485 2613 543 2640 qua:
558 2604 683 2632 elIutiunt
703 2605 751 2636 illi,
771 2612 822 2632 non
839 2605 958 2631 Athana-

183 2649 217 2677 sii
228 2657 320 2682 causa,
333 2650 380 2678 sed
393 2650 503 2678 haeresis
518 2658 574 2678 sum
585 2651 670 2685 gratia
688 2650 847 2685 loquuntur.
872 2650 957 2678 Crede

219 2739 274 2776 (58)
289 2740 325 2767 lla
344 2740 409 2776 Reg.
424 2746 452 2769 et
466 2740 545 2768 Busii.
561 2741 641 2774 Editi,
658 2740 858 2776 περιλείπηται.

219 2775 274 2807 (59)
291 2777 335 2810 Sic
350 2775 415 2810 Reg.
428 2776 508 2808 Editi,
521 2776 624 2808 πάντας
637 2775 699 2809 τάς,
714 2775 850 2804 mendose.

213 2808 274 2842 N60)
290 2808 408 2838 Nannqu
420 2812 487 2838 forte
504 2811 583 2839 aliter
603 2812 674 2845 legit,
690 2808 754 2838 nam
764 2812 854 2843 vertit,
867 2818 956 2844 quem-

183 2845 333 2872 admodum.

1013 1610 1060 1645 τῆς
1073 1609 1212 1644 αἱρέσεως,
1229 1609 1338 1643 ῥανίδας
1354 1609 1401 1636 καὶ
1418 1608 1500 1640 πνοὰς
1516 1609 1623 1644 ἀνέμων
1642 1606 1790 1642 ἡγούμενος

1012 1656 1060 1690 τὰς
1073 1656 1103 1685 ὲκ
1118 1656 1173 1685 τῶν
1187 1655 1354 1693 γραμμάτων
1366 1654 1487 1688 ἀπειλάς.
1501 1653 1632 1687 Πολλάκις
1647 1652 1710 1689 γοῦν
1725 1651 1792 1690 rpi-

1013 1704 1110 1738 ῲαντος
1126 1701 1330 1733 Κωνσταντίου,
1347 1701 1393 1727 καὶ
1411 1700 1446 1727 τὰ
1469 1700 1518 1735 μὲν
1541 1697 1733 1728 κολακεύοντος
1754 1696 1792 1727 ὡς

1013 1748 1135 1784 πατέρα,
1155 1747 1189 1774 τὰ
1209 1747 1238 1774 δὲ
1258 1745 1441 1777 ἀπειλοῦντος,
1464 1745 1511 1772 καὶ
1527 1745 1588 1776 τοὺς
1605 1741 1791 1778 ὲξορισϐέντας

1012 1794 1195 1830 ὀνομάζοντος,
1212 1793 1259 1820 καὶ
1271 1792 1409 1826 λέγοντος·
1426 1791 1486 1817 Ἔτι
1501 1789 1532 1816 σὺ
1554 1790 1632 1824 μόνος
1649 1787 1791 1822 τυγχάνεις

1011 1841 1026 1867 ὸ
1040 1840 1110 1867 κατὰ
1130 1839 1178 1874 τῆς
1198 1838 1346 1874 αἱρέσεως
1369 1835 1508 1871 Πείσθητι,
1530 1835 1575 1862 καὶ
1595 1833 1698 1869 γράψον
1720 1831 1791 1858 κατὰ

1018 1884 1172 1912 Ἀθανασίου
1183 1893 1189 1899 ν
1205 1883 1220 1909 ὁ
1240 1883 1293 1918 γὰρ
1309 1882 1367 1909 κατ’
1383 1881 1487 1908 ἐκείνου
1501 1880 1613 1916 γράφων
1631 1879 1738 1910 πάντως
1756 1877 1791 1904 τὰ

1018 1930 1161 1966 Ἀρειανῶν
1175 1929 1233 1964 μεθ’
1252 1927 1329 1964 ἡμῶν
1348 1928 1486 1962 φρονήσει·
1506 1926 1537 1952 οὐ
1556 1924 1790 1961 κατορρωδήσαςὸ

1013 1975 1112 2006 Ὀσιος,
1131 1974 1200 2001 ἀλλὰ
1213 1973 1259 2000 καὶ
1276 1973 1387 2007 πάσχων
1405 1971 1506 2007 ὕϐρεις,
1520 1970 1622 2006 ἔγραψε
1642 1970 1688 1996 καὶ
1709 1969 1790 2000 αὐτὸς

1010 2019 1131 2050 τοιαῦτα,
1146 2018 1193 2045 καὶ
1207 2018 1256 2054 τὴν
1267 2017 1410 2053 ἐπιστολὴν
1429 2017 1595 2052 ἀνέγνωμεν,
1611 2017 1656 2043 καί
1674 2015 1745 2042 ἔστιν
1760 2016 1789 2041 ἐν

1011 2065 1049 2101 τῷ
1058 2065 1127 2092 τέλει
1140 2063 1319 2100 γεγραμμένη
1336 2063 1402 2099 (δι).

1013 2196 1110 2228 Ὅσιος
1120 2195 1314 2228 Κωνσταντίῳ
1320 2194 1483 2227 ,βασιλεῖὲν
1493 2193 1589 2228 Κιιοίφ
1598 2193 1712 2228 χαίρειν
1721 2191 1788 2227 (62).

1046 2242 1090 2268 Η.
1116 2241 1185 2276 Ἐγὼ
1198 2242 1246 2277 μὲν
1255 2241 1416 2277 ὡμολόγησα
1429 2241 1515 2268 καὶτὸ
1526 2240 1643 2276 πρῶτον,
1662 2240 1705 2266 ὅτε
1727 2239 1789 2266 διω-

1011 2288 1080 2323 γμὸς
1089 2288 1199 2323 γέγονεν
1215 2287 1261 2314 ἐπὶ
1274 2287 1313 2322 τῷ
1333 2287 1435 2322 πάππῳ
1451 2295 1496 2313 σου
1510 2285 1682 2321 Μαξιμιανῷ.
1697 2285 1728 2312 Et
1743 2286 1790 2312 καί

1012 2332 1043 2358 σύ
1063 2341 1095 2368 με
1112 2331 1232 2364 διώκεις,
1248 2332 1355 2367 1ἑτοιμος
1376 2333 1422 2359 καλ⁸
1445 2331 1490 2359 νῦν
1511 2332 1564 2358 πᾶν
1578 2330 1667 2358 ὁτιοῦν
1687 2331 1790 2366 ὑπομέ-

1010 2386 1074 2410 νειν,
1098 2378 1258 2414 ἢὲκκενοῦν
1276 2378 1364 2405 ἀθῶον
1384 2375 1470 2412 αἷμα,
1499 2377 1544 2404 καὶ
1567 2375 1718 2411 προδιδόναι
1740 2376 1790 2411 τὴν

1009 2424 1135 2459 ἀλήθειαν
1146 2432 1152 2438 ·
1172 2424 1201 2450 σὲ
1217 2424 1245 2450 δὲ
1267 2424 1317 2450 οὐκ
1340 2423 1505 2458 ἀποδέχομαι
1521 2422 1632 2449 τοιαῦτα
1649 2422 1790 2458 γράφοντα

1009 2470 1056 2496 καὶ
1065 2469 1175 2496 ἀπειλοῦ
1181 2478 1235 2496 ντα.
1249 2469 1354 2496 Παῦσαι
1369 2469 1415 2495 τοῦ
1429 2469 1538 2495 τοιαῦτα
1550 2469 1674 2504 γράφειν,
1687 2467 1735 2494 καὶ
1751 2465 1789 2501 μὴ

1009 2516 1100 2551 φρόνει
1113 2515 1146 2541 τὰ
1165 2515 1279 2550 Ἀρείου,
1291 2515 1359 2550 μηδὲ
1372 2514 1453 2541 ἄκουε
1464 2515 1517 2542 τῶν
1533 2514 1706 2545 ἀνατολικῶν,
1721 2512 1788 2548 μηδὲ

1007 2561 1117 2587 πίστευε
1133 2562 1188 2591 τοῖς
1204 2562 1266 2596 περὶ
1281 2561 1431 2597 Οὺρσάκιον
1448 2562 1494 2588 καὶ
1510 2561 1652 2587 Οὐάλεντα.
1680 2561 1713 2586 Ἃ
1732 2559 1788 2595 γὰρ

1007 2606 1104 2632 ἐκεῖνοι
1120 2605 1252 2639 λέγουσιν,
1266 2606 1296 2632 οὒ
1311 2606 1344 2632 δι’
1367 2606 1522 2632 ’Λθανάσιον
1535 2606 1706 2639 φθέγγονται,
1719 2604 1786 2631 ἀλλὰ

1006 2650 1048 2676 διὰ
1072 2650 1120 2686 τὴν
1147 2650 1212 2676 ἰδίαν
1234 2651 1347 2686 αἵρεσιν.
1374 2651 1486 2677 Πίστευέ
1513 2659 1568 2686 μοι,
1596 2650 1786 2681 Κωνστάντιε,

1054 2738 1108 2774 (6|)
1120 2738 1193 2767 llauc
1204 2739 1344 2772 epistolam
1361 2739 1394 2768 ad
1407 2740 1505 2768 calcem
1522 2739 1698 2774 conscriptam
1710 2759 1717 2771 ,
1733 2740 1786 2767 huc

1011 2778 1113 2800 transui
1125 2779 1204 2800 erunt
1214 2782 1400 2802 unmnuensvs.

1044 2808 1099 2844 (δέὶ
1118 2808 1220 2836 Titulus
1229 2809 1347 2842 epistola:
1361 2818 1412 2837 non
1434 2811 1547 2838 habetur
1562 2810 1588 2837 in
1607 2809 1671 2844 Reg.
