2007 3044
172 183 227 211 745

643 184 804 212 HISTORIA
823 185 1025 213 ARIANOHUM
1044 185 1090 212 AD
1108 185 1303 214 MONACHOS.

1721 186 1772 214 746

173 241 283 272 πάππος
299 241 356 276 ειμι
369 250 414 269 σου
431 242 491 269 καθ’
502 243 608 279 ἡλικίαν
618 251 624 258 ·
639 243 772 279 ἐγενόμην
786 244 865 275 αὐτὸς
879 245 906 270 ὲν
919 245 951 279 τῇ

1008 244 1081 276 mihi,
1098 245 1244 276 COnstanti,
1258 245 1302 279 qui
1313 251 1362 278 per
1372 248 1476 271 aetatem
1494 251 1559 270 avus
1568 247 1629 270 tuus
1642 250 1701 270 esse
1713 250 1773 276 pos-

174 287 244 314 x-‘t’cd
260 287 392 324 Σαρδικὴν
407 288 462 323 [65)
489 289 604 325 συνόδῳ,
618 290 661 316 ὅτε
677 290 708 316 σύ
724 299 753 316 τε
770 290 816 316 καὶ
831 290 848 316 όν
870 299 952 325 μακα-

175 330 252 366 ρῖτης
267 332 379 366 ἀδελφός
395 341 441 360 σου
456 333 585 366 Κώνστας
599 335 699 367 πάντας
713 336 787 370 ἡμᾶς
804 336 950 371 συνήγαγε.

173 377 228 403 Καὶ
243 377 278 404 δι’
294 378 412 412 ἐμαυτοῦ
431 380 493 410 τοὺς
511 380 624 416 ἐχθροὺς
645 380 803 407 Ἀθανασίου
818 389 953 416 προσεκα-

172 422 304 458 λεσάμην,
320 423 445 456 ἐλθόντας
464 425 561 457 αὐτοὺς
581 427 620 458 εἰς
637 425 686 461 τὴν
706 426 877 461 Ἐκκλησίαν,
893 422 952 462 ἐνῇ

173 467 262 502 ᾤκουν
279 469 343 503 ἐγὼ,
359 470 403 502 ἵν’,
419 471 446 497 εἴ
465 479 490 497 τι
510 470 595 506 ἔχοιεν
616 471 675 498 κατ’
697 471 797 503 αὑτοῦ,
822 472 950 506 λέγωσιν·

174 516 405 551 ἐπαγγειλάμενος
419 517 510 547 αὺτοῖς
525 517 643 552 θαρρεῖν,
657 517 703 544 καὶ
716 517 752 553 μὴ
767 517 829 544 ἀλλο
839 526 864 544 τι
872 526 953 553 προσ-

174 560 266 594 δοκᾷν,
290 560 306 596 ἦ
330 561 408 596 ὀρθὸν
432 561 462 588 τὸ
485 563 623 598 κριτήριον
654 563 700 589 ἐπὶ
727 564 810 591 πᾶσιν
834 563 952 591 ἔσεσθαι.

175 605 259 632 Τοῦτο
275 606 303 633 δὲ
316 607 365 641 οὐχ
380 607 461 639 ἅπαξ.
476 607 543 633 ἀλλὰ
555 608 602 634 καὶ
611 607 734 643 δεύτερον
746 608 873 643 ἐποίησα,
887 617 954 643 προ-

174 651 293 686 τρέπων,
310 652 335 677 εἰ
357 652 393 687 μὴ
413 651 512 678 θέλοιεν
529 653 575 678 ἐπὶ
589 653 678 688 πάσης
697 653 745 688 τῆς
760 653 879 683 συνόδου,
903 653 954 680 κᾶν

176 696 218 722 ἐτιε
231 696 297 730 ἐμοῦ
312 697 408 732 μόνου·
426 697 654 733 ἐπαγγειλάμενος
669 698 757 730 πάλιν,
780 698 830 731 ὃτι,
854 698 888 725 ἂν
905 699 954 733 μὲν

177 742 324 774 ὑπεύθυνος
338 742 441 778 δειχθῇ,
461 743 568 775 πάντως
589 744 808 780 ἀποδληθήσεται
827 744 874 770 καὶ
890 745 953 780 παρ’

175 789 269 825 ήμῶν·
286 788 319 816 ἂν
336 789 365 816 δὲ
380 790 498 822 ἀναίτιος
515 790 631 826 εὑρεθῇ,
646 791 693 818 καὶ
708 789 803 826 ἐλέγξῃ
821 791 952 825 συκοφάν-

176 841 225 865 τας
238 834 326 869 ὑμᾶς,
341 835 366 861 εί
384 835 558 870 παραιτεῖσθε
579 836 625 861 τὸν
646 835 786 870 ἄνθρωπον
796 855 805 866 ,
821 834 876 868 ἐγὼ
897 835 954 869 μετ’

177 879 295 914 ἐμαυτοῦ
314 880 398 907 πείθω
418 881 464 907 τὸν
490 881 645 907 Ἀθανάσιον
665 880 750 907 ἐλθεῖν
766 881 805 912 εἰς
818 880 867 912 τὰς
884 881 956 907 Σπα-

177 925 245 956 νίας.
270 925 324 952 Καὶ
344 927 359 952 ὁ
383 926 431 961 μὲν
452 926 607 958 Ἀθανάσιος
631 927 676 953 ἐιιῇ¹
698 925 801 958 τούτοις
821 926 952 957 ἐπείθετο,
969 920 990 947 Β

177 971 224 997 καὶ
239 971 288 998 οὐκ
302 971 457 1006 ἀντέλεγεν·
474 973 571 998 ἐκεῖνοι
587 972 625 1004 δέ,
644 972 711 1007 πρὸς
727 971 814 997 πάντα
835 971 873 1006 μὴ
889 970 955 1006 θαρ-

178 1016 296 1051 ῥοῦντες,
311 1017 376 1048 ῐσως
394 1017 529 1044 ἀνένευον.
553 1017 674 1051 Ἐγένετο
694 1017 722 1044 δὲ
737 1017 819 1044 πάλιν
833 1018 847 1043 ὁ
875 1016 954 1044 ’Δθα-

178 1061 268 1094 νάσιος
294 1062 334 1094 είς
355 1063 385 1089 τὸ
408 1063 453 1090 σὺν
479 1063 669 1098 στρατόπεδον,
685 1063 765 1098 ἡνίκα
791 1062 955 1098 μετεπέμψω

177 1107 285 1143 γράψας
298 1108 387 1143 αὐτῷ,
404 1110 451 1135 καὶ
468 1109 601 1145 παρόντας
622 1110 651 1135 ἐν
668 1109 735 1144 αὐτῇ
752 1110 784 1144 τῇ
808 1108 955 1144 Ἀντιοχείᾳ

177 1153 241 1184 τοὺς
262 1153 375 1188 ἐχθροὺς
399 1154 530 1189 κληθῆναι
559 1155 662 1186 πάντας
687 1155 704 1190 ἢ
730 1155 843 1181 ἕκαστον
867 1153 955 1180 αὐτῶν

177 1197 301 1232 ἠξίωσεν,
323 1198 356 1226 ἵν’
374 1199 390 1234 ἢ
413 1199 567 1233 ἐλέγξωσιν,
588 1201 604 1235 ἢ
626 1200 792 1236 ἐλεγχθῶσι·
813 1200 858 1226 καὶ
875 1201 918 1226 ἵνα
938 1200 955 1235 ἢ

179 1244 297 1280 παρόντα
313 1245 433 1278 δείξωσιν
447 1243 502 1272 οἷον
516 1245 648 1282 λέγουσιν,
659 1246 676 1281 ἢ
690 1247 792 1273 ἀπόντα
807 1246 843 1282 μὴ
853 1245 957 1272 διαὸάλ-

178 1290 253 1317 λωσι.
269 1291 322 1318 Καὶ
336 1291 397 1318 οὔτε
410 1293 441 1319 σὺ
449 1292 572 1327 λέγοντος
586 1292 777 1328 ¹1γνέσ·χου(64ι),
787 1292 853 1320 ἀλλά
861 1292 955 1318 κάκεῖ-

178 1344 218 1363 νοι
234 1338 434 1373 παρῃτήσαντο.
451 1338 484 1364 Τί
497 1338 584 1364 τοίνυν
594 1337 702 1369 ἀκούεις
720 1337 760 1364 ἐτι
777 1337 830 1365 τῶν
849 1337 957 1364 κακολο-

178 1382 296 1416 γοὺντων
305 1382 403 1416 αὐτόν;
414 1382 475 1415 Πῶς
484 1383 568 1420 ἀνέχῃ
579 1383 725 1414 Οὐάλεντος
735 1384 781 1410 καὶ
792 1384 828 1409 Οὐ
833 1383 954 1418 ρσακίου,

178 1428 266 1455 καίτοι
287 1429 508 1464 μετανοησάντων
524 1429 624 1462 αὐτῶν,
642 1430 687 1456 καὶ
707 1429 851 1464 ἐγγράφως
867 1428 957 1456 αὐτῶν

177 1475 398 1510 ὁμολογησάντων
411 1475 460 1510 τὴν
482 1475 676 1510 συκοφαντίανς
701 1474 884 1510 Ὠμολόγησαν
903 1473 957 1509 γὰρ

178 1521 208 1547 οὐ
222 1520 280 1555 βίαν
294 1520 434 1552 παθόντες,
452 1520 489 1552 ὡς
505 1520 581 1547 αὐτοὶ
595 1520 815 1556 προφασίζονται,
832 1520 861 1546 οὐ
877 1528 958 1554 στρα-

178 1565 281 1592 τιωτῶν
305 1565 496 1600 ἐπικειμένων,
509 1566 558 1592 οὐκ
575 1565 675 1597 εἰδότος
700 1564 746 1591 τοῦ
759 1564 874 1598 ἀδελφοῦ
905 1572 952 1590 σου

180 1611 241 1646 (οὐκ
255 1611 376 1644 ἐγίγνετο
385 1610 439 1645 γὰρ
451 1611 514 1645 παρ’
529 1610 603 1645 αὐτῷ
613 1609 733 1641 τοιαῦτα,
750 1607 794 1636 οἷα
807 1609 854 1636 νῦν
869 1609 959 1643 γίγνε-

179 1665 233 1687 ται,
250 1656 286 1691 μὴ
303 1655 443 1690 γένοιτοι),
460 1655 516 1681 ἀλλ’
531 1655 607 1682 αὐτοὶ
624 1655 743 1686 θέλοντες
760 1655 864 1685 ἐαυτοῖς
879 1653 960 1688 ἀνῆλ-

181 1702 226 1728 θον
241 1702 281 1733 είς
294 1701 343 1737 τὴν
357 1701 476 1737 Ῥώμην,
488 1698 534 1727 uati.
549 1701 595 1728 τοῦ
610 1701 759 1727 ἐπισκόπου
774 1700 820 1727 καὶ
834 1699 887 1726 τῶν
899 1708 961 1735 πρε-

182 1747 318 1784 σϐυτέρων
337 1747 477 1782 παρόντων
495 1747 632 1782 ἔγραψαν·
655 1746 808 1781 γράψαντες
829 1745 960 1780 πρότερον

181 1794 238 1829 (65)
252 1794 298 1821 καὶ
315 1793 463 1828 ’Δθανασίῳ
471 1793 578 1828 φιλικὴν
590 1793 637 1819 καὶ
651 1792 790 1827 εἰρηνικὴν
804 1791 957 1826 ἐπιστολὴν.

181 1840 213 1866 Ei
223 1839 252 1866 δὲ
267 1839 327 1874 βίαν
345 1837 564 1874 προφασίζονται,
580 1838 626 1864 καὶ
640 1836 718 1864 τοῦτο
733 1836 895 1871 γινώσκουσι
912 1844 961 1862 κα-

181 1886 238 1915 κὸν.
254 1886 304 1912 οὐκ
319 1884 438 1921 ἀποδέχῃ
453 1884 481 1910 δέ
495 1884 554 1911 οὐδὲ
569 1883 600 1910 σύ
612 1892 619 1899 ·
633 1882 734 1910 παῦσαι
748 1882 795 1908 τοῦ
812 1881 959 1917 βιάζεσθαι,

182 1932 229 1959 καὶ
245 1932 314 1967 μήτε
332 1930 432 1967 γράφε,
452 1930 520 1966 μήτε
539 1929 631 1965 πέμπε
650 1929 772 1965 κόμητας
796 1927 867 1964 (66)·
894 1927 961 1955 ἀλλά

182 1980 229 2006 καὶ
240 1979 302 2011 τοὺς
314 1977 502 2014 ἐξορισθέντας
513 1976 656 2007 ἀπόλυσον,
669 1976 713 2003 ῐνα
726 1975 772 2012 μὴ,
793 1975 851 2010 βίαν
868 1976 961 2002 αἰτιω-

185 2025 265 2060 μένου
283 2033 341 2057 σου,
366 2023 490 2059 μείζονας
507 2023 567 2058 βίας
590 2023 686 2049 ἐκεῖνοι
713 2021 820 2048 ποιῶσι.
846 2021 879 2048 Τί
907 2020 962 2057 γὰρ

183 2070 299 2097 τοιοῦτον
319 2069 413 2104 γέγονε
434 2069 509 2105 παρά
534 2068 728 2100 Κώνσταντος;
751 2067 792 2099 τίς
814 2067 962 2098 ἐπίσκοπος

183 2115 335 2151 ἐξωρίσθη;
352 2115 415 2142 πότε
434 2115 550 2150 κρίσεως
568 2114 797 2149 ἐκκλησιαπικῆς
815 2112 896 2148 μέσος
912 2111 961 2147 γέ-

184 2169 265 2196 γονε;
284 2162 358 2192 ποῖος
374 2159 455 2187 αὐτοῦ
476 2159 623 2191 Παλατῖνος
643 2158 781 2193 ἠνάγκασε
801 2157 871 2184 κατά
890 2165 962 2188 τινος

184 2206 350 2242 ὑπογράψαι,
377 2206 420 2232 ἶνα
441 2206 465 2232 οἱ
482 2206 545 2241 περὶ
557 2205 692 2232 υὺἀλεντα
708 2204 819 2231 τοιαῦτα
846 2203 962 2238 λέγωσι;

1002 290 1072 316 sim:
1090 289 1243 317 Sardicensi
1266 289 1373 317 interfui
1389 290 1501 325 synodo,
1518 296 1570 324 quo
1587 293 1704 323 tempore
1719 294 1774 315 tute

1001 341 1032 361 ac
1043 335 1127 361 beata:
1145 335 1186 361 vir
1214 334 1349 362 memoria:
1375 335 1458 361 frater
1482 339 1543 362 tuus
1564 334 1706 366 Constans,
1725 341 1774 360 nos

1001 388 1095 408 Otones
1108 381 1288 409 convocastis.
1305 380 1416 416 Ipseque
1431 380 1553 408 inimicos
1567 380 1705 408 Athanasii
1714 388 1773 415 pro-

1001 427 1105 460 vocavi,
1124 434 1184 453 cum
1208 426 1234 453 in
1261 426 1418 458 Ecclesium,
1440 425 1484 452 ubi
1505 426 1694 452 commorabar
1712 432 1771 459 ego,

1002 472 1183 505 advenissem,
1205 471 1263 499 utsi
1276 471 1338 506 quid
1354 471 1380 498 in
1392 471 1538 499 Athanasio
1549 471 1707 506 culpandum
1724 471 1772 498 ha-

1001 519 1105 550 berent,
1122 517 1148 545 id
1163 517 1357 544 renuntiarent.
1367 515 1459 544 Fidem
1468 517 1538 549 dedi,
1550 517 1773 551 securitatemque

1002 563 1124 600 promisi,
1148 567 1178 590 ut
1198 562 1263 590 nihil
1285 563 1334 589 nisi
1350 566 1451 590 rectunt
1467 562 1492 589 in
1504 563 1626 590 omnibus
1645 563 1774 598 judicium

1003 614 1200 644 exspectarent.
1216 609 1245 637 Id
1259 616 1311 637 non
1328 608 1410 636 semel
1428 612 1541 640 tantum,
1555 609 1602 636 sed
1616 615 1643 636 et
1657 609 1697 635 bis
1706 616 1774 643 prte-

1003 656 1071 688 stiti,
1089 656 1222 687 hortatus,
1245 655 1268 682 si
1287 654 1387 682 nollent
1403 662 1493 682 coram
1510 659 1565 681 tota
1586 654 1696 690 synodo,
1710 654 1775 680 mihi

1003 703 1097 730 saltem
1110 701 1159 729 soli
1173 708 1230 728 rem
1245 699 1391 728 deferrent.
1400 699 1427 727 Id
1438 706 1544 735 quoque
1556 699 1689 734 polllcitus
1699 706 1774 725 sum:

1004 748 1034 776 Si
1053 755 1114 775 reus
1126 746 1341 782 deprehendatur
1356 745 1448 777 homo,
1461 752 1476 772 a
1494 745 1570 772 nobis
1581 744 1658 779 plane
1669 743 1776 778 abiicie-

1005 799 1064 826 tur;
1079 794 1120 820 sin
1138 792 1271 823 innoxius,
1291 798 1392 826 vosque
1408 790 1585 826 sycophantas
1595 789 1715 824 probarit
1730 797 1736 816 :
1754 789 1775 817 si

1006 839 1180 868 nihilominus
1200 839 1274 866 illum
1291 836 1490 869 recusaveritis,
1509 837 1653 863 Athanasio
1665 843 1776 869 persua-

1005 885 1083 917 debo,
1099 891 1128 912 ut
1145 891 1249 911 mecum
1264 883 1290 910 in
1306 882 1447 917 Hispanias
1461 881 1656 916 proficiscatur.
1679 880 1778 915 Hisque

1004 930 1272 958 eonditionibuscitra
1283 929 1485 964 repugnantiam
1493 926 1778 961 obtemperabatAtha-

1006 977 1105 1004 nasius.
1115 976 1154 1002 Illi
1165 982 1229 1002 vero
1240 975 1320 1002 rebus
1330 975 1441 1001 omnino
1454 974 1509 1001 suis
1519 972 1606 1004 dilIIsi,
1615 979 1689 1007 aeque
1697 972 1722 999 id
1734 972 1779 998 ab-

1005 1026 1133 1050 nuerunt.
1144 1021 1298 1054 Iterumque
1316 1019 1361 1046 ubi
1374 1018 1539 1046 Athanasius
1547 1018 1579 1044 ad
1595 1023 1667 1044 tuum
1677 1018 1777 1044 exerci-

1005 1072 1060 1095 tum
1074 1075 1103 1094 se
1117 1066 1230 1094 contulit
1243 1075 1251 1100 ;
1264 1073 1323 1093 cum
1337 1069 1364 1091 tu
1377 1064 1451 1091 illttm
1470 1063 1566 1091 litteris
1580 1063 1632 1090 tuis
1643 1063 1777 1094 accivisti,

1006 1113 1129 1141 inimicos
1144 1112 1189 1140 ille
1202 1119 1265 1139 suos
1280 1111 1325 1146 qui
1342 1115 1397 1137 tum
1414 1110 1461 1142 ibi,
1473 1109 1621 1137 Antiochiae.
1636 1108 1776 1139 videlicet.

1005 1160 1190 1190 versabantur,
1199 1158 1239 1186 vel
1249 1165 1341 1185 omnes
1349 1165 1413 1190 una,
1423 1156 1464 1184 vel
1472 1155 1592 1190 singulos
1602 1155 1727 1182 advocari
1739 1161 1779 1180 ι-ο-

1005 1204 1086 1239 gavit,
1098 1210 1125 1230 ιιι
1134 1209 1175 1230 aut
1185 1203 1416 1234 seconvincercnt,
1425 1205 1471 1228 aut
1478 1200 1700 1228 convincerentur
1709 1198 1759 1233 ipsi
1771 1206 1778 1228 ;

1006 1252 1032 1276 et
1042 1256 1071 1275 se
1085 1248 1125 1275 vel
1139 1255 1228 1275 coram
1237 1247 1340 1281 qualem
1358 1254 1416 1273 esse
1430 1246 1553 1273 dicebant
1566 1244 1779 1279 comprobarent,

1005 1294 1046 1322 vel
1056 1295 1190 1321 absentem
1201 1301 1253 1320 non
1263 1293 1498 1320 calumniarentur.
1514 1290 1611 1318 Verum
1628 1297 1675 1316 nec
1689 1294 1715 1316 tu
1725 1289 1782 1315 Itan:

1006 1340 1103 1367 dicenti
1115 1346 1215 1366 murem
1225 1338 1401 1373 gessisti,imo
1411 1337 1447 1364 illi
1458 1338 1618 1364 abnuerunt.
1628 1335 1683 1363 Cur
1692 1336 1780 1369 itaque

1005 1387 1149 1414 etiamnum
1158 1385 1349 1413 obtrectatores
1359 1385 1416 1419 ejus
1423 1383 1516 1411 audis?
1523 1384 1576 1411 Cur
1587 1382 1725 1410 Ursaciunt
1731 1382 1782 1408 Va-

1006 1434 1157 1468 lentemque
1174 1432 1282 1465 toleras,
1295 1431 1401 1458 tametsi
1415 1430 1451 1457 illi
1464 1429 1649 1464 paenitentiam
1659 1433 1781 1462 egerunt,

1006 1478 1220 1511 calumniamque
1236 1484 1310 1504 suam
1328 1476 1427 1510 scripto
1442 1474 1557 1502 confessi
1575 1474 1650 1500 sunt?
1661 1472 1782 1500 Confessi

1008 1528 1079 1555 sunt,
1091 1524 1210 1557 inquam,
1220 1520 1359 1556 11011293
1370 1521 1392 1547 vi
1403 1519 1500 1551 coacti,
1515 1524 1540 1545 ttt
1557 1519 1704 1546 obtendunt
1722 1518 1759 1544 illi
1772 1526 1781 1545 :

1009 1577 1060 1596 non
1070 1568 1223 1602 urgentibus
1237 1567 1372 1597 militibus,
1383 1574 1434 1593 non
1448 1565 1555 1593 conscio
1567 1564 1648 1591 fratre
1658 1569 1718 1591 tuo:
1731 1570 1782 1590 non

1011 1615 1071 1642 talia
1089 1614 1186 1648 quippe
1202 1612 1252 1640 sub
1273 1612 1326 1642 illo.
1337 1612 1423 1646 qualia
1433 1611 1473 1638 his
1489 1611 1660 1645 temporibus,
1670 1609 1784 1643 ageban-

1011 1665 1063 1691 tur.
1077 1660 1158 1687 absit!
1177 1659 1222 1686 sed
1235 1658 1304 1685 ultro
1317 1658 1363 1692 ipsi
1374 1658 1485 1684 Romam
1494 1656 1614 1691 profecti,
1628 1663 1716 1683 coram
1729 1655 1785 1690 cpi-

1010 1714 1090 1740 scopo
1100 1710 1127 1732 et
1143 1704 1308 1740 presbyteris
1321 1704 1377 1731 haec
1392 1703 1535 1738 scripsere,
1549 1710 1609 1730 cum
1626 1706 1704 1728 antea
1721 1702 1786 1727 ami-

1009 1759 1067 1779 cam
1087 1756 1113 1778 et
1135 1750 1271 1786 paciﬁcam
1286 1749 1425 1784 epistolam
1447 1750 1480 1776 ad
1496 1747 1669 1775 Athanasium
1693 1746 1785 1774 misis-

1009 1802 1077 1825 sent.
1099 1797 1174 1830 Quod
1200 1797 1221 1824 si
1247 1796 1300 1823 vim
1326 1796 1376 1823 sibi
1397 1795 1496 1822 illatam
1521 1793 1677 1825 obtendunt,
1703 1800 1784 1827 quam

1011 1843 1130 1870 illicitam
1148 1847 1293 1877 agnoscant
1310 1849 1317 1868 :
1333 1842 1409 1875 sique
1424 1839 1476 1868 vim
1498 1845 1554 1867 tute
1571 1847 1623 1867 non
1642 1838 1784 1874 approbes.

1010 1887 1103 1914 desine
1114 1886 1169 1913 vim
1187 1886 1303 1918 inferre.
1322 1893 1371 1913 nec
1385 1885 1498 1917 litteras,
1515 1892 1563 1913 nec
1576 1884 1689 1912 comites
1704 1884 1786 1910 mise-

1012 1934 1065 1966 ris;
1080 1932 1126 1960 sed
1141 1931 1247 1959 exsules
1262 1931 1378 1964 remitte,
1393 1938 1425 1958 ne
1436 1938 1496 1958 cum
1513 1934 1540 1957 tu
1556 1930 1610 1957 vim
1630 1929 1785 1963 redarguns,

1012 1976 1139 2012 majorem
1155 1976 1193 2004 illi
1218 1976 1270 2003 vim
1293 1979 1446 2003 exerceant.
1467 1974 1600 2008 Quidnam
1615 1973 1746 2008 ejusmodi
1771 1981 1784 1999 ιι

1012 2023 1159 2050 Constante
1182 2025 1269 2048 actum
1296 2020 1357 2048 est?
1385 2020 1445 2054 quis
1471 2020 1613 2054 cpiscopus
1637 2017 1787 2046 exsulavit?

1011 2067 1180 2103 quandonam
1197 2065 1241 2093 ille
1263 2064 1451 2093 ecclesiasticis
1464 2063 1573 2099 iudiciis
1587 2063 1690 2091 medius
1705 2063 1788 2090 inter-

1011 2113 1079 2140 fuit?
1090 2112 1149 2147 quis
1160 2112 1210 2139 sub
1220 2111 1265 2139 illo
1276 2110 1410 2147 palatinus
1421 2115 1514 2138 contra
1526 2117 1604 2145 quem
1618 2109 1788 2136 subscribere

1012 2160 1109 2194 coegit,
1124 2163 1153 2186 ut
1168 2157 1267 2185 Valens
1286 2165 1347 2185 cum
1365 2157 1438 2185 socio
1454 2157 1518 2183 talia
1532 2156 1660 2183 effutiat?
1681 2155 1788 2188 Desine,

1013 2211 1150 2240 quassate,
1165 2209 1192 2232 et
1213 2209 1346 2231 memento
1363 2209 1389 2231 te
1403 2203 1543 2230 mortalem
1556 2202 1689 2229 hominem
1703 2208 1762 2228 esse
1780 2210 1787 2228 :

184 2252 302 2284 Παῦσαι,
318 2250 477 2287 παρακαλῶ,
493 2252 538 2277 καὶ
546 2251 691 2287 μνήσθητι,
701 2251 742 2277 ὅτι
756 2249 852 2285 θνητὸς
863 2249 958 2285 ἀνθρω

1016 2252 1078 2279 time
1090 2250 1182 2286 judicii
1199 2250 1280 2282 diem,
1296 2255 1374 2284 teque
1384 2249 1441 2284 ipse
1455 2247 1592 2275 innoxium
1603 2247 1634 2273 ad
1646 2254 1704 2274 eam
1718 2247 1788 2274 dietn

184 2307 234 2331 στος
257 2298 399 2334 τυγχάνεις
411 2306 417 2313 ·
436 2297 567 2333 φοϐήθητι
581 2297 630 2332 τὴν
649 2297 753 2332 ἡμέραν
768 2296 816 2331 τῆς
830 2295 959 2330 κρίσεως·

184 2345 300 2381 φύλαξον
325 2344 434 2371 σεαυτὸν
461 2345 500 2376 εις
527 2343 633 2378 ἐκείνην
663 2342 790 2378 καθαρόν.
821 2341 867 2376 Μὴ
893 2341 962 2368 τίθει

185 2390 296 2418 σεαυτὸν
310 2392 349 2423 εις
362 2390 396 2417 τὰ
407 2389 617 2425 ἐκκλησιαστικά
629 2398 635 2405 -
652 2388 718 2425 μηδὲ
735 2390 766 2415 σὺ
786 2388 850 2424 περὶ
863 2387 962 2414 τούτοιν

185 2439 249 2474 ἡμῖν
259 2437 444 2473 παρακελεύου
454 2446 461 2452 ·
479 2436 545 2463 ἀλλά
561 2437 658 2471 μᾶλλον
675 2437 739 2470 παρ’
757 2435 835 2471 ἡμῶν
849 2435 881 2462 σὺ
899 2435 965 2470 μάν-

186 2483 247 2510 θανε
262 2482 356 2509 ταῦτα.
373 2482 418 2509 Σοὶ
429 2481 565 2517 βασιλείαν
579 2482 593 2507 ὸ
603 2481 669 2513 Θεὸς
686 2481 850 2516 ἐνεχείρισεν
861 2488 868 2495 ·
899 2479 965 2514 ἡμῖν

184 2530 219 2556 τὰ
230 2531 278 2565 τῆς
297 2528 458 2564 Ἑκκλησίας
471 2528 622 2555 ἐπίστευσε.
643 2527 699 2554 Καὶ
711 2527 804 2562 ὥσπερ
819 2527 833 2553 ὁ
851 2526 900 2561 τὴν
916 2525 964 2559 σὴν

185 2576 272 2611 ἀρχὴν
297 2574 470 2603 ὑποκλέπτων
486 2573 617 2608 ἀντιλέγει
637 2573 677 2609 τῷ
696 2572 881 2607 διαταξαμένῳ
894 2570 963 2606 Θεῷ,

184 2621 255 2649 οὕτω
278 2620 408 2656 φοϐήθητι
432 2620 469 2655 μὴ
486 2619 533 2646 καὶ
556 2620 598 2650 σὺ,
621 2619 655 2646 τά
680 2618 729 2653 τῆς
743 2617 903 2651 Ἐκκλησίας
923 2617 963 2647 είς

185 2666 279 2693 ἑαυτὸν
302 2665 397 2696 ἕλκων.
419 2664 567 2696 ὑπεύθυνος
586 2664 737 2699 ἐγκλήματι
760 2662 867 2698 μεγάλῳ
881 2661 959 2696 γένῃ·

191 2711 340 2743 Ἀπόδοτε,
357 2711 521 2747 γέγραπται,
541 2712 577 2736 τὰ
601 2710 749 2743 Καίσαρος
763 2708 898 2741 Καίσαρι,
914 2707 962 2733 καὶ

183 2760 222 2790 τὰ
236 2760 290 2788 τοῦ
301 2760 374 2788 Θεοῦ
390 2758 429 2792 τῷ
444 2759 514 2792 Θεῷ.
530 2758 598 2785 Οὔτε
611 2758 698 2785 τοίνυν
718 2758 782 2793 ἡμῖν
804 2757 896 2791 ἄρχειν
918 2755 963 2781 ἐπὶ

223 2818 246 2834 ¹⁸
260 2817 352 2845 Matth.
365 2824 433 2850 ml,
444 2816 489 2843 2|.

222 2865 277 2901 (βπ)
291 2865 388 2901 Regius
403 2864 496 2897 codex,
510 2864 650 2901 Σερδικήν.

223 2895 278 2934 (64]
291 2895 444 2934 ΙιτιἪοείιις
457 2895 702 2933 οιέἱεΊρθοιίιΙιιιη.
720 2896 806 2930 Editi,
822 2895 944 2931 ὴνέσχον.

1014 2296 1157 2324 custodias.
1174 2294 1212 2322 Ne
1235 2298 1261 2321 te
1277 2294 1357 2321 rebus
1381 2293 1494 2319 misceas
1514 2289 1719 2323 ecclesiasticis;
1738 2297 1788 2316 neu

1016 2341 1091 2368 nobis
1107 2342 1149 2368 his
1162 2341 1194 2367 de
1208 2340 1288 2367 rebus
1310 2344 1442 2373 prmcepla
1462 2337 1586 2368 mandes;
1609 2336 1654 2363 sed
1675 2343 1689 2362 a
1712 2335 1790 2362 nobis

1014 2389 1102 2423 potius
1124 2388 1181 2413 haec
1203 2386 1316 2413 ediscas.
1338 2383 1396 2411 Tibi
1418 2383 1487 2410 Deus
1509 2382 1648 2417 imperium
1670 2380 1788 2413 tradidit,

1015 2432 1092 2460 nobis
1105 2431 1287 2458 ecclesiastica
1309 2428 1483 2456 concredidit.
1507 2427 1548 2454 Ac
1564 2425 1788 2460 quemadmodum

1014 2477 1060 2511 qui
1075 2476 1122 2503 tibi
1137 2475 1276 2510 imperium
1291 2473 1415 2508 subripit,
1428 2473 1480 2500 Deo
1492 2472 1626 2500 ordinanti
1641 2476 1788 2507 repugnat;

1015 2521 1051 2548 ita
1066 2525 1155 2547 mettte
1164 2527 1208 2551 ne,
1222 2519 1243 2546 si
1256 2519 1288 2546 ad
1303 2523 1327 2545 te
1342 2517 1523 2545 ecclesiastica
1538 2516 1689 2550 pertrahas,
1702 2515 1789 2549 magni

1015 2565 1135 2593 criminis
1148 2571 1209 2592 reus
1225 2564 1273 2591 ﬁas
1286 2573 1293 2591 :
1308 2562 1427 2594 Reddite,
1441 2562 1570 2596 scriptunt
1584 2565 1637 2592 est,
1654 2569 1711 2595 qut:
1729 2565 1789 2587 sunt

1016 2613 1128 2640 Cesaris
1157 2612 1266 2645 Cresart',
1296 2615 1319 2638 et
1342 2617 1400 2645 qua:
1421 2613 1481 2636 sunt
1502 2608 1551 2635 Dei
1573 2607 1626 2634 Deo
1647 2606 1678 2634 εδ.
1699 2605 1792 2640 Neque

1017 2659 1093 2686 nobis
1105 2660 1186 2693 igitur
1199 2657 1421 2691 terraeimperare
1436 2655 1508 2687 licet,
1524 2661 1609 2689 tneque
1626 2658 1653 2679 tu
1669 2652 1789 2679 adoleudi

1017 2705 1098 2732 habes
1120 2707 1287 2739 potestatem.
1311 2703 1370 2729 Haec
1385 2701 1455 2735 qttod
1475 2705 1547 2727 tuam
1562 2706 1653 2726 curem
1674 2697 1789 2724 salutem

1017 2752 1124 2780 scribo:
1142 2751 1212 2786 quod
1230 2757 1292 2777 vero
1306 2756 1348 2776 res
1366 2751 1467 2782 spectat
1481 2746 1513 2774 de
1529 2745 1627 2781 quibus
1647 2742 1790 2778 scripsisti,

1053 2857 1108 2892 (es)
1124 2856 1169 2883 Sic
1184 2856 1249 2892 Reg.
1261 2854 1342 2887 Editi,
1357 2853 1496 2892 πρότερον.

1051 2889 1106 2928 (66)
1119 2892 1195 2926 Reg.,
1211 2891 1333 2924 κόμιτας,
1347 2889 1380 2917 de
1395 2895 1478 2915 more.
