2007 3044
184 228 190 250 ⁵
203 199 255 228 ’147

203 263 267 284 ecce
284 263 370 284 meam
385 257 544 284 sententiam
559 264 567 283 :
589 256 696 283 Arianis
709 256 818 283 minime
837 254 976 289 adjnngor.
991 257 1014 283 A

206 303 260 328 imo
281 308 338 328 eam
363 301 485 328 haresim
506 301 574 329 ferio
595 302 766 329 anathemate
785 311 792 328 :
815 308 864 328 nec
886 305 979 328 contra

205 346 378 374 Athanasium
387 347 514 380 scribam,
527 354 605 381 quem
617 354 666 374 nos
675 352 702 374 et
715 347 834 374 Romana
847 346 978 378 Ecclesia,

206 393 260 419 imo
282 396 336 420 tota
359 392 478 428 synodus
500 392 630 419 insontem
657 392 811 419 declaravit.
835 391 901 418 Nam
925 395 981 418 tute

208 438 264 463 haec
276 444 339 464 cum
354 442 493 472 perspecta
508 437 631 469 haberes,
651 438 784 464 hominem
802 437 932 468 accivisti,
948 443 981 463 ac

208 483 364 510 concessisti
384 488 413 510 ut
433 490 493 510 cum
513 482 616 509 honore
629 482 654 509 in
669 483 780 516 patriam
794 481 837 509 ille
848 487 874 509 et
891 481 916 509 in
933 482 982 509 Ec-

206 529 314 556 t-lesiam
334 537 409 557 suam
434 530 604 563 remigraret.
626 528 752 562 Quaenam
775 529 877 555 exstitit
902 533 982 555 tanlze

206 575 362 602 mutationis
373 575 473 602 causa?
487 574 566 601 Iidem
581 574 650 602 enim
668 574 716 608 ipsi
732 578 794 601 sunt
808 573 864 607 ejus
881 573 981 600 inimici

206 621 251 655 qni
265 620 321 654 iam
345 625 407 647 ante
425 621 499 647 fuere
517 629 524 647 :
545 624 571 646 et
592 627 650 653 utne
669 618 724 652 jam
746 624 888 646 susurrant
909 620 983 652 (non

206 667 278 694 enim
304 674 335 693 ea
357 673 448 694 coram
472 666 517 693 illo
539 664 705 700 proferunt),
721 666 777 692 hac
805 665 879 698 prius
903 665 982 691 etiam

207 718 289 748 quam
299 712 474 739 Athanasium
487 711 589 739 accires
601 710 815 744 obloquebantur
829 719 835 736 :
853 710 909 737 haec
923 717 984 737 cum

207 757 241 784 ad
258 756 388 792 synodum
407 756 579 783 advenissent
597 754 839 783 obmurmurabant
855 763 862 781 :
878 761 985 789 meque,

209 802 249 830 uti
259 809 339 836 supra
354 801 420 834 dixi,
434 801 607 835 probationes
621 800 784 834 postulante,
798 798 920 834 proferre
936 798 985 834 ipsi

209 845 367 880 nequivere:
384 853 457 877 nam,
471 845 493 872 si
509 845 675 878 habuissent,
692 852 744 872 non
762 845 797 871 ita
812 844 924 878 turpiter
939 851 987 871 au-

210 891 349 927 fugissent.
368 889 435 923 Quis
450 895 475 917 te
487 890 601 924 induxit,
618 895 647 917 ut
657 895 717 925 post
731 895 833 917 tantum
849 889 986 924 temporis,

208 936 356 964 litterarum
369 936 445 971 juxta
456 943 488 962 ac
504 937 644 964 verborum
661 940 764 963 tuorum
779 934 986 963 obiiviscerere?
1001 932 1021 959 Β

209 981 311 1010 Cohibe
325 986 362 1015 te,
374 989 475 1016 quaeso,
488 986 514 1009 et
530 989 562 1009 ne
578 981 707 1015 improbis
717 980 869 1008 hominibus
882 987 983 1007 morem

210 1034 297 1061 geras,
312 1031 340 1054 ut
352 1034 388 1054 ne
400 1027 481 1054 mutui
493 1026 624 1053 commodi
635 1033 715 1054 causa
731 1030 756 1053 te
770 1026 826 1060 ipse
838 1033 911 1052 reum
924 1032 985 1052 con-

210 1073 316 1100 stituas.
335 1072 411 1106 Quod
426 1073 498 1100 enim
509 1072 565 1106 jam
579 1072 632 1100 illis
647 1072 778 1107 indulges,
793 1071 827 1098 de
841 1072 892 1098 hoc
904 1071 930 1098 in
943 1071 986 1098 die

207 1117 301 1151 jndicii
318 1119 391 1146 solus
409 1118 539 1145 rationem
560 1125 589 1145 es
609 1117 773 1145 redditurus.
795 1117 985 1144 Adversarium

210 1163 248 1190 illi
262 1171 340 1191 suum
353 1163 481 1199 auspiciis
497 1163 549 1191 tuis
563 1163 660 1190 laedere
681 1167 785 1198 optant,
803 1167 881 1198 teque
896 1162 986 1190 volunt

210 1216 270 1236 esse
285 1209 394 1236 malitia:
416 1217 471 1240 suae
486 1210 653 1242 ministrum,
669 1214 698 1236 ut
715 1214 758 1236 tua
781 1217 831 1244 ope
841 1215 986 1236 exsecran-

210 1255 272 1280 dam
295 1254 418 1281 haeresim
444 1255 469 1281 in
495 1254 614 1282 Ecclesia
642 1255 829 1281 disseminent.
857 1252 914 1280 Non
945 1257 987 1280 est

211 1300 360 1333 prudentis,
373 1300 408 1328 ob
425 1299 538 1327 aliorum
553 1300 693 1326 libidinem
705 1299 801 1327 sesein
815 1298 986 1326 manifestum

211 1346 347 1379 conjicere
375 1345 535 1380 periculum.
555 1345 660 1378 Desine,
687 1353 778 1380 quaeso
804 1350 839 1376 te,
865 1350 892 1372 et
920 1344 985 1371 mihi

212 1392 378 1426 obtempera,
391 1390 544 1418 Constanti.
564 1391 626 1419 limo
642 1391 714 1419 enim
733 1396 759 1418 et
773 1399 815 1418 me
827 1391 902 1419 decet
919 1391 987 1418 scri-

212 1445 285 1470 ncre,
302 1442 330 1464 et
347 1442 372 1464 te
386 1444 438 1464 non
455 1437 629 1471 vilipendere.

211 1485 241 1513 δι
265 1484 394 1519 φρόνιμον
407 1483 440 1510 δι’
453 1483 540 1511 ἄλλων
564 1483 658 1519 ἡδονὴν
679 1483 772 1511 ἑαυτὸν
794 1483 833 1515 εἰς
854 1482 989 1518 προῦπτον
1005 1481 1032 1508 κῐ

500 200 529 228 S.
550 198 734 227 ATHANASII
753 198 829 226 OPP.
847 197 937 226 PARS
956 198 976 224 1.
995 211 1030 217 -
1049 192 1228 223 HISTORICA
1243 191 1286 218 ET
1307 187 1513 217 DOGMATICA.

1751 182 1803 210 748

1027 251 1076 286 τῆς
1085 251 1135 285 γῆς
1152 250 1265 282 ἔξεστιν,
1278 247 1338 274 οὗτε
1356 246 1387 273 σὺ
1404 245 1450 271 τοῦ
1465 243 1564 278 θυμιᾷν
1580 240 1702 274 ἐξουσίαν
1722 239 1803 274 ἔχεις,

1029 296 1147 332 βασιλεῦ.
1165 295 1255 322 Ταῦτα
1271 293 1319 329 μὲν
1331 291 1378 318 οὖν
1397 290 1452 326 (67)
1470 289 1615 324 κηδόμενος
1626 287 1674 322 τῆς
1688 286 1738 320 σῆς
1753 293 1806 332 σωτ

1028 329 1124 377 τηρίας
1138 341 1235 376 γράντςω
1245 348 1252 355 τ
1276 338 1340 374 περὶ
1352 337 1380 364 δὲ
1396 333 1433 363 ὧν
1448 334 1614 365 ἐπέστειλας,
1631 332 1732 377 ταύτης
1748 329 1807 365 εἰμὶ

1092 375 1215 420 γνώμης·
1241 383 1310 417 Ἐγὼ
1329 382 1389 409 οὒτε
1404 381 1550 416 ’Δρειανοίς
1564 375 1806 411 συγκατατίθεμαι,

1029 432 1096 459 ἀλλά
1116 431 1161 457 καὶ
1175 430 1223 465 τὴν
1233 429 1336 464 αἵρεσιν
1347 427 1435 454 αὐτῶν
1443 422 1629 458 ἀναθεματίίω
1639 431 1646 437 ·
1661 422 1720 449 οὔτε
1738 421 1807 447 κατά

1036 475 1193 503 Ἀθανασίου
1204 475 1312 511 γράφω,
1331 473 1359 499 ὃν
1372 473 1450 508 ἡμεῖς
1461 479 1489 497 τε
1504 470 1549 497 καὶ
1565 471 1582 504 ἡ
1595 467 1737 503 Ῥωμαίων
1750 467 1808 492 Ἐκ-

1031 521 1138 553 κλησία,
1165 521 1212 547 stat
1235 520 1309 546 πᾶσα
1336 519 1352 554 ή
1380 517 1485 548 σύνοδος
1508 514 1663 550 ὲκαθάρισε.
1685 512 1738 539 Καὶ
1754 512 1808 546 γὰρ

1031 567 1114 595 ταῦτα
1134 567 1180 594 καὶ
1203 567 1235 593 σὺ
1260 564 1378 600 συνορῶν
1401 562 1565 599 μετεπέμψω
1587 561 1633 588 τὸν
1655 560 1806 595 ἄνθρωπον,

1032 614 1079 640 καὶ
1094 612 1283 648 συνεχώρησας
1296 609 1368 644 αὺτῴ
1383 608 1449 644 μετὰ
1462 608 1543 643 τιμῆς
1564 608 1603 638 εἰς
1625 606 1675 642 τὴν
1692 604 1809 640 πατρίδα

1033 660 1079 686 καὶ
1089 659 1136 694 τὴν
1149 656 1310 691 Ἐκκλησίαν
1320 654 1476 682 ἐπανελθεῖν
1484 653 1549 688 (68).
1557 653 1604 684 Τίς
1615 652 1701 678 τοίνυν
1712 651 1808 684 γέγονε

1033 704 1168 739 πρόφασις
1183 703 1232 738 τῆς
1242 701 1374 736 τοσαύτης
1401 698 1570 735 μεταῦολῆς;
1599 698 1630 724 Οἱ
1658 696 1734 723 αὑτοὶ
1755 695 1810 730 γὰρ

1034 748 1124 783 ἐχθροὶ
1142 748 1166 773 οἱ
1183 746 1371 782 καὶπρότερον
1386 744 1461 775 ὅντες
1481 743 1528 769 καὶ
1547 741 1594 768 νῦν
1616 742 1683 768 εἰσιν
1708 739 1788 767 αὐτοῦ
1799 748 1807 755 ·

1035 795 1080 820 καὶ
1097 794 1114 820 ἃ
1129 793 1176 820 νῦν
1199 791 1382 828 ψιθυρίζουσιν
1405 790 1451 825 (οὺ
1486 789 1541 824 γὰρ
1570 788 1700 823 παρόντος
1728 785 1810 813 αὑτοῦ

1036 838 1234 873 φθέγγονται),
1250 837 1345 868 ταῦτα,
1364 835 1410 862 καὶ
1428 835 1492 870 πρὶν
1514 833 1678 869 μεταπέμψῃ
1701 832 1812 868 (69)·ςὸν

1043 883 1207 915 ’Δθανάσιον,
1223 881 1399 909 διατελίίιλουν⁸
1411 880 1495 907 ταῦτα
1507 879 1552 906 καὶ
1568 878 1686 909 ἐλθόντες
1701 879 1740 909 εἰς
1762 877 1811 912 τὴν

1036 929 1142 956 σύνοδον
1162 927 1347 963 διεθρύλλουν·
1370 926 1416 953 καὶ
1435 925 1625 960 ἀπαιτούμενοι
1645 925 1708 959 παρ’
1732 923 1811 958 ἐμοῦ,

1037 974 1107 1002 καθὰ
1120 976 1258 1009 προεῖπον,
1284 973 1333 1004 τὰς
1352 971 1500 1004 ἀποδείξεις
1527 971 1575 999 οὐκ
1600 970 1711 1005 ἴσχυσαν
1728 977 1813 1003 παρα-

1035 1021 1107 1056 σχεῖν
1118 1029 1124 1035 ·
1141 1021 1164 1046 εἰ
1183 1019 1236 1054 γάρ
1253 1017 1334 1054 εἶχον,
1347 1020 1396 1046 οὐκ
1419 1019 1450 1046 ἂν
1464 1019 1563 1052 ἔφυγον
1581 1016 1666 1048 οὕτως
1683 1015 1810 1050 αἰσχρῶς.

1035 1066 1082 1097 Τίς
1097 1063 1143 1092 οὖν
1160 1065 1250 1104 ἕπει.σὲ
1261 1073 1290 1091 σε
1306 1064 1374 1100 μετὰ
1391 1063 1515 1090 τοσοῦτον
1531 1062 1623 1098 χρόνον
1640 1060 1814 1088 ἐπιλαθέσθαι

1035 1111 1088 1138 τῶν
1113 1110 1210 1137 σαυτοῦ
1233 1110 1402 1146 γραμμάτων
1429 1109 1474 1136 καὶ
1502 1108 1647 1144 ῥημάτωνς
1676 1106 1812 1140 Ἐπίσχες,

1036 1161 1083 1187 καὶ
1101 1159 1138 1195 μὴ
1151 1159 1242 1186 πείθου
1256 1159 1348 1189 κακοῖς
1362 1156 1522 1192 ἀνθρώποις,
1538 1156 1581 1182 ἴνα
1599 1156 1635 1190 μὴ
1652 1155 1695 1181 διὰ
1706 1154 1735 1180 τὸ
1747 1152 1814 1187 πρὸς

1037 1205 1165 1240 ἀλλήλους
1189 1203 1308 1239 καθῆκον
1327 1203 1422 1229 σαυτὸν
1446 1200 1594 1228 ὑπεύθυνον
1609 1200 1734 1234 ποιήσῃς.
1749 1195 1814 1234 ’Ὧδε

1037 1251 1090 1286 γὰρ
1103 1250 1206 1282 τούτοις
1216 1248 1406 1284 καθηκετεύεις
1423 1247 1488 1282 (70),
1503 1247 1530 1273 ὲν
1543 1246 1571 1272 δὲ
1586 1247 1618 1280 τῇ
1635 1245 1722 1279 κρίσει
1736 1244 1815 1278 μόνος

1039 1297 1143 1332 μέλλεις
1167 1294 1365 1329 ἀπολογεῖσθαι.
1384 1290 1463 1320 Οὗτοι
1479 1293 1523 1319 τὸν
1534 1292 1596 1318 ἴδιον
1604 1290 1698 1326 ἐχθρὸν
1710 1288 1752 1316 διὰ
1767 1288 1813 1315 σοῦ

1038 1343 1156 1370 θέλουσιν
1168 1342 1278 1375 ἀδικεῖν,
1297 1341 1342 1367 καὶ
1359 1339 1495 1375 βούλονταί
1510 1347 1538 1364 σε
1557 1338 1677 1364 διάκονον
1692 1336 1741 1370 τῆς
1754 1336 1816 1361 ἑαυ-

1038 1389 1089 1415 τῶν
1103 1387 1232 1423 πονηρίας
1243 1386 1377 1421 γενέσθαι,
1395 1386 1437 1412 ἵνα
1448 1385 1492 1411 διὰ
1507 1383 1554 1410 σοῦ
1569 1384 1615 1410 καὶ
1628 1383 1677 1418 τὴν
1692 1380 1816 1418 μυσαρὰν

1037 1435 1141 1470 αἵρεσιν
1158 1435 1197 1465 είς
1216 1433 1264 1468 τὴν
1288 1432 1448 1468 Ἐκκλησίαν
1466 1430 1668 1465 ὲπισπείρωσιν.
1689 1429 1744 1455 Οὐκ
1757 1428 1816 1453 ἔστι

1035 1481 1125 1508 νδυνον
1146 1480 1297 1515 ἐμϐάλλειν.
1321 1478 1437 1510 Παῦσαι,
1456 1476 1614 1513 παρακαλῶ,
1626 1476 1672 1502 καὶ
1689 1474 1815 1509 πείσθητί

214 1539 268 1566 μοι,
280 1530 461 1559 Κωνστάντιε.
476 1529 567 1556 Ταῦτα
577 1529 630 1565 γὰρ
638 1529 736 1564 πρέπει
744 1530 789 1556 καὶ
801 1529 850 1564 ἐμὲ
863 1527 1036 1563 γράφειν,κα“ι
1052 1527 1081 1552 σὲ.
1095 1525 1194 1552 τούτων
1208 1525 1245 1561 μὴ
1255 1525 1442 1559 καταφρονεῖν.

246 1578 291 1606 85.
312 1577 375 1606 Haec
391 1578 434 1606 illa
457 1578 508 1605 fuit
528 1578 699 1605 Abrahamici
721 1577 793 1604 senis
818 1584 880 1604 vere
901 1576 985 1607 Hosii.
999 1577 1020 1605 C

212 1624 238 1652 id
253 1628 303 1656 est,
319 1624 416 1655 sancti,
432 1624 565 1652 sententia
579 1633 586 1651 :
601 1624 642 1651 has
657 1623 728 1651 illius
744 1623 848 1650 litteras.
867 1622 913 1650 ille
927 1629 990 1649 vero

213 1675 263 1695 nec
287 1668 444 1695 insidiarum
462 1668 541 1695 tinem
560 1668 633 1699 fecit,
652 1675 738 1702 neque
751 1668 833 1695 desiit
848 1667 988 1699 obtentum

215 1714 344 1741 adversus
366 1714 440 1741 illum
462 1714 634 1749 perquirere;
664 1714 712 1741 sed
731 1713 847 1748 perstitit
873 1712 991 1748 graviter

213 1758 423 1792 interminando,
435 1764 466 1786 ut
475 1767 535 1787 eum
548 1764 593 1786 aut
607 1759 633 1786 vi
647 1767 662 1786 a
679 1758 812 1786 sententia
830 1758 984 1788 deduceret,

213 1809 260 1832 aut
271 1811 325 1832 non
335 1804 524 1839 obsequentem
535 1804 645 1840 pelleret
659 1805 684 1831 in
696 1804 830 1831 exsilium.
844 1804 883 1831 Ac
896 1810 990 1838 quem—

214 1849 355 1876 admodum
379 1849 532 1885 Babyloniei
552 1849 634 1878 duces
654 1854 681 1876 et
697 1853 822 1884 satrapae,
838 1856 898 1876 cum
913 1849 990 1876 incu-

213 1894 292 1922 sandi
321 1894 438 1922 Danielis
463 1895 632 1922 occasionem
657 1898 806 1928 captarent.
831 1894 936 1921 nonnisi
963 1894 989 1921 in

214 1941 273 1976 lege
292 1940 339 1967 Dei
354 1940 394 1968 sui
408 1940 481 1967 illam
500 1940 642 1971 invenere;
663 1939 744 1975 294
761 1939 796 1966 ita
810 1943 837 1966 et
854 1946 925 1966 nunc
941 1939 990 1964 im-

215 1986 323 2021 pietatis
339 1991 456 2020 satrapae
473 1986 571 2013 nullam
598 1985 678 2012 aliam
701 1989 846 2021 potuerunt
861 1985 990 2012 adversus

216 2026 361 2058 senem'vel
376 2031 554 2059 comminisci.
574 2030 644 2058 Nulli
656 2031 754 2066 quippe
770 2035 847 2058 notus
862 2037 914 2057 non
931 2034 991 2056 erat

215 2075 260 2104 ille
273 2083 336 2103 vere
351 2075 459 2108 Hosius,
473 2075 499 2102 id
509 2079 561 2108 est,
573 2079 692 2107 sanctus,
704 2075 780 2109 cujus
791 2074 924 2109 inculpata
936 2073 989 2100 vita

216 2127 286 2154 erat,
307 2116 357 2150 nisi
380 2129 413 2148 eo
429 2121 546 2155 nomine,
563 2122 634 2156 quod
647 2121 771 2148 heresim
788 2120 850 2148 odio
869 2120 987 2147 haberet.

215 2167 292 2194 Hunc
310 2167 401 2201 itaque
414 2166 628 2199 calumniantur,
650 2172 702 2192 non
721 2165 833 2200 perinde
847 2170 928 2200 atque
945 2164 990 2192 ille

215 2213 295 2241 Dario
305 2211 409 2240 delatus
426 2211 486 2244 fuit,
502 2211 601 2239 invitus
610 2211 709 2246 quippe
720 2210 814 2238 Darius
825 2210 990 2238 criminatio-

215 2265 276 2286 nem
291 2258 317 2285 in
329 2257 465 2285 Danieiem
478 2256 579 2284 audivit
588 2256 620 2289 “';
635 2256 693 2289 sed,
705 2255 777 2283 sicut
788 2254 991 2283 JezabclNabo-
1008 2256 1028 2283 D

216 2303 292 2329 thum
309 2302 342 2335 “,
359 2308 391 2329 ac
405 2306 434 2329 ut
445 2300 529 2329 Judaei
544 2301 612 2335 apud
629 2301 760 2328 Herodem
775 2300 807 2332 ",
824 2300 867 2328 his
884 2300 991 2328 verbis:

215 2349 273 2377 Non
291 2350 369 2377 modo
381 2356 432 2376 non
446 2348 591 2376 subscribit
607 2347 650 2374 ille
664 2348 792 2375 adversus
804 2346 991 2378 Athanasium,

216 2395 263 2422 sed
280 2402 329 2422 nos
343 2394 425 2422 etiam
445 2393 502 2428 ejus
517 2393 603 2427 gratia
618 2392 728 2419 damnat
742 2400 749 2418 ι
762 2392 853 2426 itaque
869 2391 992 2418 haeresim

217 2444 367 2471 aversatur,
388 2443 419 2466 ut
440 2443 551 2466 caeteros
576 2437 673 2464 litteris
692 2437 824 2469 hortetur,
849 2443 942 2464 necem
965 2440 994 2463 ut

216 2487 306 2521 potius
325 2486 449 2517 subeant,
469 2491 549 2519 quam
566 2483 687 2511 veritatis
703 2483 852 2517 proditores
868 2482 992 2509 evadant.

216 2532 296 2564 Nam,
316 2531 354 2559 ait
368 2530 423 2563 ille,
438 2529 559 2557 veritatis
574 2536 655 2556 causa
671 2528 784 2556 dilectus
804 2532 895 2556 noster
907 2528 993 2555 Atha-

217 2579 310 2606 nasius
325 2576 537 2612 persecutionem
559 2575 686 2605 sustinet,
704 2573 859 2608 insidiaeque
879 2573 994 2600 tendun-t

218 2629 261 2651 tur
286 2622 396 2651 Liberio
419 2622 542 2650 Romano
560 2622 695 2656 episcopo,
713 2619 827 2654 aliisque
849 2618 993 2646 universis.

255 2714 276 2730 "
293 2713 361 2741 Dan.
381 2721 420 2746 Vt,
432 2712 476 2740 M.
497 2712 519 2728 ¹⁸
532 2712 565 2740 ill
578 2711 643 2748 Reg.
659 2719 716 2745 ut,
731 2711 756 2738 7.
776 2711 797 2728 "
813 2710 878 2739 Luc.
895 2717 974 2741 util,
988 2709 1030 2737 i0.

251 2788 306 2823 (67)
322 2789 350 2816 In
371 2789 450 2823 Reg..
466 2787 512 2815 οὖν
528 2788 613 2815 deest.

252 2823 307 2859 (68}
320 2824 400 2859 Reg.,
413 2823 550 2855 ἀπελθεῖν,
564 2823 652 2859 minus
663 2823 751 2859 rpcte.’

251 2858 307 2894 (69)
321 2856 437 2893 lta'iteg.
448 2859 516 2886 Editi
526 2865 599 2894 vero,
609 2856 717 2894 πέμψῃ.
730 2857 787 2885 Mox
798 2856 877 2892 Reg.,
888 2856 992 2893 διεθρύ-

215 2891 289 2926 λουν.
298 2891 337 2922 'de
352 2891 427 2922 more
443 2901 503 2921 cum
516 2893 596 2921 unico
609 2891 634 2919 λ.

1072 1573 1114 1600 45.
1141 1572 1232 1599 Ταῦτα
1250 1572 1298 1607 μὲν
1313 1573 1328 1597 ὁ
1356 1571 1528 1607 Ἀϐραμιαῖος
1550 1570 1647 1606 γέρων,
1673 1570 1687 1596 ὁ
1709 1568 1815 1603 ἀληθῶς

1041 1619 1132 1650 "Octo;
1143 1618 1274 1654 ὲφρόνησέ
1290 1627 1319 1644 τε
1334 1618 1380 1645 καὶ
1399 1617 1531 1652 ἔγραψεν,
1547 1617 1561 1642 ὸ
1574 1616 1601 1642 δὲ
1621 1615 1681 1642 οὒτε
1696 1614 1741 1641 τοῦ
1755 1615 1815 1640 ὲπι-

1039 1663 1174 1690 δουλεύειν
1190 1663 1320 1699 ἀνεχώρει
1345 1664 1411 1698 (71),
1426 1662 1488 1689 οὔτε
1510 1663 1643 1698 πρόφασιν
1664 1662 1722 1688 κατ’
1735 1659 1816 1687 αὑτοῦ

1039 1710 1127 1746 ζητῶν
1141 1710 1292 1737 πέπαυται·
1305 1709 1372 1736 ἀλλὰ
1387 1709 1434 1735 καὶ
1452 1708 1569 1735 ἀπειλῶν
1584 1708 1698 1742 ἐπέμενε
1713 1705 1816 1737 δεινῶς,

1039 1757 1081 1782 ἵνα
1093 1757 1109 1790 ἢ
1127 1755 1283 1791 βιαζόμενος
1300 1755 1451 1791 μεταγάγῃ,
1468 1756 1485 1789 ἦ
1504 1755 1541 1790 μὴ
1559 1753 1716 1788 πειθόμενον
1733 1751 1819 1787 ἐξορί-

1039 1810 1083 1838 σῃ.
1098 1802 1234 1837 Πρᾴφασιν
1249 1802 1297 1836 μὲν
1312 1799 1367 1833 οὖν,
1380 1802 1473 1836 ὥσπερ
1488 1801 1513 1827 οἱ
1526 1800 1648 1827 τακτικοὶ
1661 1799 1707 1826 καὶ
1720 1798 1819 1833 σατρά-

1039 1855 1088 1873 παι
1102 1847 1151 1881 τῆς
1167 1845 1333 1878 Βαϐυλῶνος,
1365 1844 1517 1882 ζητοῦντες,
1534 1844 1583 1879 οὐχ
1601 1844 1726 1879 εὕρισκον
1748 1842 1819 1869 κατὰ

1038 1892 1085 1918 τοῦ
1100 1892 1198 1928 Δανιὴλ
1214 1893 1238 1919 εί
1252 1892 1290 1928 μὴ
1300 1893 1328 1918 ἐν
1343 1891 1435 1926 νόμοις
1446 1890 1512 1917 Θεοῦ
1532 1889 1613 1917 αὑτοῦ
1624 1898 1630 1904 ·
1648 1889 1718 1915 οὕτω
1732 1890 1778 1916 καὶ
1793 1889 1818 1915 oi

1040 1938 1087 1965 νῦν
1104 1938 1241 1974 σατράπαι
1253 1938 1302 1973 τῆς
1315 1937 1441 1968 ἀσεϐείας
1451 1936 1511 1964 οὐδὲ
1523 1935 1673 1963 πλάσασθαι
1686 1935 1756 1962 κατὰ
1772 1934 1820 1961 τοῦ

1040 1984 1166 2020 γέροντος
1179 1983 1261 2019 ἀλλην
1273 1983 1454 2018 ἠδυνήθησαν.
1474 1982 1544 2009 [ἰᾶσι
1559 1982 1614 2017 γὰρ
1629 1979 1764 2016 γνώριμος
1785 1978 1820 2016 ἦν

1040 2031 1054 2056 ὁ
1067 2029 1173 2065 ἀληθῶς
1186 2030 1288 2062 ὐσιος,
1301 2029 1348 2056 καὶ
1368 2030 1382 2055 ὀ
1396 2028 1489 2055 τούτου
1507 2027 1562 2062 βίος
1582 2026 1770 2062 ἀνεπίληπτος,
1795 2027 1820 2053 εἰ

1041 2076 1078 2110 μὴ
1093 2075 1123 2102 τὸ
1134 2074 1204 2101 κατὰ
1216 2075 1264 2110 τῆς
1284 2074 1415 2110 αἱρέσεως
1438 2075 1522 2109 μῖσος.
1540 2072 1713 2100 Διαὸάλλουσι
1731 2072 1821 2098 τοίνυν

1040 2121 1086 2147 καὶ
1107 2119 1197 2151 αὑτὸν,
1212 2120 1302 2146 οὐκέτι
1327 2119 1365 2151 ὡς
1379 2121 1480 2146 ἐκεῖνον
1505 2118 1607 2154 Δαρείῳ
1634 2118 1742 2153 (ἀηδῶς
1765 2117 1820 2152 γάρ

1039 2166 1154 2201 ἠκουσεν
1167 2166 1181 2192 ὀ
1194 2167 1304 2201 Δαρεῖος
1314 2165 1383 2192 κατά
1404 2165 1450 2192 τοῦ
1464 2165 1583 2200 Δανιὴλ),
1609 2165 1665 2191 ἀλλ’
1680 2164 1716 2196 ὠς
1739 2163 1822 2196 Ἰεζά-

1040 2211 1088 2238 ϐελ
1101 2212 1171 2238 κατά
1187 2211 1233 2238 τοῦ
1258 2211 1405 2244 Ναϐουθαὶ,
1420 2211 1466 2238 καὶ
1481 2211 1518 2242 ὡς
1541 2212 1565 2238 οἱ
1585 2210 1701 2237 Ἰουδαῖοι
1717 2209 1756 2244 τῷ
1775 2210 1822 2236 Ἦ-

1043 2257 1124 2293 ρώδῃ,
1138 2257 1261 2291 λέγοντες
1274 2266 1280 2272 ·
1294 2257 1330 2284 Οὐ
1347 2257 1426 2292 μόνον
1433 2257 1482 2291 οὐχ
1497 2256 1647 2291 ὑπογράφει
1662 2256 1731 2282 κατά
1747 2255 1823 2281 Ἀθα-

1041 2303 1143 2335 νασίου,
1160 2303 1227 2330 ἀλλὰ
1237 2304 1285 2330 καὶ
1298 2304 1371 2339 ἡμᾶς
1383 2303 1416 2329 δι’
1429 2303 1508 2329 αὑτὸν
1522 2302 1692 2337 κατακρίνει·
1713 2302 1759 2328 καὶ
1772 2301 1823 2336 τὴν

1042 2349 1145 2383 αἵρεσιν
1160 2348 1230 2375 οὕτω
1255 2350 1338 2384 μισεῖ,
1352 2348 1389 2380 ὡς
1405 2349 1451 2375 καὶ
1471 2348 1559 2380 ἄλλοις
1575 2348 1688 2383 γράφειν
1709 2346 1823 2374 θάνατον

1044 2394 1141 2430 μᾶλλον
1152 2395 1306 2430 ὑπομένειν,
1322 2395 1338 2430 ἢ
1353 2395 1482 2430 προδότας
1489 2393 1609 2428 γίνεσθαι
1623 2393 1672 2428 τῆς
1682 2392 1821 2427 ἀληθείας.

1043 2441 1081 2466 Δι’
1098 2440 1181 2476 αὐτὴν
1196 2441 1250 2476 γὰρ
1261 2441 1308 2467 καὶ
1323 2442 1336 2467 ὁ
1349 2440 1488 2475 ἀγαπητὸς
1502 2441 1518 2475 ή
1523 2439 1580 2475 μῶν
1596 2438 1752 2469 Ἀθανάσιος
1759 2437 1823 2464 διώ-

1043 2495 1131 2518 κεται,
1152 2487 1198 2513 καὶ
1217 2486 1342 2522 Λισέριος
1359 2487 1372 2513 ὁ
1395 2486 1535 2521 Ῥωμαίων
1555 2485 1713 2515 ἐπίσκοπος,
1731 2483 1778 2510 καὶ
1793 2483 1820 2510 οἱ

1042 2532 1114 2559 ἄλλοι
1126 2533 1225 2564 πάντες
1241 2532 1466 2559 ὲπιΰουλεὺονται.
1493 2531 1584 2558 Ταῦτα
1598 2530 1716 2561 ἀκούσας
1739 2531 1754 2556 ὁ
1769 2529 1820 2564 τῆς

1043 2578 1167 2610 ἀσεϐείας
1195 2579 1356 2614 προστάτης,
1381 2578 1427 2605 καὶ
1453 2578 1501 2613 τῆς
1533 2577 1663 2612 αἱρέσεως
1693 2575 1820 2610 βασιλεὺς

1043 2624 1238 2657 Κωνστάντιος,
1262 2624 1308 2653 καὶ
1329 2624 1369 2650 ὅτι
1392 2623 1507 2659 μάλιστα
1521 2622 1568 2649 καὶ
1577 2621 1666 2657 ἕτεροί
1680 2622 1733 2648 εἱσι
1751 2621 1819 2647 κατὰ

1082 2785 1139 2820 (70)
1156 2785 1200 2820 Sic
1225 2785 1301 2820 editi.
1325 2782 1619 2820 Beg.._xa0txsrst’as_tg.
1649 2782 1722 2820 Alias
1750 2781 1820 2820 idem

1048 2816 1310 2880 Βθᾲὸίκαθηκεύειν.
1323 2819 1350 2846 in
1363 2816 1441 2847 editis
1458 2826 1521 2845 vero
1541 2817 1726 2846 καθικετεύειν
1743 2816 1822 2851 vulgo

1046 2863 1099 2884 SCI'I
1122 2860 1182 2881 llllI'.

1083 2888 1183 2925 ("liilla
1198 2889 1263 2924 Reg.
1280 2889 1360 2921 Editi,
1377 2888 1517 2922 ἐνεχείρει.
