2007 3044
189 153 240 182 ’149

679 156 1068 186 iilSTORiA'ABlANORUM
1085 158 1129 186 AD
1148 157 1344 186 MONACHOS.

1748 156 1800 184 750

188 213 237 244 τὰς
245 213 425 247 Σπανίαςᾘῖ)
433 213 518 240 ταυτα
526 214 565 250 τῷ
577 214 657 250 Ὀσίῳ
665 216 834 251 φρονοῦντες,
843 218 973 253 πειράσας

1029 217 1086 245 Haec
1101 226 1162 245 cum
1182 217 1303 245 audisset
1316 216 1461 252 impietatis
1488 221 1616 252 patronus
1635 217 1802 250 lueresisqne

188 259 330 290 κάκείνους
345 259 511 295 ὑπογράψαι,
542 261 640 297 καὶμὴ
664 261 786 298 δυνηθεὶς
807 263 969 297 ἀναγκάσαι,

189 305 397 340 μεταπέμπεται
411 305 456 332 τὸν
472 306 563 332 Ὀσιον
573 315 579 322 ”
600 307 648 334 καὶ
667 308 726 334 ἀντὶ
737 308 881 344 έξορισμοῦ
905 317 971 336 κατ-

187 351 244 385 έχει
256 351 348 378 τοῦτον
357 351 416 378 ὅλον
427 352 548 379 ἐνιαυτὸν
563 354 591 379 ὲν
607 353 646 388 τῷ
663 354 765 390 Σιρμίῳ
775 355 910 390 (75),οῠτε
925 355 972 382 τὸν

187 395 254 422 Θεὸν
267 396 394 431 φοὸηθεὶς
410 398 424 424 ὁ
437 397 525 429 ἄθεος,
535 398 597 424 οὕτε
605 398 652 425 τοῦ
665 399 767 435 πατρὸς
779 399 828 435 τὴν
841 399 969 431 διάθεσιν,

188 440 221 474 ἢν
238 439 293 476 εἶχε
309 442 375 477 πρὸς
390 443 434 469 τὸν
448 444 548 474 Ὀσιον,
563 443 695 476 αἰδεσθεὶς
709 445 723 470 ὁ
737 444 852 476 ἀνόσιος,
867 444 928 471 οὗτε
942 445 973 471 τὸ

188 487 278 523 γῆρας
302 488 516 524 (έκατονταέτης
530 490 584 525 γὰρ
600 489 692 516 λοιπὸν
707 488 760 525 ἦν)
786 490 940 526 αίσχυνθεὶς
959 491 973 517 ὁ

188 533 330 569 ἄστοργος.
346 534 437 562 Πάντα
448 535 501 571 γὰρ
515 534 600 562 ταῦτα
613 536 722 571 παρεῖδε
731 536 774 562 διὰ
787 536 836 571 τὴν
846 536 972 562 ἁσέσειαν

188 581 204 607 ὸ
219 579 278 611 νέος
293 580 403 615 ¹Αχαὰ6,
427 581 475 607 καὶ
497 581 574 613 ἄλλος
590 581 732 618 Βαλθασάρ
752 583 794 616 ἐφ’
807 582 885 618 ήμῶν
897 582 973 616 γενό-

191 633 280 660 μενος.
299 625 437 661 Τοσαύτην
447 625 501 662 γὰρ
518 626 577 661 βίαν
591 627 721 662 πεποίηκε
737 627 776 662 τῷ
797 627 914 662 γέροντι,
927 628 973 654 καὶ

190 668 315 696 τοσοῦτον
331 670 411 697 αὐτὸν
425 670 561 706 συνέσχεν,
586 671 623 702 ὡς
645 671 769 698 θλιὸέντα
782 671 875 705 αὑτὸν,
896 672 972 707 μόγις

190 715 352 750 κοινωνῆσαι
372 716 421 751 μὲν
436 717 491 747 τοῖς
506 716 570 752 περὶ
586 716 722 744 Οὐάλεντα
744 717 791 744 καὶ
810 718 972 752 υὺρσάκιον,

193 761 230 796 μὴ
241 761 397 796 ὑπογράψαι
412 761 440 788 δὲ
457 761 526 788 κατὰ
547 762 714 789 Ἀθανασίου.
738 762 817 789 Ἀλλὰ
831 763 877 789 καὶ
888 763 973 796 οὕτως

189 806 240 833 οὐκ
266 807 401 842 ἠμέλησεν
421 808 436 833 ὁ
456 807 560 843 γέρων”
587 808 690 842 μέλλων
709 807 764 843 γὰρ
783 808 972 843 ἀποθνήσκειν,

190 852 285 888 ὥσπερ
307 852 490 888 διατιθέμενος
513 853 684 889 ἐμαρτύρατο
703 853 751 888 τὴν
776 853 846 888 βίαν,
868 854 914 880 καὶ
926 854 975 890 τὴν

198 897 338 934 Ἀρειανὴν
363 899 468 934 αἵρεσιν
501 898 690 934 ἀνεθεμάτιζε,
725 899 772 926 καὶ
801 899 973 935 παρήγγελλε

192 943 295 979 μηδένα
305 943 408 980 ταύτην
420 944 607 979 ἀποδέχεσθαι.

1023 263 1168 298 imperator
1188 263 1374 295 Constantius,
1398 262 1568 297 maximeque
1580 270 1640 290 cum
1652 263 1803 296 comperis-

1022 314 1062 336 set
1079 309 1146 336 alios
1157 315 1218 336 esse
1231 309 1258 336 in
1271 308 1410 343 Hispaniis
1421 307 1466 342 qui
1479 307 1598 343 ejusdem
1611 312 1691 342 atque
1704 307 1802 335 Hosius

1023 355 1163 382 sententiae
1188 358 1292 387 essent,
1317 358 1434 382 tentatos
1457 354 1516 381 illos
1537 358 1566 381 ut
1587 353 1801 386 subscriberent,

1023 407 1083 426 cum
1095 406 1148 427 non
1162 399 1293 428 valuisset
1303 406 1336 427 eo
1346 399 1372 426 vi
1388 399 1532 429 adducere.
1545 399 1658 426 arcessit
1670 399 1780 426 Hosium
1793 407 1800 425 :

1023 453 1113 481 quem,
1127 446 1217 473 exsilii
1232 446 1302 479 vice,
1319 452 1390 473 anno
1404 445 1507 480 integro
1522 445 1612 473 Sirmii
1627 445 1738 479 detinet,
1753 453 1802 474 nec

1024 492 1108 519 Deum
1119 496 1242 519 metuens
1255 491 1354 526 impius
1365 491 1456 523 homo,
1472 497 1558 525 neque
1569 491 1654 525 patris
1668 498 1731 526 erga
1750 491 1802 517 llo-

1023 537 1093 564 sium
1113 536 1236 564 allectum
1251 536 1404 567 ‘reveritus,
1428 535 1566 570 improbus
1587 535 1641 568 ille,
1658 543 1744 571 neque
1758 543 1802 563 se-

1024 586 1160 609 nectutem
1174 581 1362 617 (centenarius
1375 581 1474 616 quippe
1496 580 1568 615 erat)
1591 585 1744 613 veneratus,
1761 581 1802 608 vir

1024 629 1199 655 inhumanus.
1214 627 1276 655 llaec
1287 634 1403 661 namque
1415 626 1518 659 omnia,
1543 626 1677 654 haereseos
1702 627 1801 660 gratia,

1025 674 1090 702 nihil
1114 674 1177 702 fecit
1203 682 1290 703 novus
1311 674 1354 702 ille
1377 674 1482 706 Achab.
1501 673 1624 708 aliusque
1646 673 1731 701 nostri
1755 674 1804 701 aevi

1024 720 1180 748 Balthasar.
1198 720 1313 748 Tantam
1333 720 1406 748 enim
1433 720 1489 748 seni
1512 719 1565 747 vim
1583 719 1686 752 intulit,
1700 719 1806 747 tandiu-

1025 773 1078 801 que
1094 766 1171 793 illum
1188 766 1315 799 detinuit,
1326 771 1357 794 ut
1375 766 1453 794 malis
1474 773 1619 802 oppressus
1634 766 1676 794 vix
1696 767 1805 794 tandem

1026 819 1087 839 cum
1104 811 1218 840 Valente
1231 817 1259 840 et
1274 811 1386 839 Ursacio
1399 812 1612 840 communicaret
1630 811 1717 848 (Auno
1731 811 1806 846 557),

1029 865 1118 894 neque
1133 862 1222 886 tamen
1244 858 1429 886 subscriberet
1447 863 1540 886 contra
1554 859 1742 886 Athanasium.
1754 857 1807 886 Sed

1026 909 1085 929 eam
1098 910 1154 930 rem
1174 903 1285 930 minime
1301 903 1422 938 neglexit
1437 911 1520 931 senex
1542 914 1547 931 :
1573 903 1691 931 instante
1705 903 1806 938 quippe

991 940 1011 967 Β
1026 951 1123 979 morte,
1138 947 1192 974 vim
1212 947 1262 974 sibi
1279 947 1379 975 illatam
1392 948 1469 983 quasi
1480 953 1640 976 testamento
1651 948 1807 982 declaravit,

191 992 372 1026 Arinnamque
395 993 517 1019 haeresim
545 992 617 1020 ieriit
629 993 817 1026 anathemate,
833 993 969 1028 vetuitque
982 994 1086 1029 nequis
1105 994 1176 1021 illam
1188 994 1329 1030 reciperet.

228 1047 272 1076 46,
290 1048 338 1080 Τίς
351 1048 436 1076 ταῦτα
461 1048 575 1084 βλέπων,
596 1050 613 1084 ἢ
636 1051 682 1077 καὶ
706 1050 785 1086 μόνον
799 1050 914 1084 ἀκούων,
927 1051 977 1078 οὐκ

191 1093 329 1126 ἁξίσταται
355 1095 402 1122 καὶ
429 1095 519 1127 αὐτὸς,
539 1097 587 1122 καὶ
602 1096 766 1132 καταϐοήσει
783 1097 851 1132 πρὸς
864 1096 976 1133 Κύριον,

192 1139 279 1174 λέγων
286 1140 341 1177 (74)
350 1149 356 1155 ·
376 1140 423 1175 Μὴ
439 1138 495 1175 ἄρα
508 1142 551 1174 εἰς
561 1141 717 1176 ὲξάλειψιν
725 1142 765 1169 σὺ
780 1142 912 1177 ποιήσῃς
924 1143 978 1169 τὸν

200 1185 337 1220 Ἰσραήλ;
354 1186 410 1218 Τίς,
435 1187 520 1213 ταῦτα
537 1187 684 1220 κατανοῶν,
703 1189 752 1215 οὐκ
774 1189 908 1225 εὐκαίρως
931 1189 977 1216 καὶ

195 1231 275 1263 αὗτὺς
297 1231 471 1268 καταϐοήσει,
496 1232 599 1267 λέγων·
618 1235 779 1267 Ἔκστασις
802 1234 850 1261 καὶ
873 1234 978 1268 φρικτὰ

193 1276 321 1311 ἐγενήθη
338 1277 386 1304 ἐπὶ
406 1277 461 1311 τῆς
475 1277 539 1312 γῆς,
554 1279 612 1312 καὶ,
634 1278 756 1313 Ἑξέστη
767 1281 783 1306 ὁ
795 1279 977 1313 οὺρανὸςέπὶ

194 1323 297 1354 τούτῳ,
307 1323 355 1349 καὶ
368 1323 386 1356 ἡ
396 1322 433 1357 γῆ
445 1323 494 1350 ἐπὶ
505 1324 609 1351 πλεῖον
619 1324 721 1358 ἔφριξε
731 1324 865 1359 σφόδρα;
881 1326 912 1352 Ui
923 1325 978 1360 (75)

194 1368 313 1403 πατέρες
324 1367 378 1395 τῶν
401 1368 483 1400 λαῶν,
500 1369 546 1395 καὶ
563 1369 717 1396 διδάσκαλοι
730 1369 780 1404 τῆς
799 1370 916 1401 πίστεως
938 1370 979 1397 αῖ-

197 1421 298 1449 ρονται,
324 1413 370 1440 καὶ
391 1414 415 1441 oi.
430 1413 537 1446 ἀσεϐεῖς
553 1415 592 1446 εἰς
616 1414 665 1446 τὰς
680 1414 841 1450 Ἐκκλησίας
855 1415 978 1449 εἰσάγον-

194 1466 250 1485 ται.
269 1459 326 1490 Τις,
345 1459 388 1485 ὅτε
404 1459 529 1494 Διϐέριος
539 1460 687 1492 ἐπίσκοπος
704 1460 812 1496 Ῥώμης
833 1461 977 1496 ἐξωρίσθη.

195 1504 241 1531 καὶ
263 1505 278 1530 ὁ
296 1504 387 1540 πατὴρ
408 1504 461 1531 τῶν
484 1505 640 1532 ἐπισκόπων
652 1506 666 1532 ὁ
681 1505 766 1540 μέγας
778 1506 881 1538 ’Ὀσιος,
909 1505 979 1532 οὕτω

195 1550 344 1586 πάσχοντα,
354 1551 371 1586 ἢ
384 1551 425 1583 τίς
438 1551 508 1586 ὀρῶν
520 1551 663 1583 τοσούτους
680 1551 844 1584 ἐπισκόπους
865 1552 918 1578 ἀπὸ
931 1552 980 1587 τῆς

195 1596 314 1628 Σπανίας
336 1596 382 1623 καὶ
398 1596 451 1623 τῶν
476 1597 563 1624 ἄλλων
582 1597 672 1633 μερῶν
692 1597 904 1633 ἑξοριζομένους,
931 1598 980 1624 οὑκ

196 1641 374 1675 ὲπέγνω,κᾶν
388 1642 480 1678 ὀλίγην
502 1642 627 1678 αἴσθησιν
644 1642 702 1678 ἔχῃ,
719 1643 759 1670 ὃτι
783 1644 828 1670 κα)⁸
853 1643 887 1669 τὰ
910 1643 980 1669 κατὰ

202 1686 359 1714 Ἀθανάσιον
371 1687 418 1714 καὶ
432 1677 495 1719 τοὺς
515 1677 611 1719 ἄλλους
627 1677 775 1724 προφάσεις
794 1689 846 1715 είσὶ
861 1689 976 1724 ψευδεῖς,
992 1677 1012 1705 C

196 1733 243 1759 καὶ
262 1732 350 1759 πάντα
364 1733 544 1768 συκοφαντίας
567 1734 668 1769 μεστά;
693 1733 793 1760 Τούτου
821 1734 875 1770 γὰρ
899 1735 978 1770 χάριν

196 1778 316 1804 κάκεῖνοι
342 1778 430 1804 πάντα
451 1777 546 1804 παθεῖν
565 1778 723 1813 ὑπέμειναν,
746 1779 910 1813 συνορῶντες
930 1779 978 1814 τὴν

196 1824 343 1859 γενομένην
358 1824 389 1850 ὲκ
405 1823 584 1858 συκοφαντίας
601 1824 712 1850 ἐκείνων
726 1824 879 1860 ὲπιὸουλήν.
903 1825 979 1850 Ἐπεὶ

198 1871 272 1897 ποῖον
285 1869 409 1905 ἔγκλημα
424 1870 470 1896 καὶ
484 1869 601 1906 Λιϐερίῳ
614 1878 620 1903 ;
640 1870 656 1905 ἦ
673 1871 737 1897 ποία
750 1870 900 1907 κατηγορία
912 1870 982 1898 κατὰ

197 1916 244 1942 τοῦ
257 1916 383 1952 γέροντος
402 1915 505 1949 Ὀσίου;
521 1915 562 1948 τίς
575 1915 625 1942 κᾶν
638 1915 769 1951 ἐψεύσατο
789 1915 860 1943 κατὰ
884 1915 983 1943 Παυλί-

198 1971 253 1994 νου,
268 1963 316 1990 καὶ
333 1962 512 1998 Λουκιφέρου,
538 1963 585 1990 καὶ
605 1963 752 1995 Διονυσίου,
769 1963 816 1990 καὶ
832 1963 981 1994 Εὑσεϐίου;

198 2008 215 2044 ἢ
239 2010 313 2035 ποῖον
338 2009 491 2045 ἁμάρτημα
512 2009 584 2040 κατὰ
606 2009 660 2036 τῶν
684 2009 770 2036 ἄλλων
791 2008 982 2045 ἐξορισθέντων

199 2055 365 2087 ἐπισκόπων,
393 2057 440 2082 καὶ
466 2056 668 2092 πρεσϐυτέρων,
693 2056 740 2082 καὶ
770 2055 920 2088 διακόνων;
937 2055 987 2082 οὐκ

199 2099 255 2126 ἐστι
270 2100 358 2133 τοῦτο,
377 2100 413 2137 μὴ
430 2102 549 2135 γένοιτοῑ
564 2102 601 2128 Οὑ
619 2101 673 2137 γὰρ
686 2101 720 2127 δι’
730 2101 892 2136 ἐγκλήματα
909 2100 987 2135 γεγό-

199 2153 274 2172 νασιν
288 2146 315 2172 αἱ
332 2148 472 2179 συσκευαὶ,
493 2147 553 2174 οὐδὲ
570 2147 613 2174 διὰ
629 2147 794 2182 κατηγορίαν
815 2147 929 2178 ἕκαστος
944 2146 987 2179 ἐξ·

1063 1041 1109 1069 46.
1130 1041 1197 1075 Quis
1217 1042 1274 1070 haec
1299 1042 1321 1070 si
1340 1043 1440 1075 videat,
1463 1043 1505 1072 vel
1527 1044 1614 1071 solum
1638 1044 1740 1077 audiat,
1754 1051 1808 1071 non

1027 1087 1260 1122 obstupescet,*ad
1273 1088 1470 1124 Dominumque
1497 1089 1625 1117 clamabit
1648 1098 1656 1116 :
1683 1088 1755 1116 Num
1775 1089 1808 1116 ad

1028 1133 1231 1161 internecionem
1256 1134 1333 1162 dabis
1359 1134 1444 1161 Israel
1466 1135 1517 1162 "1'
1544 1135 1608 1169 Quis
1620 1135 1677 1163 haec
1688 1136 1809 1163 animad-

1028 1185 1137 1207 vertens
1159 1187 1212 1208 non
1234 1184 1385 1215 opportune
1408 1181 1440 1208 ad
1455 1180 1596 1208 Dominum
1622 1181 1808 1209 exclamabit:

1030 1224 1127 1258 Stupor
1141 1230 1166 1252 et
1179 1223 1319 1253 horribilia
1339 1226 1409 1260 facta
1426 1232 1485 1253 sunt
1501 1234 1579 1261 "(per
1591 1231 1687 1253 terram
1700 1227 1721 1244 ¹⁹
1735 1235 1742 1260 ;
1758 1231 1786 1254 et
1799 1237 1807 1254 :

1033 1269 1173 1305 Obstupuit
1194 1271 1286 1298 caelum
1301 1279 1379 1306 super
1390 1271 1448 1304 hoc,
1464 1276 1489 1298 et
1505 1276 1574 1298 terra
1587 1272 1747 1299 vehementer
1762 1280 1806 1299 ea:-

1029 1317 1132 1344 horruit
1144 1317 1186 1344 ὀἳ
1203 1316 1297 1345 Patres
1322 1317 1482 1352 populurum
1495 1322 1522 1345 et
1537 1317 1598 1345 ﬁdei
1620 1318 1741 1354 magistri
1759 1318 1810 1345 tol-

1029 1363 1130 1395 luntur,
1145 1363 1274 1398 impiique
1288 1363 1314 1390 in
1326 1363 1461 1391 Ecclesias
1472 1364 1658 1391 intrLduntur.
1668 1364 1809 1398 Quisnam,

1029 1409 1073 1436 ubi
1101 1409 1168 1436 vidit
1194 1408 1329 1436 Liberium
1355 1408 1505 1436 Romanum
1523 1409 1679 1444 episcopum
1696 1410 1721 1436 iu
1738 1409 1810 1436 exsi-

1030 1455 1094 1482 liunt
1108 1455 1180 1490 ejici,
1194 1459 1240 1482 aut
1266 1460 1369 1489 patrem
1393 1455 1580 1489 episcoporum
1612 1462 1738 1490 maguum
1761 1454 1812 1482 Ho-

1030 1501 1100 1528 sium
1123 1501 1205 1528 tantis
1231 1500 1299 1528 allici
1322 1500 1421 1528 malis:
1446 1500 1507 1535 quis
1530 1507 1590 1528 cum
1615 1506 1740 1528 cerneret
1755 1506 1809 1529 tam

1030 1546 1130 1573 multos
1148 1547 1290 1580 episcopos
1317 1553 1349 1573 ex
1378 1546 1504 1581 Hispania
1524 1550 1552 1574 et
1567 1553 1601 1573 ex
1613 1545 1674 1573 aliis
1688 1545 1811 1580 partibus

1030 1597 1151 1620 extorres
1167 1592 1235 1624 ﬂeri,
1251 1600 1304 1620 non
1325 1592 1493 1627 exploratum
1508 1591 1613 1624 habuit,
1629 1592 1734 1620 etiamsi
1752 1600 1810 1619 mo-

1031 1639 1092 1666 dico
1107 1646 1187 1667 sensu
1203 1639 1332 1674 praeditus
1349 1644 1434 1672 esset,
1449 1639 1656 1667 criminationes
1678 1639 1704 1666 in
1731 1638 1812 1666 Atha-

1032 1685 1136 1712 nasium
1157 1685 1184 1712 in
1203 1685 1324 1720 aliosque
1348 1685 1454 1718 allatas,
1484 1684 1613 1712 confictas
1633 1684 1727 1720 fuisse,
1754 1693 1813 1713 om-

1033 1732 1131 1766 niaque
1141 1731 1283 1759 calumnia:
1296 1731 1397 1767 plena?
1411 1731 1474 1760 Ideo
1488 1732 1559 1760 enim
1582 1731 1621 1759 illi
1636 1732 1726 1760 omnia
1742 1731 1812 1759 mala

1032 1776 1192 1812 perferenda
1208 1781 1347 1812 putarunt,
1373 1778 1444 1813 quod
1466 1777 1578 1805 insidias
1598 1786 1631 1805 ex
1655 1784 1748 1805 eorum
1770 1784 1815 1812 sy-

1032 1822 1175 1857 cophantia
1190 1827 1308 1851 structas
1322 1827 1477 1858 compertas
1488 1823 1630 1851 haberent.
1653 1823 1730 1856 Quod
1741 1822 1814 1850 enim

1035 1862 1137 1897 Liberii
1152 1869 1255 1897 crimen
1266 1869 1278 1897 τ
1289 1877 1349 1904 quae
1364 1869 1494 1897 adversus
1510 1875 1612 1904 ‘senem
1634 1867 1744 1896 Hosium
1760 1868 1815 1895 cri-

1035 1914 1168 1943 minatio?
1186 1914 1246 1950 quis
1261 1913 1386 1947 Paulino,
1401 1913 1536 1947 Lucifero,
1548 1914 1675 1949 Dionysio
1687 1919 1714 1941 et
1729 1913 1816 1941 Euse-

1035 1961 1090 1994 bio,
1117 1960 1159 1987 vel
1186 1960 1282 1988 falsum
1312 1960 1400 1988 scelus
1422 1960 1570 1995 imposuit?
1588 1964 1635 1988 aut
1655 1967 1715 1995 quae
1735 1959 1819 1995 culpa.

1036 2006 1151 2034 aliorum
1164 2006 1300 2040 exsulum,
1315 2006 1518 2041 episcopomm,
1544 2005 1775 2041 presbyterorum,
1788 2008 1818 2032 et

1036 2051 1233 2080 diaconorum?
1245 2052 1315 2079 nulla
1329 2059 1395 2079 sane
1418 2051 1480 2085 fuit,
1506 2051 1588 2079 absit.
1605 2051 1662 2078 Non
1677 2051 1748 2078 enim
1761 2051 1815 2078 cri-

1037 2098 1118 2126 minis
1149 2098 1299 2133 cujuspiam
1329 2105 1411 2125 causa
1452 2097 1665 2133 conspirationes
1692 2095 1820 2125 conlisus

1039 2148 1114 2178 sunt,
1127 2151 1214 2179 neque
1232 2144 1267 2172 ob
1281 2143 1375 2172 allatas
1386 2143 1588 2172 criminationes
1613 2143 1709 2178 singuli
1726 2147 1816 2170 extur-

235 2235 256 2250 ¹⁸
271 2235 369 2263 Ezech.
386 2243 423 2269 xi,
445 2235 487 2263 i5.
527 2236 548 2251 "
559 2235 658 2264 .lerem.
673 2243 700 2268 v,
713 2235 756 2263 50.
795 2236 816 2251 ¹⁰
830 2234 929 2264 Jerem.
943 2243 972 2268 ll,
989 2235 1031 2262 12.

235 2324 291 2360 (72)
308 2324 353 2351 Sic
360 2324 424 2358 Reg.
434 2325 526 2359 probe;
542 2324 694 2355 eulitimale,
704 2325 753 2360 τῆς
768 2324 898 2355 Σπανίας.
921 2323 979 2350 Mox

1035 2323 1068 2360 tis
1090 2324 1137 2351 lib.
1152 2320 1403 2360 erHist._qra-c.,

199 2359 225 2387 in
243 2359 319 2393 Βίης..
333 2360 372 2395 τῷ
387 2361 461 2387 dcest
477 2366 539 2388 ante
558 2361 649 2395 Ὁσίῳ.

235 2394 292 2431 (75)
311 2393 531 2431 Βθέίιηέῖερμίῳ.
547 2393 630 2423 Paulo
647 2394 797 2431 posl‘iieg,
814 2393 924 2431 Optime,
937 2393 983 2420 τοῦ

198 2430 302 2465 πατρὸς
321 2431 381 2466 τήν.
402 2428 474 2458 Ειιίἰὶ
500 2428 720 2466 βοτρετιιιηξντοῦ
744 2430 812 2466 πρὸς
827 2428 983 2466 τήνιέοτιυε

199 2463 276 2493 error
295 2473 328 2492 ex
340 2463 729 2493 amanuensiitmabbreviandi
742 2463 862 2497 ratione;
877 2463 894 2490 ii
906 2471 982 2490 Itam-

199 2506 253 2534 qite
270 2499 454 2536 {erepsempen
473 2501 584 2535 πατρὸς,
603 2500 696 2536 πατρὶ,
709 2499 839 2536 πατέρες,
859 2499 895 2536 ita
915 2498 983 2536 scri-

202 2533 277 2572 bunt,
291 2535 370 2572 πρὸς,
385 2533 445 2571 ιπερὶ,
459 2533 537 2572 πρέςᾷ
547 2536 624 2572 Quod
633 2533 920 2572 editoressrepissime
941 2533 981 2572 ie-

203 2569 281 2602 iellit,
294 2568 414 2598 maxime
425 2568 494 2604 apud
510 2571 704 2602 Athanasium,
723 2569 767 2597 ubi
788 2569 890 2596 similes
910 2568 978 2596 inira

202 2612 308 2633 errores
327 2606 426 2640 passim
437 2606 647 2633 animadvertas.
665 2605 721 2632 Non
741 2604 827 2640 solum
849 2604 977 2640 autemin

202 2640 310 2668 ensibus
326 2638 441 2675 obliquis
464 2642 537 2668 vocis
563 2641 653 2676 πατήρ
674 2641 764 2676 lapsus
780 2639 824 2666 ille
846 2638 976 2676 obtinuit;

202 2676 248 2710 sed
269 2675 348 2702 etiam
370 2673 396 2702 in
417 2676 571 2703 nominibus
592 2673 710 2710 propriis
733 2675 766 2701 ah
788 2681 820 2702 ea
838 2673 975 2700 derivatis.

202 2709 252 2746 Sic
264 2710 317 2746 duo
329 2711 450 2746 episcopi
465 2712 563 2745 quibus
571 2709 666 2738 nomen
676 2709 822 2746 Πατρίκιος
836 2713 983 2746 erat,men-

202 2744 269 2772 duae
281 2745 394 2781 Πρίκιος
409 2744 434 2773 in
450 2744 634 2780 superioribus
646 2746 727 2774 editis
737 2744 980 2781 'nuncupabanlur:

203 2784 234 2816 ut
248 2779 491 2816 animadvertimus
504 2782 530 2808 in
549 2781 679 2816 Apologia
693 2786 795 2816 contra
809 2779 932 2816 Arianae,
955 2787 981 2816 ιι.

202 2813 248 2843 50.
264 2815 382 2852 Qaveant
393 2816 486 2852 itaque
498 2816 548 2852 sibi
572 2813 606 2843 ab
620 2813 752 2852 ejusmodi
772 2815 838 2841 vitio
854 2814 899 2848 qui
917 2813 986 2841 scri-

205 2850 327 2884 ptoribus
344 2850 507 2885 quibuslibet
520 2851 621 2879 Graecis
629 2850 739 2879 eilendis
752 2857 861 2885 operam
877 2853 986 2881 navant,

206 2883 315 2926 si_n_ti_lc_s
324 2883 422 2924 quippe
437 2886 501 2924 alibi
517 2894 622 2915 errores
635 2887 762 2914 vidimus.
771 2883 820 2913 ’Sic
830 2883 986 2918 Χειιιψιίυιι-

1425 2328 1451 2355 p.
1468 2320 1530 2351 6i5,
1554 2318 1678 2355 Προκλῆς
1705 2322 1817 2344 vocatur

1039 2359 1108 2386 idem
1122 2360 1167 2393 qui
1184 2356 1354 2392 Πατροκλῆς,
1376 2356 1422 2382 lib.
1439 2363 1476 2387 vr,
1489 2362 1550 2389 pag.
1564 2354 1631 2387 610,
1649 2358 1817 2387 nuncupatus

1037 2393 1135 2421 fuerat.

1071 2420 1135 2462 Quae
1149 2428 1259 2455 Hosium
1277 2433 1340 2453 vero
1353 2428 1476 2460 spectant
1491 2425 1549 2452 fuse
1563 2425 1588 2451 in
1604 2423 1744 2450 Athanasii
1759 2420 1818 2449 Vita

1036 2467 1245 2498 pertractemus.
1386 2496 1391 2498 ν
1498 2495 1516 2498 _
1569 2495 1574 2498 _
1588 2495 1593 2498 _
1614 2495 1629 2498 __
1812 2492 1815 2496 .

1072 2498 1129 2532 (74)
1149 2498 1277 2525 Putamus
1297 2498 1368 2524 hunc
1386 2495 1660 2532 locumpEzechielis
1672 2500 1816 2532 esietqut

1036 2527 1246 2564 longe'diversis
1268 2533 1357 2559 verbis
1377 2531 1537 2565 exprimitur
1559 2529 1628 2563 apud
1650 2527 1721 2565 LXX
1734 2547 1742 2559 ,
1755 2528 1818 2565 licet

1031 2562 1126 2604 eadem
1143 2569 1197 2594 lcre
1209 2568 1353 2604 sententias
1363 2562 1453 2604 Οίμξοι,
1468 2564 1654 2604 οἴμοι,Κύριε;
1670 2562 1818 2604 εἰςισυντέ-

1032 2603 1107 2629 λειαν
1125 2604 1210 2634 ποιεῖς
1228 2603 1260 2628 σὺ
1281 2602 1343 2633 τοὺς
1367 2597 1546 2632 καταλοίτὲους
1567 2597 1613 2626 τοῦ
1634 2597 1818 2634 ’ἰσραήλ.Ιὶ›ἰ-

1030 2639 1090 2666 dem
1105 2637 1160 2672 [leg
1176 2658 1183 2669 ,
1197 2637 1328 2672 ποιήσεις,
1347 2641 1430 2664 recte.
1446 2635 1514 2662 Editi
1529 2643 1602 2672 vero,
1616 2635 1743 2672 ποιήσῃς.

1073 2673 1129 2709 (75)
1145 2669 1189 2700 Sic
1208 2669 1314 2709 trag.“
1330 2672 1409 2709 Basil.
1423 2675 1508 2709 recte,
1526 2675 1553 2697 et
1565 2670 1602 2709 ita
1616 2670 1716 2709 legerat
1731 2669 1817 2708 inter-

1036 2704 1097 2743 pres
1113 2704 1200 2735 vetus.
1217 2704 1299 2739 Editi,
1314 2705 1544 2743 oi71t9566t31590t.
1564 2704 1696 2731 Nimirum
1711 2711 1771 2731 cum

1036 2738 1172 2770 codicibus
1186 2751 1250 2770 mss.
1267 2738 1334 2777 πρες
1348 2738 1681 2777 Ιθάειειυτ,ἰιιηιιηιιςῃςεε
1699 2744 1743 2777 aut
1760 2738 1818 2765 edi-

1038 2784 1122 2811 tores,
1135 2785 1257 2805 mancam
1272 2773 1364 2804 vbcem
1374 2773 1453 2808 'esse,
1475 2783 1508 2803 ac
1531 2774 1708 2811 πρεσϐύτεροι
1728 2773 1818 2811 legen-

1039 2815 1100 2840 dum
1114 2808 1251 2848 putarunt.
1267 2811 1315 2840 Hic
1326 2812 1416 2846 lapsus
1433 2810 1500 2848 inira
1517 2808 1581 2848 item
1603 2808 1729 2848 qccu'rr-it.
1745 2808 1817 2848 Quae

1040 2844 1189 2882 ειηιιύιιιυι·
1207 2854 1287 2880 porro
1309 2844 1441 2876 habentur
1467 2847 1530 2874 item
1555 2845 1583 2873 in
1607 2846 1660 2874 line
1685 2844 1818 2879 Apologia:

1041 2889 1129 2910 conlra
1145 2882 1266 2909 Arianae.
