2007 3044
196 143 248 173 ⁸181

499 143 528 170 s.
548 142 737 171 ATHANASH
755 142 831 171 ore.
851 142 941 170 PARS
959 141 980 170 l.
995 134 1034 163 ιζ
1051 140 1231 169 HISTORICA
1253 139 1296 166 ΕΤ
1316 129 1533 166 noenum!

1757 136 1814 164 75‘)

203 208 246 227 res
258 204 319 227 sunt
333 199 395 227 facti
407 207 414 226 :
426 199 470 226 sed
486 199 552 226 nihil
567 199 637 226 aliud
647 199 711 226 illud
724 203 765 226 est
780 207 859 233 quam
877 198 978 233 eruptio

1033 197 1156 232 ωρίσθτγ
1179 196 1235 223 ἀλλ’
1258 194 1443 225 ἐπανάστασίς
1465 195 1522 220 ἐστι
1543 194 1591 228 τῆς
1604 192 1729 224 ᾱσεὸείας
1742 192 1816 219 κατὰ

200 243 346 278 tmpietatis
371 245 500 270 adversus
532 242 613 278 295
637 244 774 278 pietatem,
806 243 980 277 studiumque

198 297 262 324 erga
282 289 404 317 hatresim
416 289 553 321 Arianatn.
567 289 748 323 prteludiaque
768 289 899 317 adventus
921 289 979 316 Au-

198 333 326 367 tichristi,
345 334 387 361 cui
404 334 474 360 viam
486 339 620 368 praeparat
633 333 815 362 Conslandus.

232 421 274 453 47,
295 422 379 456 (Λιικο
396 421 470 455 556.)
483 421 548 449 Nam
567 426 706 456 postquam
723 430 783 457 qua:
799 423 877 450 libuit
890 423 981 450 omnia

197 467 325 495 adversus
345 467 477 494 Ecclesias
498 467 578 494 Italia:
592 468 761 502 aliarumque
784 469 923 503 regionum
936 477 981 503 pe-

197 512 306 548 regisset
329 521 335 539 :
354 517 495 546 postquam
522 513 570 540 hos
594 513 619 539 in
635 512 758 540 exsilium
778 513 904 545 misisset,
921 514 980 541 illos

197 558 222 585 vi
236 557 379 593 coegisset,
395 565 426 585 ae
447 558 536 585 omnia
552 558 650 592 ubique
678 557 821 585 formidine
835 559 979 592 implesset.

196 603 314 630 furorem
328 602 444 637 denique
456 611 544 635 suum,
558 603 643 630 instar
656 603 793 637 cujusdam
808 604 905 635 morbi,
919 612 980 632 ver-

196 649 227 677 tit
246 650 272 676 in
301 650 393 677 urbem
417 649 617 677 Alexandriam.
639 649 739 676 Callide
767 654 857 677 autent
881 649 980 678 Chriin

196 696 288 722 hostes
302 702 361 722 eam
375 702 429 722 rem
448 696 568 729 aggressi
595 700 657 722 sunt
673 702 680 720 :
700 702 815 729 namque
831 699 858 722 ut
881 695 978 722 multo-

195 749 254 768 rum
268 741 455 775 episcoporum
466 741 693 774 subscriptionem
707 746 845 768 ostentare
856 745 977 774 possent.

194 790 360 819 vexatusque
385 785 547 812 Athanasius
574 785 675 812 nullum
697 784 808 811 haberet
826 785 978 819 episcopum

194 830 264 864 apud
290 837 368 864 quem
391 835 620 864 conquereretur,
636 831 726 858 omnia
754 831 852 864 ubique
877 835 980 856 terrore

1031 243 1080 278 τῆς
1093 242 1231 273 εὐσεϐείας
1241 249 1247 256 ·
1266 241 1313 267 καὶ
1327 239 1426 274 σπουδὴ
1451 239 1499 274 μὲν
1515 240 1585 275 ὑπὲρ
1606 239 1656 274 τῆς
1672 239 1815 274 ’Δρειανῆς

1032 288 1172 323 αἱρέσεως,
1190 287 1319 323 προοίμια
1333 286 1361 312 δὲ
1374 286 1420 312 καὶ
1432 286 1481 320 τῆς
1491 285 1538 312 τοῦ
1559 285 1741 321 Ἀντιχρίστου
1754 285 1812 320 (76)

1031 333 1160 368 παρόδου,
1175 331 1364 360 Κωνσταντῐου
1385 330 1487 366 ταύτην
1510 330 1813 366 προκατασκευάξοντος
1858 343 1869 364 ,;

1031 379 1136 414 ἐκείνῳ.

1066 424 1109 450 47.
1136 423 1211 450 Μετὰ
1238 425 1293 458 γὰρ
1315 423 1346 450 τὸ
1367 422 1567 458 διαπράξασθαι
1587 421 1685 452 πάντα,
1708 421 1812 455 ὅσαπερ
1847 438 1852 439 γ

1030 469 1163 504 ἠθέλησεν
1180 469 1219 500 εις
1230 468 1279 500 τὰς
1302 468 1462 503 Ὲκκλησίας
1478 467 1526 500 τὰς
1542 469 1571 494 ὲν
1588 469 1620 503 τῇ
1644 467 1751 502 Ἰταλίᾳ,
1764 467 1812 493 καὶ

1030 515 1065 542 τὰ
1080 515 1146 542 ἄλλα
1161 514 1231 550 μέρη
1243 523 1249 530 ·
1275 514 1344 550 μετὰ
1369 515 1400 540 τὸ
1420 515 1481 546 τοὺς
1501 514 1549 549 μὲν
1563 514 1692 549 ἐξορίσαι,
1705 515 1767 545 τοὺς
1783 512 1813 539 δὲ

1030 560 1192 594 ἀναγκάσαι.
1210 560 1257 586 καὶ
1281 559 1423 595 πληρῶσαι
1445 559 1527 594 φόϐου
1543 559 1578 585 τὰ
1592 558 1740 594 πανταχοῦ,
1755 559 1812 586 λοι-

1031 603 1080 628 πὸν
1096 603 1137 634 εἰς
1156 602 1357 638 Ἀλεξάνδρειαν
1379 603 1473 639 ὥσπερ
1490 611 1517 629 τι
1537 602 1643 638 νόσημα
1656 604 1700 629 τὸν
1715 601 1812 630 ἑαυτοῦ

1031 647 1116 682 Θυμὸν
1143 647 1291 683 ἔστρεψεν.
1325 648 1464 682 Ἐγίγνετο
1489 648 1518 674 δὲ
1545 648 1624 675 τοῦτο
1653 648 1812 684 πανούργως

1030 694 1105 729 παρὰ
1119 693 1173 720 τῶν
1189 693 1384 729 Χριστομάχων
1397 703 1404 709 ·
1423 694 1466 721 ἴνα
1482 694 1535 730 γὰρ
1549 694 1698 729 φαντασίαν
1714 694 1812 729 ἔχωσιν

1031 740 1190 775 ὑπογραφῆς
1212 740 1317 767 πολλῶν
1343 741 1509 772 ἐπισκόπων,
1540 741 1587 767 καὶ
1611 741 1655 767 l'va
1689 740 1811 775 διωχθεὶς

1036 784 1192 816 Ἀθανάσιος
1203 786 1240 820 μὴ
1253 786 1302 822 ἔχῃ
1316 785 1366 812 κᾶν
1381 785 1561 821 ἀποδύρεσθαι
1573 786 1641 821 πρὸς
1652 785 1810 817 ἐπίσκοπον,

1029 830 1071 857 διὰ
1087 830 1175 862 τοῦτο,
1193 831 1440 866 προλαμϐάνοντες,
1455 831 1490 857 τὰ
1506 830 1643 867 πανταχοῦ
1668 830 1812 866 πεπληρώ-

195 875 371 909 impleverunt
388 884 395 902 ς
414 876 537 911 ltuucque
558 881 687 904 terrorem
703 875 932 903 succenturialum
950 875 976 902 in

1031 884 1089 902 κασι
1111 876 1191 909 φόϐου
1205 884 1213 892 ·
1230 877 1277 903 καὶ
1291 876 1384 903 τοῦτον
1401 876 1512 912 ἔφεδρον
1536 878 1575 908 εἰς
1596 877 1646 912 τὴν
1664 877 1812 912 ἐπιϐουλὴν

196 920 300 947 insidiis
314 926 456 948 servarunt
471 930 478 948 :
491 929 542 948 non
555 922 725 948 advertenles
740 920 827 948 insani
844 920 978 953 homines,

196 972 226 992 se
241 973 293 992 non
311 965 496 1000 episcoporum
523 967 686 1000 propositum
702 973 749 999 pro
769 972 798 992 se
811 964 956 992 obtendere
970 973 977 995 ;

195 1009 242 1038 sed
257 1010 309 1037 vim
323 1018 338 1038 a
352 1018 381 1038 se
393 1011 494 1037 illatam
508 1011 636 1038 exhibere
648 1019 655 1038 :
667 1018 698 1037 ac
713 1010 775 1037 licet
789 1009 887 1036 fratres
900 1009 978 1036 dese-

195 1062 267 1089 rant,
284 1056 345 1084 licet
361 1057 440 1084 amici
452 1061 479 1083 et
494 1058 548 1083 noti
567 1057 660 1091 procul
676 1057 810 1089 recedant,
824 1063 977 1090 quanquam

195 1102 347 1129 inveniatur
358 1110 437 1130 nemo
450 1103 496 1137 qui
521 1102 660 1130 eoudoleat
671 1108 698 1130 et
708 1102 870 1134 consoletur,
890 1101 979 1128 Domi.

196 1155 258 1175 num
282 1152 370 1176 tamen
398 1149 522 1176 idoneum
553 1149 692 1184 majusque
720 1148 825 1175 eteteris
853 1147 978 1174 omnlias

195 1200 254 1220 esse
271 1193 429 1228 perfugium.
448 1193 526 1221 Solus
541 1201 655 1228 namque
676 1193 746 1220 Elias
768 1198 826 1220 erat
844 1192 870 1219 in
885 1199 977 1227 perse-

195 1239 446 1272 cutione",saneto
460 1246 548 1266 tamen
561 1240 618 1266 viro
633 1239 704 1266 Deus
718 1241 743 1266 in
757 1240 881 1266 onmibus
889 1239 977 1266 omnia

195 1288 263 1311 erat.
276 1283 351 1311 Hane
367 1285 433 1312 item
447 1284 560 1311 formam
575 1285 652 1312 nobis
670 1285 777 1312 tradidit
789 1284 920 1316 Salvator,
931 1284 976 1319 qui

195 1329 268 1358 Solus
288 1330 414 1363 relictus,
435 1330 605 1358 inimicorum
629 1331 735 1358 insidiis
758 1330 932 1365 appetebatur
943 1332 976 1363 η,

195 1376 257 1403 utsi
274 1382 323 1403 nos
335 1383 441 1411 quoque
461 1375 486 1402 in
503 1375 689 1410 persecutione
712 1376 868 1403 deseramur
882 1376 915 1403 ab
929 1377 975 1403 Ιιο-

194 1422 328 1454 minibus,
351 1430 384 1449 ne
409 1422 620 1456 despondeamus
642 1422 776 1454 animum,
804 1422 850 1449 sed
878 1422 903 1448 in
932 1422 977 1449 illo

194 1475 269 1503 spem
293 1467 452 1500 habeamus,
474 1476 560 1503 neque
579 1469 724 1503 prodamus
740 1469 878 1495 veritatem
895 1476 901 1494 :
919 1476 977 1503 qua

194 1513 257 1541 licet
273 1513 349 1541 initio
367 1514 488 1541 videatur
507 1515 672 1549 opprimi,at
690 1514 797 1542 demum
822 1514 870 1550 ipsi
886 1522 977 1549 perse-

197 1564 303 1587 cutores
320 1568 379 1588 eam
400 1566 462 1588 sunt
480 1561 605 1596 agnituri.

229 1605 272 1632 48.
292 1605 482 1641 Imperatorem
511 1607 601 1641 itaque
624 1606 776 1640 concitant,
797 1607 841 1642 qui
861 1609 976 1643 priurum

196 1650 300 1678 litteras
317 1652 417 1684 mittit.
436 1652 574 1687 minasque
594 1653 626 1679 ad
646 1653 740 1680 ducem
760 1657 787 1680 et
811 1654 844 1680 ad
870 1655 977 1683 milites.

195 1695 332 1731 Legantur
347 1697 410 1724 item
430 1698 525 1725 notarii
541 1697 698 1732 Diogenius,
711 1704 738 1726 et
751 1699 877 1733 llilarius,
888 1706 914 1727 et
927 1709 978 1728 una

196 1749 256 1769 cum
275 1742 328 1770 illis
342 1742 452 1777 palatini
472 1752 478 1770 :
496 1748 604 1779 tumque
621 1745 713 1779 gravia
728 1748 755 1772 et
780 1746 905 1773 immania
932 1747 980 1774 ad-

197 1794 293 1815 versus
314 1788 462 1816 Ecclesiant
486 1789 554 1816 edita
577 1795 638 1818 sunt
663 1790 797 1824 facinora,
821 1799 881 1826 qua:
903 1793 979 1827 paulo

196 1837 258 1860 ante
278 1834 370 1868 paucis
390 1835 530 1869 perstricta
552 1841 626 1868 sunt,
643 1837 819 1872 omnibusque
842 1845 978 1872 comperta

197 1885 229 1904 ex
250 1878 284 1905 iis
306 1885 374 1913 quas
394 1879 482 1914 popult
505 1880 615 1907 edidere
639 1882 895 1916 contestationibus,
912 1891 980 1917 quas

198 1922 231 1950 ad
247 1922 348 1950 calcem
362 1923 440 1958 hujus
462 1923 557 1958 Operis
577 1926 750 1960 perscriptas,
771 1927 867 1962 cuique
882 1927 979 1956 volenti

198 1967 286 2002 legere
312 1968 414 1996 licebit.
440 1969 507 1997 Hinc
531 1977 591 2004 past
618 1971 662 1997 illa
689 1971 796 2006 Syriani
813 1977 897 2007 gesta,
910 1978 980 2009 post

198 2017 270 2040 tanta
304 2013 419 2041 admissa
449 2013 584 2046 facinora,
613 2021 674 2049 post
708 2016 796 2045 illatas
833 2018 981 2052 virginibus

198 2059 398 2090 contumelias;
426 2067 485 2086 cum
511 2060 640 2093 ejusmodi
662 2062 762 2089 scelera
779 2062 822 2090 ille
841 2063 977 2097 probaret,

198 2104 301 2132 litteras
334 2112 440 2133 rursum
472 2106 553 2133 mittit
583 2108 615 2133 ad
641 2113 762 2134 senatum
798 2113 825 2134 et
853 2109 978 2143 populum

198 2150 418 2183 Alexandrinum,
430 2151 541 2186 juvenes
557 2152 712 2185 sollicitans,
730 2159 759 2180 ut
770 2154 810 2180 vel
827 2162 878 2181 una
893 2154 980 2181 coacti

195 2195 372 2224 Athanasium
402 2204 644 2232 persequerentur,
665 2199 706 2225 vel
731 2204 822 2226 notum
851 2200 979 2227 haberent

196 2242 268 2277 ipsos
283 2243 334 2270 sibi
351 2243 472 2271 inimicos
494 2244 559 2272 fore.
575 2246 610 2272 At
627 2245 671 2271 ille
693 2245 735 2272 vel
757 2250 898 2280 antequam
923 2247 980 2274 hare

195 2288 399 2323 contingerent,
417 2297 451 2317 ex
474 2298 528 2325 quo
545 2291 674 2326 Syrianus
700 2291 727 2319 in
750 2292 890 2319 ecclesiam
910 2293 978 2319 irru-

195 2333 244 2368 pit,
262 2335 428 2364 abseesserat
448 2337 527 2372 (anno
545 2338 618 2371 356),
634 2345 696 2365 curn
718 2337 801 2365 sciret
820 2338 882 2365 illud
907 2339 978 2372 quod

195 2380 323 2414 scriptum
342 2386 382 2409 est
396 2389 402 2407 :
418 2381 468 2409 Sed
488 2384 643 2410 abscondere
660 2384 790 2410 modicum
815 2383 849 2410 ud
864 2392 978 2410 momen-

195 2430 261 2457 tum.
275 2427 356 2453 donec
379 2432 541 2460 pertranseat
568 2429 713 2463 indignatio
726 2428 758 2454 ".
775 2428 874 2455 llartlm
889 2435 977 2456 autem

232 2485 252 2500 ﬂ
267 2484 296 2511 ΙΙΙ
316 2484 380 2520 ῃίίἔ·
393 2487 450 2517 Χῖκν
466 2486 491 2515 5.
509 2486 535 2512 ιι
575 2486 699 2512 "Matth.
717 2486 844 2517 xxvt,56.

302 2532 382 2568 βεδε,
394 2531 422 2558 δὲ
432 2532 487 2568 'rjg
504 2532 696 2568 Ἀντιχρὶστου.

231 2567 287 2602 (77)
302 2565 426 2602 lta’lleg.
440 2565 521 2599 Editi,
535 2565 716 2595 ἐπεδείκνυτο.

231 2601 289 2637 (78)
303 2601 348 2629 Sic
358 2609 454 2629 omnes
469 2610 533 2629 mss.
552 2607 578 2629 et
599 2603 676 2629 editi.
701 2602 753 2629 Sed
770 2602 874 2629 videtur
891 2602 980 2636 legen—

192 2638 258 2664 «'um
276 2637 478 2671 καταλειφθείς,
494 2641 520 2664 et
538 2637 573 2664 ila
589 2637 651 2671 legit
669 2643 745 2664 vetus
766 2637 918 2671 interpres,
935 2637 980 2670 qui

195 2673 288 2702 \ertit,
308 2673 457 2699 derelictus.

232 2707 288 2742 (79)
299 2707 393 2742 Basil..
411 2708 486 2742 ἡμῖν,
506 2707 584 2734 male.

231 2742 293 2779 (80)
305 2741 347 2779 Ita
360 2741 508 2776 Rengdili
524 2750 606 2779 vero.
627 2742 717 2779 μικρῷ
735 2742 875 2779 πρότερον.
900 2741 981 2779 ξηιιιο

215 2782 257 2812 ost
277 2776 359 2804 Basil.
384 2785 463 2811 quem
486 2776 641 2812 sequimur}
659 2776 872 2812 διαμαρτυριῶν.
900 2777 979 2811 lleg.,

213 2811 240 2837 ιὰ
255 2811 422 2846 μαρτυριῶν,
444 2813 513 2839 male
544 2812 636 2839 divisis
659 2811 780 2839 vocibus.
793 2812 861 2838 Editi
885 2819 980 2846 perpe-

197 2853 254 2873 ram
271 2846 529 2883 διαμαρτυριῶντες.
553 2847 590 2873 Ex
615 2848 716 2874 duabus
733 2847 824 2881 itaque
837 2847 979 2874 Contesta—

1030 921 1164 956 ἐτήρησαν
1177 930 1182 935 ·
1198 921 1248 947 οὐκ
1259 921 1359 952 εἰδότες
1371 922 1394 947 οἱ
1408 921 1533 957 ἄφρονες,
1548 921 1589 947 ὅτι
1603 921 1631 946 οὺ
1651 920 1811 956 προαίρεσιν

1030 966 1194 998 ἐπισκόπων,
1215 966 1281 992 ἀλλὰ
1303 966 1351 1001 τὴν
1373 966 1437 1002 παρ’
1458 966 1547 993 αὐτῶν
1571 966 1720 1001 γενομένην
1751 965 1812 1000 βίαν

1028 1010 1213 1036 ἐπεδείκνυντο
1223 1011 1248 1045 (7
1254 1010 1278 1046 7)
1291 1019 1298 1026 ν
1309 1011 1356 1037 καὶ
1367 1011 1417 1043 ὅτι,
1429 1010 1478 1037 κᾶν
1493 1011 1601 1045 ἀδελφοὶ
1618 1009 1809 1044 καταλείψουσι,

1029 1056 1079 1082 κᾶν
1111 1056 1181 1090 φίλοι
1211 1056 1258 1082 καὶ
1284 1055 1416 1091 γνώριμοι
1447 1055 1554 1091 μακρὰν
1579 1055 1735 1087 ἀποστῶσι,
1763 1055 1812 1081 καὶ

1030 1102 1124 1137 μηδεὶς
1145 1101 1242 1137 εὑρεθῇ
1272 1101 1488 1136 συλλυπούμενος
1507 1102 1553 1128 καὶ
1568 1101 1743 1137 παρακαλῶν,
1755 1101 1812 1127 ἀλλ’

1029 1148 1097 1182 ὑπὲρ
1113 1148 1200 1174 πάντα
1215 1147 1314 1182 μᾶλλον
1332 1149 1349 1182 ὴ
1373 1147 1440 1182 πρὸς
1454 1147 1520 1173 Θεὸν
1534 1147 1644 1182 ἐξαρκεῖ
1658 1147 1810 1183 καταφυγή.

1027 1192 1116 1224 Μόνος
1131 1191 1184 1228 γὰρ
1198 1190 1230 1227 ἦν
1242 1192 1289 1219 καὶ
1311 1192 1403 1224 Ὴλίας
1415 1192 1588 1227 διωκόμενος,
1604 1193 1651 1218 καὶ
1667 1192 1753 1218 πάντα
1767 1192 1812 1218 καὶ

1028 1239 1056 1264 ὲν
1075 1239 1156 1264 πᾶσιν
1179 1236 1211 1274 ἦν
1227 1240 1242 1265 ό
1256 1238 1321 1270 Θεὸς
1344 1238 1383 1273 τῷ
1402 1238 1481 1274 ἁγίῳ.
1506 1239 1559 1264 Καὶ
1575 1238 1668 1264 τοῦτον
1682 1238 1709 1264 δὲ
1728 1237 1812 1264 τύπον

1026 1285 1091 1318 ἡμῖν
1107 1283 1220 1310 δέδωκεν
1235 1285 1248 1310 ὁ
1265 1283 1369 1319 Σωτὴρ,
1387 1283 1433 1310 καὶ
1452 1283 1530 1319 μόνος
1552 1282 1733 1318 καταληφθεὶς
1744 1283 1811 1318 (78),

1027 1329 1080 1356 ὑπὸ
1104 1329 1158 1356 τῶν
1175 1329 1280 1365 ἐχθρῶν
1304 1329 1496 1355 ἐπεϐουλεύετο
1509 1338 1515 1344 ”
1538 1329 1580 1356 ἵνα
1593 1329 1644 1356 κᾶν
1661 1330 1740 1364 ἡμεῖς
1756 1329 1811 1364 (79)

1026 1375 1183 1410 διωκόμενοι
1198 1375 1421 1410 καταλειφοῶμεν
1440 1375 1492 1401 ὑπὸ
1506 1374 1667 1410 ἀνθρώπων,
1683 1375 1718 1410 μὴ
1732 1377 1812 1402 ἑκκα-

1027 1420 1128 1456 κῶμεν,
1154 1420 1210 1447 ἄλλ’
1237 1420 1342 1456 ἔχωμεν
1365 1421 1404 1452 εἰς
1427 1421 1507 1447 αὑτὸν
1526 1421 1576 1456 τὴν
1593 1420 1696 1452 ἐλπίδα,
1713 1419 1812 1455 καὶμὴ

1028 1465 1193 1501 προδίδωμεν
1208 1465 1256 1501 τὴν
1273 1465 1416 1500 ἀλήθειαν·
1432 1465 1503 1500 ἥτις,
1515 1466 1565 1491 κᾶν
1578 1464 1646 1491 κατὰ
1658 1465 1706 1499 τὴν
1721 1464 1810 1499 ἀρχὴν

1028 1511 1166 1538 θλίϐεσθαι
1181 1511 1255 1548 δόξῃ,
1271 1511 1328 1538 ἀλλ’
1343 1511 1454 1547 ὕστερον
1468 1513 1515 1538 καὶ
1527 1513 1551 1539 oi
1564 1511 1703 1542 διώκοντες
1724 1511 1810 1547 αὐτὴν

989 1557 1010 1586 C
1028 1558 1232 1592 ἐπι-γνώσονται,

1064 1604 1108 1631 48.
1126 1605 1310 1640 Παροξύνουσι
1333 1606 1431 1637 τοίνυν,
1460 1605 1507 1632 καὶ
1531 1604 1632 1640 γράφει
1651 1603 1682 1629 τὸ
1707 1603 1812 1638 πρῶτον

1030 1650 1165 1685 βασιλεὺς,
1187 1651 1233 1677 καὶ
1253 1651 1356 1686 πέμπει
1381 1652 1449 1686 πρός
1471 1659 1499 1677 τε
1519 1650 1564 1676 τὸν
1579 1650 1663 1676 δοῦκα
1683 1650 1728 1676 καὶ
1751 1650 1813 1680 τοὺς

1030 1696 1195 1731 στρατιώτας
1210 1697 1332 1733 ἀπειλήν.
1349 1697 1476 1732 Not-apto!
1495 1706 1524 1722 τε
1548 1696 1682 1730 Διογένιός
1707 1704 1736 1722 τε
1767 1695 1815 1722 καὶ

1036 1743 1159 1778 Ίλάριος,
1177 1744 1223 1770 καὶ
1246 1743 1384 1770 παλατῖνοι
1409 1744 1457 1770 σὺν
1480 1743 1570 1774 αὐτοῖς
1589 1741 1812 1769 ἀποστέλλονται·

1030 1789 1076 1814 καὶ
1104 1789 1199 1823 γέγονε
1220 1788 1254 1815 τὰ
1280 1789 1399 1816 τοσαῦτα
1422 1789 1495 1816 δεινὰ
1521 1788 1565 1815 καὶ
1589 1787 1653 1822 ὠμὰ
1675 1787 1744 1813 κατὰ
1766 1787 1816 1821 τῆς

1037 1833 1206 1868 Ἐκκλησὶας,
1219 1834 1237 1860 ἃ
1252 1834 1341 1869 μικρῷ
1357 1834 1472 1869 πρόσθεν
1483 1833 1514 1860 δι’
1530 1833 1584 1868 (80)
1593 1832 1814 1867 ὀλίγωνεῖρηται,

1031 1879 1078 1905 καὶ
1091 1879 1190 1911 πάντες
1214 1879 1344 1913 ἔγνωσαν,
1362 1880 1391 1913 ἐξ
1405 1876 1442 1906 ὧν
1462 1880 1562 1914 ἔθηκαν
1578 1880 1603 1905 οἰ
1623 1879 1682 1905 λαοὶ
1704 1878 1817 1913 διαμαρ-

1031 1924 1142 1959 τυριῶν,
1159 1924 1192 1956 ἃς
1205 1925 1252 1951 καὶ
1269 1925 1421 1960 ἀναγνῶναι
1434 1925 1545 1952 δύναταί
1560 1933 1601 1956 τις
1616 1924 1767 1959 γραφείσας
1784 1924 1813 1948 ὲν

1031 1970 1069 2005 τῷ
1092 1970 1164 1996 τέλει
1185 1970 1286 1997 τούτων
1313 1971 1380 2006 (81).
1408 1969 1475 1997 Εἶτα
1500 1970 1568 2005 μετὰ
1586 1970 1615 1996 τὸ
1637 1968 1763 2004 γενέσθαι
1780 1967 1816 1994 τὰ

1031 2016 1107 2052 παρὰ
1125 2016 1267 2051 Συριανοῦ,
1291 2017 1359 2052 μετὰ
1371 2017 1401 2045 τὸ
1417 2017 1541 2051 γενέσθαι
1557 2017 1672 2042 τοσαῦτα
1689 2015 1755 2051 (89.),
1767 2015 1815 2041 καὶ

1032 2063 1080 2094 τὰς
1104 2063 1173 2089 κατὰ
1196 2063 1250 2089 τῶν
1270 2063 1410 2100 παρθένων
1437 2064 1540 2099 ὕϐρεις,
1562 2063 1760 2097 ἀποδεξάμενος
1781 2061 1817 2088 τὰ.

1031 2109 1102 2135 οὕτω
1124 2109 1168 2135 καὶ
1192 2109 1227 2136 τὰ
1252 2109 1307 2144 (85)
1329 2109 1441 2137 τοιαῦτα
1463 2109 1546 2140 κακὰ,
1570 2109 1668 2144 γράφει
1689 2107 1768 2134 πάλιν
1781 2109 1815 2142 τῇ

1033 2156 1113 2191 βουλῇ
1127 2156 1174 2182 καὶ
1198 2156 1236 2191 τῷ
1253 2157 1331 2191 δήμῳ
1349 2157 1399 2191 τῆς
1421 2155 1633 2190 Ἀλεξανδρείας,
1658 2153 1816 2190 παροξύνων

1031 2203 1092 2234 τοὺς
1114 2201 1272 2237 νεωτέρους,
1301 2202 1344 2228 ἴνα
1371 2202 1470 2233 πάντες
1493 2200 1662 2231 συνελθόντες
1684 2197 1816 2234 ἢδιώξω-

1032 2255 1076 2274 σιν
1093 2247 1150 2283 (84)
1177 2248 1343 2280 ”Αθανάσιον,
1366 2247 1382 2283 ἦ
1409 2247 1568 2282 γινώσκοιεν
1595 2246 1708 2281 ἐχθροὺς
1734 2243 1816 2270 αὑτοῦ

1032 2293 1177 2328 τυγχάνειν
1208 2293 1315 2325 αὐτούς.
1341 2293 1425 2325 Αὐτὸς
1444 2293 1492 2328 μὲν
1513 2291 1571 2324 οὖν,
1587 2293 1632 2319 καὶ
1648 2291 1712 2326 πρὶν
1731 2289 1818 2316 ἐλθεῖν

1031 2339 1125 2372 ταῦτα,
1139 2336 1244 2375 ὲξοῦτῇ
1261 2339 1407 2374 Ἐκκλησία
1418 2339 1548 2375 Συριανὸς
1570 2337 1696 2373 ἐπῆλθεν,
1713 2336 1818 2370 ἀναχω-

1032 2387 1119 2421 ρήσας
1128 2383 1173 2421 ἦν,
1184 2385 1261 2418 εἰδὼς
1276 2386 1306 2412 τὸ
1320 2386 1510 2421 γεγραμμένον
1519 2394 1525 2402 ·
1543 2385 1623 2412 Ἀλλ’
1634 2382 1820 2416 ἀποκρύϐηοι

1028 2431 1134 2466 μικρὸν
1148 2431 1223 2457 ὅσον
1239 2430 1314 2458 ὅσον
1337 2430 1402 2467 (85),
1416 2431 1471 2464 ἕως
1488 2430 1527 2457 ἂν
1546 2429 1678 2465 παρέλθῃ
1692 2428 1711 2462 ἠ
1726 2426 1798 2462 ὀργή
1810 2434 1817 2441 ·

882 2487 903 2502 ⁸³
922 2486 971 2513 lsa.
987 2495 1060 2520 xxvr,
1074 2487 1119 2514 20.

1040 2533 1157 2560 tionibus
1173 2540 1232 2566 quae
1245 2532 1280 2558 ab
1294 2532 1442 2561 Athanasio
1459 2532 1522 2558 huic
1538 2531 1611 2566 operi
1634 2532 1744 2558 adnexa:
1761 2531 1819 2558 fue-

1036 2572 1115 2600 rant,
1144 2570 1218 2601 prior
1243 2567 1278 2594 ob
1303 2567 1410 2594 allatam
1440 2567 1466 2593 in
1494 2567 1685 2594 Admonitione
1707 2574 1818 2593 causam

1033 2603 1131 2630 omissa
1147 2603 1252 2629 videtur
1266 2611 1272 2629 :
1287 2603 1403 2629 secunda
1420 2607 1522 2628 tantum
1535 2606 1666 2634 superest.

1072 2637 1127 2671 (81)
1139 2636 1201 2664 Haec
1218 2638 1335 2664 facinora
1358 2643 1503 2664 narrantur
1518 2637 1544 2664 in
1554 2637 1755 2664 Contestatione
1770 2644 1818 2670 po-

1035 2673 1088 2704 puli
1107 2672 1291 2703 Alexandrini,
1308 2672 1386 2698 infra.

1070 2707 1125 2742 (82)
1141 2707 1219 2739 Reg”
1234 2707 1268 2733 τὰ
1281 2707 1408 2733 τοσαῦτα.

1070 2742 1125 2772 (85)
1139 2743 1166 2768 lu
1179 2742 1234 2777 Reg
1251 2762 1257 2772 .
1273 2743 1307 2777 {cdt
1320 2743 1436 2769 deletum
1449 2746 1499 2769 est.

1069 2777 1123 2811 (8t)
1144 2776 1227 2811 Reg;
1238 2776 1386 2809 διώξουσιν.

1069 2812 1125 2846 (85)
1138 2812 1175 2838 lta
1198 2811 1264 2844 Reg.
1291 2812 1381 2846 probe.
1412 2811 1438 2838 ln
1461 2811 1539 2838 editus
1562 2811 1643 2838 semel
1659 2811 1729 2839 ὅσον.
1757 2810 1818 2838 Mox

1032 2848 1095 2874 editi
1113 2847 1192 2879 male,
1207 2849 1239 2882 τῇ
1253 2848 1329 2883 ὀργῇ.
1351 2846 1414 2882 Reg.
1434 2851 1460 2873 et
1476 2846 1569 2880 Basr|.,
1584 2846 1601 2881 ἡ
1613 2847 1691 2882 ὀργή.
