2007 3044
181 175 233 203 75

673 174 833 202 HISTORIA
853 175 1059 204 ARIANORUM
1079 176 1124 203 AD
1143 176 1337 204 MONACHOS.

1739 178 1793 205 754

178 236 232 263 τῶν
248 235 276 262 δὲ
292 234 464 269 γραμμάτων
484 242 586 260 τουτων
608 241 710 267 γίνεται
730 233 854 266 διάκονος
880 235 957 271 Ἠρά-

1014 237 1162 263 litterarum
1191 235 1347 263 tabellarius
1365 236 1415 263 fuit
1436 235 1572 263 ileraclius
1589 235 1698 270 quidam
1712 236 1795 270 digni-

178 281 266 312 κλειός
289 289 331 312 τις
360 279 399 315 τῷ
424 278 558 314 ἀξιώματι
587 280 684 315 κόμης,
715 279 867 315 προοδεύων
890 281 962 313 τινὸς

177 326 314 363 Γεωργίου
346 325 391 353 τοῦ
415 325 644 360 ἁποστελλομὲνου
666 325 741 361 παρὰ
766 325 812 352 τυῦ
833 325 962 360 βασιλέως

177 373 352 400 κατασκόπου
369 380 376 387 ·
404 371 434 398 οὐ
463 372 517 407 γὰρ
554 371 587 398 ἂν
620 371 663 406 εἴη
689 371 744 406 (86)
775 371 922 404 ἐπίσκοπος
947 373 961 398 ό

177 420 242 454 παρ’
271 419 376 445 ἐκείνου
398 418 591 453 πεμπόμενος,
631 417 668 453 μὴ
693 417 797 451 γένοιτο
821 418 827 444 l
853 418 890 450 ὡς
915 418 961 445 καὶ

178 465 246 492 αὐτὰ
270 465 305 492 τὰ
329 464 473 500 γενόμενα,
499 464 547 490 καὶ
569 463 604 490 τὰ
632 463 761 499 προοίμια
784 463 833 499 τῆς
857 463 959 490 εἰσόδου

176 510 318 537 δείκνυσιν.

213 555 306 584 49-50.
322 555 362 582 Τὰ
378 555 425 590 μὲν
437 552 482 581 οὖν
496 554 647 590 γράμματα
658 554 794 590 προῦθηκε
808 554 863 590 (87)
876 555 959 591 δημο-

178 600 232 638 σίᾳ,
259 601 307 628 καὶ
327 601 426 636 πολλὴν
441 600 569 635 αἰσχύνην
581 600 715 627 ἐδείκνυον
733 600 779 627 τοῦ
793 601 954 636 γράφοντος’

185 646 292 681 Ἐπειδὴ
305 645 368 681 γὰρ,
386 645 424 677 ὡς
437 645 552 682 ἔγραψεν
563 646 577 671 ό
590 645 675 680 μέγας
695 645 797 677 Ὄσιος,
815 646 864 681 οὐχ
886 646 960 682 εὕρι-

178 700 225 718 σκε
248 690 361 725 πιθανὴν
377 690 511 732 πρόφασιν
536 689 583 725 τῆς
599 689 697 716 ἑαυτοῦ
726 691 884 727 μεταϐολῆς,
908 693 958 718 ὲπ-

177 737 270 772 ενόησε
287 735 375 771 πολλῷ
392 730 438 762 καὶ
457 735 554 771 μᾶλλον
573 736 780 772 ἀπρεπεστέραν
791 730 894 773 ἑαυτῷ·
912 738 958 765 καὶ

177 784 232 814 τοῖς
249 782 335 817 τούτῳ
363 781 608 816 συμϐουλεύσασιν·
629 781 712 816 ἔφησε
739 783 807 818 γάρ’
820 783 874 818 Τὴν
891 783 959 818 πρὸς

176 829 221 855 τὸν
245 828 358 863 ἀδελφὺν
383 828 541 863 αἰδούμενος
561 827 662 862 φιλίαν,
682 828 727 854 τὸν
748 828 799 863 τῆς
822 827 896 861 θείας
912 829 958 856 καὶ

176 874 304 906 εὐσεϐοῦς
319 875 439 910 μνήμης,
453 874 497 900 ἐπὶ
514 874 607 909 καιρὸν
627 873 700 909 αὐτῷ
714 874 762 909 τὴν
775 875 813 906 ὡς
823 875 895 909 ὑμᾶς
911 883 957 909 γε-

1016 288 1068 310 tate
1094 290 1194 316 comes,
1221 283 1266 318 qui
1287 291 1437 317 praecursor
1454 283 1501 310 fuit
1517 283 1655 317 cujusdam
1673 282 1793 318 Georgii,

1013 337 1092 363 quem
1109 329 1252 363 imperator
1265 334 1454 364 catascopum,
1476 329 1500 356 id
1523 334 1564 356 est
1584 329 1792 363 exploratorem,

1011 375 1144 408 mittebat,
1164 375 1234 402 haud
1248 375 1320 403 enim
1339 375 1480 410 episcopus
1494 376 1517 402 is
1541 375 1621 402 fuerit
1636 375 1681 409 qni
1702 375 1735 402 ab
1749 376 1793 402 illo

1012 421 1137 451 mittitur,
1153 420 1244 448 absit!
1262 426 1291 448 ut
1304 426 1331 448 et
1356 429 1398 449 res
1420 427 1513 456 gestat,
1534 425 1561 449 et
1584 421 1640 456 ipsa
1656 421 1794 456 ingressus

1010 467 1068 502 ejus
1085 467 1211 501 praeludia
1228 467 1412 502 comprobant.

1048 554 1146 582 49-50.
1161 554 1276 582 Litteras
1288 555 1377 589 itaque
1389 555 1576 589 promulgavit,
1588 562 1646 589 quae
1657 554 1791 589 ingentem

1009 601 1152 629 scribentis
1162 600 1353 635 turpitudinem
1367 601 1531 635 praeferrent.
1542 600 1609 628 Cum
1624 600 1706 633 enim,
1715 604 1792 634 prout

1010 655 1123 682 magnus
1132 647 1276 682 scripserat
1286 646 1383 674 llosius
1394 666 1401 679 ,
1414 646 1470 674 veri
1482 646 1598 674 similem
1617 645 1717 674 nullam
1733 654 1793 673 mu~

1010 693 1119 720 tationis
1136 700 1191 720 suae
1206 699 1313 720 causam
1330 691 1448 725 reperire
1462 695 1563 726 posset,
1573 691 1650 725 longe
1667 691 1793 718 indecen-

1010 739 1104 765 tiorem
1125 738 1175 765 sibi
1194 742 1221 764 et
1238 736 1464 771 consiliariisfsuis
1481 736 1712 764 comminiscitur:
1726 737 1792 763 Fra-

1008 785 1056 812 tris
1074 784 1136 813 mei.
1154 784 1359 816 aiebat,divin:ze
1375 791 1406 811 ac
1422 784 1471 817 pice
1488 782 1634 814 memoriae,
1646 782 1791 809 amicitiam

1008 829 1151 860 reveritus,
1167 829 1342 856 Athanasium
1357 828 1390 856 ad
1405 828 1537 862 quoddam
1557 827 1671 862 spatium
1690 831 1793 860 tempo-

1009 873 1046 901 ris
1061 880 1109 900 vos
1125 873 1207 908 296
1221 873 1295 900 adire
1313 873 1433 908 permisi.
1450 871 1515 899 illud
1536 876 1625 898 autem
1646 879 1705 897 eum
1720 875 1747 898 et
1766 871 1790 898 in

176 920 268 947 νέσθαι
279 920 392 956 πάροδον
401 920 564 955 ἠνεσχόμην.
580 918 664 946 Τοῦτο
676 920 703 946 δὲ
718 921 765 946 καὶ
772 920 819 956 τὴν
836 921 956 955 ἐπαγγε-

1009 918 1147 954 promissis
1160 918 1292 951 fallacem,
1308 921 1336 945 et
1354 924 1417 950 erga
1433 917 1544 943 fratrem
1566 923 1642 943 suum
1659 919 1718 949 post
1732 915 1793 942 obi-

176 965 235 992 λίαν
245 965 423 1000 ψευσάμενον,
442 965 488 991 καὶ
504 965 571 1000 πρὸς
597 966 641 992 τὸν
657 965 769 1000 ἀδελφὸν
789 965 858 1000 μετὰ
876 966 956 993 θάνα-

175 1018 221 1037 τον
248 1009 391 1045 ἀγνώμονα
416 1010 561 1036 δείκνυσιν.
583 1008 649 1037 Εἶτα
675 1010 749 1041 θείας
766 1011 814 1037 καὶ
828 1011 956 1044 εὐσεϐοῦς

176 1056 255 1082 αὐτὸν
269 1056 387 1091 μνήμης,
414 1055 555 1091 ὡσπεροῦν
571 1056 617 1082 καὶ
630 1056 713 1087 ἐστιν,
729 1056 803 1088 ἀξιον
818 1056 954 1091 ὀνομάζει,

174 1099 205 1128 οὗ
228 1101 276 1136 τὴν
297 1100 404 1136 ἐντολὴν
421 1101 468 1127 καὶ
485 1101 532 1136 τὴν
553 1101 654 1136 φιλίαν,
678 1102 715 1132 ὡς
733 1102 814 1133 αὐτὸς
842 1102 954 1137 ἔγραψε,

176 1148 274 1180 καίτοι,
289 1147 313 1173 εί
328 1147 374 1173 καὶ
390 1146 433 1173 διὰ
446 1147 490 1173 τὸν
507 1146 658 1182 μακαρίτην
672 1146 835 1174 Κώνσταντα
852 1155 955 1183 συγχω-

176 1195 262 1229 ρήσας
284 1191 328 1228 ἦν,
348 1192 445 1227 ὤφειλε
468 1193 505 1228 μὴ
525 1193 672 1227 ἀκαθήκων
694 1193 757 1229 περὶ
782 1193 828 1220 τόν
844 1194 956 1228 ἀδελφὸν

175 1239 312 1274 γενέσθαι,
327 1238 372 1271 ἶν’,
395 1238 488 1274 ὥσπερ
506 1239 555 1272 τῆς
581 1238 728 1273 βασιλείας,
748 1238 819 1265 οὕτω
840 1240 886 1265 καὶ
909 1239 956 1274 τῆς

174 1284 286 1320 γνώμης
310 1284 391 1311 αὑτοῦ
413 1283 578 1319 κληρονόμος
597 1283 718 1319 γένηται.
750 1284 830 1311 Ἀλλὰ
848 1284 892 1311 τὸν
909 1285 956 1320 μὲν

175 1330 343 1365 Βρετανίωνα
355 1329 488 1362 καθεῖλεν,
504 1329 634 1364 ἐθελήσας
649 1329 679 1356 τὸ
697 1329 799 1357 δίκαιον
821 1331 955 1363 ἀπαιτεῖν,

174 1376 278 1411 λέγων·
298 1376 356 1403 Τίνι
377 1375 445 1411 μετὰ
466 1377 578 1403 θάνατον
606 1375 725 1410 ἀδελφῶν
748 1377 765 1411 ἡ
791 1376 957 1413 κληρονομία

174 1423 294 1457 γίνεται;
310 1422 354 1449 διὰ
367 1423 396 1449 δὲ
412 1422 460 1458 τὴν
476 1422 600 1458 μυσαρὰν
612 1423 719 1458 αἵρεσιν
733 1421 788 1449 τῶν
801 1423 956 1460 Χριστομά-

175 1475 229 1502 χων
243 1466 303 1494 οὔτε
320 1466 350 1493 τὸ
366 1467 468 1494 δίκαιον
484 1464 564 1499 οῐδεν,
577 1467 644 1494 ἀλλὰ
658 1468 705 1494 καὶ
718 1468 786 1504 πρὸς
799 1468 861 1500 τοὺς
880 1467 957 1494 ἁδελ-

175 1514 241 1548 φοὺς
255 1512 400 1549 ὰκαθήκων
413 1513 535 1547 γίνεται·
553 1513 586 1539 δι’
600 1514 633 1549 ἢν
647 1513 753 1549 αἵρεσιν
768 1514 823 1549 (88)
838 1513 897 1540 οὐδὲ
909 1513 956 1540 τοῦ

175 1560 278 1595 πατρὸς
292 1560 437 1595 ὁλόκληρον
451 1560 499 1594 τὴν
513 1558 625 1594 γνώμην
643 1559 786 1594 φυλάττειν
801 1559 955 1594 ἐνενόησεν·

174 1605 241 1633 ἀλλὰ
256 1605 295 1637 εἰς
310 1605 358 1640 μὲν
373 1605 402 1631 τὸ
419 1604 534 1639 ἀρέσκον
550 1606 605 1636 τοῖς
621 1604 743 1638 ἀσεϐέσι,
760 1604 840 1632 τοῦτο
863 1607 957 1641 τηρεῖν

174 1650 358 1686 ὑποκρίνεται·
372 1650 411 1680 είς
418 1649 446 1675 δὲ
453 1649 484 1675 ea
499 1648 601 1675 λυποῦν
614 1649 746 1681 ἐκείνους,
761 1650 812 1676 οὐκ
822 1647 890 1677 οἶδεν
898 1650 957 1677 οὐδὲ

174 1695 204 1721 τὸ
217 1694 284 1730 πρὸς
296 1693 342 1719 τὸν
359 1693 465 1728 πατέρα
485 1692 566 1724 σέϐας
584 1693 708 1728 φυλάξαι.
734 1694 888 1721 ’Δπέστειλε
908 1696 957 1731 μὲν

175 1741 229 1776 γὰρ
250 1741 353 1771 ἐκεῖνος
376 1739 422 1765 τὸν
444 1738 591 1765 ἐπίσκοπον
615 1739 647 1765 ὲκ
672 1739 797 1775 διαϐολῆς
823 1740 876 1766 τῶν
893 1742 957 1776 περὶ

175 1785 304 1813 Εἰιςέϐιον
324 1786 364 1817 εις
381 1784 431 1816 τὰς
456 1784 571 1816 Γαλλίας
591 1785 637 1811 ἐπὶ
654 1785 748 1820 καιρὸν
772 1786 815 1812 διὰ
834 1787 884 1821 τὴν
903 1787 957 1813 τῶν

175 1831 402 1858 επιῦουλευόντων
424 1830 553 1866 ὠμότητα
586 1830 675 1866 (τοῦτο
699 1830 754 1866 γὰρ
770 1832 784 1858 ὁ
804 1832 957 1867 μακαρίτης

176 1878 379 1909 Κωνοταντῖνος
399 1877 413 1903 ό
431 1875 525 1902 τούτου
550 1876 662 1911 ἀδελφὸς
690 1876 759 1912 μετὰ
783 1877 896 1904 θάνατον
910 1878 957 1905 τοῦ

175 1923 277 1958 πατρὸς
289 1922 431 1958 ἐδήλωσεν,
450 1922 487 1954 ὡς
501 1923 533 1948 ἐκ
548 1922 601 1949 τῶν
616 1923 788 1959 γραμμάτων
805 1923 860 1959 (89)
874 1924 956 1951 αὐτοῦ

173 1969 339 2003 δείκνυται)·
366 1969 416 1995 οὐκ
449 1967 562 2004 ἐπείσθη
586 1968 614 1995 δὲ
644 1970 700 2000 τοῖς
737 1969 801 2005 περὶ
828 1969 957 1996 Εὑσέϐιον

175 2015 340 2047 ἀποστεῖλαι,
362 2015 391 2041 ὃν
413 2014 508 2049 ἦθελον
539 2015 686 2042 ἐπίσκοπον
711 2015 796 2048 αὐτοὶ,
820 2015 887 2042 ἀλλὰ
911 2017 957 2042 καὶ

175 2061 299 2092 θέλοντας
313 2060 444 2094 ἐκώλυσε,
467 2061 515 2088 καὶ
531 2061 757 2097 ἐπιχειρήσαντας
771 2062 871 2097 ἐπέσχε
889 2062 958 2097 μετὰ

173 2108 262 2144 δεινῆς
276 2108 328 2134 ἀπε
333 2107 400 2142 ιλῆς.

208 2155 250 2182 51.
271 2154 334 2185 Πῶς
353 2153 410 2186 οὖν,
434 2155 458 2181 εἰ
479 2154 514 2181 τὰ
537 2153 583 2180 τοῦ
607 2153 703 2180 ἑαυτοῦ
724 2155 895 2190 γεννήτορος,
920 2155 953 2187 ὡς

173 2201 284 2237 γράφει,
302 2200 445 2235 φυλάττειν
460 2200 564 2235 ἦθελεν,
580 2200 723 2226 ἀπέστειλε
739 2200 769 2226 τὸ
783 2200 832 2235 μὲν
850 2201 957 2236 πρῶτον

1010 968 1064 991 tum
1081 964 1138 998 ejus
1153 963 1284 999 ingratum
1299 962 1466 997 comprobat.
1482 961 1593 992 Deinde.
1608 961 1704 988 divinae
1717 959 1790 986 illum

1008 1017 1040 1037 ac
1063 1010 1112 1044 piae
1138 1009 1273 1037 memoritn
1286 1009 1326 1044 (ut
1341 1015 1431 1036 revera
1454 1015 1482 1034 se
1500 1005 1604 1041 habet),
1621 1006 1729 1041 dignum
1744 1013 1790 1039 ap-

1010 1057 1100 1091 pellat,
1114 1056 1189 1090 cujus
1204 1056 1356 1083 mandatum
1370 1059 1396 1081 et
1405 1053 1549 1081 amicitiam
1562 1053 1635 1087 (licet
1649 1052 1790 1078 Athanasii

1009 1104 1133 1135 reditum,
1154 1103 1180 1129 in
1204 1102 1318 1137 gratiam
1343 1105 1445 1128 tantum
1459 1101 1542 1128 beatae
1563 1097 1700 1126 memorias
1722 1097 1792 1124 Con-

1010 1149 1106 1176 stantis
1119 1147 1294 1183 permisisset)
1309 1153 1430 1174 servasse
1449 1146 1575 1180 oportuit,
1588 1152 1638 1172 nec
1650 1152 1709 1172 sese
1723 1143 1792 1171 inof-

1010 1195 1128 1222 ficiosum
1146 1202 1208 1229 erga
1232 1193 1341 1220 fratrem
1361 1192 1524 1224 exhibuisse,
1537 1196 1566 1218 ut
1585 1192 1656 1218 sicut
1675 1190 1791 1224 imperii,

1010 1242 1047 1269 sic
1058 1246 1084 1268 et
1098 1241 1238 1268 sententia:
1259 1239 1331 1267 illius
1351 1240 1437 1266 limres
1455 1238 1533 1266 foret.
1550 1237 1602 1265 Sed
1619 1237 1662 1264 ille
1677 1244 1735 1264 cum
1747 1237 1792 1271 jus

1009 1295 1085 1314 suum
1104 1291 1227 1322 repetere
1241 1285 1331 1317 vellet,
1349 1284 1537 1312 Vetranionem
1556 1283 1668 1318 imperio
1685 1282 1793 1310 abdica-

1010 1333 1058 1365 vit,
1075 1331 1132 1359 litec
1148 1332 1243 1358 aiens:
1262 1330 1301 1357 Ad
1324 1337 1467 1364 quemnam
1485 1332 1545 1364 post
1565 1328 1676 1355 fratrum
1689 1327 1791 1354 obitum

1010 1379 1126 1413 pertinet
1141 1378 1282 1405 hasreditas
1298 1377 1475 1411 ?quauquam
1495 1374 1679 1402 abominanda:
1691 1373 1792 1401 Christi

1011 1424 1126 1452 hostium
1153 1424 1286 1451 bmreseos
1316 1430 1409 1455 causa,
1424 1428 1473 1449 nec
1496 1421 1638 1456 quidjuris
1654 1420 1792 1452 sitnovit;

1011 1470 1063 1497 imo
1078 1477 1142 1497 vero
1157 1477 1218 1497 sese
1234 1476 1297 1503 erga
1315 1467 1414 1494 fratres
1437 1475 1500 1495 suos
1522 1467 1656 1501 ingratum
1679 1465 1791 1500 praebet.

1009 1516 1091 1550 (Injus
1106 1515 1169 1542 item
1191 1515 1324 1542 ha-reseos
1336 1514 1433 1548 gratia,
1449 1520 1483 1540 ne
1502 1512 1586 1546 patris
1600 1511 1707 1546 quidem
1731 1518 1793 1538 seu-

1011 1560 1120 1587 t-gntiam
1135 1560 1266 1594 integram
1279 1566 1389 1586 servare
1409 1558 1434 1584 in
1461 1557 1578 1584 animum
1599 1556 1703 1583 induxit
1720 1565 1727 1583 :
1745 1555 1792 1582 sed

1008 1611 1135 1641 quantum
1158 1605 1290 1632 haereticis
1305 1604 1379 1636 libet,
1402 1611 1462 1632 sese
1482 1611 1591 1630 servare
1606 1601 1732 1633 simulat;
1750 1601 1791 1628 sin

1009 1652 1149 1686 displiceat
1168 1651 1229 1682 illis,
1246 1650 1362 1678 debitam
1380 1649 1451 1685 patri
1469 1657 1517 1676 suo
1538 1647 1716 1676 reverentiam
1734 1654 1792 1673 ser-

1009 1705 1071 1724 vare
1095 1697 1187 1724 nescit.
1202 1696 1249 1724 llle
1271 1696 1402 1731 siquidem
1420 1694 1527 1722 Eusebii
1543 1699 1570 1721 et
1591 1694 1726 1721 sociorum
1747 1700 1792 1718 ca-

1009 1743 1108 1769 lumnia
1132 1743 1267 1774 inductus,
1289 1742 1444 1776 episcopum
1468 1738 1620 1767 amandavit
1640 1738 1665 1765 in
1679 1737 1792 1769 Gallias,

1008 1789 1040 1816 ad
1056 1793 1158 1824 tempus
1175 1787 1288 1820 scilicet,
1301 1794 1332 1814 ac
1345 1791 1376 1813 ut
1394 1786 1581 1813 insidiatorum
1597 1784 1790 1811 immanitatem

1007 1835 1138 1862 devitaret
1149 1833 1187 1870 (id
1199 1834 1270 1862 enim
1288 1838 1347 1868 post
1358 1834 1442 1868 patris
1454 1832 1556 1860 obitum
1568 1831 1714 1858 declaravit
1729 1830 1792 1857 bea-

1008 1886 1042 1909 tae
1063 1881 1104 1908 vir
1125 1881 1262 1908 memoria”:
1285 1878 1477 1907 Constantinus
1501 1877 1579 1910 hujus
1606 1877 1699 1909 frater,
1713 1880 1742 1902 ut
1765 1876 1792 1902 iu

1008 1928 1066 1962 ejus
1091 1927 1205 1960 epistola
1226 1932 1338 1953 cernere
1362 1924 1413 1959 est)
1428 1932 1435 1951 :
1450 1924 1670 1956 iit-nequaquam
1697 1921 1792 1948 iisdem

1010 1971 1166 2000 Eusebianis
1181 1978 1282 1998 morem
1294 1971 1387 2005 gessit,
1404 1976 1490 2003 neque
1503 1968 1575 1995 misit
1587 1974 1666 2002 quem
1681 1966 1718 1993 illi
1734 1965 1794 2000 cpi-

1008 2026 1117 2053 scopum
1141 2025 1173 2044 eo
1198 2016 1307 2043 mittere
1331 2015 1510 2050 peroptabant
1526 2023 1534 2047 ;
1550 2014 1603 2040 imo
1621 2013 1646 2040 id
1673 2012 1794 2040 volentes

1009 2063 1138 2096 coercuit,
1152 2067 1233 2097 atque
1248 2069 1304 2090 rem
1327 2068 1485 2096 aggressos,
1501 2059 1628 2095 gravibus
1645 2058 1725 2085 minis
1747 2058 1794 2085 de-

1010 2109 1116 2137 terruit.

1043 2155 1087 2182 5L
1108 2154 1163 2181 Cur
1187 2154 1277 2188 itaque
1295 2153 1318 2180 si
1340 2152 1425 2188 patris
1443 2151 1495 2184 sui,
1512 2151 1551 2177 uti
1572 2149 1677 2182 scribit,
1694 2148 1792 2183 placita

1008 2208 1118 2228 servare
1132 2200 1225 2232 voluit,
1240 2199 1326 2234 primo
1346 2198 1515 2232 Gregorium,
1528 2196 1584 2230 jam
1598 2203 1661 2222 vero
1676 2196 1793 2228 depecu-

175 2247 331 2283 Γρηγόριον,
355 2247 403 2273 καὶ
423 2246 469 2272 νῦν
483 2246 512 2272 δὲ
528 2246 573 2272 τὸν
592 2245 774 2281 ταμειοφάγον
796 2245 930 2281 Γεώργιον
947 2255 954 2279 ;

1009 2246 1119 2272 latorem
1147 2244 1289 2280 Georgium
1317 2243 1409 2271 misit?
1437 2247 1483 2268 aut
1505 2249 1553 2268 cur
1577 2240 1701 2270 Arianos,
1725 2245 1794 2273 quos

174 2294 190 2328 ἢ
210 2293 265 2328 (90)
286 2292 331 2319 διὰ
346 2292 372 2319 τί
394 2292 457 2324 τοὺς
481 2292 647 2327 ’Δρειανοὺς,
669 2292 716 2323 οὒς
735 2292 837 2323 ἐκεῖνος
850 2293 957 2327 Πορφυ-

176 2339 283 2373 ριανοὺς
298 2339 434 2373 ὠνόμασε,
448 2337 559 2369 τούτους
571 2335 647 2369 οὗτος
665 2338 704 2369 είς
717 2337 765 2373 τὴν
794 2337 956 2373 Ἐκκλησίαν

174 2386 329 2419 εἰσαγαγεῖν
357 2383 511 2416 σπουδάζει,
540 2383 585 2410 καὶ
613 2383 714 2410 τούτων
748 2383 956 2419 προϊστάμενος,

174 2430 268 2462 ἄλλους
284 2429 417 2465 ὲξορίζεις
436 2430 467 2456 Et
492 2429 520 2456 δὲ
537 2430 584 2456 καὶ
610 2428 731 2465 ἑώρακεν
752 2430 859 2465 Ἀρειον
874 2431 888 2456 ό
904 2439 958 2457 πα-

173 2476 224 2511 τὴρ
251 2475 344 2509 αὐτοῦ,
374 2475 431 2502 ἀλλ’
455 2476 621 2511 ἐπιορκήσας
646 2477 754 2512 Ἀρειος
782 2477 830 2503 καὶ
852 2477 955 2512 ραγεὶς,

173 2521 249 2549 ἔλυσε
266 2521 314 2558 τὴν
331 2522 378 2554 τοῦ
395 2522 496 2558 πατρὸς
511 2523 713 2558 φιλανθρωπίαν
729 2531 736 2537 ·
762 2523 810 2549 καὶ
838 2523 893 2558 γὰρ
909 2523 956 2549 καὶ

173 2567 264 2598 αὐτὸς,
290 2565 391 2601 μαθὼν,
411 2566 449 2598 ὠς
469 2566 607 2602 αίρετικοῦ
631 2567 687 2600 (9i)
711 2566 832 2600 κατέγνω
853 2565 953 2592 λοιπόν.

175 2612 235 2644 lli);
250 2613 349 2645 δὲκαὶ,
368 2613 601 2648 προφασιζόμενος
622 2611 773 2648 φροντίζειν
790 2611 837 2638 τοῦ
859 2611 956 2646 ἐκκλη-

222 2702 267 2737 86)
283 2703 320 2730 lta
335 2702 417 2737 Reg.,
432 2702 501 2728 Eiliti
517 2710 589 2734 vero,
605 2703 637 2729 ἂν
651 2702 690 2729 ἔτι
707 2702 760 2737 εἴη.

220 2738 264 2768 87)
282 2739 320 2764 lta
333 2737 400 2772 Reg.
414 2744 438 2773 ei
453 2737 534 2764 Basil.
551 2738 632 2768 Editi,
646 2738 737 2773 ἔθηκε.

209 2773 266 2805 (88)
283 2773 320 2799 Ita
338 2773 403 2806 Reg.
421 2772 448 2798 ln
460 2773 552 2808 editis,
567 2773 672 2808 αἵρεσιν
689 2772 781 2800 ιιεοει.
810 2772 868 2800 Mox
885 2772 962 2807 lteg.,

172 2807 552 2843 ἐνενόησενκιϋιί,ἐνόησεν.
600 2807 625 2843 ⁷7
730 2841 734 2843 Δ
778 2841 783 2843 Α
879 2839 881 2842 _
963 2810 969 2816 '

177 2839 334 2903 “(gaias
352 2842 456 2870 litteras
473 2839 532 2870 vide
547 2844 597 2870 sub
615 2842 693 2870 finem
718 2841 851 2877 Apologia.-
868 2839 959 2869 contra

200 2885 298 2904 rmnal.

213 2912 266 2948 (90)
285 2912 322 2939 Ita
338 2911 404 2947 lteg.
423 2917 448 2940 et
461 2912 526 2940 edit.
540 2911 644 2940 Comm.
663 2912 689 2940 in
712 2912 775 2940 edit.
795 2920 856 2940 rem
873 2912 958 2939 Panis.

1011 2291 1210 2326 Porphyrianos
1226 2290 1270 2316 ille
1293 2288 1522 2324 nuncupavit,liic
1545 2286 1634 2313 studet
1659 2285 1685 2310 in
1701 2283 1792 2310 Eccle-

1009 2337 1076 2363 siam
1099 2335 1278 2369 introducere,
1298 2343 1329 2361 ac
1357 2335 1419 2361 dum
1442 2332 1624 2368 patrocinatur
1640 2330 1701 2362 illis,
1727 2329 1792 2356 alios

1009 2383 1082 2418 pellit
1097 2383 1123 2409 in
1144 2382 1269 2408 exsilium
1286 2380 1376 2407 ?Nant
1398 2378 1503 2407 etiamsi
1523 2377 1617 2404 Arium
1639 2381 1714 2410 pater
1735 2376 1792 2408 ejus

1009 2429 1041 2455 ad
1058 2433 1232 2462 conspectum
1256 2426 1395 2452 admiserit
1415 2431 1502 2457 suum,
1524 2427 1550 2449 at
1567 2421 1610 2449 ubi
1626 2424 1686 2455 post
1705 2419 1794 2455 perjn-

1009 2476 1076 2501 rium
1095 2473 1176 2500 Arius
1191 2473 1329 2506 disruptus
1345 2474 1397 2502 est,
1422 2469 1506 2504 patris
1520 2468 1578 2503 ejus
1598 2466 1688 2494 amisit
1711 2467 1793 2492 bene-

1010 2520 1155 2547 volentiam
1175 2528 1180 2546 :
1207 2518 1306 2545 etenim
1327 2525 1356 2545 re
1376 2520 1512 2550 comperta
1537 2514 1582 2541 ille
1598 2513 1691 2539 Arium
1719 2511 1794 2538 deiu-

1008 2573 1070 2600 ceps
1083 2571 1110 2593 ut
1124 2565 1278 2592 hmreticum
1299 2562 1458 2598 reprobaVit.
1475 2562 1572 2594 Quare,
1587 2559 1648 2586 dum
1665 2565 1694 2585 se
1709 2557 1793 2584 sium-

1011 2612 1049 2638 lat
1079 2609 1291 2638 ecclesiasticum
1313 2614 1409 2636 curare
1435 2613 1577 2639 cauonem,
1593 2603 1683 2631 omnia
1699 2606 1794 2630 contra

1014 2701 1030 2736 ἥ
1044 2701 1129 2728 deest.
1146 2700 1176 2727 lu
1192 2699 1305 2734 cpistola
1318 2698 1486 2736 Constantini
1505 2697 1536 2724 ad
1551 2698 1690 2736 episcopos
1702 2699 1728 2736 et
1743 2701 1792 2735 po.

1015 2730 1090 2769 pulos
1101 2743 1161 2770 quae
1186 2730 1300 2761 habetur
1314 2735 1389 2770 apud
1405 2733 1524 2770 δραι-ιιι..
1543 2730 1574 2766 ρ(
1586 2732 1631 2764 52,
1642 2730 1724 2766 ’jubet
1743 2730 1793 2770 im-

1015 2764 1124 2800 imm}
1144 2775 1173 2797 ut
1199 2769 1290 2796 Ariani
1314 2764 1489 2804 Porphyriani
1514 2764 1794 2804 vocentur',_non_iine

1014 2806 1158 2847 lfurplryrii
1175 2804 1345 2840 philosophi,
1368 2800 1534 2831 'Ch'ristiana:
1556 2802 1678 2838 religioni
1702 2800 1792 2829 infen-

1012 2849 1123 2868 Sissimi.

1048 2876 1102 2912 (9i)
1121 2876 1198 2912 803.,
1213 2876 1249 2909 ὡς
1266 2873 1429 2911 αἰρετικοῦς.
