2007 3044
229 151 282 179 755

509 152 538 179 S.
560 151 745 178 ATHANASII
765 150 840 180 OPP.
859 151 950 179 PARS
968 151 988 179 Ι.
1009 167 1041 172 -
1062 151 1246 179 HISTORICA
1266 150 1309 178 ET
1329 149 1545 179 DOGMATICA.‘

1786 147 1838 174 756

229 217 358 237 canonem
377 217 454 244 agere
468 209 576 236 molilus
591 210 648 244 est}?
669 209 734 242 Quis
745 217 832 236 canon
849 210 970 244 praecipit
983 215 1009 236 ut

1062 209 1202 236 σιαστικοῦ
1225 209 1345 240 κανόνος,
1367 209 1455 236 πάντα
1484 208 1560 243 παρὰ
1591 206 1683 235 τοῦτον
1711 207 1840 241 ἐπενόησε

229 256 354 291 e'palalio
368 257 489 282 mittatur
510 255 667 290 episcopus?
698 255 763 289 Quis
777 263 861 283 canon
873 256 948 290 jubet
963 256 1011 282 mi-

230 299 288 326 liaes
302 298 429 326 invadere
453 299 582 326 ecclesias
596 299 607 326 ?
620 299 685 332 Quis
705 300 815 326 tradidit
830 301 943 328 comites
967 300 1010 327 in-

228 347 465 382 coasideratosque
479 347 611 381 spadones
625 348 817 375 ecclesiasticis
837 355 952 382 prmesse
968 355 1010 375 re-

228 392 287 424 bus,
300 398 346 418 aut
361 393 560 426 edictojudicia
577 400 668 420 eorum
684 393 728 428 qui
745 393 860 428 episcopi
883 399 1012 420 vocantur

226 437 419 473 promulgare?
432 437 510 465 Nullo
524 439 664 466 mendacio
687 446 740 466 non
763 439 846 466 utitur
860 439 904 466 ille
924 440 1012 474 impiae

227 483 339 511 haeresis
358 479 439 511 causa
456 493 462 510 :
481 491 543 511 nam
564 488 591 512 et
613 489 666 510 tum
686 489 782 518 prmter
802 484 886 518 patris
902 490 1011 511 senten-

228 530 291 556 tiam
315 529 478 564 Philagrium
501 529 620 557 secundo
643 530 716 556 misit
739 530 895 565 praefectum
912 535 938 557 et
956 530 1011 565 jam

227 575 286 602 haec
310 575 428 602 facinora
452 580 527 609 gesta
549 580 620 602 sunl.
645 574 737 609 Neque
748 583 810 602 vera
826 581 888 602 sunt
907 583 965 610 quae
980 576 1012 603 de

227 617 312 646 fratre
332 619 470 654 loquitur:
485 620 616 654 siquidem
640 625 700 654 post
718 620 808 647 fratris
828 620 941 654 obitum,
960 629 1011 648 non

229 664 312 692 s'mel
323 686 331 698 ,
350 673 436 699 neque
453 666 581 697 secundo,
597 666 643 692 sed
660 671 700 692 ter.
716 665 818 692 litteras
833 666 903 693 misit
914 666 946 693 ad
960 666 1014 701 epi.

227 718 346 745 scopum,
361 711 491 745 ﬁdemque
506 710 577 738 dedit
588 718 616 738 se
632 719 766 745 nunquam
783 711 942 738 sententiam
955 719 1013 738 mu-

228 761 345 783 taturum
364 766 370 783 :
390 755 522 791 iussitque
543 760 573 783 ut
596 755 742 784 conﬁderet
769 764 798 784 se
827 765 842 784 a
867 757 939 783 nullo
961 765 1012 783 un-

228 810 309 837 quam
338 803 552 830 conturbandum
576 802 654 835 fore;
671 803 718 830 sed
742 810 803 829 cum
831 810 924 837 magna
942 807 1014 829 tran-

227 848 360 882 quillitate
377 848 403 875 in
424 848 544 875 Ecclesia
562 855 717 874 mansurum
732 857 738 874 :
754 847 897 882 missisque
907 848 1012 875 Asteria

1062 255 1189 290 πράττειν
1204 263 1211 288 ;
1227 255 1305 286 Ποῖος
1320 255 1373 290 γὰρ
1386 254 1474 281 κανὼν
1491 254 1546 289 (9Ξ)
1559 253 1613 280 ἀπὸ
1625 253 1755 280 παλατίου
1771 253 1842 287 πέμ-

1061 299 1158 326 πεσθαι
1169 299 1214 326 τδν
1226 300 1393 331 ὲπίσκοπον;
1415 300 1450 326 Ἢ
1468 300 1542 331 ποῖος
1566 298 1656 325 κανὼν
1673 297 1842 333 στρατιώτας

1061 345 1209 372 ἐπιϐαίνειν
1234 345 1412 381 ὲκκλησίαις;
1435 345 1470 371 Ἦ
1492 344 1534 376 τίς
1557 343 1730 379 παραδέδωκε
1755 341 1842 376 κόμη-

1061 399 1111 422 τας
1128 391 1182 426 (95)
1199 391 1246 418 καὶ
1263 391 1326 421 τοὺς
1350 390 1508 424 ἀλογίστους
1524 389 1675 420 σπάδοντας
1695 389 1841 422 κατάρχειν

1061 437 1114 463 τῶν
1129 436 1370 472 ὲκκλησιαστικῶν,
1387 437 1434 463 καὶ
1447 436 1607 471 διατάγματι
1623 435 1671 470 τὴν
1687 435 1776 470 κρίσιν
1786 433 1840 459 τῶν

1062 481 1213 517 λεγομένων
1234 482 1388 508 ἐπισκόπων
1414 481 1579 517 δηλοῦσθαι;
1600 480 1692 507 Πάντα
1714 478 1840 514 ψεύδεται

1062 528 1106 555 διὰ
1117 528 1165 563 τὴν
1179 528 1283 555 ἀνόσιον
1300 527 1355 564 (94)
1370 528 1475 562 αἰρεσιν
1486 535 1493 542 ·
1511 528 1558 554 καὶ
1572 526 1626 562 γὰρ
1637 526 1712 561 παρὰ
1728 524 1840 560 γνώμην

1062 573 1109 600 τοῦ
1125 573 1224 608 πατρὸς
1237 574 1283 600 καὶ
1295 573 1355 599 τότε
1368 573 1510 608 Φιλάγριον
1530 572 1561 598 τὸ
1578 571 1700 605 δεύτερον
1718 570 1840 605 ἔπεμψεν

1063 619 1191 654 ἔπαρχον,
1211 618 1305 645 καὶτὰ
1326 618 1373 645 νῦν
1386 618 1518 653 γενόμενα
1535 617 1640 652 γέγονε.
1661 616 1714 643 Καὶ
1733 616 1775 642 διὰ
1793 615 1840 641 τὸν

1064 664 1176 697 ἀδελφὺν
1192 664 1220 690 δὲ
1242 664 1291 690 οὐκ
1315 663 1441 698 ἀληθεύει
1455 672 1462 679 ’
1480 663 1527 690 καὶ
1553 663 1607 698 γὰρ
1627 662 1675 689 καὶ
1699 661 1767 697 μετὰ
1793 661 1839 686 τὸν

1064 711 1167 738 ἐκείνου
1179 711 1291 738 θάνατον
1307 711 1356 746 οὐχ
1369 710 1451 743 ἅπαξ,
1474 710 1535 737 οὐδὲ
1552 710 1685 745 δεύτερον,
1704 708 1771 736 ἀλλὰ
1792 708 1840 734 καὶ

1063 756 1152 790 τρίτον
1165 756 1265 792 ἔγραψε
1278 755 1317 791 τῷ
1330 756 1469 791 ὲπισκόπῳ
1482 765 1488 771 ·
1504 755 1550 782 καὶ
1565 755 1645 782 πάλιν
1657 753 1838 789 ἐπηγγείλατο

1063 802 1100 837 μὴ
1123 801 1354 837 μεταϐάλλεσθαι·
1372 801 1438 828 ἀλλὰ
1462 801 1508 828 καὶ
1538 801 1648 837 θαρρεῖν
1673 798 1839 835 παρεκελεύ-

1063 856 1138 879 σατο,
1155 848 1225 874 ὥστε
1247 847 1301 884 (95)
1320 848 1394 883 παρὰ
1417 848 1529 883 μηδενὸς
1550 847 1630 874 αὑτὸν
1647 845 1837 881 ταράττεσθαι,

227 894 325 920 comite
344 898 372 920 et
389 893 508 920 Palladio
530 893 644 925 notario,
660 892 742 927 jussit
756 892 922 920 Felicissimo
947 897 1009 920 tunc

1059 895 1126 922 ἀλλὰ
1138 896 1184 922 καὶ
1202 896 1293 930 μένειν
1309 896 1339 922 ὲν
1351 896 1384 931 τῇ
1407 894 1553 929 Ἐκκλησία
1579 892 1647 928 μετὰ
1666 891 1755 925 πάσης
1772 890 1840 925 άμε-

228 938 355 972 temporis
367 938 438 970 duci,
453 943 480 965 et
499 937 623 965 Nestorio
650 937 774 972 praelecto
788 947 795 969 ;
825 943 854 965 ut
876 938 932 965 sive
947 937 1009 965 Phi-

227 984 314 1018 lippus
335 983 493 1018 praefectus,
513 984 571 1010 sive
593 983 661 1010 alius
682 984 814 1019 quispiam
838 990 919 1011 ausus
938 988 1009 1011 esset

227 1029 374 1057 Athanasio
386 1029 517 1061 insidiari,
533 1033 656 1057 arcerent
673 1029 735 1064 ipsi.

261 1167 306 1196 52.
316 1167 485 1202 Quapropter
499 1175 559 1195 cum
575 1168 684 1195 advenit
699 1168 1010 1203 Diogenes,insidiasqne

228 1214 479 1249 paravitSyrianus,
494 1218 557 1241 tunc
570 1214 623 1247 ille,
636 1222 684 1241 nos
699 1215 762 1241 item
778 1219 858 1249 atque
866 1215 954 1250 populi
967 1215 1011 1242 lit-

229 1264 300 1285 teras
313 1259 515 1293 postulabamus
530 1259 710 1293 imperatoris,
726 1260 787 1292 rati,
803 1260 929 1294 quoniam
945 1260 1011 1287 scri-

228 1309 301 1338 ptum
317 1309 367 1336 est,
397 1303 509 1330 Nullum
520 1305 761 1339 mendaciumnpud
779 1313 863 1339 regem
871 1313 915 1332 ore
924 1306 1011 1340 profe-

229 1348 387 1382 ratur“,sic
400 1355 486 1382 neque
497 1348 685 1382 imperatorem
695 1349 738 1382 qui
749 1349 828 1376 tidem
837 1350 1008 1381 dederit,eaiu

229 1393 389 1420 violaturum
404 1394 752 1427 unquam,autsenlentiam
769 1399 930 1421 mutaturum
941 1403 1010 1425 esse,

227 1438 502 1474 Cur297itaque,si
515 1439 605 1466 fratris
615 1443 715 1466 tantum
726 1440 810 1473 gratia
825 1447 872 1467 nos
887 1441 1013 1475 remigra-

229 1491 257 1511 re
273 1485 415 1516 concessit,
437 1489 497 1518 post
515 1484 571 1518 ejus
588 1484 688 1511 obitum
707 1485 810 1512 litteras
826 1485 918 1512 misit?
937 1485 1011 1519 Quod

227 1530 250 1557 si
268 1529 336 1557 illius
360 1531 495 1557 memoriae
511 1531 596 1557 aratia
616 1538 647 1558 ea
664 1531 818 1565 scripserit;
842 1538 892 1558 cur
904 1533 1007 1558 tandem

228 1579 320 1608 postea
341 1582 401 1602 sese
418 1575 494 1604 fratri
510 1575 641 1610 ingratum
656 1575 793 1610 praestitit,
809 1576 852 1601 ubi
870 1575 1004 1603 hominem

228 1624 386 1654 persecutus
409 1625 466 1652 est,
491 1627 522 1647 ac
545 1621 608 1647 dum
630 1621 658 1647 in
681 1621 777 1648 litteris
802 1620 858 1647 suis
876 1621 1007 1655 judicium

228 1664 346 1692 obtendit
362 1665 564 1699 episcoporum,
585 1666 696 1692 arbitrio
717 1665 761 1692 ille
776 1673 824 1692 suo
841 1673 896 1692 rem
921 1666 1009 1699 gerit?

228 1708 291 1735 licet
305 1709 415 1736 minime
436 1709 531 1742 lateat,
554 1710 600 1737 sed
616 1710 642 1736 in
663 1710 786 1744 proximo
809 1709 864 1736 sint
887 1709 1007 1736 vafritiei

229 1754 299 1781 illius
323 1755 497 1790 argumenta?
520 1755 547 1782 Si
579 1762 695 1789 namque
722 1755 786 1782 illud
819 1755 1006 1789 episcoporum

229 1801 365 1828 decretum
383 1806 440 1833 est,
464 1801 526 1836 quid
544 1801 607 1828 illud
630 1802 726 1828 attinet
745 1801 778 1828 ad
801 1801 1008 1836 imperatorem?

228 1847 270 1873 sin
287 1847 464 1881 imperatoria:
486 1847 564 1873 mina:
587 1852 660 1879 sunt,
680 1847 744 1881 quid
765 1855 832 1882 opus
853 1847 1008 1874 hominibus

229 1892 391 1926 nuncupatis
423 1893 577 1927 episcopis?
602 1892 777 1926 Quandouam
802 1901 817 1919 a
841 1893 938 1920 saeculo
964 1900 1007 1919 res

229 1938 379 1971 hujusmndi
388 1938 477 1965 audita
489 1944 526 1965 est
537 1939 549 1965 ?
559 1939 727 1972 quandonam
736 1939 860 1966 Ecclesia)
870 1939 1006 1966 decretum

229 1983 263 2009 ab
277 1983 436 2017 imperatore
449 1984 550 2017 accepit
564 1985 762 2016 auctoritatem,
780 1991 824 2011 aut
840 1992 887 2018 pro
899 1984 1007 2012 decreto

230 2027 295 2054 illud
318 2027 438 2054 habitqu
461 2029 520 2054 est?
541 2028 629 2055 Multa:
652 2029 765 2056 antehac
787 2030 881 2064 synodi
907 2034 1008 2056 coactae

230 2078 312 2100 sunt:
334 2073 416 2099 multa
435 2073 559 2107 prodiere
579 2072 705 2100 Ecclesiae
724 2074 850 2105 decreta;
869 2075 914 2101 sed
939 2082 1008 2111 nuu-

231 2126 310 2153 quam
336 2118 428 2145 Patres
452 2126 494 2147 res
520 2119 671 2153 huiusmodi
698 2119 853 2154 imperatori
879 2127 1005 2153 suasere,

231 2171 366 2198 nunquam
390 2163 536 2198 imperator
557 2163 736 2191 ecclesiastica
769 2165 874 2191 curiose
897 2164 1006 2199 perqui-

1060 941 1168 976 ριμνίας
1183 949 1189 956 ·
1208 939 1254 967 καὶ
1269 939 1377 972 ἐντολὰς
1391 940 1419 967 δὲ
1441 940 1475 966 δι’
1497 939 1634 974 Ἀστερίου
1652 937 1769 971 κόμητος
1783 934 1837 969 (96)

1059 986 1105 1012 καὶ
1131 986 1277 1013 Παλλαδίου
1300 986 1422 1022 νοταρίου
1451 985 1556 1020 ἔπεμψε
1585 982 1771 1019 Φηλικισσίμῳ
1799 980 1839 1015 τῷ

1058 1032 1118 1058 τότε
1131 1033 1217 1063 δουκὶ,
1243 1032 1289 1059 καὶ⁸
1313 1031 1450 1068 Νεστορίῳ
1465 1031 1503 1066 τῷ
1517 1030 1637 1065 ἐπάρχῳ,
1664 1030 1707 1056 ἵνα
1725 1028 1777 1054 εἴτε
1790 1026 1837 1053 Φίκ

1058 1077 1155 1109 λιππος
1171 1079 1185 1104 ὁ
1199 1077 1325 1113 ἔπαρχος,
1342 1078 1397 1104 εἴτε
1410 1085 1452 1109 τις
1469 1077 1546 1108 ἄλλος
1561 1074 1745 1102 ἐπιϐουλεύειν
1761 1072 1838 1099 Ἀθα-

1058 1124 1143 1159 νασίῳ
1155 1123 1295 1159 τολμήσοι,
1310 1123 1402 1150 τοῦτον
1419 1124 1516 1150 ἐκεῖνοι
1529 1121 1680 1149 χωλύωσιν.

1093 1170 1136 1197 52.
1151 1170 1200 1196 Διὰ
1210 1169 1288 1196 τοῦτο
1303 1169 1355 1204 γὰρ
1371 1170 1416 1196 καὶ
1429 1170 1473 1196 ὅτε
1487 1169 1613 1203 Διογένης
1631 1165 1707 1202 ἦλθε,
1722 1165 1770 1192 καὶ
1789 1165 1838 1190 Συ-

1060 1216 1150 1252 ριανδς
1172 1216 1340 1252 ἐνήδρευσεν,
1366 1216 1445 1247 αὑτός
1466 1224 1495 1242 τε
1523 1214 1579 1251 (97)
1598 1214 1644 1240 καὶ
1656 1213 1745 1248 ἡμεῖς,
1768 1211 1840 1238 καὶὸ

1058 1261 1121 1293 λαὸς
1138 1261 1294 1298 ἀητοῦμεν
1306 1261 1455 1296 γράμματα
1465 1259 1510 1286 τοῦ
1522 1259 1661 1295 βασιλέως,
1674 1257 1838 1292 νομίζοντες,

1058 1307 1108 1339 ὅτι,
1123 1306 1216 1342 ὥσπερ
1231 1307 1384 1341 γέγραπται
1394 1326 1400 1338 ,
1415 1306 1516 1339 Μηδὲν
1529 1304 1641 1339 ψεῦδος
1656 1302 1715 1330 ἀπὸ
1729 1302 1839 1335 στόμα-

1059 1361 1110 1385 τος
1125 1352 1256 1386 λεγέσθω
1267 1351 1399 1384 βασιλεῖ,
1413 1351 1483 1378 οὕτω
1496 1351 1542 1378 καὶ
1560 1349 1692 1385 βασιλεὺς,
1711 1349 1840 1381 ἐπαγγει-

1060 1397 1184 1432 λάμενος,
1199 1397 1260 1423 οὔτε
1273 1397 1412 1432 ψεύσεται,
1429 1397 1490 1425 οὕτε
1514 1396 1754 1432 μεταϐληθήσεται.
1776 1394 1839 1425 Πῶς

1060 1442 1116 1475 οὖν,
1134 1445 1157 1470 εἰ
1174 1444 1217 1470 διὰ
1243 1444 1288 1470 τὸν
1306 1444 1418 1478 ἀδελφὸν
1445 1442 1640 1478 συνεχώρησεν,
1668 1441 1768 1477 ἔγραψε
1791 1439 1840 1466 καὶ

1062 1489 1130 1524 μετὰ
1144 1489 1256 1516 Θάνατον
1269 1489 1369 1521 ani-.06;
1385 1490 1416 1516 Et
1431 1489 1459 1515 δὲ
1477 1489 1525 1516 καὶ
1535 1489 1593 1515 τότε
1613 1487 1654 1514 διὰ
1666 1487 1715 1522 τὴν
1731 1486 1837 1513 ἐκείνου

1021 1553 1042 1582 C
1061 1535 1169 1570 μνήμην
1186 1534 1298 1569 ἔγραψε,
1315 1534 1358 1561 διὰ
1370 1534 1396 1560 τί
1412 1534 1480 1569 μετὰ
1495 1533 1581 1561 ταῦτα
1597 1532 1627 1559 τὸ
1640 1532 1696 1559 ὅλον
1712 1530 1839 1581 ὴγνωιιό-

1059 1588 1138 1614 νησεν
1161 1579 1250 1612 αὐτὸν,
1277 1579 1380 1606 διώκων
1408 1579 1454 1605 τὸν
1482 1579 1635 1615 ἄνθρωπον,
1654 1578 1700 1604 καὶ
1725 1575 1840 1603 τοιαῦτα

1057 1625 1180 1659 γράφων,
1199 1626 1227 1651 ὲν
1242 1622 1282 1656 οἷς
1297 1624 1492 1660 προφασίζεται
1507 1625 1556 1660 μὲν
1566 1625 1656 1660 κρίσιν
1672 1624 1840 1656 ἐπισκόπων,

1058 1672 1171 1707 πράττει
1196 1671 1224 1698 δὲ
1249 1671 1329 1704 αὐτὸς
1357 1672 1394 1704 ὡς
1421 1671 1454 1699 ἂν
1475 1672 1550 1707 αὐτῷ
1568 1673 1644 1707 δοκῇ,
1658 1673 1689 1698 ού
1702 1671 1841 1698 λανθάνων

1057 1718 1141 1752 ὅμως,
1157 1717 1224 1744 ἀλλὰ
1241 1718 1286 1744 καὶ
1299 1718 1380 1752 ἐγγὺς
1396 1717 1465 1753 ἔχων
1481 1718 1526 1745 τὸν
1540 1718 1648 1753 ἔλεγχον
1664 1719 1712 1753 τῆς
1727 1725 1841 1751 πανουρ-

1057 1763 1120 1797 γίας
1138 1772 1144 1794 ;
1163 1763 1193 1789 Et
1209 1762 1263 1798 γὰρ
1280 1763 1435 1789 ἐπισκόπων
1450 1763 1507 1789 ἐστὶ
1524 1763 1623 1799 κρίσις,
1641 1764 1667 1790 τί
1680 1763 1768 1790 κοινὸν
1782 1762 1839 1797 ἔχει

1058 1809 1125 1844 πρὸς
1139 1808 1240 1843 ταύτην
1257 1808 1383 1843 βασιλεύς
1396 1817 1403 1841 ;
1420 1809 1482 1835 εἰδὲ
1496 1808 1627 1844 βασιλέως
1642 1809 1716 1835 ἐστὶν
1730 1808 1838 1840 ἀπειλὴ,

1057 1853 1099 1885 τίς
1112 1853 1228 1880 ἐνταῦθα
1240 1853 1319 1889 χρεία
1336 1854 1390 1880 τῶν
1406 1853 1557 1888 λεγομένων
1574 1853 1729 1880 ἐπισκόπων
1747 1861 1754 1885 ;
1768 1853 1837 1878 Πότε

1057 1899 1110 1934 γὰρ
1127 1899 1159 1925 ὲκ
1176 1899 1223 1925 τοῦ
1250 1899 1346 1930 αἰῶνος
1369 1898 1491 1933 ἠκούσθη
1502 1898 1612 1925 τοιαῦτα
1630 1907 1637 1932 ;
1663 1898 1727 1924 πότε
1750 1897 1840 1933 κρίσις

1064 1943 1225 1978 Ἐκκλησίας
1248 1943 1323 1978 παρὰ
1349 1942 1479 1978 βασιλέως
1502 1942 1556 1977 (98)
1579 1943 1640 1977 ἔσχε
1661 1942 1691 1969 τὸ
1711 1941 1839 1977 κῦρος,ἢ

1057 1988 1124 2020 ὅλως
1138 1987 1259 2022 ἐγνώσθη
1275 1987 1305 2014 τὸ
1321 1988 1406 2023 κρῖμα
1424 1995 1431 2019 ;
1450 1986 1549 2013 Πολλαὶ
1564 1987 1665 2013 σύνοδοι
1683 1986 1735 2022 πρὸ
1745 1987 1840 2013 τούτου

1057 2033 1182 2068 γεγόνασι
1198 2040 1204 2047 “
1219 2032 1303 2058 πολλὰ
1318 2032 1439 2067 κρίματα
1454 2031 1504 2066 τῆς
1527 2031 1688 2066 Ἐχκλησὶας
1702 2030 1814 2064 γέγονεν
1829 2038 1836 2044 ·

1056 2078 1113 2105 ἀλλ’
1126 2077 1186 2104 οὔτε
1202 2079 1226 2104 οἱ
1242 2077 1361 2113 Πατέρες
1376 2077 1429 2112 (99)
1444 2076 1554 2103 ἔπεισάν
1570 2085 1635 2102 ποτε
1660 2076 1723 2111 περὶ
1737 2075 1840 2102 τούτων

1058 2123 1178 2159 βασιλέα,
1192 2123 1252 2149 οὔτε
1266 2122 1390 2157 βασιλεὺς
1413 2122 1448 2149 τὰ
1467 2122 1518 2157 τῆς
1536 2121 1697 2156 Ἐκκλησίας
1717 2129 1839 2156 περιειρ-

1058 2169 1169 2203 γάσατο.
1187 2168 1291 2199 Παῦλος
1305 2168 1450 2199 ἀπόστολος
1471 2165 1526 2202 εἶχε
1549 2167 1640 2202 φίλους
1653 2167 1716 2197 τοὺς
1731 2166 1781 2201 τῆς
1791 2165 1839 2192 τοῦ

230 2209 303 2235 sivit.
318 2209 357 2236 Ex
378 2209 494 2237 Caesaris
521 2209 676 2236 domesticis
700 2209 809 2244 quidam
833 2209 917 2236 Paulo
942 2217 1005 2243 apo-

1059 2213 1196 2248 Καίσαρος
1221 2213 1258 2249 (‘1)
1285 2213 1382 2246 οἰκίας,
1408 2213 1455 2240 καὶ
1480 2213 1592 2249 γράφων
1618 2211 1753 2247 ἠσπάζετο
1776 2212 1840 2243 τοὺς

230 2253 298 2280 stolo
317 2254 397 2280 amici
423 2254 514 2287 fuere,
540 2261 653 2288 quorum
684 2254 791 2281 nomine
823 2253 1007 2289 Philippenses

230 2299 486 2334 illeinEpistolasua
495 2299 621 2327 salutavit
634 2299 674 2332 ¹¹;
694 2299 739 2326 sed
757 2306 927 2333 nequaquam
948 2300 1007 2327 illos

227 2343 389 2378 iudiciorum
413 2350 551 2372 consortes
566 2345 684 2372 admisit.
707 2343 766 2371 Jam
784 2351 846 2371 vero
867 2349 1007 2378 spectacu-

229 2390 283 2416 lum
307 2398 417 2424 novum,
437 2391 508 2425 quod
525 2391 630 2418 Arianae
656 2391 765 2418 hmresis
792 2391 928 2417 inventum
944 2397 1005 2419 est:

256 2438 287 2479 ν²⁵
302 2438 386 2467 Eccli.
398 2438 500 2471 “1,15,
517 2438 559 2465 14.
609 2438 633 2454 ’⁵
652 2438 766 2473 Philipp.
779 2445 816 2470 ιν,
838 2437 883 2464 22.

264 2496 320 2531 (92)
336 2495 374 2537 Ita
390 2494 456 2537 ἷξες.
472 2494 602 2537 et‘Basil:
623 2495 691 2537 IlI-diti
708 2503 772 2537 vero
794 2495 846 2537 γὰρ
868 2495 929 2537 κᾶγ,
947 2502 1007 2537 per:

229 2529 332 2566 peram.
348 2529 441 2566 Paulo
457 2534 517 2564 post
539 2529 611 2562 editi,
629 2530 663 2566 Ἦ
682 2530 756 2566 ποῖος
774 2529 942 2565 γὰρκανών,
962 2531 1007 2556 sed

230 2565 487 2602 V‘fépiexpuuximus.
503 2565 573 2597 quod
583 2565 653 2602 desit
668 2566 694 2591 in
710 2565 774 2602 lteg.

265 2598 321 2635 (95)
332 2600 426 2635 Regi
436 2599 568 2635 adiat-mg.
577 2601 614 2635 (de
627 2607 710 2627 more.
722 2599 782 2626 Mox
791 2599 857 2634 Reg.
873 2605 899 2628 et
911 2598 1004 2631 Basil.,

230 2635 390 2666 σπάδοντας.
408 2634 490 2665 Editi.
503 2634 677 2666 σπεύδοντας,
695 2635 773 2662 male.

265 2670 320 2704 (94)
332 2669 370 2695 Ita
386 2669 450 2703 Reg.
466 2669 536 2696 Editi
551 2677 625 2700 vero,
640 2669 761 2704 ἀνόητον.

266 2705 322 2740 (95)
332 2705 418 2740 jac-.2
432 2704 560 2740 pﬁediti,
574 2705 621 2740 sed
640 2705 677 2739 μή
691 2704 762 2738 quod
776 2704 845 2731 desit
858 2704 884 2730 in
900 2703 956 2738 Reg
979 2708 1006 2730 ct

230 2738 410 2772 superellhtat,
428 2738 557 2765 omissuu.
574 2738 645 2765 fuit;
672 2738 675 2739 ⁷
713 2764 715 2766 τ

266 2773 320 2809 (96)
334 2773 412 2808 Reg.,
428 2773 539 2808 κόμιτος
562 2773 633 2809 νιδῑιι.
655 2781 723 2803 vox.
743 2774 866 2809 νοταρίου
889 2773 1004 2809 deestiu

266 2782 320 2809 (an)
334 2782 412 2808 ηομ
428 2782 539 2808 κομιτος
568 2782 633 2800 tom.
655 2782 723 2803 vox.
743 2782 806 2800 νοτα
828 2782 866 2799 ιου
889 2782 964 2800 aeeSt
981 2782 1004 2798 Ill

230 2808 320 2868 editiis,
335 2809 380 2835 sed
397 2809 492 2843 legitur
509 2816 535 2836 In
559 2808 622 2843 ltcg.
646 2809 704 2836 Mox
717 2809 786 2836 idem
809 2782 916 2843 Regius,
935 2807 1006 2834 Φιλι-

230 2850 293 2868 κισσ
307 2851 358 2868 uc.

230 2850 358 2877 κισσιμς.

1060 2258 1256 2295 Φιλιππησίους
1283 2259 1337 2286 ἀπὸ
1367 2258 1486 2286 τούτων·
1504 2259 1560 2285 ἀλλ’
1578 2258 1627 2285 οὐκ
1651 2259 1690 2288 είς
1716 2257 1838 2293 κρίματα

1059 2303 1170 2335 τούτους
1211 2304 1354 2336 κοινωνοὺς
1381 2303 1583 2339 παρελάμϐανε.
1608 2303 1665 2329 Νῦν
1693 2302 1721 2329 δὲ
1750 2301 1840 2337 θέαμα

1060 2349 1162 2381 καινὸν,
1178 2350 1224 2376 καὶ
1240 2349 1318 2376 τοῦτο
1331 2350 1379 2384 τῆς
1402 2349 1543 2384 ’Δρειανῆς
1559 2347 1690 2383 αἱρέσεώς
1711 2348 1782 2374 ἐστιν
1793 2347 1840 2373 εὗ-

1059 2401 1134 2428 ρημα
1146 2402 1152 2408 ·
1175 2393 1305 2427 συνῆλθον
1328 2394 1382 2429 γὰρ
1402 2393 1533 2428 αἱρετικοὶ
1550 2393 1596 2419 καὶ
1613 2391 1736 2426 βασιλεὺς
1762 2392 1841 2417 Κων-

1096 2493 1152 2528 (97)
1164 2493 1248 2525 Δὺτός
1260 2501 1300 2523 τε,
1321 2493 1437 2528 quinam
1450 2492 1494 2519 hic
1512 2491 1545 2518 ab
1568 2491 1716 2528 Athanasio
1737 2498 1841 2528 memo-

1061 2525 1316 2561 retur,'haudtacile
1326 2525 1368 2554 est
1381 2527 1532 2559 conjectare
1552 2535 1560 2553 :
1579 2526 1629 2552 nisi
1650 2527 1718 2552 forte
1730 2545 1737 2557 ,
1757 2525 1840 2557 αὑτός

1060 2572 1099 2593 τε,
1116 2564 1239 2599 niemlum
1257 2563 1291 2589 sit
1309 2570 1356 2599 pro
1374 2562 1445 2599 τότε.
1456 2562 1588 2599 quod_voa
1605 2561 1648 2586 ὅτε
1666 2560 1840 2599 paulo~supe-

1061 2600 1116 2624 rius
1144 2597 1229 2630 posita
1248 2595 1361 2624 suadere
1384 2595 1498 2624 videtur.
1523 2595 1606 2623 Paulo
1624 2600 1685 2628 post
1709 2595 1756 2621 τοῦ
1777 2601 1841 2620 ante

1060 2631 1188 2667 βασιλέως
1206 2631 1280 2667 deest
1295 2632 1321 2658 in
1336 2631 1401 2666 Reg.

1093 2667 1146 2701 (98)
1159 2666 1194 2701 Ita
1206 2665 1270 2700 Reg.
1283 2667 1342 2693 cod.
1353 2663 1431 2700 quiem
1442 2666 1516 2700 sequi
1529 2666 1614 2692 visunt
1626 2668 1678 2691 est.
1689 2663 1772 2696 Editi,
1789 2672 1842 2690 τια-

1061 2702 1094 2737 ρὰ
1108 2701 1154 2737 τοῦ
1168 2700 1314 2737 βασιλέως,

1095 2736 1150 2771 (99)
1165 2733 1210 2762 Sic
1224 2735 1288 2771 llcg.
1305 2735 1372 2762 Editi
1387 2742 1461 2768 vero,
1478 2733 1753 2770 πρεσὸύτεροι,ειιῇυε
1761 2740 1839 2760 men—

1060 2772 1086 2799 di
1101 2770 1209 2796 causam
1223 2770 1283 2797 vide
1295 2778 1386 2804 supra.

1061 2841 1080 2869 Β
1094 2806 1132 2839 (t)
1148 2805 1228 2838 Editi,
1250 2806 1311 2838 τοὺς
1324 2803 1373 2832 τῆς
1390 2804 1436 2832 τοῦ
1455 2805 1602 2841 Καισαρος.
1623 2803 1692 2834 Τοὺς
1713 2804 1788 2831 deest
1811 2803 1839 2830 in

1083 2850 1124 2869 Ct:-

1071 2842 1124 2876 leg.
