2007 3044
174 195 226 223 757

647 189 812 219 HISTORIA
831 187 1036 217 ARIANORUM
1054 188 1099 216 AD
1119 185 1311 215 MONACHOS.

1733 182 1784 210 758

176 253 307 284 στάντιος,
319 252 363 280 ῐνα
379 253 513 284 κάκεῖνος,
527 251 575 287 τὴν
588 251 744 278 ἐπισκόπων
765 250 835 285 έχων
851 249 956 284 πρόφα-

1009 248 1125 275 hazretici
1139 255 1199 275 cum
1217 248 1377 280 imperatore
1390 243 1548 272 Constantio
1560 250 1610 269 una
1623 247 1784 272 convenere,

176 307 228 329 σιν,
242 300 274 334 τῇ
290 298 399 333 ἐξουσίᾳ
412 297 470 324 καθ’
489 294 525 323 ὧν
541 297 574 324 ἂν
588 296 673 323 ἐθέλοι
696 295 743 331 (2),
767 295 886 331 πράττῃ,
910 295 957 320 καὶ

175 344 278 371 διώκων
295 345 331 380 μὴ
345 344 449 378 λέγοιτο
465 342 580 378 διώκτης
592 351 598 357 ·
615 342 661 368 καὶ
673 338 745 368 οὗτοι
765 341 805 372 δέ,
822 340 868 376 τὴν
883 340 958 375 βασι-

175 389 242 421 λέως
256 389 362 425 ἔχοντες
376 388 542 421 δυναστείαν,
560 387 769 414 ἐπιδουλεύωσιν
785 384 826 418 οἷς
841 386 874 413 ἂν
899 386 958 412 ὲθέ-

175 433 241 460 λωσι
260 442 267 449 ·
298 433 403 460 θέλουσι
419 433 447 459 δὲ
463 434 519 464 τοῖς
551 432 588 468 μὴ
616 432 768 463 ἀσεϐοῦσιν,
800 432 839 463 ὡς
869 431 956 458 αὐτοί.

177 479 261 505 Τοῦτο
282 479 310 505 δὲ
325 479 362 511 ὡς
383 479 429 505 ἐπὶ
452 478 552 514 σκηνῆς
574 479 606 505 ἂν
624 486 665 509 τις
679 477 727 504 ίδοι
743 476 957 512 κωμῳδούμενον

179 525 242 560 παρ’
260 525 349 556 αὐτοῖς
363 533 370 540 ·
388 525 434 551 καὶ
457 525 518 556 τοὺς
539 524 587 558 μὲν
610 523 769 559 λεγομένους
792 523 957 554 ἐπισκόπους

179 570 417 606 ὑποκρινομένους,
447 570 492 597 τὸν
521 570 548 596 δὲ
575 569 761 596 Κωνστάντιον
786 568 820 595 τὰ
846 568 960 595 ἐκείνων

179 615 349 650 ἐνεργοῦντα,
377 615 423 642 καὶ
444 615 524 642 πάλιν
550 614 781 649 ἐπαγγελλόμενον
793 614 897 645 τοῦτον,
920 613 957 645 ὠς

185 660 305 695 Ἡρώδης
321 661 370 695 τῆς
397 661 559 696 Ἡρωδιάδος
575 669 581 675 ⁸
600 660 709 692 τούτους
723 660 751 686 δὲ
768 659 849 686 πάλιν
862 660 956 694 ὀρχου-

181 705 276 741 μένους
294 706 342 737 τὰς
356 706 480 738 διαϐολὰς
499 707 545 732 ἐπὶ
561 705 696 742 ἐξορισμῷ
714 706 761 732 καὶ
774 705 880 741 θανάτῳ
903 705 957 732 τῶν

178 753 217 783 εὶς
231 751 277 778 τὸν
296 751 396 787 Κύριον
413 751 605 779 εὐσεϐούντων.

214 839 257 866 55.
276 840 342 867 Τίνα
355 838 401 867 οὖν
421 841 470 867 οὐκ
485 840 602 874 ἔϐλαψαν
617 839 818 872 διαϐάλλοντες;
834 839 913 866 τίνων
925 839 956 866 οὐ

178 885 319 919 γεγόνασιν
333 886 467 913 ἐπίϐουλοι
484 887 508 913 οί
520 885 719 922 Χριστομάχοι;
735 885 794 912 τίνα
810 885 955 912 Κωνστάν-

178 941 233 964 τιος
241 933 290 959 οὐκ
301 933 411 969 ἐξώρισε
420 933 611 968 κατενεχθέντα
621 933 684 968 παρ’
693 932 795 965 αὑτῶνς
805 933 867 958 πότε
877 940 959 958 κατα-

178 977 283 1013 θυμίως
296 979 384 1005 αὐτῶν
397 979 446 1006 οὐκ
462 979 579 1015 ήκουσε;
595 979 641 1005 καὶ
662 977 692 1004 τὸ
718 978 877 1013 παράδοξον,
899 978 958 1004 τίνα

179 1022 288 1050 πώποτε
304 1024 415 1058 λέγοντα
425 1024 490 1051 ’κατ’
505 1024 614 1051 ἐκείνων
626 1023 742 1055 ἐδέξατο,
755 1024 801 1050 καὶ
812 1024 841 1050 οὺ
860 1024 958 1059 μᾶλλον

178 1068 304 1102 λέγοντας
323 1068 440 1100 ἐκείνως
456 1066 498 1095 οἷα
514 1069 564 1096 κᾶν
580 1069 691 1095 εἴπωσιν
714 1068 875 1102 ἀπεδέξατο;
895 1068 959 1095 ποία

185 1113 330 1148 Ἐκκλησία
346 1113 392 1140 νῦν
407 1114 453 1140 τὸν
468 1113 583 1149 Χριστὸν
601 1114 659 1148 μετ’
676 1113 828 1149 ἐλευθερίας
838 1122 958 1149 προσκυ-

177 1160 234 1191 νεῖ;
256 1158 288 1186 ἄν
297 1167 327 1185 τε
336 1158 389 1194 γὰρ
401 1158 513 1194 εὐσεϐὴς
528 1156 555 1195 ᾖ,
571 1159 732 1185 κινδυνεύει”
748 1159 780 1186 ἄν
793 1167 822 1184 τε
840 1159 877 1194 (5)
892 1159 958 1184 ὑπο-

177 1204 312 1240 κρίνηται,
329 1204 459 1238 φοῦεἴται.
477 1204 567 1230 Πάντα
578 1203 746 1239 ὑποκρίσεως
759 1203 806 1230 καὶ
823 1203 957 1236 άσεῦείας,

177 1250 238 1275 ὅσον
259 1250 298 1281 είς
311 1249 390 1276 αὑτὸν
402 1246 463 1285 ἧκε,
478 1249 666 1285 πεπλήρωκεν.
680 1249 711 1275 El
725 1248 778 1284 γὰρ
792 1249 838 1275 καί
856 1249 905 1275 πού
917 1249 959 1281 τίς

178 1295 249 1321 ἐστιν
270 1294 384 1330 εὐσεϐὴς
406 1295 453 1321 καὶ
472 1295 640 1330 φιλόχριστος
664 1294 738 1330 (εἰσὶ
767 1294 796 1320 δὲ
822 1295 958 1329 πανταχοῦ

178 1339 270 1366 πολλοὶ
283 1340 407 1372 τοιοῦτοι,
418 1340 455 1371 ὡς
470 1341 494 1367 οἱ
511 1340 646 1376 προφῆται
659 1340 705 1367 καὶ
719 1340 810 1372 Ἠλίας
819 1341 832 1366 ὁ
845 1340 957 1376 μέγας),

178 1386 353 1422 κρύπτονται,
376 1387 408 1414 άν
433 1395 483 1412 που
502 1387 539 1422 (4)
560 1386 606 1413 καὶ
621 1386 708 1418 αὐτοὶ,
730 1386 767 1418 ὼς
783 1386 827 1412 τὸν
843 1386 956 1419 Ἀϐδιοῦ,

177 1432 271 1459 πιστὸν
287 1432 427 1468 ἄνθρωπον
440 1432 549 1468 εὕρωσι,
560 1432 606 1459 καὶ
619 1432 635 1468 ἧ
652 1433 692 1464 εἰς
709 1432 837 1468 σπήλαιον
853 1432 899 1458 καὶ
909 1432 958 1464 τὰς

806 1477 820 1492 κ

177 1478 246 1510 ὀπὰς
263 1478 313 1513 τῆς
327 1479 379 1514 γῆς
393 1478 554 1510 ἀπέλθωσιν,
565 1478 582 1513 ἢ
598 1478 640 1506 ἐπ’
654 1478 781 1515 ἐρημίαις
848 1486 957 1514 περιερ-

1008 300 1037 321 ιιι
1052 293 1096 321 ille
1110 293 1294 328 episcoporum
1304 291 1425 322 obtentu,
1444 297 1510 324 quos
1521 288 1628 316 libuerit
1639 286 1784 319 adoriatur,

1007 346 1038 366 ac
1046 338 1299 372 licetpersequatur,
1307 339 1462 371 persecutor
1470 339 1558 361 tamen
1565 331 1782 364 ntinimeaudiat;

1008 384 1124 411 haeretici
1145 390 1209 411 vero
1231 381 1398 416 imperatoris
1423 380 1582 407 auctoritate
1606 377 1785 411 freti,quibus

1007 430 1140 458 voiuerint
1155 428 1268 456 insidias
1288 428 1418 454 tendant:
1437 426 1550 453 tendunt
1565 429 1653 451 autem
1670 423 1721 450 illis
1739 422 1785 456 qui

1007 483 1060 503 non
1075 483 1163 503 secum
1179 474 1260 508 impie
1271 473 1401 501 sentiunt.
1416 472 1501 499 Porro
1515 471 1584 497 hanc
1598 469 1631 496 ab
1645 468 1696 495 illis
1708 466 1785 502 quasi

1007 522 1033 550 in
1055 529 1133 549 scena
1156 520 1313 548 comoediam
1338 519 1378 552 agi
1403 518 1493 544 videre
1509 521 1571 544 est:
1590 515 1634 542 ubi
1658 514 1702 549 qui
1727 513 1785 547 epi-

1006 567 1079 602 scopi
1097 566 1206 594 nomine
1224 568 1366 596 vocantur,
1383 562 1543 590 histrionum
1567 565 1655 595 partes
1668 561 1783 594 gerunt:

1006 612 1179 640 Constantius
1201 617 1265 637 vero
1288 616 1380 636 eorum
1405 616 1449 635 res
1470 608 1541 643 agit.
1565 606 1609 641 qui
1632 605 1708 640 quasi
1731 603 1784 631 [le-

1008 659 1084 685 rodes
1103 656 1247 684 llerodiadi
1276 655 1408 689 promissa
1433 654 1492 681 dat-
1522 652 1576 680 Hos
1594 659 1700 679 rursum
1723 657 1785 677 cer-

1008 710 1072 729 nere
1088 706 1129 729 est
1149 701 1290 729 calumniis
1310 700 1365 727 suis
1382 699 1458 734 quasi
1481 698 1642 728 saltitantes.
1657 696 1736 729 idque
1751 694 1785 722 ad

1006 747 1129 775 exsilium
1156 751 1184 774 et
1198 746 1308 774 .caedem
1335 745 1455 772 virorum
1480 743 1525 779 qui
1550 742 1594 778 pie
1618 742 1650 769 de
1673 739 1785 767 Domino

1006 793 1132 821 sentiunt.

1042 837 1086 864 55.
1106 836 1252 871 Quemnam
1274 835 1355 871 igitur
1373 842 1424 862 non
1441 833 1584 861 calumniis
1599 831 1693 859 laesere
1709 828 1785 857 suis?

1007 884 1113 912 cuinam
1130 883 1166 910 illi
1186 886 1383 918 oppugnatores
1397 880 1511 910 Christi.
1530 878 1645 906 insidias
1668 885 1722 903 non
1738 883 1785 910 pa-

1010 929 1121 957 rarunt?
1143 936 1222 963 quem
1247 926 1420 955 Constantius
1446 924 1479 951 ab
1505 923 1557 951 illis
1584 923 1700 951 delatum
1730 929 1784 949 non

1009 974 1140 1009 ablegavit
1154 974 1180 1001 in
1193 972 1335 1001 exsiliunt?
1356 970 1525 1006 quandonam
1541 976 1594 996 non
1611 967 1785 995 libentissime

1009 1019 1061 1047 illis
1083 1026 1176 1046 aurem
1198 1016 1333 1052 praebuit?
1356 1016 1468 1051 etquod
1492 1021 1603 1050 prorsus
1626 1012 1785 1047 stupendum

1008 1070 1059 1098 est,
1075 1072 1153 1099 quem
1174 1071 1293 1098 unquam
1315 1063 1360 1097 qui
1383 1062 1523 1089 haereticos
1545 1059 1662 1087 deferret
1682 1056 1787 1084 auscul-

1010 1111 1088 1144 tavit,
1111 1117 1198 1137 annon
1222 1109 1308 1144 potius
1329 1108 1468 1143 loquentes
1492 1106 1562 1138 illos,
1577 1104 1707 1140 quidquid
1725 1108 1785 1130 tan-

1008 1157 1068 1184 dem
1092 1155 1234 1188 aﬂ‘errent,
1249 1155 1360 1182 libenter
1377 1153 1501 1181 admisit?
1520 1159 1642 1187 quamam
1665 1148 1786 1177 Ecclesia

1008 1207 1048 1230 est
1066 1209 1125 1237 quae
1143 1201 1199 1235 jam
1218 1201 1301 1229 libere
1323 1200 1458 1228 Christum
1479 1197 1590 1225 adoret?
1614 1204 1675 1224 nam
1695 1195 1719 1223 si
1741 1194 1787 1229 pia

1009 1248 1115 1284 quidem
1132 1248 1183 1279 sit,
1206 1247 1232 1274 in
1251 1246 1371 1282 periculo
1386 1249 1528 1272 versatur:
1545 1243 1587 1270 sin
1603 1241 1722 1273 simulet,
1743 1247 1788 1268 re-

1009 1294 1144 1322 formidat.
1159 1292 1256 1321 Omnia
1283 1291 1454 1319 simulatione
1475 1289 1678 1324 impietateque,
1697 1285 1787 1321 quoad

1009 1341 1121 1368 facultas
1140 1340 1217 1372 tulit,
1239 1338 1360 1374 replevit.
1384 1337 1412 1364 Si
1435 1337 1494 1371 quis
1513 1335 1600 1363 ubivis
1624 1335 1684 1370 pius
1706 1334 1787 1360 homo

1008 1387 1160 1421 Christique
1182 1392 1276 1412 amans
1292 1385 1441 1418 reperiatur
1465 1382 1583 1418 (exstant
1606 1388 1670 1408 sane
1688 1379 1787 1413 ubique

1009 1433 1076 1460 tales
1095 1431 1237 1467 permulti,
1252 1431 1321 1458 sicut
1345 1429 1495 1464 prophelm,
1514 1433 1679 1461 magnusque
1689 1424 1785 1460 Elias).

1009 1479 1148 1513 ejusmodi,
1158 1479 1277 1513 inquam,
1287 1477 1409 1504 homines
1417 1474 1585 1503 delitescunt,
1598 1470 1682 1498 sicubi
1699 1474 1787 1496 tamen

178 1525 286 1560 χόμενοι
311 1525 479 1561 διατρίψωσι.
503 1524 618 1552 Τοιαῦτα
645 1524 699 1560 γὰρ
724 1524 908 1552 διαϐάλλουσιν
935 1525 956 1551 οΙ

1012 1526 1059 1559 ipsi
1078 1524 1157 1552 [idum
1178 1523 1322 1555 hominem,
1338 1521 1420 1548 veluti
1441 1519 1554 1546 Ahdiam
1567 1518 1601 1550 '°,
1623 1516 1762 1543 inveniant
1778 1523 1785 1542 :

177 1571 301 1607 ἄφρονες,
317 1569 360 1598 οἶα
377 1572 423 1598 καὶ
440 1573 456 1607 ἡ
480 1570 596 1603 ’ῐεζάῦελ
607 1571 742 1597 ἐπλάσατο
759 1571 830 1597 κατὰ
843 1571 889 1597 τοῦ
902 1571 957 1597 Να-

178 1617 283 1649 εἲουθαὶ,
299 1617 345 1644 καὶ
361 1617 385 1644 οἱ
405 1617 523 1643 Ἰουδαῖοι
539 1616 609 1643 κατὰ
618 1616 664 1643 τοῦ
681 1617 806 1652 Σωτῆρος
816 1626 823 1632 ·
842 1617 887 1643 καὶ
903 1616 958 1643 λοι-

179 1662 229 1688 πὸν
246 1663 357 1696 ἐκεῖνος,
375 1662 528 1698 προστάτης
542 1662 590 1697 τῆς
610 1662 740 1698 αἱρέσεως
753 1661 800 1693 ὢν,
816 1663 865 1697 τήν
879 1670 907 1689 τε
918 1661 956 1697 (6)

178 1708 305 1744 ἀλήθειαν
328 1707 509 1744 μεταστρέψαι
523 1707 616 1740 θέλων,
636 1707 673 1739 ὡς
689 1709 703 1734 ὁ
725 1707 827 1742 Ἀχαὰὸ
847 1708 891 1734 τὸν
905 1708 957 1743 άμ-

179 1754 284 1781 πελῶνα
295 1755 334 1785 είς
345 1754 432 1788 κῆπον
441 1753 578 1788 λαχανίας,
589 1754 606 1780 ἃ.
620 1753 739 1780 θέλουσιν
752 1756 859 1786 ἐκεῖνοι,
876 1755 958 1790 πράτ-

177 1807 228 1831 τει,
246 1799 306 1825 ἐπεὶ
320 1799 367 1826 καὶ
383 1798 463 1831 αὐτὸς
481 1799 518 1834 (7)
529 1799 600 1835 ειπερ
611 1798 704 1834 ἢθελεν
714 1799 812 1834 ἤκουσε
829 1800 892 1836 παρ’
908 1800 956 1826 αὺ-

177 1853 242 1873 των.

213 1976 256 2004 54.
273 1976 359 2007 Οὕτω,
377 1973 599 2010 καθὰ”προεῖπον,
620 1975 682 2007 τοὺς
698 1974 837 2010 ἀληθινοὺς
849 1975 957 2002 ἐπισκό-

179 2031 255 2054 πους,
269 2021 329 2048 ἐπεὶ
342 2022 378 2056 μὴ
397 2020 522 2055 ἠσέϐουν,
545 2021 582 2052 ὡς
596 2020 690 2056 ⁸ἢθελεν
704 2021 793 2053 αὐτὸς,
811 2021 953 2056 ἐξώρισεν

177 2069 263 2100 οὕτως
279 2068 326 2094 καὶ
352 2066 421 2094 κατὰ
443 2066 600 2093 Ἀθανασίου
624 2066 670 2093 νῦν
693 2067 849 2093 ἀπέστειλεν
876 2066 957 2102 Ἡρά-

178 2114 265 2141 κλειον
277 2112 321 2139 τὸν
336 2113 442 2148 κόμητα
462 2112 511 2147 (8),
528 2112 574 2138 καὶ
591 2111 624 2138 τά
640 2112 689 2147 μὲν
706 2112 876 2148 διατάγματα
890 2121 956 2148 προ-

177 2160 258 2195 έθηκε
272 2156 397 2194 δημοσίᾳ,
415 2157 523 2188 ἐντολὰς
548 2157 576 2184 δὲ
591 2157 721 2192 βασιλέως
741 2158 914 2194 ἀπήγγειλεν,
931 2159 955 2185 εί

1010 1570 1050 1596 vel
1069 1569 1091 1596 si
1108 1569 1186 1596 liceat
1203 1569 1229 1595 in
1247 1574 1376 1595 cavernas
1397 1570 1425 1592 et
1443 1565 1470 1591 in
1490 1563 1622 1591 foramina
1647 1566 1726 1588 terra:
1741 1567 1786 1588 se-

1009 1615 1120 1647 cedere,
1144 1618 1189 1641 aut
1210 1614 1316 1641 demttm
1342 1612 1369 1639 in
1394 1610 1505 1638 desertis
1532 1609 1597 1636 locis
1630 1607 1788 1634 aberrantes

1009 1660 1181 1688 commorari.
1196 1659 1248 1687 Eas
1263 1659 1334 1687 enim
1360 1656 1509 1685 calumnias
1528 1655 1651 1682 deferunt
1667 1656 1787 1680 amentes

1010 1706 1058 1739 illi,
1072 1706 1165 1740 quales
1179 1705 1285 1733 Iezabel
1300 1705 1429 1731 adversus
1444 1701 1594 1728 Nalmthum
1608 1700 1643 1731 ",
1661 1703 1689 1726 et
1703 1697 1786 1725 Judaei

1010 1752 1036 1778 itt
1050 1751 1216 1778 Salvatorem
1239 1749 1413 1778 conﬁnxere:
1430 1755 1462 1775 ac
1475 1747 1587 1781 denique
1601 1738 1788 1781 patronus‘ille

1011 1797 1131 1829 haeresis,
1143 1804 1203 1824 cttm
1218 1796 1361 1823 veritatem
1377 1795 1519 1821 immutare
1533 1792 1608 1823 velit,
1623 1790 1693 1818 haud
1708 1796 1786 1817 secus

1009 1850 1088 1877 quam
1108 1842 1201 1869 Achab
1216 1842 1320 1868 vineam
1342 1839 1476 1867 convertit
1493 1839 1518 1866 in
1544 1838 1652 1865 hortum
1672 1835 1786 1866 olerum,

1008 1888 1096 1914 omnia
1111 1894 1160 1921 pro
1173 1893 1266 1914 eorum
1283 1884 1392 1912 libidine
1404 1884 1470 1919 agit,
1485 1882 1548 1918 quia
1561 1888 1656 1916 nempe
1669 1879 1714 1907 ille
1727 1886 1786 1913 quas

1008 1933 1110 1969 optavit
1124 1932 1157 1960 ab
1175 1931 1226 1960 illis
1239 1930 1350 1965 audivit.

1043 1979 1088 2006 54.
1109 1978 1163 2011 Sic,
1177 1978 1215 2008 uti
1240 1985 1321 2013 supra
1345 1976 1419 2009 dixi,
1441 1982 1521 2002 veros
1543 1974 1693 2008 episcopos,
1716 1969 1788 2006 quod

1009 2023 1109 2051 nollent
1125 2023 1205 2057 impia
1222 2021 1351 2057 protiteri,
1367 2021 1497 2048 arbitratu
1511 2027 1570 2051 suo,
1585 2017 1712 2052 relegavit
1726 2025 1733 2042 :
1750 2017 1786 2042 ita

1008 2070 1136 2097 adversus
1150 2068 1236 2103 ipsum
1250 2066 1437 2098 Athanasium,
1454 2065 1604 2092 Heraclium
1618 2063 1691 2090 misit.
1703 2061 1787 2089 comi-

1010 2120 1072 2147 tem,
1087 2114 1131 2149 qui
1152 2114 1277 2141 mandata
1291 2112 1397 2148 publice
1412 2111 1495 2146 298
1508 2110 1657 2146 proposuit,
1669 2117 1700 2136 ac
1711 2108 1786 2142 jussu

1010 2161 1180 2195 imperatoris
1195 2159 1372 2191 denuntiavit,
1388 2159 1410 2186 si
1427 2166 1480 2185 non
1496 2157 1592 2185 litteris
1614 2157 1787 2189 obtempera-

179 2205 215 2241 μὴ
230 2204 363 2231 πεισθεῖεν
381 2205 437 2235 τοῖς
452 2203 620 2239 γράμμασιν,
632 2203 775 2239 ἀφαίρεσιν
796 2203 844 2230 τοῦ
862 2204 954 2240 ἄρτου,

1008 2212 1075 2239 rent,
1092 2206 1264 2234 auferendum
1287 2212 1394 2240 panem,
1414 2203 1591 2232 subvertenda
1607 2201 1687 2232 idola,
1703 2199 1787 2235 pluri-

177 2251 223 2278 καὶ
238 2250 292 2277 τῶν
316 2249 431 2276 εἰδώλων
454 2249 560 2276 ἔσεσθαι
580 2249 777 2285 καταστροφὴν,
801 2249 903 2276 πολλῶν
925 2259 954 2277 τε

178 2295 350 2327 πολιτευτῶν,
370 2295 417 2321 καὶ
436 2295 488 2322 τῶν
502 2296 555 2322 ἀπὸ
573 2295 619 2322 τοῦ
636 2296 721 2330 δήμου
739 2296 845 2327 πάντως
860 2295 897 2331 (9)
912 2296 955 2322 αἰ-

177 2341 333 2378 χμαλωσίαν
354 2340 524 2376 γενήσεσθαι.
551 2338 616 2367 Εἶτα
638 2340 724 2367 ταῦτα
755 2341 881 2373 ἀπειλῶν,
906 2341 956 2368 οὐκ

176 2387 295 2424 ᾐσχύνθη
313 2386 429 2421 δημοσίᾳ
446 2385 549 2422 μεγάλῃ
568 2387 601 2422 τῇ
618 2387 692 2421 φωνῇ
709 2386 796 2420 λέγειν
808 2395 815 2401 ·
836 2387 887 2413 Τὸν
905 2387 953 2421 μὲν

183 2433 336 2460 Ἀθανάσιον
350 2433 518 2467 παραιτεῖται
534 2431 657 2467 βασιλεύς
667 2440 673 2446 ·
689 2433 744 2462 τοῖς
760 2431 788 2458 δὲ
810 2432 954 2467 Ἀρειανοῖς

176 2479 224 2511 τὰς
235 2478 398 2513 Ἐχκλησίας
410 2477 593 2514 παραδοθῆναι
609 2477 744 2504 ἐκέλευσε.
754 2478 864 2504 Πάντων
873 2486 901 2504 τε
909 2478 954 2505 ἐπὶ

176 2524 262 2560 τούτῳ
276 2523 477 2559 θαυμαζόντων,
498 2524 544 2550 καὶ
560 2523 626 2559 πρὸς
639 2523 767 2558 ἀλλήλους
781 2523 909 2550 νευόντων
925 2532 954 2550 τε

211 2582 233 2598 ⁸⁸
251 2581 282 2608 lll
297 2582 364 2618 Reg.
383 2588 461 2613 xvm,
479 2580 523 2608 10.
560 2581 582 2596 ’⁷
600 2579 633 2607 Ill
646 2579 711 2615 Reg.
728 2588 784 2613 xxt,
797 2580 822 2606 7.

213 2628 251 2664 (ἓ)
264 2628 342 2664 Reg.,
355 2627 446 2664 ἐθέλῃ
459 2627 527 2664 Infra
543 2627 622 2664 idem,
635 2626 757 2661 λέγηται.

214 2661 253 2698 (5)
269 2661 384 2698 lta’Reg.
401 2661 470 2690 Editi
485 2669 563 2698 vero,
579 2661 627 2698 ἐὸιν
639 2670 678 2688 τε.

214 2696 253 2732 (4)
268 2699 304 2724 Ita
323 2696 422 2730 Regius
442 2697 537 2727 codex,
553 2697 616 2732 editi
635 2703 710 2728 vero,
727 2696 790 2731 ἄχρι
807 2705 868 2728 που,
879 2696 957 2724 male.

178 2733 237 2760 Mox
248 2733 312 2767 Reg.
326 2737 354 2759 et
369 2732 464 2764 Basil._.
476 2731 592 2764 *Αϐδιού,
604 2739 663 2758 cunt
681 2735 793 2758 accentu
810 2731 835 2767 it_t
854 2737 958 2765 postre—

177 2776 231 2808 ma.
247 2765 329 2808 Etliti,
343 2767 457 2808 ’A6_6§ot_).
472 2767 573 2808 Estque
587 2774 691 2808 nomet't'
705 2766 768 2808 illud
788 2765 865 2800 vulgo
884 2766 959 2793 ittde-

177 2802 302 2831 clittabile
320 2803 391 2838 apud
402 2799 579 2830 Athanasium
590 2821 597 2834 ,
614 2809 648 2829 ex
670 2799 781 2829 Hebrato
799 2808 957 2835 expressum

176 2842 255 2869 1’13?

225 2873 252 2907 5)
267 2871 304 2899 ita
321 2871 387 2906 Reg.
404 2871 473 2899 Etliti
488 2879 561 2904 vero,
578 2873 620 2898 ἐπ’
635 2871 760 2907 ἐρημίας.

224 2905 251 2943 6)
264 2907 342 2942 Reg.,
357 2905 509 2943 προστάτης
522 2907 570 2943 τῆς
587 2905 715 2943 αἱρέσεως
730 2905 776 2937 ὣν,
793 2905 878 2940 τήντε
894 2914 899 2931 :
917 2905 954 2932 si-

1008 2251 1111 2286 tnisque
1129 2251 1338 2285 magistratibus,
1357 2249 1584 2285 popularibusque
1600 2245 1784 2280 captivitatem

1007 2297 1084 2332 plane
1105 2297 1312 2332 exspectandam
1337 2296 1404 2323 fore.
1433 2295 1533 2322 Deinde
1557 2293 1598 2320 his
1621 2289 1786 2319 denuntiatis

1009 2343 1103 2375 ntinis,
1128 2350 1179 2370 non
1209 2342 1302 2377 puduit
1325 2341 1460 2369 hominem
1483 2340 1541 2366 haec
1567 2338 1654 2373 palam
1676 2337 1784 2371 altaque

1007 2395 1073 2416 voce
1097 2388 1244 2422 proferre:
1264 2386 1439 2415 Athanasium
1466 2385 1612 2420 imperator
1643 2382 1783 2417 repudiat,

1007 2433 1192 2468 Eeclesiasque
1201 2433 1306 2460 Arianis
1322 2432 1390 2459 tradi
1407 2431 1497 2466 jussit.
1512 2429 1580 2457 Hinc
1594 2428 1686 2456 mirari
1705 2434 1785 2461 super

1006 2480 1056 2507 hac
1072 2488 1100 2507 re
1114 2487 1217 2512 omnes,
1233 2483 1313 2506 nutus
1329 2477 1441 2504 invicem
1455 2477 1529 2508 dare,
1545 2482 1576 2503 ac
1590 2475 1678 2502 dicere
1693 2482 1699 2500 :
1716 2471 1783 2499 Nunt

1009 2525 1181 2553 Constantius
1200 2525 1286 2552 tactus
1307 2527 1348 2551 est
1371 2521 1532 2550 haereticus?
1552 2521 1596 2549 ille
1615 2524 1722 2552 autem,
1740 2518 1784 2545 ubi

1010 2627 1109 2654 militer
1123 2627 1204 2654 Basil.
1221 2625 1331 2653 mutatis
1351 2629 1440 2651 tamen
1455 2622 1575 2655 vocibus,
1593 2623 1641 2657 τῆς
1653 2620 1783 2657 αἱρέσεως

1009 2662 1172 2712 προστάτης,
1194 2662 1299 2712 etEt-ee.
1339 2659 1408 2687 Editi
1426 2659 1513 2685 rttinus
1528 2656 1783 2693 τοαιο,⁷προστάτης

1009 2706 1056 2712 ..-
1070 2705 1114 2712 ...η
1133 2705 1200 2712 -.._..
1242 2696 1402 2712 ._.....-.'.....M
1424 2694 1473 2712 "tu
1488 2701 1515 2712 τε

1007 2699 1056 2733 τῆς
1069 2698 1200 2758 αἱρέσεως
1215 2698 1413 2725 Κωνστάντιος,
1424 2698 1473 2727 την
1488 2701 1527 2719 τε.

1044 2733 1083 2766 (7)
1110 2737 1135 2759 ta
1152 2732 1217 2765 Reg.
1235 2731 1303 2758 Editi
1313 2737 1389 2766 vero,
1405 2728 1492 2766 ἐπεξὸ
1504 2727 1592 2766 αὐτός.

1055 2761 1081 2802 8)
1095 2767 1171 2801 Reg.,
1187 2761 1295 2802 κόμιτα.
1312 2765 1370 2792 Mox
1379 2763 1445 2802 editi
1456 2762 1597 2802 Comma”
1608 2761 1780 2802 διατάγματκ

1008 2797 1169 2832 εΙίἱόηῃιεῖε,
1183 2797 1364 2836 διατάγματα.
1379 2799 1478 2826 Ibidem
1495 2797 1561 2832 Reg.
1581 2801 1608 2825 et
1621 2797 1714 2830 Basil.,
1739 2797 1782 2824 ιν-

1008 2837 1099 2869 τολάς.
1115 2837 1195 2870 Editi,
1206 2836 1335 2866 ἐντολαῖς.

1043 2868 1083 2908 (9)
1102 2872 1146 2900 Sic
1158 2868 1224 2908 Reg.
1245 2871 1315 2899 Edit't
1325 2877 1397 2902 vero,
1408 2868 1520 2900 πάντας.
