2007 3044
245 158 296 185 7'39

523 161 550 188 S.
571 161 757 190 ATHANAS"
776 162 850 190 OPP.
871 163 968 192 PARS.
989 164 1009 192 Ι.
1028 181 1062 186 -
1081 164 1265 193 HISTORICA
1283 164 1327 192 ET
1345 162 1552 191 DOCMATICA.

1797 163 1850 192 760

243 217 452 245 erubescendum
469 224 537 251 erat,
562 226 700 248 senatores
722 227 826 256 contra,
841 225 1015 252 ethnicorum-

1073 226 1118 252 καὶ
1132 226 1280 260 λεγόντων
1307 225 1338 251 Et
1365 224 1550 255 Κωνστάντιος
1572 222 1709 258 αἰρετικὸς
1737 223 1848 258 γέγονες

241 270 295 297 que
322 264 495 298 magistratus
512 265 643 293 idolorum
667 268 778 295 mdituos
800 269 913 304 urgebat
934 275 963 297 ut
985 271 1019 298 iis

242 308 460 342 subscriberent,
479 310 722 346 proﬁterenturque
745 320 773 340 se
797 313 869 341 illum
901 315 1020 350 recipere

242 352 406 387 episcopum,
430 362 509 388 quem
526 357 643 384 mitteret
662 358 816 392 imperator.
832 358 860 386 In
878 359 929 387 hoc
945 365 1019 388 certe

242 398 345 430 agendo
367 398 539 429 Constantius
563 410 680 431 canones
700 404 897 432 ecclesiasticos
915 407 1021 441 egregie

242 446 395 473 vindicabat
419 456 425 473 :
458 455 573 482 namque
601 455 649 482 pro
681 449 807 477 Ecclesize
830 450 943 483 litteris,
967 451 1018 480 fori

241 491 356 524 litteras,
376 499 424 527 pro
442 493 599 527 populorum
615 495 734 529 scriptis,
750 496 908 523 aadituorum
920 497 1019 532 scripta

242 538 418 570 reposcebat;
434 546 533 572 gnarus
545 539 648 568 scilicet
662 548 690 568 se
706 548 758 568 non
773 542 928 576 episcopum
942 542 1020 570 Chri-

241 583 346 616 stianis,
361 585 408 611 sed
426 584 458 612 iis
474 585 520 619 qui
536 586 597 613 talia
615 587 765 614 scriberent
780 587 942 622 litigatorem
959 589 1020 616 mit-

243 631 310 654 tere.
341 659 344 661 η

279 673 324 701 55.
346 673 451 702 Ethnici
471 676 561 711 itaque
584 677 628 711 qui
650 677 694 704 tali
722 678 922 714 subscriptione
948 680 1018 707 redi-

243 717 351 744 mebant
374 719 453 746 idolis
477 721 533 747 suis
558 721 769 755 immunitatem,
792 728 819 751 et
845 724 963 752 nonnuli
985 732 1018 752 ex

242 762 374 795 agricolis,
391 770 421 790 ac
439 765 461 790 si
484 765 516 791 de
535 765 603 792 duce
623 772 669 793 aut
691 768 724 794 de
738 767 790 795 alio
805 769 918 803 quodam
935 770 1019 797 misso

239 806 328 841 judice
340 813 474 842 ageretur,
493 809 555 837 licet
576 811 665 843 inviti,
680 812 736 845 ejus
759 818 847 841 tamen
864 815 950 842 minas
974 823 1019 843 ve-

240 852 296 886 riti,
318 853 523 892 subscripsere:
543 863 602 882 nam
628 857 729 884 ethnici
748 866 808 885 cum
834 865 934 893 essent,
951 861 1013 894 quid

241 898 327 925 acturi
342 904 428 932 erant,
448 908 527 934 quam
547 901 617 935 quod
642 903 794 936 imperatori
811 905 946 938 placeret?
963 906 1013 933 Po-
1030 897 1050 924 Β

239 941 310 976 pulis
329 947 418 970 autem
433 943 461 970 in
485 953 579 980 magua
596 946 708 974 ecclesia
726 949 901 984 congregatis,
919 957 1013 984 quarta

239 989 338 1022 quippe
376 989 485 1017 Sabbati
511 997 586 1023 erat,
611 993 739 1026 postridie
765 994 903 1023 Heraclius
927 1004 1017 1024 comes

240 1041 330 1060 secum
345 1037 489 1070 assumpsit
503 1036 711 1072 Cataphrouium
728 1038 836 1075 Λεπριί
849 1042 1014 1076 praefectum,

239 1077 397 1106 Faustinum
424 1081 613 1115 Catholicum,
638 1083 833 1120 Bithynumque
863 1087 1015 1115 hmreticum

239 1123 392 1156 hominem,
417 1133 448 1153 ac
469 1126 506 1153 illi
531 1135 581 1154 una
603 1127 747 1156 forensium
773 1131 894 1165 juniores
919 1141 1016 1168 eosque

224 1169 370 1198 tidolorum
385 1171 501 1200 cultores
525 1173 667 1205 concitant.
689 1175 792 1204 aientes
808 1184 867 1204 eam
884 1184 944 1205 esse
967 1179 1016 1206 im-

238 1216 371 1249 peratoris
383 1216 541 1250 iussionem.
557 1224 585 1246 ut
599 1219 624 1246 in
647 1221 790 1249 ecclesiam
805 1223 950 1258 irruerent,
966 1233 1015 1259 po-

238 1259 368 1295 pulosque
384 1261 542 1296 lapidareut.
562 1264 628 1292 Cum
645 1265 734 1300 itaque
746 1266 800 1300 iam
815 1275 830 1294 e
845 1268 941 1302 populo
956 1269 1016 1303 plu-

238 1305 300 1332 rimi
327 1311 388 1341 post
413 1308 595 1337 dimissionem
625 1311 725 1346 egressi
747 1318 854 1347 essent,
872 1321 1014 1342 remanen-

239 1352 310 1379 tibus
337 1355 430 1388 paucis
462 1356 645 1386 mulieribus:
672 1364 734 1386 tunc
760 1361 798 1387 uti
832 1368 1015 1396 praeceperant

238 1402 313 1432 gesta
337 1407 381 1427 res
407 1406 459 1428 est.
486 1401 603 1437 Eratque
628 1405 781 1433 miserabile
807 1409 1012 1440 spectaculum:

238 1452 300 1471 nam
315 1452 376 1473 cum
398 1454 498 1481 paucae,
514 1449 589 1477 finita
604 1451 734 1484 oratione,
747 1452 856 1487 jamjam
872 1455 1012 1490 sedissent,

238 1491 382 1526 derepente
394 1493 507 1527 juvenes
523 1495 578 1528 illi,
602 1503 662 1523 cum
684 1496 827 1531 lapidibus,
841 1503 868 1526 et
889 1499 1013 1533 fustibus,

238 1537 301 1564 nudi
321 1537 464 1570 irruentes.
481 1540 547 1568 alias
562 1540 690 1576 lapidare,
707 1551 783 1570 sacra
801 1553 863 1573 vero
882 1546 1012 1581 virginum
1026 1562 1047 1589 ο

238 1589 351 1617 corpora
371 1584 455 1619 plagis
472 1585 546 1620 impii
569 1588 717 1621 concidere,
741 1589 921 1625 detractisque
943 1592 1014 1619 vela-

238 1627 357 1655 minibus
376 1637 469 1657 earum
489 1631 576 1666 capita
594 1633 704 1666 nudare,
720 1641 752 1661 ex
773 1635 938 1671 adversoque
960 1642 1013 1663 lra-

237 1672 334 1700 hentes
364 1674 422 1702 illas
450 1675 560 1709 pedibus
596 1677 711 1712 improbi
741 1686 890 1713 percutere.
917 1681 1013 1709 Gravia

236 1722 311 1745 certe
326 1718 370 1745 illa
389 1724 416 1746 et
431 1719 573 1748 admodum
593 1723 693 1749 atrocia
711 1733 716 1750 :
732 1725 778 1751 sed
797 1733 856 1760 quae
871 1733 1012 1761 consecuta

236 1768 299 1790 sunt
321 1765 458 1798 graviora,
472 1773 504 1793 ac
525 1767 598 1794 omni
612 1769 774 1797 contumelia
790 1771 1011 1799 intolerabiliora.

235 1807 300 1834 Cum
320 1810 391 1836 enim
408 1809 540 1845 virginum
565 1813 734 1846 modestiam,
759 1815 916 1851 auriumque
941 1818 1014 1852 puri-

236 1858 319 1881 tatem
344 1860 509 1890 perspectam
534 1857 680 1892 haberent,
704 1861 780 1895 gnari
805 1861 930 1891 libentius
954 1863 1013 1892 illas

236 1898 346 1933 lapides,
367 1901 532 1936 gladiosque,
547 1911 627 1938 quam
644 1905 759 1933 obscena
775 1908 856 1935 verba
881 1908 1012 1943 perferre,

235 1945 299 1972 dum
319 1946 500 1981 irrumperent
515 1949 578 1976 talia
595 1952 778 1985 proferebant,
795 1954 939 1988 Arianique
957 1956 1013 1984 haec

237 1990 454 2020 adolescentibus
472 1995 662 2028 suggerebant,
678 1998 774 2032 quippe
790 1999 836 2032 qui
853 1999 916 2026 talia
931 2000 1011 2033 dicta,

235 2035 420 2070 ejusmodique
436 2037 554 2066 facinora
572 2048 711 2069 cernentes
731 2044 876 2071 cachinnos
894 2045 1012 2073 effunde-

235 2084 304 2108 rent.
320 2079 410 2107 Sacra:
434 2089 514 2116 porro
530 2083 658 2119 virgines,
683 2087 795 2122 aliaeque
815 2089 931 2118 honestae
955 2098 1012 2118 ma-

238 2130 332 2160 tronae,
355 2127 390 2153 ab
409 2127 504 2155 iisdem
526 2131 627 2163 verbis,
647 2133 725 2166 quasi
747 2142 762 2159 a
786 2135 917 2162 morsibus
939 2137 1011 2171 aspi-

235 2172 297 2199 dum
315 2173 492 2208 refugiebant.
506 2176 541 2203 At
561 2176 659 2204 Christi
677 2178 780 2211 hostes,
793 2187 869 2214 opem
891 2181 1012 2210 ferebant

1071 271 1129 297 δέον
1145 271 1282 307 ἐρυθριᾷν,
1301 272 1314 297 ό
1328 270 1356 296 δὲ
1374 269 1470 305 μᾶλλον
1491 268 1627 303 ἠνάγκαζε
1645 268 1785 303 βουλευτὰς
1801 268 1850 295 καὶ

1070 316 1190 352 δημότας
1203 316 1324 347 ὲθνικοὺς
1334 315 1480 350 νεωκόρους
1490 314 1543 340 τῶν
1557 314 1671 340 εἰδώλων
1684 314 1730 341 ἐπὶ
1745 314 1849 346 τούτοις

1071 361 1238 396 ὑπογράφειν
1252 360 1298 387 καὶ
1312 360 1460 395 ὁμολογεῖν,
1483 359 1604 394 δέχεσθαι
1615 359 1643 386 ὃν
1656 359 1688 386 ἂν
1704 359 1848 395 ἀποστείλῃ

1071 407 1197 442 βασιλεὺς
1218 407 1374 433 ἐπίσκοπον.
1389 406 1463 432 Πάνυ
1490 414 1521 439 γε
1547 405 1659 437 κανόνας
1687 405 1847 440 Ἐκκλησίας

1071 453 1194 484 ἐκδικῶν,
1217 452 1302 479 ἐποίει
1325 451 1402 478 τοῦτο
1423 451 1549 485 γενέσθαι
1567 451 1751 482 Κωνστάντιος
1763 459 1770 465 ·
1788 451 1847 477 ἀντὶ

1070 499 1124 534 γὰρ
1145 497 1306 532 Ἐκκλησίας
1329 497 1378 533 τὴν
1406 496 1517 532 ἀγορὰν,
1539 497 1600 523 ἀντὶ
1627 496 1679 522 τῶν
1698 495 1769 523 λαῶν
1784 497 1848 527 τοὺς

1071 544 1219 580 νεωκόρους
1241 543 1340 578 ἀπῄτει
1361 542 1526 578 γράμματα’
1548 542 1695 576 ἐγίγνωσκε
1718 541 1771 576 γὰρ
1797 542 1847 567 οὐκ

1070 590 1219 617 ἐπίσκοπον
1237 589 1316 616 αὑτὸν
1337 589 1517 624 Χριστιανοϊς,
1545 587 1611 614 ἀλλά
1636 595 1695 614 τινα
1716 587 1847 621 φιλοπρά-

1071 643 1157 670 γμονα
1169 635 1287 669 πέμπειν
1298 634 1388 665 αὐτοῖς
1395 634 1449 665 τοῖς
1463 633 1619 668 γράφουσιν.

1106 680 1148 707 55.
1165 680 1292 714 Ἕλληνες
1313 679 1361 714 μὲν
1383 676 1440 711 οὖν,
1455 678 1547 714 ὥσπερ
1566 677 1712 712 ὠνούμενοι
1727 678 1759 712 τῇ
1779 677 1846 703 ὑπ)-

1069 727 1161 761 γραφῇ
1177 726 1224 760 τὴν
1249 725 1303 751 τῶν
1325 724 1440 751 εἰδώλων
1454 723 1557 750 ἑαυτῶν
1573 722 1694 754 ἀσυλίαν,
1709 723 1754 749 καί
1774 730 1848 754 τινες

1068 771 1121 798 τῶν
1136 770 1269 806 ἐργασιῶν
1277 769 1336 804 (9⁸),
1353 769 1464 800 ἄκοντες
1479 767 1663 803 μὲν,ἔγραψαν
1676 766 1704 792 δὲ
1716 767 1798 801 ὅμως.
1808 766 1847 797 ὠς

1068 815 1132 851 περὶ
1147 814 1290 850 ἡγεμόνος,
1306 815 1322 849 ἦ
1340 813 1418 841 ἄλλου
1441 812 1511 844 τινὸς
1529 811 1755 846 ἀποστελλομένου
1771 811 1847 837 δικα-

1069 859 1142 890 στοῦ,
1156 859 1199 885 διὰ
1212 858 1261 890 τὰς
1272 859 1335 893 παρ’
1348 858 1449 884 ἐκείνου
1460 857 1605 893 λεγομένας
1618 856 1730 887 ἀπειλάς
1739 864 1745 870 ⁸
1759 855 1847 890 τίγὰρ

1067 904 1176 938 ἔμελλον
1185 903 1313 938 ’Έλληνες
1325 902 1400 934 ὄντες
1412 904 1505 933 ποιεῖν,
1519 902 1535 937 ἢ
1546 901 1617 928 τοῦθ’
1628 901 1695 936 ὅπερ
1707 901 1778 927 δοκεῖ
1790 900 1844 934 (10)

1066 949 1105 984 τῷ
1122 949 1240 984 βασιλεῖ;
1258 949 1317 975 Τῶν
1343 948 1372 975 δὲ
1390 948 1462 975 λαῶν
1481 949 1509 974 ἐν
1531 948 1564 982 τῇ
1590 947 1695 982 μεγάλῃ
1715 946 1846 980 ἐκκλησία

1067 995 1243 1022 συνελθόντων
1268 994 1391 1030 (τετάρτη
1412 993 1464 1029 γὰρ
1488 990 1521 1028 ἦν
1540 992 1698 1026 Σαῦϐάτου),
1714 991 1844 1027 λαμϐάνει

1067 1040 1126 1076 μεθ’
1150 1039 1246 1067 ἑαυτοῦ
1274 1041 1305 1075 τῇ
1328 1040 1389 1074 ἐξῆς
1410 1038 1464 1074 (Η)
1484 1037 1642 1074 Ἡράκλειος
1659 1037 1672 1063 ὁ
1690 1037 1776 1072 κόμης
1799 1036 1845 1063 τὸν

1066 1086 1182 1121 ἔπαρχον
1196 1085 1245 1119 τῆς
1265 1084 1400 1119 Αἰγύπτου
1420 1083 1616 1118 Καταφρόνιον,
1637 1082 1684 1108 καὶ
1703 1082 1846 1108 Φαυστῖνον

1065 1131 1111 1158 τὸν
1125 1130 1284 1162 Καθολικὺν,
1309 1130 1353 1157 τόν
1369 1139 1400 1156 τε
1418 1129 1528 1156 Βιθυνὸν
1547 1128 1682 1163 αἱρετικὸν
1703 1128 1777 1159 ὄντα,
1799 1128 1846 1154 καὶ

1066 1176 1245 1212 παροξύνουσι
1259 1176 1311 1202 τῶν
1323 1175 1458 1211 ἀγοραίων
1476 1175 1537 1206 τοὺς
1554 1174 1700 1210 νεωτέρους
1713 1174 1757 1200 καὶ
1771 1173 1846 1200 σεϐο-

1067 1223 1162 1258 μένους
1178 1222 1283 1254 είδωλα,
1298 1221 1398 1256 ταύτην
1413 1220 1519 1255 ἐντολὴν
1533 1217 1602 1247 εἶναι
1616 1220 1742 1254 βασιλέως
1758 1219 1846 1253 λέγον-

1064 1276 1119 1299 τες,
1130 1268 1172 1294 ἵνα
1183 1267 1332 1294 ἐπέλθωσιν
1342 1266 1482 1301 ἐκκλησίᾳ,
1491 1266 1537 1293 καὶ
1544 1266 1673 1293 λιθάσωσι
1682 1266 1744 1297 τοὺς
1754 1265 1843 1297 λαούς.

1066 1314 1134 1348 Ἤδη
1150 1313 1198 1348 μὲν
1215 1311 1260 1339 οὖν
1276 1310 1346 1348 ἦσαν
1368 1314 1392 1339 οἱ
1411 1311 1528 1339 πλεῖστοι
1543 1311 1589 1338 τοῦ
1605 1312 1681 1343 λαοῦ,
1695 1312 1844 1354 γενομένῃς

1064 1358 1229 1391 ἀπολύσεως,
1248 1358 1409 1391 ἐξελθόντες,
1429 1357 1563 1391 γυναικῶν
1582 1357 1610 1383 δὲ
1623 1357 1719 1391 ὀλίγων
1731 1358 1845 1392 ἀπομει-

1063 1404 1151 1431 νασῶν
1164 1403 1231 1436 (12),
1250 1404 1359 1437 γέγονεν
1380 1403 1416 1434 ὡς
1439 1401 1613 1437 προσέταξαν.
1634 1403 1687 1428 Καὶ
1706 1402 1792 1437 θέαμα
1805 1402 1845 1429 oi-

1064 1448 1144 1484 κτρὺν
1158 1445 1192 1484 ἦν
1204 1456 1211 1463 ·
1228 1447 1289 1483 ἄρτι
1303 1447 1356 1482 γᾴρ
1372 1445 1441 1483 ἦσαν
1457 1447 1510 1474 ἀπὸ
1526 1447 1574 1482 τῆς
1588 1447 1667 1482 εὐχῆς
1679 1447 1766 1481 ὀλίγαι
1778 1448 1843 1474 καθ-

1063 1494 1199 1529 εζόμεναι,
1217 1493 1264 1520 καὶ
1280 1492 1378 1528 γυμνοὶ
1394 1492 1462 1528 μετὰ
1483 1492 1563 1519 λίθων
1586 1492 1662 1524 εὐθὺς
1684 1492 1730 1518 καὶ
1755 1492 1843 1526 ξύλων

1063 1539 1176 1574 ἐπῆλθον
1197 1539 1220 1566 οἱ
1243 1538 1383 1573 νεώτεροι·
1407 1539 1517 1570 καὶτὰς
1536 1539 1584 1574 μὲν
1602 1537 1730 1570 ἐλίθαζον,
1754 1538 1789 1564 τὰ
1813 1538 1842 1565 δὲ

1063 1586 1117 1611 τῶν
1137 1585 1277 1620 παρθένων
1294 1584 1359 1619 ἇγια
1377 1584 1488 1619 σώματα
1505 1585 1668 1612 κατέκοπτον
1687 1585 1801 1620 πληγαῖς
1817 1586 1842 1610 οἱ

1063 1629 1145 1662 ἄθεοι,
1157 1628 1246 1657 εἷλκόν
1264 1639 1293 1656 τε
1316 1629 1350 1656 τά
1376 1630 1564 1665 σκεπάσματα,
1591 1630 1638 1656 καὶ
1659 1629 1708 1661 τὰς
1723 1629 1843 1664 κεφαλὰς

1062 1676 1151 1702 αὐτῶν
1165 1676 1308 1711 ἐγύμνουν,
1321 1676 1367 1702 καὶ
1380 1675 1560 1706 ἀνθελκηύσας
1574 1675 1713 1707 ἑλάκτιζον
1729 1677 1782 1706 τοῖς
1796 1683 1843 1702 πο-

1063 1721 1104 1747 σὶν
1120 1722 1144 1747 οἱ
1157 1721 1275 1748 δείλαιοι.
1299 1720 1377 1748 Δεινὰ
1393 1729 1440 1756 μεν
1454 1717 1499 1747 οὗν
1520 1718 1607 1748 ταῦτα
1632 1721 1679 1747 καὶ
1705 1720 1764 1747 λίαν
1786 1721 1844 1747 ἐστὶ

1061 1767 1145 1794 δεινά·
1168 1767 1235 1794 ἀλλὰ
1260 1767 1294 1794 τὰ
1318 1767 1386 1802 μετὰ
1407 1767 1492 1794 ταῦτα
1515 1767 1660 1802 δεινότερα,
1686 1767 1732 1794 καὶ
1754 1767 1842 1802 πάσης

1063 1813 1167 1849 ὕϐρεως
1179 1815 1363 1850 άφορητότερα
1375 1814 1494 1848 γέγονεν.
1508 1814 1614 1845 Εἱδότες
1628 1814 1682 1850 γὰρ
1696 1814 1726 1839 τὸ
1746 1813 1844 1848 σεμνὸν

1061 1859 1114 1896 τῶν
1126 1860 1276 1896 παρθένων,
1295 1861 1341 1887 καὶ
1359 1860 1388 1886 τὸ
1407 1860 1455 1895 τῆς
1476 1859 1560 1894 ἀκοῆς
1575 1860 1720 1895 ἄχραντον,
1740 1859 1786 1886 καὶ
1800 1860 1843 1885 ὅτι

1064 1892 1270 1942 μᾶλλον-λίθους
1286 1907 1332 1933 καὶ
1351 1905 1413 1940 ξίφη
1462 1905 1495 1931 τὰ
1508 1892 1557 1940 τῆς
1573 1892 1843 1940 αίσχρορῤημοσύνης

1062 1953 1116 1988 (l5)
1131 1952 1222 1988 φέρειν
1237 1952 1362 1979 δύνανται
1381 1952 1500 1987 ῥήματα,
1519 1950 1622 1982 τούτοις
1642 1950 1760 1986 ἐχρῶντο
1783 1951 1843 1977 κατ⁸

1061 1997 1150 2024 αὐτῶν
1168 1997 1358 2033 ἐπερχόμενοι·
1382 1996 1515 2032 ’Δρειανοὶ
1529 1995 1558 2022 δέ
1573 1995 1658 2022 ταῦτα
1673 1996 1728 2027 τοῖς
1743 1996 1842 2022 νεωτέ-

1064 2050 1120 2077 ροις
1141 2041 1305 2068 ὑπέϐαλλον·
1323 2041 1370 2068 καὶ
1392 2041 1444 2076 γὰρ
1462 2041 1561 2074 ἐγέλων
1577 2040 1678 2067 τούτων
1691 2040 1842 2075 λεγομένων

1061 2088 1108 2114 καὶ
1122 2087 1299 2122 γιγνομένων.
1311 2087 1364 2114 Καὶ
1379 2087 1407 2113 αί
1425 2087 1472 2122 μὲν
1482 2086 1557 2121 ἅγιαι
1568 2086 1695 2122 παρθένοι
1706 2087 1752 2113 καὶ
1764 2085 1842 2112 ἄλλαι

1063 2133 1160 2168 σεμναὶ
1183 2134 1309 2167 γυναῖκες
1332 2132 1369 2164 ὡς
1395 2132 1514 2159 ἀσπίδων
1533 2132 1660 2168 δήγματα
1683 2131 1843 2160 τὰτοιαῦτα

1063 2178 1205 2214 φθέγματα
1224 2179 1350 2213 ἔφευγον·
1375 2179 1399 2206 οἱ
1423 2179 1451 2206 δὲ
1469 2178 1652 2214 Χριστομάχοι
1680 2178 1841 2214 συνήργουν,

236 2219 466 2253 adulescentibus,
490 2221 543 2250 imo
560 2223 628 2251 forte
643 2231 674 2251 ea
696 2225 751 2259 ipsa
777 2233 836 2252 cum
860 2226 911 2254 illis
931 2229 1011 2256 verba

1065 2226 1132 2260 τάχα
1148 2225 1177 2252 δέ
1199 2226 1246 2252 καὶ
1260 2225 1469 2260 συνεφθέγγοντο
1483 2225 1538 2256 τοῖς
1557 2224 1714 2259 νεωτέροις·
1730 2223 1842 2260 καὶγὰρ

236 2264 428 2298 proferebant:
447 2265 562 2295 obscena
587 2269 684 2304 quippe
706 2270 777 2298 dicta
802 2271 929 2307 voluptati
948 2274 1012 2309 ipsis

233 2314 320 2338 erant.

268 2355 313 2384 t6.
334 2355 402 2385 Hinc
417 2365 470 2392 quo
493 2367 603 2394 prorsus
630 2362 782 2390 mandatum
802 2371 1011 2400 exsequerentur

233 2400 296 2434 (hoc
306 2409 421 2437 namque
438 2403 490 2431 illis
499 2407 571 2433 cordi
586 2412 655 2436 erat.
672 2408 792 2436 ltocitem
801 2417 900 2444 comes,
913 2411 1007 2440 Catho-

233 2445 355 2481 licusque
375 2449 592 2487 praecipiebant),
608 2453 751 2489 subsellia,
779 2456 914 2488 thronum,
940 2465 1012 2485 men-

233 2498 303 2525 sam,
318 2500 380 2520 nam
395 2494 482 2528 lignea
497 2501 566 2530 erat,
582 2498 638 2526 vela
658 2499 781 2528 ecclesia:
797 2509 828 2528 ac
843 2507 938 2530 caetera
952 2510 1011 2537 qua:

233 2542 345 2571 potuere
360 2540 463 2575 direpta
477 2546 503 2569 et
521 2549 668 2578 asportata,
682 2551 745 2573 ante
759 2548 855 2574 ostium
873 2548 897 2574 in
916 2556 1010 2583 magna

233 2583 320 2618 platea
341 2588 554 2622 combusserunt,
571 2591 686 2626 tlmsque
702 2592 850 2626 injecerunt
865 2594 890 2620 in
911 2594 1008 2628 ignem.

235 2628 305 2657 lleu!
325 2631 386 2666 quis
409 2633 466 2660 hac
480 2635 592 2665 audiens
616 2637 747 2673 lacrymas
762 2645 814 2664 non
834 2638 942 2671 fuderit,
957 2639 1010 2667 imo

233 2681 312 2703 aures
333 2684 386 2705 non
412 2680 559 2716 oblurarit,
583 2692 616 2712 ne
632 2685 712 2712 alium
740 2691 894 2714 narrantem
922 2686 1006 2720 ferat,

268 2761 315 2823 (92
327 2763 417 2797 Forte,
433 2766 567 2802 ἐργατῶν,
581 2769 621 2796 vel
634 2770 783 2805 ἐργαστῶν.
799 2770 877 2799 Εοιτ,
910 2806 922 2812 ’
994 2806 1006 2812 _

269 2797 291 2823 (1
319 2799 375 2823 tlta
395 2800 461 2823 nua,
482 2803 549 2823 Eum
572 2811 634 2823 «πη-η
666 2813 804 2823 ..ρ-...ο-η...
839 2807 855 2823 a
877 2816 924 2823 -..η
940 2807 1006 2823 ειη..

233 2829 244 2836 _
269 2797 325 2828 (10)
339 2799 375 2825 lta
395 2797 462 2836 Reg'.
474 2797 549 2830 'Editi
561 2797 655 2836 'vero,'
666 2797 924 2842 ρενρεηιιιξῆ-’τοῦ
940 2806 1008 2833 Θεοῦ

232 2837 298 2866 οπερ
310 2832 390 2861 δοκεῖ.

270 2867 324 2902 (ιι)
339 2869 384 2896 δὶς
408 2869 506 2906 Regius
527 2876 553 2899 ct
575 2873 738 2902 Basiliensis.
755 2875 834 2908 Editi,
854 2877 942 2909 male,
961 2877 1009 2911 τῆς

1063 2272 1156 2308 ἥδοντο
1171 2272 1228 2302 τοῖς
1244 2271 1308 2306 παρ’
1326 2271 1434 2297 ἐκείνων
1455 2269 1659 2305 ἐκϐαλλομένοις
1678 2269 1745 2304 μετὰ
1761 2269 1842 2296 ἀσελ-

1062 2318 1138 2352 γείας
1151 2317 1278 2352 ῥήμασιν.

1098 2363 1142 2390 56.
1156 2361 1231 2395 Εἶτα,
1248 2362 1283 2394 ὡς
1296 2362 1327 2388 τὸ
1339 2361 1397 2388 ὅλον
1408 2361 1457 2396 τῆς
1467 2360 1576 2394 ἐντολῆς
1587 2360 1751 2397 πληροῦντες
1768 2361 1778 2394 (
1785 2359 1843 2386 τοῦ-

1063 2417 1094 2436 το
1105 2408 1159 2443 γὰρ
1169 2406 1202 2444 ἦν
1217 2408 1247 2434 τὸ
1263 2407 1485 2442 σπουδαζόμενον,
1506 2406 1585 2433 τοῦτο
1602 2407 1649 2433 καὶ
1668 2406 1753 2441 κόμης
1764 2407 1812 2432 καὶ
1828 2407 1842 2432 ό

1064 2454 1211 2485 Καθολικὸς
1227 2452 1433 2488 παρήγγελλον),
1444 2452 1616 2487 ἁρπάσαντες
1631 2451 1663 2478 τὰ
1679 2451 1840 2487 συμψέλλια,

1063 2500 1110 2526 καὶ
1126 2499 1170 2525 τὸν
1185 2498 1286 2534 θρόνον,
1303 2498 1348 2525 καὶ
1362 2497 1411 2532 τὴν
1422 2497 1561 2532 τράπεζαν
1587 2497 1688 2532 (ξυλίνη
1707 2497 1761 2532 γὰρ
1780 2495 1839 2532 ἦν),

1063 2546 1110 2573 καὶ
1121 2545 1154 2571 τὰ
1171 2544 1239 2579 βῆλα
1257 2545 1305 2579 τῆς
1325 2543 1481 2579 ἐκκλησίας,
1496 2543 1530 2569 τά
1543 2552 1573 2569 τε
1587 2543 1662 2575 ἄλλα,
1679 2543 1727 2569 ὅσα
1741 2543 1839 2578 ἠδυνή-

1064 2591 1158 2626 θησαν,
1175 2590 1373 2624 ἐξενέγκαντες,
1389 2590 1505 2616 ἔκαυσαν
1520 2589 1671 2626 ἔμπροσθεν
1687 2589 1733 2615 τοῦ
1749 2589 1840 2616 πυλῶ-

1063 2647 1107 2670 νος
1122 2639 1149 2664 ὲν
1162 2640 1194 2673 τῇ
1207 2638 1320 2673 πλατείᾳ
1335 2639 1369 2673 τῇ
1385 2637 1498 2673 μεγάλῃ,
1519 2637 1565 2662 καὶ
1580 2634 1684 2662 λίϐανον
1697 2635 1838 2662 ἐπέϐαλον.

1063 2685 1113 2711 ’0!
1135 2685 1176 2716 τίς
1189 2684 1305 2716 ἀκούσας
1317 2684 1348 2712 οὺ
1369 2683 1520 2719 δακρύσειε,
1541 2683 1610 2717 τάχα
1629 2682 1674 2709 καὶ
1693 2682 1741 2717 τὴν
1755 2680 1840 2716 ἀκοὴν

1059 2773 1151 2840 ὲςῖίίὶ)
1162 2805 1197 2832 Ita
1213 2805 1276 2840 Reg.
1290 2806 1357 2832 Elliti
1371 2813 1443 2836 vero,
1458 2806 1667 2840 ἀπομεινουσῶν.

1097 2843 1152 2875 (t3)
1172 2841 1250 2874 Heg,
1265 2841 1524 2877 atqpompocdvqc.
1543 2841 1611 2868 Editi
1624 2861 1631 2873 ,
1656 2840 1838 2877 αῑσχορῤηιυ-

1064 2876 1153 2911 σύνης.
1172 2876 1310 2904 Basilicus.
1317 2895 1324 2907 ,
1336 2876 1562 2912 αἱσχρημοσύνης.
