2007 3044
154 147 199 174 76l

621 144 781 173 HISTORIA
800 143 1004 172 ARIANORUM
1024 144 1069 171 AD
1090 142 1285 171 MONACHOS.

1699 144 1753 172 762

151 201 290 232 κλείσειεν,
311 201 354 227 ῑνα
373 200 439 236 μηδὲ
452 200 549 236 ,ἐτέρου
570 200 691 235 λέγοντος
713 199 850 235 ἀνέχηται,
866 200 928 235 βλά-

981 205 1052 227 ratus
1081 200 1209 234 ejusmodi
1235 207 1324 226 rerum
1356 199 1398 226 vel
1427 199 1545 226 auditum
1575 200 1674 228 damno
1702 200 1752 228 sibi

152 246 202 282 ϐην
212 246 366 282 ἡγούμενος
377 246 423 272 καὶ
435 246 465 272 τὸ
476 246 554 282 μόνον
571 247 684 274 ἀκοῦσαι
694 255 720 273 τι
732 246 850 273 τοιοῦτον
863 255 869 278 ;
888 246 928 272 Τά

150 300 181 320 τε
194 292 248 328 γὰρ
261 291 356 318 εἴδωλα
367 291 469 318 ὲαυτῶν
481 293 630 328 εὐφήμουν,
646 293 693 319 καὶ
710 292 800 326 ἔλεγον
811 301 817 306 ·
832 292 928 327 Ἕλλην

150 338 244 373 γέγονε
257 337 453 370 Κωνστάντιος,
475 339 521 365 καὶ
534 339 559 365 οἱ
579 338 712 374 Ἀρειανοὶ
727 338 760 364 τὰ
776 338 854 373 ἡμῶν
877 338 927 364 ὲπ-

152 383 272 418 έγνωσαν
283 392 289 399 ·
305 385 334 410 οὐ
351 384 518 419 φροντίζουσι
530 384 583 419 γὰρ
595 384 653 410 οὐδὲ
671 383 840 418 Ἑλληνισμὸν
863 383 928 409 ὑπο-

151 429 303 465 κρίνασθαι,
319 430 360 456 ἴνα
377 430 455 465 μόνον
465 431 482 465 ἡ
495 430 597 467 αἵρεσις
605 431 652 466 ἔχῃ
664 430 712 465 τὴν
726 429 860 467 σύστασιν.
874 430 928 456 Καὶ

152 476 206 510 γὰρ
224 476 319 512 βοΐδιον
329 477 475 503 ἐπαντλοῦν
486 478 547 508 τοὺς
561 476 762 511 κηπευομένους
775 477 803 502 ὲν
815 475 853 510 τῷ
863 476 929 501 Και-

153 524 253 560 σαρείῳ
275 523 329 559 (Μ)
344 525 441 556 τόπους
468 525 646 560 ἐπεχείρησαν
659 523 747 555 θῦσαι,
765 523 811 549 καὶ
831 522 928 548 ἔθυσαν

151 569 194 600 ἂν,
207 571 231 596 εί
245 569 281 605 μὴ
297 570 364 605 θῆλυ
375 571 452 597 τοῦτο
463 568 496 606 ἦν
507 579 514 585 ⁸
537 570 571 597 τὰ
590 570 699 597 τοιαῦτα
716 569 770 605 γὰρ
789 569 878 603 ἔλεγον
892 568 928 604 μὴ

152 615 251 648 ἐξεῖναι
263 616 326 650 παρ’
343 616 433 647 αὐτοῖς
453 615 572 642 θύεσθαι.

186 660 229 686 57.
252 659 366 687 Τοιαῦτα
388 660 437 695 μὲν
456 658 501 686 οὖν
517 661 541 686 οί
632 659 768 691 δυσσεϐεῖς
787 658 927 694 Ἀρειανοὶ,

152 705 305 740 νομίζοντες
316 707 355 738 εἰς
367 707 383 741 ή
389 706 446 741 μῶν
462 705 538 742 ὓϐριν
550 705 637 733 ταῦτα
653 705 772 740 φθάνειν,
792 704 859 740 μετὰ
875 704 928 730 τῶν

158 751 289 786 Ἑλλήνων
303 751 445 787 ἔπραττον.
458 751 522 778 Θεία
539 752 566 778 δὲ
581 752 641 787 δίκη
659 751 706 786 τὴν
726 750 854 786 πονηρίαν
868 750 929 776 τού-

152 805 204 823 των
220 796 325 832 ἤλεγξε,
346 796 392 823 καὶ
412 796 520 832 σημεῖόν
538 805 562 823 τι
578 796 648 832 μέγα
662 796 708 822 καὶ¹
725 796 860 831 ἐξαίρετον
877 795 930 830 εἶρ-

153 842 263 876 γάσατο,
279 842 436 868 δεικνύουσα
452 843 498 868 καὶ
522 842 565 869 διὰ
589 841 682 868 τούτου
700 842 766 868 πᾶσι
792 841 927 876 φανερῶς,

152 889 204 919 ὅτι,
226 889 318 923 ὥσπερ
332 888 499 921 ἀσεϐοῦντες,
516 889 564 915 οὐκ
578 890 617 920 είς
641 888 728 920 ἄλλον,
753 888 809 915 ἀλλ’
830 889 869 919 εἰς
883 888 928 914 τὸν

154 934 253 970 Κύριον
270 934 411 969 τολμῶσιν·
428 934 508 965 οὕτω,
523 933 608 961 ταῦτα
626 934 774 966 ποιοῦντες,
792 935 830 965 εἰς
847 933 927 960 αὑτοῦ

154 978 233 1005 πάλιν
248 977 324 1013 ὕϐριν
340 979 515 1013 ἐπεχείρησαν
534 978 650 1014 πρᾶξαι·
675 979 721 1005 καὶ
737 978 815 1004 τοῦτο
831 978 928 1014 μᾶλλον

153 1024 186 1049 ὲκ
200 1023 245 1049 τοῦ
262 1023 403 1058 γενομένου
425 1023 562 1059 θαύματος
585 1024 773 1059 φανερωτέραν
795 1023 855 1058 ἔσχε
872 1024 927 1058 (16)

152 1067 201 1104 τὴν
221 1068 364 1100 ἀπόδειξιν.
377 1068 436 1094 Τῶν
452 1069 571 1103 ἀσελγῶν
597 1069 650 1104 γάρ
666 1078 706 1101 τις
723 1069 852 1106 νεώτερος
874 1071 929 1096 εἰσ-

104 1126 109 1131 -
151 1114 272 1150 δραμὼν,
295 1115 341 1141 καὶ
366 1114 501 1150 τολμήσας
525 1115 670 1142 ὲπεκάθισε
691 1115 730 1151 τῷ
754 1115 849 1152 θρόνῳ.
874 1117 929 1143 Καὶ

153 1160 265 1192 καθίσας
296 1160 338 1186 διὰ
364 1160 417 1186 τῶν
441 1161 521 1195 ῥινῶν
544 1169 570 1187 τι
595 1156 721 1196 πορνικὸν
750 1161 889 1197 ἀπήχησεν
914 1163 928 1188 ὁ

153 1205 256 1238 ἄθλιος·
274 1204 330 1233 εἶτα
353 1206 471 1238 ἀναστὰς
486 1205 607 1238 ἐϐιάζετο
629 1206 674 1233 τὸν
690 1207 782 1243 θρόνον
806 1208 929 1242 ἀποσπᾷν

153 1252 281 1287 καὶπρὸς
302 1251 396 1279 ἑαυτὸν
415 1251 516 1278 ἕλκειν·
539 1251 629 1287 ἠγνόει
648 1252 675 1278 δὲ
697 1252 757 1278 καθ’
773 1252 865 1279 ἑαυτοῦ
881 1253 929 1289 τὴν

152 1295 229 1331 δίκην
256 1296 451 1332 ἐπισπώμενος.
471 1297 513 1328 Ὠς
539 1296 593 1332 γὰρ
616 1296 641 1323 οί
663 1297 723 1323 τότε
745 1297 794 1332 τὴν
809 1296 929 1329 ’Ἄζωτον

153 1342 347 1374 κατοικοῦντες,
360 1342 540 1376 τολμήσαντες
556 1341 673 1376 ἅψασθαι
686 1341 734 1376 τῆς
749 1341 871 1368 Κιϐωτοῦ
884 1363 891 1375 ,

153 1385 203 1415 κᾶν
221 1388 275 1423 (i7)
299 1386 462 1423 προσϐλέψαι
477 1385 554 1421 θέμις
570 1387 619 1412 οὐκ
633 1384 667 1422 ἦν
683 1387 783 1420 αὐτοῖς,
801 1388 863 1423 παρ’
882 1389 930 1414 αύ-

153 1435 202 1469 τῆς
216 1433 295 1464 εὐθὺς
315 1432 479 1465 ἀπώλλυντο,
496 1432 628 1467 πρότερον
643 1432 854 1469 διαφθειρόμενοι
871 1434 930 1464 ταῖς

156 1479 279 1514 βασάνοις
295 1478 344 1509 τὰς
358 1478 436 1513 ἕδρας
445 1486 452 1492 ·
468 1477 552 1508 οὕτως
565 1477 612 1503 καὶ
627 1474 702 1509 οὗτος
717 1478 730 1503 ὁ
744 1477 833 1509 ἄθλιος
851 1478 929 1513 μόνον

155 1525 301 1560 ἐτόλμησεν
319 1523 418 1555 ἕλκειν,
436 1523 482 1549 κα)⁴
505 1523 572 1558 ὅπερ
588 1520 687 1554 εἷλκεν,
707 1524 745 1554 εις
766 1522 860 1550 ἑαυτὸν
882 1524 931 1549 ὲπ-

158 1571 302 1602 εσπάσατο,
323 1569 369 1595 καὶ
387 1569 424 1600 ὼς
440 1569 659 1603 ἀντιπεμπούσης
676 1567 725 1602 τῆς
739 1568 816 1603 δίκης
840 1568 869 1594 τὸ
890 1567 934 1601 ξύ-

154 1615 209 1646 λον,
223 1615 251 1640 ὲν
271 1613 344 1649 αύτῷ
359 1613 407 1648 τὴν
423 1613 488 1639 ἰδίαν
504 1613 604 1638 κοιλίαν
620 1611 719 1647 ἔπληξε
729 1621 735 1627 ·
752 1614 799 1639 καὶ
814 1614 874 1640 ἀντὶ
887 1614 933 1640 τοῦ

155 1659 249 1694 θρόνου
265 1660 297 1693 τῇ
327 1658 414 1693 πληγῇ
441 1656 475 1683 τὰ
500 1657 553 1683 ἴδια
580 1656 724 1692 ἐξήνεγκεν
751 1656 859 1693 ἐντερα-
887 1659 934 1685 καὶ

158 1703 257 1740 μᾶλλον
277 1705 291 1729 ὁ
305 1703 397 1738 θρόνος
413 1702 518 1728 ἐκείνου
541 1702 571 1728 τὸ
594 1701 642 1737 ζῇν
671 1702 838 1734 ἀπέσπασεν,
853 1703 869 1738 ἢ
885 1704 934 1730 αὺ-

155 1748 200 1780 τὺς
214 1748 268 1783 (18)
285 1746 445 1781 ἀπεσπάσθη
461 1745 524 1781 παρ’
538 1745 650 1771 ἐκείνου.
668 1744 794 1780 Ἐξεχύθη
810 1745 883 1780 γοῦν,
898 1746 934 1777 ὼς

155 1794 308 1830 γέγραπται
326 1792 396 1819 κατὰ
418 1792 463 1818 τὸν
478 1791 589 1823 Ἰούδαν,
611 1791 667 1822 τοῖς
689 1790 864 1825 σπλάγχνοις,
887 1791 934 1818 καὶ

157 1839 317 1868 καταπεσὼν
332 1836 500 1872 ὲϐαστάχθη,
520 1836 567 1863 καὶ
586 1835 653 1872 μετὰ
669 1835 732 1871 μίαν
755 1835 860 1871 ἡμέραν
882 1837 935 1862 ἀττ-

156 1885 246 1912 ώλετο.
264 1885 318 1911 Καὶ
331 1883 423 1918 ἔτερος
437 1882 463 1908 δὲ
481 1882 549 1918 μετὰ
569 1881 669 1908 θαλλῶν
685 1880 821 1913 εἰσελθὼν,
836 1881 882 1907 καὶ
897 1881 933 1913 ὠς

157 1931 254 1965 Ἕλλην
276 1928 357 1955 κινῶν
383 1927 452 1954 αὐτὰ
471 1928 504 1962 τῇ
525 1927 597 1962 χειρὶ.
616 1926 662 1953 καὶ
687 1925 833 1960 χλευάζων,
855 1926 934 1957 εὐθὺς

156 1975 302 2010 ἐσκοτώθη,
318 1974 364 2001 καὶ
375 1974 426 2000 οὐκ
446 1973 568 2005 ἔϐλεπεν,
582 1971 642 1999 οὐδὲ
660 1971 806 2006 ἐγίνωσκεν
824 1971 862 1997 ἔτι
879 1971 933 2006 (19)

155 2021 247 2048 λοιπὸν
273 2021 332 2047 ὅποι
359 2019 410 2054 γῆς
436 2018 581 2053 ἐτύγχανε·
606 2016 708 2052 μέλλων
730 2024 760 2042 τε
783 2016 829 2042 καὶ
853 2015 934 2047 αὐτὸς

156 2067 345 2098 καταπίπτειν,
368 2064 617 2102 χειραγωγούμενος
637 2063 688 2089 ὑπὸ
712 2062 765 2088 τῶν
790 2062 932 2094 συνόντων,

156 2114 203 2141 καὶ
217 2111 465 2147 ύποϐασταζόμενος
478 2110 605 2146 ἐξήρχετο
614 2109 693 2141 αὐτὸς
702 2108 766 2145 (‘20),
782 2108 861 2144 μόγις
875 2107 933 2143 μεθ’

157 2159 262 2194 ἡμέραν
275 2157 418 2192 διανήψας,
436 2156 483 2182 καὶ
495 2155 524 2181 ού
539 2154 678 2189 γινώσκων
692 2152 754 2180 οὔτε
773 2152 799 2179 τί
821 2152 933 2188 πεποίη-

157 2212 214 2237 κεν,
227 2202 288 2230 οὔτε
301 2202 327 2229 τί
344 2201 476 2229 πέπονθεν
489 2201 503 2227 6
516 2199 659 2236 τολμηρός.

191 2250 234 2276 58.
255 2248 345 2282 Γζαῦτα
367 2247 518 2283 βλέποντες,
534 2245 661 2280 ’Έλληνες
681 2243 729 2279 μὲν
752 2243 932 2279 ἐφοϐήθησαν,

157 2298 204 2324 καὶ
216 2295 290 2321 οὐδὲν
305 2293 384 2320 πλέον
404 2292 554 2328 ἐτόλμησαν
564 2299 570 2306 ·
590 2289 721 2326 Ἀρειανοὶ
737 2288 765 2315 δὲ
778 2289 837 2315 οὐδὲ
849 2289 934 2321 οὕτως

157 2339 337 2377 ᾐσχύνθησαν,
352 2338 408 2365 ἀλλ’
420 2338 458 2369 ὡς
474 2337 593 2364 Ἰουδαῖοι
607 2335 707 2370 σημεῖα
721 2333 872 2369 βλέποντες,
885 2334 935 2360 οὐκ

158 2387 296 2412 ἐπίστευον
324 2385 347 2410 οι
375 2383 497 2410 ἄπιστοι·
530 2381 629 2417 μᾶλλον
659 2379 712 2414 γὰρ
741 2378 934 2415 ἐσκληρύνοντο

158 2431 227 2457 κατὰ
248 2430 293 2457 τὸν
320 2428 429 2465 Φαραὼ,
450 2429 498 2460 τὰς
523 2427 630 2458 ὲλτιιδας
658 2425 764 2461 ἔχοντες
788 2425 835 2451 καὶ
858 2425 934 2451 αὐτοὶ

192 2485 215 2502 ’⁸
231 2485 317 2518 lReg.
330 2492 357 2516 v,
372 2483 398 2511 6.
436 2484 458 2500 "
473 2484 531 2510 Aet.
549 2490 569 2515 ι,
590 2482 633 2510 18.

194 2532 247 2567 (id)
267 2531 344 2567 negt,
356 2529 521 2565 Καισαρείῳ.
530 2529 601 2557 Editi
620 2536 694 2562 vero,
705 2527 858 2563 Καισαρίῳ.
869 2526 929 2555 Mox

162 2565 243 2600 liegq'
254 2565 388 2592 ὲπιθῦσαι.

194 2595 249 2637 (ὶό)
264 2601 302 2627 ita
315 2601 380 2635 Reg.
392 2598 462 2626 Editi
479 2597 557 2632 male,
571 2598 595 2624 οἱ
605 2597 633 2624 δὲ
649 2596 776 2629 ἀσεϐείας
789 2596 814 2623 οἰ
825 2595 932 2631 Ἀρεια-

159 2637 217 2706 voca
223 2670 249 2706 6)
266 2669 302 2706 Ita
317 2669 386 2706 Reg.
395 2667 464 2695 Editi
475 2667 626 2706 ver9,_Exst.
634 2667 720 2706 infra,
731 2665 773 2693 διὰ
780 2665 834 2706 τῶν
845 2664 932 2706 ’ῥινῶν

158 2715 185 2733 τι
198 2701 323 2741 πορνικὸν
336 2705 474 2739 ἀπὴχησεν
488 2704 502 2730 ὁ
518 2701 617 2734 ἄθλιος,
628 2707 681 2729 etc.
690 2701 812 2743 Clemens
820 2701 933 2740 Alexan-

159 2742 252 2768 drinus
269 2739 421 2771 l’wdugag.,
433 2739 478 2764 lib.
497 2746 535 2769 ιιι,
553 2745 612 2771 eap.
625 2737 742 2771 H.’pag.
764 2736 825 2768 200,
846 2735 880 2771 de
894 2743 930 2761 et-

159 2743 252 2768 drinus
269 2743 478 2773 1’wdugag.,tth.
497 2746 535 2769 ιιι,
553 2745 612 2771 cap.
625 2743 742 2771 ηεροδ.
764 2743 825 2768 zou,
846 2743 880 2761 ue
894 2743 928 2761 et-

159 2777 242 2803 nmdis
257 2774 414 2809 quihusdam
438 2777 465 2799 et
480 2772 738 2809 intemperantibtts,
757 2772 814 2809 haec
837 2770 928 2809 habet,

161 2804 280 2846 μοιχείας
292 2808 418 2846 διάκονοι,
434 2804 597 2846 κιχλίςοντες
612 2806 658 2833 καὶ
670 2805 863 2846 ψιθυρίζοντες,
883 2804 929 2846 καὶ

158 2838 187 2872 τὸ
203 2838 329 2880 ἓορνὶκὺν
345 2843 454 2877 ἁναίδην
463 2838 511 2874 ἐίς
525 2842 669 2876 ἀσέλγειαν
679 2838 727 2867 διὰ
737 2838 820 2875 ρινῶν
832 2838 928 2873 ὲπιψο-

978 246 1051 273 fore?
1067 245 1134 272 Nam
1156 245 1256 273 ethnici
1274 245 1341 271 idola
1360 252 1407 271 sua
1423 244 1546 272 laudibus
1569 246 1752 280 celebrabant,

978 291 1155 325 dicebantque
1178 299 1185 317 :
1214 289 1329 317 Gentiiis
1358 289 1530 317 C0ttstantius
1558 290 1668 317 enectus
1693 295 1753 322 est,

978 334 1126 369 Arianique
1141 338 1231 360 nostra
1246 334 1414 367 approbant:
1432 334 1498 360 nihil
1516 339 1610 361 curant
1625 336 1695 362 enim
1712 335 1754 363 vel

978 387 1038 406 sese
1053 379 1174 406 ethnicos
1190 379 1324 410 simulare,
1340 379 1481 406 dummodo
1495 387 1543 406 sua
1563 380 1672 407 h:eresis
1697 385 1752 408 sta-

979 425 1099 453 biliatur.
1112 425 1253 452 Enimvero
1267 425 1404 456 buculam,
1419 432 1477 459 quae
1492 418 1582 452 hortos
1593 426 1618 451 in
1631 425 1753 458 Ctesareo

978 471 1044 498 sitos
1057 470 1198 506 irrigabat,
1216 471 1354 498 immolare
1368 475 1430 498 sunt
1447 472 1566 506 aggressi
1579 471 1660 506 299
1675 476 1754 505 atque

978 516 1172 547 immolassent,
1194 517 1243 542 nisi
1271 515 1368 543 femina
1386 523 1417 543 ea
1441 515 1543 548 fuisset,
1561 524 1628 551 quas
1650 516 1753 544 sacriﬁ-

978 569 1040 589 care
1056 562 1106 595 sibi
1122 561 1197 589 nefas
1211 569 1271 588 esse
1287 562 1405 588 aiebant.

1013 661 1057 688 57.
1074 660 1210 695 Ejusmodi
1224 660 1342 687 facinora
1359 660 1431 695 impii
1447 660 1538 687 Ariani
1557 668 1618 688 cum
1638 661 1754 688 ethnicis

978 706 1120 737 admisere,
1137 705 1187 732 rati
1203 712 1233 732 ea
1256 704 1281 731 in
1298 709 1417 731 nostram
1431 709 1537 732 vertere
1552 705 1751 733 contumeliam.

978 752 1012 778 At
1027 752 1115 779 divina
1130 751 1194 779 ultio
1209 759 1300 778 eorunt
1317 751 1439 785 coarguit
1462 751 1675 785 improbitatem,
1696 761 1755 779 nta-

979 805 1112 832 gnumque
1136 804 1167 824 ac
1187 797 1424 832 prmclarissimum
1451 797 1556 831 signum
1583 797 1676 829 edidit,
1701 805 1756 832 qua

979 843 1064 878 palam
1079 843 1142 870 fecit
1157 843 1293 875 omnibus,
1317 849 1364 869 eos
1392 847 1420 869 ut
1456 843 1592 877 impietate
1622 851 1671 870 sua
1700 851 1752 871 non

980 889 1060 916 alium
1087 896 1166 923 quam
1194 889 1333 915 Domlnum
1360 892 1526 922 oppugnant,
1556 889 1595 915 sic
1611 889 1666 924 jam
1694 890 1752 916 suis

981 933 1153 965 facinoribus,
1170 934 1219 968 ipsi
1240 934 1352 961 Domino
1378 935 1551 970 ignominiam
1574 935 1681 962 inurere
1697 939 1755 961 ten-

981 984 1070 1011 tasse;
1097 987 1155 1013 quae
1180 987 1223 1006 res
1248 987 1279 1006 ex
1301 980 1433 1007 miraculo
1457 985 1510 1007 tum
1531 980 1603 1007 edito
1627 979 1755 1014 liquidius

980 1028 1217 1051 commonstratur.
1237 1023 1303 1050 Nam
1323 1025 1429 1059 juvenis
1447 1025 1555 1059 quidam
1577 1032 1608 1052 ex
1630 1025 1753 1059 petulan-

981 1069 1102 1102 tioribus,
1116 1069 1219 1103 irruens
1231 1077 1311 1096 ausus
1324 1070 1401 1096 estin
1416 1071 1511 1098 throno
1522 1071 1624 1098 sedere.
1640 1071 1755 1098 Sedens-

981 1122 1032 1150 que
1049 1115 1179 1142 scelestus
1206 1115 1388 1142 meretricium
1403 1116 1536 1150 quoddam
1565 1117 1675 1144 naribus
1694 1124 1755 1150 per-

981 1160 1102 1188 sonabat.
1119 1161 1180 1188 lnde
1194 1168 1254 1188 cum
1264 1161 1444 1193 surrexisset,
1464 1161 1589 1189 thronum
1605 1162 1755 1190 convellere

981 1207 1013 1232 ad
1030 1213 1113 1241 seque
1128 1207 1234 1233 trahere
1252 1213 1363 1235 conatus
1378 1211 1432 1240 est,
1455 1207 1581 1242 ignorans
1602 1215 1631 1234 se
1648 1207 1699 1234 sibi
1714 1207 1756 1234 di-

981 1251 1070 1277 vinam
1095 1251 1232 1278 attrahere
1257 1251 1412 1279 vindictam.
1436 1251 1663 1285 Quemadmodum
1685 1252 1755 1279 enint

982 1297 1058 1323 Λιοιί
1078 1296 1212 1331 quondam
1235 1297 1339 1328 incolae,
1359 1298 1454 1324 Arcam
1473 1302 1581 1333 tangere
1594 1296 1756 1333 ausi,quam

982 1350 1015 1370 ne
1037 1342 1140 1369 obtueri
1163 1342 1269 1377 quidem
1288 1343 1336 1370 sibi
1362 1343 1466 1376 licebat,
1492 1344 1525 1370 ab
1552 1343 1596 1371 illa
1619 1344 1757 1378 continuo,

981 1389 1054 1422 prius
1071 1394 1157 1415 tamen
1173 1395 1284 1416 auorum
1310 1389 1473 1417 cruciatibus
1495 1389 1620 1422 confecti,
1639 1390 1756 1424 perime-

983 1434 1081 1460 bantur
1095 1433 1117 1449 "
1131 1441 1137 1465 ;
1151 1434 1187 1460 ita
1206 1438 1233 1461 et
1252 1433 1296 1462 ille
1314 1435 1404 1467 miser,
1427 1435 1551 1462 thronum
1577 1434 1692 1463 avellere
1707 1443 1756 1462 au-

984 1486 1041 1510 sus,
1055 1478 1124 1521 quod
1141 1479 1282 1513 pertraxit,
1305 1479 1422 1506 insuam
1448 1480 1529 1506 traxit
1552 1480 1708 1514 perniciem,
1730 1485 1758 1507 et

983 1523 1059 1556 quasi
1084 1522 1140 1557 ipsa
1170 1523 1258 1550 divina
1287 1523 1352 1550 ultio
1386 1523 1484 1558 lignum
1520 1524 1676 1552 immitteret
1710 1526 1756 1553 illo

985 1566 1078 1594 avulso
1095 1571 1216 1593 ventrem
1244 1574 1321 1593 suum
1336 1567 1478 1602 ipercussit
1489 1576 1497 1594 :
1510 1568 1614 1601 etzcum
1631 1569 1756 1598 thronum

985 1611 1098 1638 avellere
1113 1616 1231 1645 optaret,
1248 1612 1301 1639 ictu
1316 1619 1364 1639 sua
1387 1613 1442 1648 ipse
1465 1613 1590 1640 intestina
1606 1614 1679 1642 foras
1690 1617 1758 1643 emi-

984 1657 1037 1684 sit:
1053 1657 1189 1691 magisque
1207 1657 1317 1685 thronus
1336 1657 1417 1684 vitam
1444 1659 1481 1686 illi
1502 1659 1610 1692 avulsit,
1629 1668 1709 1695 quam
1723 1664 1757 1690 ab

985 1702 1028 1730 illo
1051 1702 1158 1729 avulsus
1184 1702 1227 1728 sit.
1254 1702 1355 1730 Ell'usa.
1372 1708 1434 1730 sunt
1459 1704 1552 1737 igitur,
1570 1705 1608 1732 uti
1635 1706 1668 1733 de
1689 1706 1757 1735 Juda

984 1747 1111 1780 scriptum
1128 1752 1169 1774 est
1185 1747 1218 1779 ’⁸,
1234 1747 1338 1774 viscera
1358 1748 1428 1783 ejus,
1455 1749 1643 1785 collapsusque
1662 1758 1756 1786 aspor-

985 1796 1055 1818 tatus
1073 1796 1124 1824 est,
1152 1796 1180 1818 et
1202 1796 1262 1826 post
1286 1799 1365 1819 unam
1391 1793 1460 1819 diem
1487 1793 1599 1821 interiit.
1621 1795 1758 1830 Ingressus

984 1836 1047 1863 item
1063 1836 1130 1864 alius
1143 1837 1187 1871 qui
1205 1836 1301 1864 thallos
1315 1838 1448 1872 gestabat.
1464 1845 1536 1872 cum,
1560 1844 1651 1873 utpote
1665 1841 1756 1867 ethni-

983 1890 1041 1913 cus,
1068 1890 1147 1908 manu
1172 1882 1231 1909 illos
1251 1883 1376 1917 agitaret,
1394 1884 1595 1919 caehtnnosque
1614 1885 1758 1920 profunde.

984 1932 1034 1959 ret,
1053 1927 1195 1962 derepente
1215 1928 1333 1954 tenebris
1355 1927 1468 1961 oll’uSus,
1492 1929 1558 1956 nihil
1573 1931 1689 1963 videbat,
1709 1939 1758 1959 nec

983 1972 1050 1999 ultra
1078 1972 1179 1999 sciebat
1201 1972 1244 2000 ttbi
1273 1977 1405 2000 terrarutn
1445 1978 1545 2002 esset:
1574 1977 1620 2010 qui
1645 1976 1756 2012 jatnjatn

983 2018 1159 2052 collapsurus,
1181 2024 1195 2043 a
1225 2018 1419 2053 comitibusque
1443 2020 1499 2047 suis
1522 2028 1603 2048 manu
1625 2022 1757 2050 adductus

984 2071 1015 2091 ac
1043 2068 1208 2091 sustentatus
1239 2064 1347 2092 exivit:
1378 2065 1478 2100 vixque
1501 2066 1631 2100 postridie
1659 2069 1757 2096 mentis

983 2117 1092 2143 compos
1114 2109 1226 2137 effectus
1246 2114 1298 2141 est,
1322 2109 1451 2138 facinoris
1463 2110 1540 2145 juxta
1565 2119 1596 2139 ac
1621 2119 1700 2140 casus
1715 2114 1757 2140 sui

983 2153 1124 2181 immemor
1137 2153 1284 2181 sceleratus
1295 2154 1349 2182 ille.

1017 2243 1061 2271 58.
1085 2241 1132 2270 His
1148 2243 1308 2277 conspectis,
1327 2244 1425 2271 ethnici
1440 2245 1574 2278 perterriti
1588 2248 1660 2278 sunt,
1678 2245 1758 2273 nihil-

982 2297 1035 2324 que
1050 2289 1121 2316 ultra
1143 2297 1224 2325 agere
1248 2295 1312 2317 sunt
1324 2290 1400 2317 ausi:
1425 2290 1541 2317 Arianos
1554 2296 1642 2318 autem
1654 2299 1688 2319 ne
1703 2296 1756 2318 tum

982 2334 1089 2368 quidem
1104 2340 1240 2370 gestorum
1260 2335 1371 2369 puduit;
1385 2335 1442 2367 sed,
1466 2335 1690 2369 quemadmodum
1708 2335 1756 2364 Ju-

982 2380 1042 2412 ἀεὶ,
1066 2388 1127 2407 cum
1159 2381 1233 2415 signa
1253 2380 1386 2412 viderent,
1411 2388 1463 2408 non
1490 2382 1635 2409 credebant
1657 2387 1756 2413 tamen,

983 2426 1049 2467 adeo
1070 2426 1200 2453 increduli
1214 2431 1312 2458 erant;
1330 2425 1385 2453 imo
1399 2427 1488 2460 potius
1504 2427 1589 2454 instar
1609 2426 1757 2454 Pharaonis

984 2524 1118 2559 φοῦντες,
1141 2522 1347 2559 νὲπικιναίδισμα
1373 2532 1379 2549 :
1405 2522 1527 2550 adulterii
1554 2523 1686 2559 ministri,
1713 2525 1756 2558 qui

982 2558 1076 2587 lascive
1089 2558 1227 2585 cachinno:
1241 2558 1386 2591 effundunt,
1402 2562 1590 2593 ausurrantqus
1603 2565 1626 2584 et
1641 2558 1756 2590 fornica-

983 2597 1049 2621 rium
1065 2601 1096 2620 ac
1116 2593 1269 2619 cinaedicam
1283 2600 1374 2618 sonum
1396 2600 1440 2626 per
1460 2601 1535 2619 nares
1563 2593 1597 2619 ad
1621 2593 1756 2619 lasciviam

982 2629 1072 2656 edunt.
1089 2629 1147 2661 Quo
1160 2626 1332 2662 significatur,
1346 2627 1470 2661 juvenem
1490 2627 1563 2654 illurn
1574 2646 1582 2659 ,
1601 2634 1674 2654 more
1685 2628 1756 2662 jam-

984 2664 1028 2691 diu
1040 2665 1109 2697 apud
1124 2661 1271 2696 impudicos
1287 2662 1425 2688 obtinente
1435 2681 1442 2693 ,
1464 2661 1595 2695 ejusmodi
1606 2661 1691 2690 sonos
1708 2670 1756 2697 per

984 2705 1063 2726 nares
1077 2698 1205 2724 edidisse.

1031 2732 1074 2767 17)
1089 2732 1134 2759 Sic
1147 2731 1212 2765 Reg.
1227 2734 1254 2757 et
1264 2729 1343 2767 Basil.
1365 2730 1444 2767 Editi,
1463 2730 1496 2766 ἣν
1511 2730 1573 2759 κᾶν.

1031 2733 1074 2767 17)
1089 2733 1134 2759 Sic
1147 2733 1212 2765 Reg.
1227 2734 1254 2757 et
1264 2733 1343 2757 Basil.
1365 2733 1444 2762 Editi,

1017 2733 1074 2803 €18)
1087 2767 1184 2803 [legitis
1203 2766 1353 2803 co_dex,__sl.;
1370 2765 1459 2803 αὐτόν.

1031 2802 1072 2834 l9)
1088 2801 1126 2828 ita
1138 2801 1214 2834 Reg.:
1231 2801 1257 2827 in
1273 2801 1352 2828 editis
1368 2800 1408 2826 ἔτι
1422 2802 1508 2828 deest.

1031 2806 1072 2872 19)
1088 2806 1126 2828 Ita
1138 2806 1214 2834 Μελεά
1231 2808 1257 2827 ιιι
1273 2806 1323 2826 edtl

1027 2837 1061 2863 20
1086 2836 1161 2871 Reg,
1174 2835 1219 2862 καὶ
1233 2834 1323 2867 αὐτός.
