2007 3044
256 117 309 145 ῗϐὅ

254 177 465 204 indnrabantur:
479 183 552 211 spem
569 176 668 211 quippe
687 183 764 204 suam
787 176 815 203 in
827 176 931 203 inﬁmis
948 175 1028 203 sitam
1043 179 1068 207 Α

254 223 400 255 habebant,
426 223 453 250 in
477 223 639 257 imperatore
671 223 776 250 scilicet
799 227 827 250 et
849 222 876 250 in
899 222 1030 249 eunuchis

253 267 321 302 ejus.
338 267 466 296 Ethnicos
481 267 572 302 igitur,
587 267 641 294 imo
653 267 743 301 potius
760 267 930 294 ethnicorum
955 271 1031 301 petu-

254 313 430 345 lantissimos,
455 320 537 347 supra
553 313 624 340 dicta
648 312 768 340 facinora
789 316 944 347 perpetrare
964 313 1032 339 sinc-

253 358 329 386 bant.
344 358 445 384 Aderat
458 357 555 392 quippe
569 357 622 384 illis
643 357 668 384 in
683 357 725 384 his
741 357 852 391 agendis
867 357 961 384 histrio
971 356 1031 390 qni-

253 403 315 429 dam
334 403 507 437 quiethnicos
517 403 680 435 concitabat,
698 402 853 435 Faustinus,
869 401 914 436 qui
929 401 1032 428 Catho-

254 450 321 477 licns
354 450 508 480 dicebatur,
537 448 656 475 moribus
689 452 778 474 tamen
802 446 1032 474 circumforaneus

253 500 281 523 et
294 495 383 522 animo
399 494 537 528 petulanti.
555 495 649 522 Ariani
661 501 725 521 vero
740 501 788 528 per
801 493 889 527 seipsi
900 492 1030 526 ejusmodi

253 548 299 568 res
315 541 433 575 aggressi
450 545 523 574 sunt,
547 545 576 568 ut
599 541 669 568 sicut
692 548 767 567 suam
785 539 908 567 lmresim
924 547 957 567 ex
973 539 1032 566 aliis

254 587 404 613 bmresibns
425 590 624 620 expresserant,
652 586 691 613 sic
717 590 742 612 et
756 585 812 620 jam
835 585 937 612 nefaria
957 589 1031 619 gesta

255 639 315 658 cum
330 632 552 666 petulantioribus
571 632 731 659 dividerent.
757 632 859 659 Caetera
884 631 976 665 igitur,
992 631 1032 658 uti

255 685 334 712 supra
351 677 419 708 dixi,
438 677 545 704 illorum
563 685 643 712 opera
660 681 868 712 perpetrarunt:
893 684 951 712 quae
967 684 1032 704 vero

255 723 304 757 ipsi
319 722 438 749 facinora
452 730 500 757 per
517 730 545 750 se
561 723 707 756 admisere,
723 723 772 758 qui
787 730 840 750 non
865 730 971 750 omnem
984 730 1032 750 ex-

255 774 382 802 superant
396 769 601 803 malignitatem,
615 769 661 803 qui
684 776 737 796 non
753 769 874 803 cujusvis
895 768 1032 796 carniﬁcis

254 814 385 841 malitiam
400 814 511 841 vincunt
527 814 539 840 τ
566 813 651 847 Quam
675 821 730 841 non
749 814 884 849 diripuere
898 811 1005 841 domum
1020 813 1032 840 7

254 868 323 894 quas
347 860 418 887 aedes
440 860 638 894 pervestigandi
655 867 735 886 causa
754 867 808 887 non
832 859 1030 886 devastarunt‘!
1047 849 1068 877 Β

254 913 334 939 quem
347 905 454 932 hortum
478 912 530 932 non
555 905 748 931 conculcarunt
762 905 773 931 ’3
793 907 864 938 quod
877 904 1030 938 sepulcrum

255 958 307 977 non
323 957 462 985 aperuere,
474 950 563 985 specie
571 950 678 984 quidem
691 949 832 977 Athanasii
845 948 1031 984 perquirendi,

253 1003 315 1022 cum
330 995 397 1022 nihil
409 999 497 1023 tamen
512 999 640 1022 curarent
653 1002 734 1030 quam
749 995 876 1030 diripere,
893 999 920 1022 et
939 995 1032 1022 obvios

254 1040 391 1074 spoliare?
405 1048 486 1075 quam
499 1040 645 1067 multorum
665 1041 760 1068 domus
785 1040 934 1075 obsignata:
946 1039 1032 1068 sunt?

254 1094 336 1121 quam
358 1086 441 1113 multa
461 1093 520 1120 qua:
542 1086 569 1112 in
592 1085 767 1120 hospitalibus
785 1090 874 1118 erant,
901 1085 1032 1113 ministris

256 1132 313 1160 suis
328 1132 458 1159 militibus
470 1131 620 1159 dederunt?
638 1132 697 1165 quis
714 1131 820 1158 illorum
834 1131 1031 1165 improbitatem

254 1183 382 1213 expertus
398 1185 450 1204 non
465 1178 597 1212 estiqnis
615 1177 667 1204 illis
677 1177 774 1204 obvius
787 1184 838 1203 non
854 1184 914 1204 sese
928 1176 954 1203 in
971 1176 1031 1204 foro

251 1222 419 1251 occultavit?
432 1223 492 1257 quis
505 1230 568 1255 non,
585 1229 678 1250 eorum
695 1227 769 1249 metu
790 1222 885 1249 relicta
898 1222 988 1255 domo,
1004 1222 1031 1249 in

254 1269 361 1295 deserto
377 1268 566 1303 pernoctavit?
584 1268 645 1302 quis
657 1268 719 1295 dum
736 1275 784 1295 sua
800 1268 833 1296 ab
848 1267 901 1295 illis
924 1275 1032 1295 servare

253 1313 335 1349 300
358 1314 488 1345 studeret,
514 1321 568 1340 non
594 1314 708 1347 plurima
734 1313 845 1341 amisit?
869 1314 930 1348 quis
948 1314 1032 1341 maris

256 1359 406 1394 imperitus,
422 1367 474 1386 non
493 1359 587 1385 maluit
599 1359 665 1385 illud
680 1359 790 1394 ejusque
813 1359 930 1394 pericula
949 1367 1032 1393 expe-

254 1407 314 1439 riri,
328 1413 408 1440 quam
424 1406 473 1433 hos
486 1404 698 1433 interminantes
713 1406 844 1432 cernere?
865 1405 940 1433 Multi
956 1413 1032 1433 nam-

254 1459 306 1487 que
321 1451 456 1479 domicilia
475 1455 678 1486 permutarunt,
692 1455 720 1479 et
735 1459 750 1478 a
765 1452 824 1479 vico
842 1452 870 1478 in
885 1453 985 1486 vicum,
997 1452 1031 1479 ab

254 1497 321 1525 urbe
347 1497 375 1524 in
402 1497 529 1524 suburbia
561 1497 682 1524 translati
720 1501 792 1525 sunt.
823 1497 910 1530 Quam
938 1498 1067 1544 mnltisc

252 1548 360 1579 quanta:
378 1544 467 1571 multae
484 1548 547 1571 snnt
565 1545 698 1578 irrogata,
711 1549 740 1571 et
755 1551 816 1571 cum
835 1545 903 1572 nihil
931 1552 1030 1580 suppe-

254 1593 345 1625 teret,
368 1589 403 1617 ab
433 1589 495 1617 aliis
526 1590 575 1624 ipsi
603 1590 803 1624 fenerabantur,
835 1598 868 1618 eo
893 1591 979 1619 solum
1003 1596 1031 1618 ut

253 1641 346 1662 eorum
362 1634 477 1661 insidias
491 1633 660 1669 eﬂ'ugerent?

288 1723 333 1751 59.
347 1722 369 1751 0
380 1723 488 1750 mnibus
501 1723 599 1758 quippe
615 1723 713 1751 terrori
725 1723 820 1751 erant:
844 1723 1029 1759 imperatoris-

254 1775 306 1802 que
321 1775 419 1795 nomen
436 1768 615 1802 proferentes,
631 1768 700 1802 apud
713 1775 805 1796 omnes
831 1776 892 1797 sese
909 1770 1031 1797 vendita-

254 1813 328 1844 bant,
346 1813 552 1840 intermittantes
565 1813 637 1841 illius
653 1814 720 1841 iram
734 1823 741 1841 :
758 1814 831 1841 nacti
847 1814 956 1841 malitiae
974 1821 1031 1842 sua;

254 1858 391 1886 ministros
414 1859 509 1886 ducem
525 1858 725 1891 Sebastianum.
747 1859 926 1887 Manichteum
945 1860 1031 1886 homi-

253 1911 326 1937 nem,
343 1905 564 1940 petnlantemque
584 1904 722 1938 juvenem,
746 1904 904 1940 praiectum
926 1905 988 1933 item
1004 1910 1031 1932 et

252 1951 390 1982 comitem,
405 1951 617 1986 histrionemque
632 1951 812 1978 Catholicum.
835 1951 932 1979 Multas
956 1956 1030 1979 certe

253 1995 372 2030 virgines
387 2002 445 2029 quae
461 1995 568 2023 illorum
585 1996 752 2031 impietatem
765 1996 940 2028 damnabant,
959 1997 1030 2024 reri-

252 2044 389 2074 tatemque
401 2041 607 2075 profitebantur,
622 2048 655 2068 ex
672 2042 773 2069 aedibus
788 2043 845 2069 suis
862 2041 1028 2076 dejecerunt,

253 2086 320 2112 alias
336 2093 395 2120 quae
408 2086 579 2113 ambulabant
596 2086 712 2114 all'ecere
727 2088 910 2121 contumeliis,
924 2095 1031 2116 earum-

252 2138 305 2166 que
327 2131 414 2166 capita
437 2138 452 2158 a
471 2131 622 2166 junioribus
645 2132 691 2166 qui
712 2139 804 2159 secum
829 2137 907 2160 erant
931 2133 1027 2160 nudari

251 2177 401 2212 jusserunt,
427 2177 638 2213 mulieribusque
662 2179 719 2205 suis
750 2178 904 2207 facultatem
928 2179 1027 2208 dedere
1045 2185 1067 2213 ι)

252 2225 431 2252 contumelias
444 2225 556 2252 arbitrio
569 2233 618 2253 suo
638 2226 724 2254 cuivis
745 2226 852 2254 illarum
882 2227 1027 2256 inferendi.

251 2267 377 2296 Honesta:
399 2269 490 2304 itaque
513 2270 658 2305 ﬁdelesque
685 2276 816 2299 matronae
845 2272 1026 2301 declinabant.

251 2313 304 2342 Illa:
321 2318 408 2342 autem
425 2315 502 2350 quasi
518 2316 626 2344 bacchae
645 2324 676 2344 ac
700 2317 791 2351 furiae,
810 2318 1029 2346 circumcursan-

251 2364 292 2387 tes
317 2360 504 2388 detrimentum
530 2362 669 2396 putabant,
695 2363 718 2390 si
740 2371 820 2398 quam
837 2371 890 2391 non
906 2363 1025 2392 offende-

251 2410 321 2438 rent,
346 2406 389 2433 eui
414 2406 545 2434 inferrent
569 2407 696 2442 injuriam
718 2417 726 2436 :
745 2416 859 2444 eamque
878 2410 949 2437 diem
965 2417 1027 2438 cum

251 2460 367 2480 maerore
388 2454 513 2488 agebant,
541 2454 568 2481 in
593 2462 645 2489 qua
667 2455 767 2482 nullam
790 2456 887 2484 laedere
902 2462 1024 2491 possent.

252 2497 362 2525 Demum
388 2499 424 2525 ita
448 2498 551 2526 eﬂerati
573 2500 718 2535 acerbique
732 2501 759 2528 in
777 2509 872 2529 omnes
890 2507 978 2535 erant,
998 2506 1026 2529 nt

251 2544 401 2577 carnifices,
420 2545 568 2578 homicidae,
581 2545 688 2579 nefarii,
703 2546 864 2582 litigatores,
883 2548 1024 2580 malitiosi,

250 2589 368 2623 nihilque
390 2597 441 2616 non
459 2590 548 2625 potius
569 2598 648 2626 quam
669 2592 831 2628 Christiani,
844 2594 877 2621 ab
897 2595 1026 2622 omnibus

249 2639 421 2662 vocarentur.

286 2760 342 2798 (et)
357 2761 432 2798 Regi,
447 2762 628 2798 ἀπεμάξοντο.

356 2795 474 2837 l_t_a"ﬂeg.
486 2795 556 2837 lii-liti
571 2807 644 2837 vero,
660 2801 706 2837 καὶ
722 2800 768 2837 τοῦ
784 2801 891 2837 δημίου.

301 2830 347 2866 9-5)
361 2831 437 2867 Reg,
452 2833 609 2861 Ἀθανάεῑσν
628 2830 665 2866 ὥς
681 2830 834 2870 ζητοῦντες.

541 117 570 145 S.
590 117 776 145 ATHANASII
794 116 869 146 OPP.
889 116 979 145 PARS
995 115 1017 145 ι.
1037 132 1071 138 -
1090 116 1274 145 HISTORICA
1293 116 1336 144 ET
1355 115 1561 144 DOGMATICA.

1803 113 1857 141 τοι

1080 175 1154 202 κάτω
1172 185 1222 202 που
1247 175 1375 211 κειμένας
1395 175 1423 201 ἐν
1438 174 1476 209 τῷ
1501 173 1604 209 βασιλεῖ
1619 172 1666 200 καὶ
1690 172 1719 200 ἐν
1739 173 1794 205 τοῖς
1815 174 1859 200 εὐ-

1081 221 1181 256 νούχοις
1206 221 1298 248 αὑτοῦ.
1321 221 1390 252 Τοὺς
1415 220 1463 255 μὲν
1486 217 1531 246 οὖν
1546 219 1689 254 Ἕλληνας,
1708 218 1806 254 μᾶλλον
1830 219 1859 245 δὲ

1080 265 1132 292 τῶν
1156 265 1286 301 Ἐλλήνων
1304 265 1366 296 τοὺς
1382 264 1600 300 ἐκϐλητοτέρους,
1616 263 1651 290 τά
1674 263 1859 299 προειρημένα

1080 313 1164 338 ποιεῖν
1177 311 1341 346 ἐπέτρεπονο
1360 309 1431 346 εἶχον
1451 309 1504 346 γὰρ
1525 310 1569 336 τὸν
1585 309 1794 345 ὑποκρινόμενον
1812 310 1860 336 αύ-

1080 356 1135 386 τοῖς
1159 354 1191 381 τὰ
1213 355 1337 386 τοιαῦτα,
1357 354 1404 381 καὶ
1433 353 1617 389 παροξύνοντα
1638 354 1700 385 τοὺς
1717 353 1857 388 Ἕλληνας,

1080 399 1234 430 Φαυστῖνον,
1252 399 1296 426 τὸν
1319 398 1469 426 Καθολικὺν
1490 398 1538 432 μὲν
1557 397 1711 433 λεγόμενον,
1734 398 1858 432 ἀγοραῖον

1080 444 1108 470 δὲ
1123 444 1168 470 τὸν
1185 444 1294 479 τρόπον,
1314 444 1360 471 καὶ
1376 443 1478 478 ἀσελγῆ
1501 443 1548 479 τὴν
1564 443 1662 479 ψυχήν.
1678 443 1758 470 Αὐτοὶ
1778 443 1805 470 δὲ
1826 442 1859 469 τὰ

1081 491 1160 525 ὃμοια
1187 490 1290 521 τούτοις
1321 489 1478 522 ἀνεδέξαντο
1503 490 1535 517 δι’
1565 489 1666 516 ἑαυτῶν
1693 490 1794 516 ποιεῖν·
1815 489 1858 520 ἶν’,

1081 536 1175 572 ὥσπερ
1195 536 1243 572 τὴν
1261 537 1364 572 αἳρεσιν
1388 537 1441 564 ἀπὸ
1464 536 1518 564 τῶν
1536 535 1621 563 ἄλλων
1646 535 1777 571 αἱρέσεων
1809 535 1860 561 ἁπ-

1081 581 1214 617 εμάξαντο
1237 582 1313 617 (2i),
1343 581 1413 609 οὕτω
1437 582 1484 609 καὶ
1496 581 1544 617 τὴν
1567 581 1696 616 πονηρίαν
1713 581 1781 616 μετά
1806 580 1859 606 τῶν

1081 628 1282 663 ἀσελγεστέρων
1295 627 1375 662 ἔχωσι
1391 627 1600 664 μεμερισμένην.
1615 627 1655 653 Τά
1671 627 1719 662 μὲν
1732 625 1778 653 οὖν
1794 626 1861 653 ἄλλα

1081 672 1114 699 δι’
1134 673 1255 705 ἐκείνων,
1271 673 1341 700 καθά
1357 675 1494 708 προεῖπον,
1508 673 1654 708 ἔπραττον·
1670 672 1688 699 ἃ.
1709 673 1738 699 δὲ
1753 672 1785 699 δι’
1799 673 1862 699 éau-

1081 718 1133 745 τῶν
1147 718 1345 753 ἐπλημμέλουν,
1369 719 1426 751 πῶς
1445 719 1476 745 οὐ
1494 720 1583 745 πᾶσαν
1600 718 1760 753 ὑπερϐάλλει
1780 726 1862 752 πονη-

1083 764 1152 800 ρίαν,
1170 764 1216 790 καὶ
1239 764 1337 795 παντὸς
1362 764 1457 800 δημίου
1480 764 1535 800 (22)
1558 765 1622 800 νικᾷ
1648 764 1763 797 κακίαν;
1781 765 1861 790 Ποῖον

1081 810 1135 845 γὰρ
1150 807 1223 836 οἶκον
1237 810 1286 836 οὐκ
1308 809 1477 846 ὲπόρθησαν;
1501 811 1580 837 ποίαν
1604 810 1701 841 οἰκίαν,
1727 810 1860 845 προφάσει

1081 855 1127 882 τοῦ
1149 857 1270 892 ὲρευνᾷν,
1291 857 1321 883 οὐ
1349 857 1514 892 διήρπασαν;
1535 858 1610 883 ποῖον
1636 857 1722 891 κῆπον
1743 856 1772 883 οὺ
1794 865 1861 883 κατ-

1082 902 1236 936 επάτησαν,
1255 903 1301 928 καὶ
1317 903 1401 936 τάφον
1417 902 1465 928 οὐκ
1481 902 1638 937 έπήνοιξανς
1661 901 1792 938 πρόφασιν
1809 903 1859 937 μὲν

1080 946 1119 977 ὡς
1138 947 1292 974 Ἀθανάσιον
1309 947 1364 981 (25)
1384 947 1573 982 ἐπιζητοῦντες
1595 947 1813 983 προσαλλόμενοι,
1830 947 1860 974 τὸ

1080 991 1103 1017 δ’
1122 991 1181 1018 ὅλον
1210 990 1243 1028 ἦν
1273 993 1364 1024 αὐτοῖς
1391 993 1604 1029 σπουδαζόμενον
1627 993 1785 1029 διαρπάζειν
1812 995 1860 1021 καὶ

1083 1037 1219 1064 σκυλεύειν
1230 1039 1292 1070 τοὺς
1306 1038 1489 1071 ἀπαντῶντας.
1500 1039 1592 1066 Πόσων
1603 1040 1859 1075 ὲπεσφραγίσθησαν

1081 1079 1167 1115 οἷκοι;
1195 1083 1283 1110 πόσων
1308 1083 1343 1110 τὰ
1367 1085 1396 1110 ὲν
1412 1085 1471 1115 ταῖς
1491 1082 1589 1116 ξενίαις
1614 1085 1776 1112 ὲκδεδώκασι
1803 1087 1860 1118 τοῖς
1903 1116 1913 1125 .

1083 1128 1260 1164 ὑπουργοῦσιν
1282 1130 1372 1162 αὐτοῖς
1396 1129 1588 1166 στρατιώταιςς
1605 1130 1647 1162 τίς
1661 1131 1762 1158 τούτων
1783 1132 1860 1159 ἀπεί-

1083 1182 1162 1209 ρατος
1176 1174 1226 1210 τῆς
1247 1175 1346 1207 κακίας
1368 1176 1479 1210 γέγονε;
1496 1176 1546 1208 τίς,
1561 1176 1665 1208 τούτοις
1689 1177 1857 1213 ἀπαντήσας.

1081 1220 1131 1246 οὑκ
1151 1221 1253 1256 ὲκρύϐη
1273 1221 1342 1250 κατά
1365 1222 1414 1258 τὴν
1437 1222 1554 1259 ἀγοράν;
1570 1222 1612 1254 τίς
1625 1222 1667 1249 διὰ
1682 1222 1792 1255 τούτους
1816 1224 1858 1255 οὐ,

1082 1267 1245 1302 καταλείψας
1265 1268 1313 1304 τὴν
1327 1269 1426 1301 οἰκίαν⁷
1442 1269 1488 1295 ἐπὶ
1510 1268 1559 1304 τῆς
1582 1269 1698 1305 ἐρημίας
1721 1269 1796 1304 διῆγε
1810 1269 1860 1305 τὴν

1082 1316 1182 1348 νύκτα;
1198 1316 1250 1347 τίς,
1263 1315 1364 1342 τούτων
1380 1315 1458 1350 χάριν
1476 1314 1589 1350 φυλάξαι
1603 1314 1635 1340 τὰ
1653 1314 1706 1341 ἴδια
1728 1314 1858 1345 σπεύδων.

1081 1362 1130 1388 οὑκ
1146 1361 1268 1388 ἀπώλεσε
1287 1360 1322 1388 τὰ
1338 1361 1463 1393 πλεῖστα;
1486 1360 1528 1392 τίς
1549 1361 1661 1394 ἄπειρος
1678 1359 1811 1396 θαλάττης
1828 1361 1859 1387 οὐ

1083 1408 1180 1443 μᾶλλον
1206 1407 1291 1433 εἵλετο
1317 1406 1430 1441 ταύτην.
1452 1406 1499 1433 καὶ
1524 1406 1577 1432 τῶν
1602 1406 1703 1441 ταύτης
1731 1407 1863 1434 κινδύνων

1082 1454 1178 1488 πεῖραν
1191 1451 1320 1487 λαϐεῖν.ἢ
1335 1451 1447 1483 τούτους
1467 1451 1533 1487 ὁρᾷν
1555 1450 1746 1482 ἀπειλοῦντας;
1764 1451 1861 1477 Πολλοὶ

1082 1498 1129 1525 καὶ
1140 1498 1229 1529 οἴκους
1245 1497 1374 1532 μετῆλθον
1390 1497 1436 1523 καὶ
1453 1497 1617 1532 μετέστησαν
1631 1496 1683 1522 ἀπὸ
1697 1495 1799 1531 λαύρας
1817 1497 1861 1528 είς

1081 1544 1183 1580 λαῦραν
1197 1543 1252 1579 (24)
1261 1563 1268 1576 ,
1289 1543 1336 1570 καὶ
1349 1542 1403 1570 ἀπὸ
1418 1542 1468 1576 τῆς
1483 1542 1586 1574 πόλεως
1602 1542 1640 1573 είς
1652 1541 1685 1568 τά
1700 1541 1858 1577 προάστεια.

1081 1591 1162 1618 Πόσοι
1181 1598 1210 1616 τε
1232 1589 1333 1625 ζημίας
1347 1588 1433 1620 πόσας
1448 1588 1613 1624 ὑπέστησαν,
1629 1589 1677 1615 καὶ
1700 1588 1735 1623 μὴ
1751 1587 1860 1623 ἔχοντες

1080 1635 1248 1663 ἐδανείσαντο
1272 1635 1337 1670 παρ’
1356 1635 1466 1670 ἐτέρων,
1487 1634 1530 1661 ἴνα
1548 1634 1628 1668 μόνον
1649 1634 1697 1666 τὰς
1718 1633 1862 1665 ἐπιϐουλὰς

1079 1681 1180 1708 τούτων
1196 1680 1367 1715 ὲκφύγωσιν;

1116 1725 1160 1753 59.
1180 1726 1250 1752 Πᾶσι
1273 1725 1326 1760 γὰρ
1354 1725 1484 1761 φοϐεροὺς
1507 1724 1620 1756 ἑαυτοὺς
1647 1723 1790 1755 ἐδείκνυον,
1814 1724 1864 1750 καὶ

1081 1773 1148 1809 πρὸς
1171 1773 1274 1804 πάντας
1294 1772 1500 1807 ἠλαζονεύοντο,
1527 1771 1636 1807 βασιλέα
1659 1769 1741 1797 πᾶσιν
1763 1770 1863 1805 ὀνομά-

1080 1817 1186 1850 ζοντες·
1213 1817 1260 1844 κει)⁸
1286 1815 1458 1847 ἀπειλοῦντες
1486 1816 1536 1851 μὲν
1564 1815 1608 1842 τὸν
1634 1815 1738 1842 ἐκείνου
1763 1815 1862 1849 φόϐον,

1079 1863 1186 1898 ἔχοντες
1209 1862 1238 1889 δὲ
1253 1862 1406 1897 ὑπουργοὺς
1430 1862 1471 1893 είς
1496 1861 1544 1897 τὴν
1561 1861 1691 1897 πονηρίαν
1710 1861 1755 1888 τὸν
1779 1860 1864 1888 δοῦκα

1080 1907 1267 1940 Σεϐαστιανδν,
1284 1908 1431 1942 Μανιχαίον
1447 1906 1521 1940 ὄντα,
1535 1907 1582 1933 καὶ
1598 1906 1698 1942 ἀσελγῆ
1714 1906 1861 1942 νεώτερον,

1081 1954 1184 1981 καὶτὸν
1201 1953 1328 1988 ἔπαρχον,
1340 1953 1388 1980 καὶ
1406 1953 1451 1979 τὸν
1472 1953 1578 1989 κόμητα
1592 1953 1659 1987 (‘25),
1676 1953 1724 1980 xui.
1747 1953 1864 1989 ὑποκρικ

1080 2001 1129 2036 τὴν
1152 1999 1198 2026 τὸν
1220 1999 1378 2027 Καθολικόν.
1403 1998 1507 2030 Πολλὰς
1526 1998 1591 2032 γοῦν
1608 1998 1757 2033 παρθένους
1772 2006 1860 2025 κατα-

1080 2046 1195 2080 γνούσας
1212 2045 1300 2072 αὐτῶν
1313 2046 1362 2081 τῆς
1377 2044 1512 2076 ἀσεϐείας,
1527 2044 1574 2071 καὶ
1589 2043 1636 2080 τὴν
1656 2043 1783 2079 ἀλήθειαν
1799 2044 1860 2070 ἑπι-

1080 2091 1212 2125 γνούσας,
1236 2091 1406 2126 κατήνεγκαν
1429 2090 1484 2117 ἀπὸ
1507 2089 1562 2116 τῶν
1584 2089 1686 2118 οἰκιῶν.
1711 2089 1757 2116 καὶ
1779 2088 1863 2121 ἄλλας

1081 2136 1282 2172 περιπατούσας
1305 2135 1431 2171 ὕϐριζον,
1446 2135 1493 2162 καὶ
1517 2135 1625 2161 ὲποίουν
1646 2134 1698 2162 ὑπὸ
1719 2134 1772 2161 τῶν
1797 2133 1864 2170 παρ’

1080 2185 1171 2216 αὐτοῖς
1191 2183 1329 2219 νεωτέρων
1355 2182 1522 2218 γυμνοῦσθαι
1540 2182 1590 2214 τὰς
1613 2181 1733 2216 κεφαλὰς
1753 2181 1862 2208 αὐτῶν·

1082 2230 1129 2256 καὶ
1147 2229 1254 2264 γυναιξὶ
1268 2229 1296 2255 δὲ
1311 2230 1371 2260 ταῖς
1386 2228 1449 2263 παρ’
1471 2227 1559 2255 αὐτῶν
1574 2227 1718 2254 δεδώκασιν
1739 2227 1864 2259 ἐξουσίαν

1083 2275 1201 2311 ὑϐρίζειν
1220 2275 1254 2310 ἢν
1270 2274 1384 2302 θέλουσι.
1407 2274 1461 2301 Καὶ
1480 2275 1508 2300 at
1526 2274 1575 2310 μὲν
1590 2274 1687 2308 σεμναὶ
1706 2268 1752 2300 καὶ
1768 2274 1864 2301 πισταὶ

1080 2322 1206 2355 γυναῖκες
1231 2320 1364 2352 ὲξέκλινον
1392 2320 1440 2346 καὶ
1469 2318 1645 2355 παρεχώρουν
1670 2319 1788 2351 ἐκείναις
1812 2320 1864 2355 τὴν

1080 2367 1137 2394 ὀδόν
1147 2375 1153 2382 ·
1169 2367 1196 2394 αί
1212 2367 1240 2393 δὲ
1257 2366 1351 2402 ὥσπερ
1372 2366 1499 2401 μαινάδες
1514 2366 1561 2393 καὶ
1577 2365 1698 2402 έριννύες
1714 2365 1770 2401 (26)
1783 2375 1864 2402 περι-

1079 2413 1231 2448 ερχόμεναι,
1250 2412 1392 2447 συμφορὰν
1415 2411 1528 2447 ἡγοῦντο
1549 2412 1580 2439 τὸ
1600 2411 1637 2448 μὴ
1652 2412 1790 2447 εὑρίσκειν
1805 2412 1865 2438 ἀδι-

1080 2460 1155 2489 κεῖν,
1170 2458 1217 2484 καὶ
1239 2457 1289 2493 τὴν
1313 2457 1418 2493 ἡμέραν
1433 2457 1540 2493 ἐκείνην
1565 2458 1633 2493 μετὰ
1645 2457 1733 2492 λύπης
1758 2457 1864 2492 διῆγον,

1081 2506 1109 2531 ὲν
1157 2504 1194 2540 μὴ
1209 2503 1339 2539 ἠδύναντο
1352 2505 1517 2532 κακοποιεῖν.
1533 2504 1588 2531 Καὶ
1603 2504 1670 2535 ὅλως
1692 2503 1777 2535 οὕτως
1791 2501 1865 2538 ἦσαν

1081 2550 1163 2576 πᾶσιν
1181 2550 1270 2585 ἄγριοι
1291 2549 1339 2575 καὶ
1364 2549 1467 2586 πικροὶ,
1481 2550 1552 2577 ὥστε
1567 2549 1690 2585 δημίους,
1711 2551 1844 2584 φονευτάς
1856 2570 1864 2581 ,

1080 2595 1238 2631 ἀθεμίτους,
1255 2595 1486 2631 φιλοπράγμονας,
1501 2596 1683 2632 κακούργους,
1705 2596 1751 2623 καὶ
1772 2596 1863 2623 πάντα

1082 2640 1179 2676 μᾶλλον
1189 2641 1285 2677 αὑτοὺς
1295 2641 1311 2675 ἦ
1321 2641 1500 2676 Χριστιανοὺς
1507 2641 1582 2676 παρά
1592 2641 1698 2668 πάντων
1707 2640 1863 2668 καλεῖσθαι.

1114 2764 1170 2803 (ἓξ)
1187 2766 1266 2803 Begu
1279 2768 1381 2803 λαύραν
1395 2773 1454 2794 cum
1468 2772 1558 2794 acuto.

1114 2801 1170 2838 es)
1187 2801 1265 2838 nes.
1277 2801 1385 2838 κάμιτατ

1114 2835 1170 2874 (26)
1188 2835 1270 2873 Heg”
1285 2835 1364 2870 male,
1377 2836 1506 2872 ὲρινύαις.
