  <div class='ocr_page' id='page_1' title='image "/cluster/home/n/w/nwhite01/storage/ocr_20150623/25/njp.32101010944591/669.png"; bbox 0 0 2007 3044; ppageno 0'>
   <div class='ocr_carea' id='block_1_1' title="bbox 227 127 1840 160">
    <p class='ocr_par' dir='ltr' id='par_1_1' title="bbox 227 127 1840 160">
     <span class='ocr_line' id='line_1_1' title="bbox 227 127 1840 160; baseline -0.002 -1"><span class='ocrx_word' id='word_1_1' title='bbox 227 131 280 160; x_wconf 79' lang='grc' dir='ltr'><strong>Ἰϐτ</strong></span> <span class='ocrx_word' id='word_1_2' title='bbox 509 131 537 158; x_wconf 83' lang='grc'><strong>8.</strong></span> <span class='ocrx_word' id='word_1_3' title='bbox 559 130 741 158; x_wconf 68' lang='lat' dir='ltr'><strong>ATHANASII</strong></span> <span class='ocrx_word' id='word_1_4' title='bbox 761 129 836 158; x_wconf 82' lang='lat' dir='ltr'><strong>OPP.</strong></span> <span class='ocrx_word' id='word_1_5' title='bbox 857 129 946 157; x_wconf 74' lang='lat' dir='ltr'><strong>PARS</strong></span> <span class='ocrx_word' id='word_1_6' title='bbox 965 129 985 156; x_wconf 89' lang='grc' dir='ltr'><strong>Ι.</strong></span> <span class='ocrx_word' id='word_1_7' title='bbox 1003 143 1041 150; x_wconf 86' lang='lat'><strong><em>-—</em></strong></span> <span class='ocrx_word' id='word_1_8' title='bbox 1061 127 1244 157; x_wconf 75' lang='lat' dir='ltr'><strong>HISTORICA</strong></span> <span class='ocrx_word' id='word_1_9' title='bbox 1264 128 1306 156; x_wconf 81' lang='lat' dir='ltr'><strong>ET</strong></span> <span class='ocrx_word' id='word_1_10' title='bbox 1328 128 1535 157; x_wconf 75' lang='lat' dir='ltr'><strong>DOGMATICA.</strong></span> <span class='ocrx_word' id='word_1_11' title='bbox 1785 128 1840 155; x_wconf 86' lang='lat'><strong>768</strong></span> 
     </span>
    </p>
   </div>
   <div class='ocr_carea' id='block_1_2' title="bbox 227 186 1019 228">
    <p class='ocr_par' dir='ltr' id='par_1_2' title="bbox 227 191 1007 228">
     <span class='ocr_line' id='line_1_2' title="bbox 227 191 1007 228; baseline -0.005 -7"><span class='ocrx_word' id='word_1_12' title='bbox 227 201 364 228; x_wconf 79' lang='lat' dir='ltr'><strong>masynam</strong></span> <span class='ocrx_word' id='word_1_13' title='bbox 377 193 397 209; x_wconf 89' lang='grc'><strong>¹¹</strong></span> <span class='ocrx_word' id='word_1_14' title='bbox 411 201 418 224; x_wconf 88' lang='grc'>;</span> <span class='ocrx_word' id='word_1_15' title='bbox 433 197 477 225; x_wconf 87' lang='lat' dir='ltr'><strong>et,</strong></span> <span class='ocrx_word' id='word_1_16' title='bbox 504 192 606 219; x_wconf 75' lang='lat' dir='ltr'><strong>Emrivi</strong></span> <span class='ocrx_word' id='word_1_17' title='bbox 619 213 627 225; x_wconf 88' lang='lat'><strong>,</strong></span> <span class='ocrx_word' id='word_1_18' title='bbox 641 196 666 220; x_wconf 71' lang='lat' dir='ltr'><strong>et</strong></span> <span class='ocrx_word' id='word_1_19' title='bbox 685 192 794 219; x_wconf 72' lang='lat' dir='ltr'><strong>dedistis</strong></span> <span class='ocrx_word' id='word_1_20' title='bbox 807 192 870 218; x_wconf 84' lang='lat' dir='ltr'><strong>mihi</strong></span> <span class='ocrx_word' id='word_1_21' title='bbox 895 191 1007 218; x_wconf 74' lang='lat' dir='ltr'><strong>mandu-</strong></span> 
     </span>
    </p>
   </div>
   <div class='ocr_carea' id='block_1_3' title="bbox 1047 186 1839 228">
    <p class='ocr_par' dir='ltr' id='par_1_3' title="bbox 1057 186 1839 225">
     <span class='ocr_line' id='line_1_3' title="bbox 1057 186 1839 225; baseline -0.006 -7"><span class='ocrx_word' id='word_1_22' title='bbox 1057 190 1184 218; x_wconf 79' lang='grc' dir='ltr'>ἐδώκατέ</span> <span class='ocrx_word' id='word_1_23' title='bbox 1203 199 1254 225; x_wconf 81' lang='grc' dir='ltr'><strong>μοι</strong></span> <span class='ocrx_word' id='word_1_24' title='bbox 1277 190 1392 225; x_wconf 72' lang='grc' dir='ltr'>φαγεῖν·</span> <span class='ocrx_word' id='word_1_25' title='bbox 1413 189 1536 223; x_wconf 74' lang='grc' dir='ltr'>ἐδίψων,</span> <span class='ocrx_word' id='word_1_26' title='bbox 1557 187 1606 214; x_wconf 80' lang='grc' dir='ltr'><strong>καί</strong></span> <span class='ocrx_word' id='word_1_27' title='bbox 1617 186 1776 214; x_wconf 77' lang='grc' dir='ltr'>ἐποτίσατέ</span> <span class='ocrx_word' id='word_1_28' title='bbox 1790 195 1839 221; x_wconf 75' lang='grc' dir='ltr'>με.</span> 
     </span>
    </p>
   </div>
   <div class='ocr_carea' id='block_1_4' title="bbox 227 232 1019 272">
    <p class='ocr_par' dir='ltr' id='par_1_4' title="bbox 227 237 1007 272">
     <span class='ocr_line' id='line_1_4' title="bbox 227 237 1007 272; baseline -0.003 -6"><span class='ocrx_word' id='word_1_29' title='bbox 227 247 288 266; x_wconf 78' lang='lat' dir='ltr'><strong>care</strong></span> <span class='ocrx_word' id='word_1_30' title='bbox 301 248 310 268; x_wconf 89' lang='lat'><strong><em>:</em></strong></span> <span class='ocrx_word' id='word_1_31' title='bbox 325 239 395 266; x_wconf 74' lang='lat' dir='ltr'><strong>sitivi</strong></span> <span class='ocrx_word' id='word_1_32' title='bbox 407 258 415 270; x_wconf 90' lang='grc'><strong>,</strong></span> <span class='ocrx_word' id='word_1_33' title='bbox 431 244 454 265; x_wconf 80' lang='lat' dir='ltr'><strong>et</strong></span> <span class='ocrx_word' id='word_1_34' title='bbox 473 239 582 272; x_wconf 70' lang='lat' dir='ltr'><strong>palatiis</strong></span> <span class='ocrx_word' id='word_1_35' title='bbox 599 247 648 265; x_wconf 85' lang='lat' dir='ltr'><strong>me.</strong></span> <span class='ocrx_word' id='word_1_36' title='bbox 669 237 807 271; x_wconf 75' lang='lat' dir='ltr'><strong>Quantum</strong></span> <span class='ocrx_word' id='word_1_37' title='bbox 825 238 895 265; x_wconf 73' lang='lat' dir='ltr'><strong>enim</strong></span> <span class='ocrx_word' id='word_1_38' title='bbox 909 237 1007 271; x_wconf 72' lang='lat' dir='ltr'><strong>fecistis</strong></span> 
     </span>
    </p>
   </div>
   <div class='ocr_carea' id='block_1_5' title="bbox 1047 232 1839 272">
    <p class='ocr_par' dir='ltr' id='par_1_5' title="bbox 1058 232 1839 271">
     <span class='ocr_line' id='line_1_5' title="bbox 1058 232 1839 271; baseline -0.008 -7"><span class='ocrx_word' id='word_1_39' title='bbox 1058 237 1121 271; x_wconf 71' lang='grc' dir='ltr'><strong>Ἐφ’</strong></span> <span class='ocrx_word' id='word_1_40' title='bbox 1139 237 1214 263; x_wconf 76' lang='grc' dir='ltr'>ὅσον</span> <span class='ocrx_word' id='word_1_41' title='bbox 1229 237 1282 271; x_wconf 79' lang='grc' dir='ltr'><strong>τὰρ</strong></span> <span class='ocrx_word' id='word_1_42' title='bbox 1295 235 1457 270; x_wconf 80' lang='grc' dir='ltr'>ἐποιήσατε</span> <span class='ocrx_word' id='word_1_43' title='bbox 1465 235 1510 261; x_wconf 78' lang='grc' dir='ltr'><strong>ἑνὶ</strong></span> <span class='ocrx_word' id='word_1_44' title='bbox 1525 234 1584 261; x_wconf 74' lang='grc' dir='ltr'>τῶν</span> <span class='ocrx_word' id='word_1_45' title='bbox 1596 232 1709 269; x_wconf 73' lang='grc' dir='ltr'>μικρῶν</span> <span class='ocrx_word' id='word_1_46' title='bbox 1717 233 1839 264; x_wconf 83' lang='grc' dir='ltr'>τούτων,</span> 
     </span>
    </p>
   </div>
   <div class='ocr_carea' id='block_1_6' title="bbox 229 278 1021 317">
    <p class='ocr_par' dir='ltr' id='par_1_6' title="bbox 229 283 1008 316">
     <span class='ocr_line' id='line_1_6' title="bbox 229 283 1008 316; baseline -0.001 -5"><span class='ocrx_word' id='word_1_47' title='bbox 229 286 274 311; x_wconf 87' lang='lat' dir='ltr'><strong>uni</strong></span> <span class='ocrx_word' id='word_1_48' title='bbox 289 292 321 312; x_wconf 76' lang='lat' dir='ltr'><strong>ea:</strong></span> <span class='ocrx_word' id='word_1_49' title='bbox 337 285 379 311; x_wconf 75' lang='lat' dir='ltr'><strong>his</strong></span> <span class='ocrx_word' id='word_1_50' title='bbox 393 284 521 316; x_wconf 73' lang='lat' dir='ltr'><strong>minimis,</strong></span> <span class='ocrx_word' id='word_1_51' title='bbox 536 283 601 310; x_wconf 86' lang='lat' dir='ltr'><strong>mihi</strong></span> <span class='ocrx_word' id='word_1_52' title='bbox 617 283 716 316; x_wconf 72' lang='lat' dir='ltr'><strong>fecistis</strong></span> <span class='ocrx_word' id='word_1_53' title='bbox 731 284 764 310; x_wconf 90' lang='grc'><strong>³¹.</strong></span> <span class='ocrx_word' id='word_1_54' title='bbox 784 283 815 310; x_wconf 80' lang='lat' dir='ltr'><strong>Hi</strong></span> <span class='ocrx_word' id='word_1_55' title='bbox 831 287 921 310; x_wconf 74' lang='lat' dir='ltr'><strong>autem</strong></span> <span class='ocrx_word' id='word_1_56' title='bbox 936 302 944 315; x_wconf 85' lang='lat'><strong>.</strong></span> <span class='ocrx_word' id='word_1_57' title='bbox 965 287 1008 309; x_wconf 88' lang='lat' dir='ltr'><strong>ut-</strong></span> 
     </span>
    </p>
   </div>
   <div class='ocr_carea' id='block_1_7' title="bbox 1047 278 1839 317">
    <p class='ocr_par' dir='ltr' id='par_1_7' title="bbox 1057 278 1839 317">
     <span class='ocr_line' id='line_1_7' title="bbox 1057 278 1839 317; baseline -0.006 -8"><span class='ocrx_word' id='word_1_58' title='bbox 1057 283 1121 317; x_wconf 77' lang='grc' dir='ltr'>ἐμοὶ</span> <span class='ocrx_word' id='word_1_59' title='bbox 1137 283 1306 317; x_wconf 76' lang='grc' dir='ltr'>ἐποιήσατε.</span> <span class='ocrx_word' id='word_1_60' title='bbox 1321 280 1399 309; x_wconf 76' lang='grc' dir='ltr'>οὗτοι</span> <span class='ocrx_word' id='word_1_61' title='bbox 1411 281 1450 313; x_wconf 78' lang='grc' dir='ltr'>δὲ,</span> <span class='ocrx_word' id='word_1_62' title='bbox 1465 281 1502 312; x_wconf 80' lang='grc' dir='ltr'>ὡς</span> <span class='ocrx_word' id='word_1_63' title='bbox 1515 280 1553 315; x_wconf 84' lang='grc' dir='ltr'>τῷ</span> <span class='ocrx_word' id='word_1_64' title='bbox 1565 280 1620 307; x_wconf 74' lang='grc' dir='ltr'>ὅντι</span> <span class='ocrx_word' id='word_1_65' title='bbox 1640 279 1710 306; x_wconf 76' lang='grc' dir='ltr'>κατὰ</span> <span class='ocrx_word' id='word_1_66' title='bbox 1722 278 1839 314; x_wconf 71' lang='grc' dir='ltr'>Χριστοῦ</span> 
     </span>
    </p>
   </div>
   <div class='ocr_carea' id='block_1_8' title="bbox 228 324 1020 366">
    <p class='ocr_par' dir='ltr' id='par_1_8' title="bbox 228 329 1008 366">
     <span class='ocr_line' id='line_1_8' title="bbox 228 329 1008 366; baseline -0.001 -9"><span class='ocrx_word' id='word_1_67' title='bbox 228 336 291 366; x_wconf 86' lang='lat' dir='ltr'><strong>pote</strong></span> <span class='ocrx_word' id='word_1_68' title='bbox 308 331 353 364; x_wconf 91' lang='lat' dir='ltr'><strong>qui</strong></span> <span class='ocrx_word' id='word_1_69' title='bbox 375 337 468 357; x_wconf 79' lang='lat' dir='ltr'><strong>revera</strong></span> <span class='ocrx_word' id='word_1_70' title='bbox 496 334 589 357; x_wconf 83' lang='lat' dir='ltr'><strong>contra</strong></span> <span class='ocrx_word' id='word_1_71' title='bbox 610 329 746 357; x_wconf 73' lang='lat' dir='ltr'><strong>Christum</strong></span> <span class='ocrx_word' id='word_1_72' title='bbox 760 329 879 358; x_wconf 81' lang='lat' dir='ltr'><strong>sentiant</strong></span> <span class='ocrx_word' id='word_1_73' title='bbox 892 349 900 362; x_wconf 83' lang='lat'><strong>.</strong></span> <span class='ocrx_word' id='word_1_74' title='bbox 920 329 946 356; x_wconf 95' lang='lat' dir='ltr'><strong>in</strong></span> <span class='ocrx_word' id='word_1_75' title='bbox 965 329 1008 356; x_wconf 87' lang='lat' dir='ltr'><strong>his</strong></span> 
     </span>
    </p>
   </div>
   <div class='ocr_carea' id='block_1_9' title="bbox 1047 324 1839 366">
    <p class='ocr_par' dir='ltr' id='par_1_9' title="bbox 1058 324 1839 364">
     <span class='ocr_line' id='line_1_9' title="bbox 1058 324 1839 364; baseline -0.006 -9"><span class='ocrx_word' id='word_1_76' title='bbox 1058 328 1228 364; x_wconf 83' lang='grc' dir='ltr'><strong>φρονοῦντες,</strong></span> <span class='ocrx_word' id='word_1_77' title='bbox 1243 328 1290 355; x_wconf 71' lang='grc' dir='ltr'>καὶ</span> <span class='ocrx_word' id='word_1_78' title='bbox 1306 328 1334 355; x_wconf 85' lang='grc' dir='ltr'><strong>ἐν</strong></span> <span class='ocrx_word' id='word_1_79' title='bbox 1344 327 1448 358; x_wconf 83' lang='grc' dir='ltr'><strong>τούτοις</strong></span> <span class='ocrx_word' id='word_1_80' title='bbox 1461 325 1623 362; x_wconf 77' lang='grc' dir='ltr'><strong>ἀντιπρᾶξαι</strong></span> <span class='ocrx_word' id='word_1_81' title='bbox 1635 325 1675 360; x_wconf 81' lang='grc' dir='ltr'>τῷ</span> <span class='ocrx_word' id='word_1_82' title='bbox 1692 324 1839 360; x_wconf 80' lang='grc' dir='ltr'><strong>βουλήματι</strong></span> 
     </span>
    </p>
   </div>
   <div class='ocr_carea' id='block_1_10' title="bbox 228 371 1020 412">
    <p class='ocr_par' dir='ltr' id='par_1_10' title="bbox 228 375 1006 412">
     <span class='ocr_line' id='line_1_10' title="bbox 228 375 1006 412; baseline -0.001 -9"><span class='ocrx_word' id='word_1_83' title='bbox 228 383 336 412; x_wconf 90' lang='lat' dir='ltr'><strong>quoque</strong></span> <span class='ocrx_word' id='word_1_84' title='bbox 350 377 408 411; x_wconf 96' lang='lat' dir='ltr'><strong>ejus</strong></span> <span class='ocrx_word' id='word_1_85' title='bbox 421 376 551 403; x_wconf 88' lang='lat' dir='ltr'><strong>voluntati</strong></span> <span class='ocrx_word' id='word_1_86' title='bbox 562 376 693 404; x_wconf 83' lang='lat' dir='ltr'><strong>obsistere</strong></span> <span class='ocrx_word' id='word_1_87' title='bbox 707 377 764 404; x_wconf 84' lang='lat' dir='ltr'><strong>ausi</strong></span> <span class='ocrx_word' id='word_1_88' title='bbox 779 381 852 404; x_wconf 87' lang='lat' dir='ltr'><strong>sunt.</strong></span> <span class='ocrx_word' id='word_1_89' title='bbox 869 375 935 403; x_wconf 82' lang='lat' dir='ltr'><strong>Nam</strong></span> <span class='ocrx_word' id='word_1_90' title='bbox 946 383 1006 403; x_wconf 89' lang='lat' dir='ltr'><strong>cum</strong></span> 
     </span>
    </p>
   </div>
   <div class='ocr_carea' id='block_1_11' title="bbox 1047 371 1839 412">
    <p class='ocr_par' dir='ltr' id='par_1_11' title="bbox 1057 371 1839 410">
     <span class='ocr_line' id='line_1_11' title="bbox 1057 371 1839 410; baseline -0.004 -10"><span class='ocrx_word' id='word_1_91' title='bbox 1057 373 1139 400; x_wconf 76' lang='grc' dir='ltr'>αὑτοῦ</span> <span class='ocrx_word' id='word_1_92' title='bbox 1150 373 1340 410; x_wconf 79' lang='grc' dir='ltr'>τετολμήκασι.</span> <span class='ocrx_word' id='word_1_93' title='bbox 1354 373 1422 405; x_wconf 80' lang='grc' dir='ltr'>Τοὺς</span> <span class='ocrx_word' id='word_1_94' title='bbox 1438 372 1491 408; x_wconf 79' lang='grc' dir='ltr'><strong>γὰρ</strong></span> <span class='ocrx_word' id='word_1_95' title='bbox 1508 372 1650 407; x_wconf 83' lang='grc' dir='ltr'><strong>δεομένους</strong></span> <span class='ocrx_word' id='word_1_96' title='bbox 1666 371 1714 398; x_wconf 73' lang='grc' dir='ltr'>καὶ</span> <span class='ocrx_word' id='word_1_97' title='bbox 1729 371 1778 402; x_wconf 82' lang='grc' dir='ltr'><strong>τὰς</strong></span> <span class='ocrx_word' id='word_1_98' title='bbox 1788 371 1839 405; x_wconf 83' lang='grc' dir='ltr'><strong>χή-</strong></span> 
     </span>
    </p>
   </div>
   <div class='ocr_carea' id='block_1_12' title="bbox 228 415 1020 457">
    <p class='ocr_par' dir='ltr' id='par_1_12' title="bbox 228 421 1007 457">
     <span class='ocr_line' id='line_1_12' title="bbox 228 421 1007 457; baseline -0.001 -8"><span class='ocrx_word' id='word_1_99' title='bbox 228 430 327 457; x_wconf 73' lang='lat' dir='ltr'><strong>cgenos</strong></span> <span class='ocrx_word' id='word_1_100' title='bbox 345 423 545 457; x_wconf 86' lang='lat' dir='ltr'><strong>conspicerent,</strong></span> <span class='ocrx_word' id='word_1_101' title='bbox 559 426 585 449; x_wconf 93' lang='lat' dir='ltr'><strong>et</strong></span> <span class='ocrx_word' id='word_1_102' title='bbox 607 422 701 449; x_wconf 88' lang='lat' dir='ltr'><strong>viduas</strong></span> <span class='ocrx_word' id='word_1_103' title='bbox 722 422 803 456; x_wconf 66' lang='lat' dir='ltr'><strong>(qua,</strong></span> <span class='ocrx_word' id='word_1_104' title='bbox 821 429 883 449; x_wconf 89' lang='lat' dir='ltr'><strong>cum</strong></span> <span class='ocrx_word' id='word_1_105' title='bbox 898 421 950 448; x_wconf 80' lang='lat' dir='ltr'><strong>dux</strong></span> <span class='ocrx_word' id='word_1_106' title='bbox 964 429 1007 448; x_wconf 92' lang='lat' dir='ltr'><strong>ec-</strong></span> 
     </span>
    </p>
   </div>
   <div class='ocr_carea' id='block_1_13' title="bbox 1047 415 1839 457">
    <p class='ocr_par' dir='ltr' id='par_1_13' title="bbox 1059 415 1839 455">
     <span class='ocr_line' id='line_1_13' title="bbox 1059 415 1839 455; baseline -0.005 -9"><span class='ocrx_word' id='word_1_107' title='bbox 1059 428 1118 455; x_wconf 80' lang='grc' dir='ltr'>ρας,</span> <span class='ocrx_word' id='word_1_108' title='bbox 1132 419 1223 455; x_wconf 75' lang='grc' dir='ltr'>ἐπειδὴ</span> <span class='ocrx_word' id='word_1_109' title='bbox 1245 420 1293 451; x_wconf 81' lang='grc' dir='ltr'><strong>τὰς</strong></span> <span class='ocrx_word' id='word_1_110' title='bbox 1309 418 1455 453; x_wconf 77' lang='grc' dir='ltr'><strong>ἐκκλησίας</strong></span> <span class='ocrx_word' id='word_1_111' title='bbox 1476 417 1666 453; x_wconf 82' lang='grc' dir='ltr'><strong>παραδέδωκεν</strong></span> <span class='ocrx_word' id='word_1_112' title='bbox 1683 415 1739 452; x_wconf 81' lang='grc'><strong>(55)</strong></span> <span class='ocrx_word' id='word_1_113' title='bbox 1752 417 1766 443; x_wconf 90' lang='grc' dir='ltr'><strong>ό</strong></span> <span class='ocrx_word' id='word_1_114' title='bbox 1777 415 1839 448; x_wconf 71' lang='grc' dir='ltr'>δοὺξ</span> 
     </span>
    </p>
   </div>
   <div class='ocr_carea' id='block_1_14' title="bbox 228 461 1020 501">
    <p class='ocr_par' dir='ltr' id='par_1_14' title="bbox 228 467 1007 501">
     <span class='ocr_line' id='line_1_14' title="bbox 228 467 1007 501; baseline -0.003 -6"><span class='ocrx_word' id='word_1_115' title='bbox 228 468 326 495; x_wconf 86' lang='lat' dir='ltr'><strong>clesias</strong></span> <span class='ocrx_word' id='word_1_116' title='bbox 344 468 452 495; x_wconf 83' lang='lat' dir='ltr'><strong>Arianis</strong></span> <span class='ocrx_word' id='word_1_117' title='bbox 478 468 656 500; x_wconf 83' lang='lat' dir='ltr'><strong>tradidisset,</strong></span> <span class='ocrx_word' id='word_1_118' title='bbox 673 468 700 494; x_wconf 94' lang='lat' dir='ltr'><strong>in</strong></span> <span class='ocrx_word' id='word_1_119' title='bbox 729 467 762 494; x_wconf 84' lang='lat' dir='ltr'><strong>iis</strong></span> <span class='ocrx_word' id='word_1_120' title='bbox 778 467 880 494; x_wconf 85' lang='lat' dir='ltr'><strong>versari</strong></span> <span class='ocrx_word' id='word_1_121' title='bbox 911 467 1007 501; x_wconf 90' lang='lat' dir='ltr'><strong>nequi-</strong></span> 
     </span>
    </p>
   </div>
   <div class='ocr_carea' id='block_1_15' title="bbox 1047 461 1839 501">
    <p class='ocr_par' dir='ltr' id='par_1_15' title="bbox 1056 461 1839 501">
     <span class='ocr_line' id='line_1_15' title="bbox 1056 461 1839 501; baseline -0.005 -10"><span class='ocrx_word' id='word_1_122' title='bbox 1056 466 1112 496; x_wconf 87' lang='grc' dir='ltr'>τοῖς</span> <span class='ocrx_word' id='word_1_123' title='bbox 1131 465 1287 501; x_wconf 78' lang='grc' dir='ltr'>’Δρειανοῖς,</span> <span class='ocrx_word' id='word_1_124' title='bbox 1315 465 1361 491; x_wconf 78' lang='grc' dir='ltr'>καὶ</span> <span class='ocrx_word' id='word_1_125' title='bbox 1386 465 1415 491; x_wconf 88' lang='grc' dir='ltr'><strong>ἐν</strong></span> <span class='ocrx_word' id='word_1_126' title='bbox 1439 464 1532 496; x_wconf 84' lang='grc' dir='ltr'>αὑταῖς</span> <span class='ocrx_word' id='word_1_127' title='bbox 1548 462 1695 498; x_wconf 78' lang='grc' dir='ltr'>διατρίϐειν</span> <span class='ocrx_word' id='word_1_128' title='bbox 1717 462 1765 488; x_wconf 81' lang='grc' dir='ltr'>οὐκ</span> <span class='ocrx_word' id='word_1_129' title='bbox 1776 461 1839 497; x_wconf 77' lang='grc' dir='ltr'>ἡδύ-</span> 
     </span>
    </p>
   </div>
   <div class='ocr_carea' id='block_1_16' title="bbox 227 507 1019 548">
    <p class='ocr_par' dir='ltr' id='par_1_16' title="bbox 227 512 1005 548">
     <span class='ocr_line' id='line_1_16' title="bbox 227 512 1005 548; baseline -0.001 -8"><span class='ocrx_word' id='word_1_130' title='bbox 227 514 302 548; x_wconf 88' lang='lat' dir='ltr'><strong>bant)</strong></span> <span class='ocrx_word' id='word_1_131' title='bbox 328 514 453 540; x_wconf 86' lang='lat' dir='ltr'><strong>sedentes</strong></span> <span class='ocrx_word' id='word_1_132' title='bbox 473 514 498 540; x_wconf 92' lang='lat' dir='ltr'><strong>in</strong></span> <span class='ocrx_word' id='word_1_133' title='bbox 520 513 664 548; x_wconf 75' lang='lat' dir='ltr'><strong>assignatis</strong></span> <span class='ocrx_word' id='word_1_134' title='bbox 682 513 732 539; x_wconf 87' lang='lat' dir='ltr'><strong>sibi</strong></span> <span class='ocrx_word' id='word_1_135' title='bbox 759 513 825 540; x_wconf 88' lang='lat' dir='ltr'><strong>locis</strong></span> <span class='ocrx_word' id='word_1_136' title='bbox 850 521 864 540; x_wconf 86' lang='lat' dir='ltr'><strong>a</strong></span> <span class='ocrx_word' id='word_1_137' title='bbox 889 512 1005 544; x_wconf 76' lang='lat' dir='ltr'><strong>clericis,</strong></span> 
     </span>
    </p>
   </div>
   <div class='ocr_carea' id='block_1_17' title="bbox 1045 507 1837 548">
    <p class='ocr_par' dir='ltr' id='par_1_17' title="bbox 1057 507 1837 545">
     <span class='ocr_line' id='line_1_17' title="bbox 1057 507 1837 545; baseline -0.005 -8"><span class='ocrx_word' id='word_1_138' title='bbox 1057 519 1145 542; x_wconf 90' lang='grc' dir='ltr'>ναντο,</span> <span class='ocrx_word' id='word_1_139' title='bbox 1165 510 1348 545; x_wconf 81' lang='grc' dir='ltr'><strong>καθεζομένας</strong></span> <span class='ocrx_word' id='word_1_140' title='bbox 1363 510 1391 536; x_wconf 84' lang='grc' dir='ltr'><strong>ἐν</strong></span> <span class='ocrx_word' id='word_1_141' title='bbox 1414 508 1454 540; x_wconf 76' lang='grc' dir='ltr'>οἷς</span> <span class='ocrx_word' id='word_1_142' title='bbox 1469 509 1570 544; x_wconf 80' lang='grc' dir='ltr'>ὥρισαν</span> <span class='ocrx_word' id='word_1_143' title='bbox 1591 508 1686 539; x_wconf 83' lang='grc' dir='ltr'>αὑταῖς</span> <span class='ocrx_word' id='word_1_144' title='bbox 1696 507 1788 539; x_wconf 86' lang='grc' dir='ltr'>τόποις</span> <span class='ocrx_word' id='word_1_145' title='bbox 1813 508 1837 533; x_wconf 80' lang='grc' dir='ltr'>οε</span> 
     </span>
    </p>
   </div>
   <div class='ocr_carea' id='block_1_18' title="bbox 227 553 1019 593">
    <p class='ocr_par' dir='ltr' id='par_1_18' title="bbox 227 557 1007 593">
     <span class='ocr_line' id='line_1_18' title="bbox 227 557 1007 593; baseline 0 -9"><span class='ocrx_word' id='word_1_146' title='bbox 227 559 325 593; x_wconf 84' lang='lat' dir='ltr'><strong>quibus</strong></span> <span class='ocrx_word' id='word_1_147' title='bbox 339 558 478 584; x_wconf 86' lang='lat' dir='ltr'><strong>viduarum</strong></span> <span class='ocrx_word' id='word_1_148' title='bbox 497 565 559 584; x_wconf 87' lang='lat' dir='ltr'><strong>cura</strong></span> <span class='ocrx_word' id='word_1_149' title='bbox 580 558 734 584; x_wconf 88' lang='lat' dir='ltr'><strong>concredita</strong></span> <span class='ocrx_word' id='word_1_150' title='bbox 748 557 856 584; x_wconf 83' lang='lat' dir='ltr'><strong>fuerat:</strong></span> <span class='ocrx_word' id='word_1_151' title='bbox 871 564 932 584; x_wconf 92' lang='lat' dir='ltr'><strong>cum</strong></span> <span class='ocrx_word' id='word_1_152' title='bbox 949 564 1007 584; x_wconf 87' lang='lat' dir='ltr'><strong>cer-</strong></span> 
     </span>
    </p>
   </div>
   <div class='ocr_carea' id='block_1_19' title="bbox 1046 553 1838 593">
    <p class='ocr_par' dir='ltr' id='par_1_19' title="bbox 1058 553 1838 591">
     <span class='ocr_line' id='line_1_19' title="bbox 1058 553 1838 591; baseline -0.004 -9"><span class='ocrx_word' id='word_1_153' title='bbox 1058 555 1266 591; x_wconf 82' lang='grc' dir='ltr'>πεπιστευμένοι</span> <span class='ocrx_word' id='word_1_154' title='bbox 1277 555 1332 591; x_wconf 70' lang='grc'><strong>(54)</strong></span> <span class='ocrx_word' id='word_1_155' title='bbox 1349 555 1397 586; x_wconf 81' lang='grc' dir='ltr'><strong>τὰς</strong></span> <span class='ocrx_word' id='word_1_156' title='bbox 1414 555 1498 590; x_wconf 82' lang='grc' dir='ltr'>χήρας</span> <span class='ocrx_word' id='word_1_157' title='bbox 1511 554 1646 589; x_wconf 80' lang='grc' dir='ltr'>κληρικοὶ,</span> <span class='ocrx_word' id='word_1_158' title='bbox 1660 553 1752 589; x_wconf 85' lang='grc' dir='ltr'>ἐπειδὴ</span> <span class='ocrx_word' id='word_1_159' title='bbox 1764 553 1838 579; x_wconf 75' lang='grc' dir='ltr'>ἔϐλε-</span> 
     </span>
    </p>
   </div>
   <div class='ocr_carea' id='block_1_20' title="bbox 227 599 1019 637">
    <p class='ocr_par' dir='ltr' id='par_1_20' title="bbox 227 602 1005 637">
     <span class='ocr_line' id='line_1_20' title="bbox 227 602 1005 637; baseline -0.003 -7"><span class='ocrx_word' id='word_1_160' title='bbox 227 609 321 631; x_wconf 85' lang='lat' dir='ltr'><strong>nerent</strong></span> <span class='ocrx_word' id='word_1_161' title='bbox 338 603 436 630; x_wconf 81' lang='lat' dir='ltr'><strong>fratres</strong></span> <span class='ocrx_word' id='word_1_162' title='bbox 465 607 589 637; x_wconf 88' lang='lat' dir='ltr'><strong>prompto</strong></span> <span class='ocrx_word' id='word_1_163' title='bbox 614 602 679 637; x_wconf 86' lang='lat' dir='ltr'><strong><em>ipsis</em></strong></span> <span class='ocrx_word' id='word_1_164' title='bbox 699 603 788 630; x_wconf 91' lang='lat' dir='ltr'><strong>animo</strong></span> <span class='ocrx_word' id='word_1_165' title='bbox 809 603 1005 637; x_wconf 84' lang='lat' dir='ltr'><strong>eleemosynam</strong></span> 
     </span>
    </p>
   </div>
   <div class='ocr_carea' id='block_1_21' title="bbox 1045 599 1837 637">
    <p class='ocr_par' dir='ltr' id='par_1_21' title="bbox 1057 599 1837 636">
     <span class='ocr_line' id='line_1_21' title="bbox 1057 599 1837 636; baseline -0.004 -8"><span class='ocrx_word' id='word_1_166' title='bbox 1057 610 1106 628; x_wconf 87' lang='grc' dir='ltr'><strong>πον</strong></span> <span class='ocrx_word' id='word_1_167' title='bbox 1118 603 1179 633; x_wconf 87' lang='grc' dir='ltr'>τοὺς</span> <span class='ocrx_word' id='word_1_168' title='bbox 1192 601 1322 636; x_wconf 81' lang='grc' dir='ltr'>ἀδελφοὺς</span> <span class='ocrx_word' id='word_1_169' title='bbox 1336 601 1482 636; x_wconf 78' lang='grc' dir='ltr'><strong>προθύμως</strong></span> <span class='ocrx_word' id='word_1_170' title='bbox 1491 600 1655 631; x_wconf 71' lang='grc' dir='ltr'>ἐπιδιδόντας</span> <span class='ocrx_word' id='word_1_171' title='bbox 1671 599 1776 631; x_wconf 84' lang='grc' dir='ltr'>αὑταῖς,</span> <span class='ocrx_word' id='word_1_172' title='bbox 1791 599 1837 625; x_wconf 68' lang='grc' dir='ltr'>καὶ</span> 
     </span>
    </p>
   </div>
   <div class='ocr_carea' id='block_1_22' title="bbox 227 643 1019 683">
    <p class='ocr_par' dir='ltr' id='par_1_22' title="bbox 227 647 1006 683">
     <span class='ocr_line' id='line_1_22' title="bbox 227 647 1006 683; baseline -0.003 -7"><span class='ocrx_word' id='word_1_173' title='bbox 227 656 352 683; x_wconf 76' lang='lat' dir='ltr'><strong>erogare,</strong></span> <span class='ocrx_word' id='word_1_174' title='bbox 370 648 510 682; x_wconf 79' lang='lat' dir='ltr'><strong>viduisque</strong></span> <span class='ocrx_word' id='word_1_175' title='bbox 527 648 654 675; x_wconf 87' lang='lat' dir='ltr'><strong>alimenta</strong></span> <span class='ocrx_word' id='word_1_176' title='bbox 674 647 812 682; x_wconf 73' lang='lat' dir='ltr'><strong>praebere;</strong></span> <span class='ocrx_word' id='word_1_177' title='bbox 832 654 878 674; x_wconf 83' lang='lat' dir='ltr'><strong>eas</strong></span> <span class='ocrx_word' id='word_1_178' title='bbox 893 648 1006 682; x_wconf 86' lang='lat' dir='ltr'><strong>pedibus</strong></span> 
     </span>
    </p>
   </div>
   <div class='ocr_carea' id='block_1_23' title="bbox 1045 643 1837 683">
    <p class='ocr_par' dir='ltr' id='par_1_23' title="bbox 1055 643 1837 682">
     <span class='ocr_line' id='line_1_23' title="bbox 1055 643 1837 682; baseline -0.005 -8"><span class='ocrx_word' id='word_1_179' title='bbox 1055 647 1203 682; x_wconf 84' lang='grc' dir='ltr'>τρέφοντας</span> <span class='ocrx_word' id='word_1_180' title='bbox 1228 647 1278 678; x_wconf 81' lang='grc' dir='ltr'><strong>τὰς</strong></span> <span class='ocrx_word' id='word_1_181' title='bbox 1305 647 1404 682; x_wconf 85' lang='grc' dir='ltr'>χήρας,</span> <span class='ocrx_word' id='word_1_182' title='bbox 1430 646 1513 677; x_wconf 77' lang='grc' dir='ltr'>αὐτάς</span> <span class='ocrx_word' id='word_1_183' title='bbox 1538 654 1567 672; x_wconf 83' lang='grc' dir='ltr'><strong>τε</strong></span> <span class='ocrx_word' id='word_1_184' title='bbox 1584 644 1654 671; x_wconf 79' lang='grc' dir='ltr'>κατὰ</span> <span class='ocrx_word' id='word_1_185' title='bbox 1673 644 1727 670; x_wconf 83' lang='grc' dir='ltr'><strong>τῶν</strong></span> <span class='ocrx_word' id='word_1_186' title='bbox 1751 643 1837 670; x_wconf 75' lang='grc' dir='ltr'>ποδῶν</span> 
     </span>
    </p>
   </div>
   <div class='ocr_carea' id='block_1_24' title="bbox 226 689 1018 729">
    <p class='ocr_par' dir='ltr' id='par_1_24' title="bbox 226 693 1007 729">
     <span class='ocr_line' id='line_1_24' title="bbox 226 693 1007 729; baseline -0.001 -8"><span class='ocrx_word' id='word_1_187' title='bbox 226 695 364 729; x_wconf 80' lang='lat' dir='ltr'><strong>pulsantes</strong></span> <span class='ocrx_word' id='word_1_188' title='bbox 383 694 439 728; x_wconf 77' lang='lat'><strong>(55)</strong></span> <span class='ocrx_word' id='word_1_189' title='bbox 453 694 674 728; x_wconf 78' lang='lat' dir='ltr'><strong>insequebantur,</strong></span> <span class='ocrx_word' id='word_1_190' title='bbox 694 693 890 728; x_wconf 77' lang='lat' dir='ltr'><strong>largitoresque</strong></span> <span class='ocrx_word' id='word_1_191' title='bbox 902 693 1007 720; x_wconf 65' lang='grc' dir='ltr'>σείει-ου</span> 
     </span>
    </p>
   </div>
   <div class='ocr_carea' id='block_1_25' title="bbox 1047 689 1839 729">
    <p class='ocr_par' dir='ltr' id='par_1_25' title="bbox 1055 689 1839 727">
     <span class='ocr_line' id='line_1_25' title="bbox 1055 689 1839 727; baseline -0.004 -8"><span class='ocrx_word' id='word_1_192' title='bbox 1055 693 1201 725; x_wconf 84' lang='grc' dir='ltr'><strong>τύπτοντες</strong></span> <span class='ocrx_word' id='word_1_193' title='bbox 1217 693 1327 720; x_wconf 78' lang='grc' dir='ltr'>ἐδίωκον</span> <span class='ocrx_word' id='word_1_194' title='bbox 1341 692 1408 727; x_wconf 80' lang='grc'><strong>(55),</strong></span> <span class='ocrx_word' id='word_1_195' title='bbox 1419 692 1465 719; x_wconf 75' lang='grc' dir='ltr'>καὶ</span> <span class='ocrx_word' id='word_1_196' title='bbox 1480 691 1543 723; x_wconf 82' lang='grc' dir='ltr'>τοὺς</span> <span class='ocrx_word' id='word_1_197' title='bbox 1557 691 1724 727; x_wconf 82' lang='grc' dir='ltr'>παρέχοντας</span> <span class='ocrx_word' id='word_1_198' title='bbox 1737 689 1839 716; x_wconf 78' lang='grc' dir='ltr'>διέὸαλ-</span> 
     </span>
    </p>
   </div>
   <div class='ocr_carea' id='block_1_26' title="bbox 226 735 1018 774">
    <p class='ocr_par' dir='ltr' id='par_1_26' title="bbox 226 738 1004 774">
     <span class='ocr_line' id='line_1_26' title="bbox 226 738 1004 774; baseline -0.003 -8"><span class='ocrx_word' id='word_1_199' title='bbox 226 741 291 766; x_wconf 80' lang='lat' dir='ltr'><strong>bant</strong></span> <span class='ocrx_word' id='word_1_200' title='bbox 313 739 345 766; x_wconf 90' lang='lat' dir='ltr'><strong>ad</strong></span> <span class='ocrx_word' id='word_1_201' title='bbox 360 739 608 773; x_wconf 72' lang='lat' dir='ltr'><strong>dtlcem.]l|lndque</strong></span> <span class='ocrx_word' id='word_1_202' title='bbox 632 746 646 765; x_wconf 85' lang='lat' dir='ltr'><strong>a</strong></span> <span class='ocrx_word' id='word_1_203' title='bbox 672 739 802 773; x_wconf 87' lang='lat' dir='ltr'><strong>Dynamio</strong></span> <span class='ocrx_word' id='word_1_204' title='bbox 814 738 869 774; x_wconf 77' lang='lat'><strong>(56)</strong></span> <span class='ocrx_word' id='word_1_205' title='bbox 889 738 1004 773; x_wconf 80' lang='lat' dir='ltr'><strong>quodam</strong></span> 
     </span>
    </p>
   </div>
   <div class='ocr_carea' id='block_1_27' title="bbox 1044 735 1836 774">
    <p class='ocr_par' dir='ltr' id='par_1_27' title="bbox 1055 735 1836 774">
     <span class='ocr_line' id='line_1_27' title="bbox 1055 735 1836 774; baseline -0.005 -9"><span class='ocrx_word' id='word_1_206' title='bbox 1055 738 1099 765; x_wconf 85' lang='grc' dir='ltr'><strong>λον</strong></span> <span class='ocrx_word' id='word_1_207' title='bbox 1114 738 1151 774; x_wconf 84' lang='grc' dir='ltr'>τῷ</span> <span class='ocrx_word' id='word_1_208' title='bbox 1164 738 1250 765; x_wconf 85' lang='grc' dir='ltr'>δουκί.</span> <span class='ocrx_word' id='word_1_209' title='bbox 1265 738 1320 765; x_wconf 70' lang='grc' dir='ltr'><strong>Καὶ</strong></span> <span class='ocrx_word' id='word_1_210' title='bbox 1339 738 1417 767; x_wconf 82' lang='grc' dir='ltr'>τοῦτο</span> <span class='ocrx_word' id='word_1_211' title='bbox 1433 738 1555 772; x_wconf 74' lang='grc' dir='ltr'>ἐγίγνετο</span> <span class='ocrx_word' id='word_1_212' title='bbox 1577 736 1621 763; x_wconf 83' lang='grc' dir='ltr'><strong>διὰ</strong></span> <span class='ocrx_word' id='word_1_213' title='bbox 1633 736 1766 771; x_wconf 82' lang='grc' dir='ltr'>Δυναμίου</span> <span class='ocrx_word' id='word_1_214' title='bbox 1781 735 1836 771; x_wconf 85' lang='grc'><strong>(56)</strong></span> 
     </span>
    </p>
   </div>
   <div class='ocr_carea' id='block_1_28' title="bbox 227 781 1019 821">
    <p class='ocr_par' dir='ltr' id='par_1_28' title="bbox 227 783 1002 819">
     <span class='ocr_line' id='line_1_28' title="bbox 227 783 1002 819; baseline -0.003 -8"><span class='ocrx_word' id='word_1_215' title='bbox 227 785 312 811; x_wconf 84' lang='lat' dir='ltr'><strong>milite</strong></span> <span class='ocrx_word' id='word_1_216' title='bbox 329 785 469 819; x_wconf 78' lang='lat' dir='ltr'><strong>agebatur,</strong></span> <span class='ocrx_word' id='word_1_217' title='bbox 490 789 601 818; x_wconf 83' lang='lat' dir='ltr'><strong>eratque</strong></span> <span class='ocrx_word' id='word_1_218' title='bbox 625 783 784 810; x_wconf 75' lang='lat' dir='ltr'><strong>Sebastiano</strong></span> <span class='ocrx_word' id='word_1_219' title='bbox 799 783 981 818; x_wconf 78' lang='lat' dir='ltr'><strong>gratissimum</strong></span> <span class='ocrx_word' id='word_1_220' title='bbox 995 791 1002 809; x_wconf 85' lang='lat'><strong>:</strong></span> 
     </span>
    </p>
   </div>
   <div class='ocr_carea' id='block_1_29' title="bbox 1042 781 1834 821">
    <p class='ocr_par' dir='ltr' id='par_1_29' title="bbox 1055 781 1834 821">
     <span class='ocr_line' id='line_1_29' title="bbox 1055 781 1834 821; baseline -0.005 -10"><span class='ocrx_word' id='word_1_221' title='bbox 1055 784 1126 816; x_wconf 83' lang='grc' dir='ltr'>τινὸς</span> <span class='ocrx_word' id='word_1_222' title='bbox 1135 783 1308 821; x_wconf 86' lang='grc' dir='ltr'>στρατιώτου·</span> <span class='ocrx_word' id='word_1_223' title='bbox 1322 784 1396 819; x_wconf 76' lang='grc' dir='ltr'>φίλον</span> <span class='ocrx_word' id='word_1_224' title='bbox 1412 784 1440 810; x_wconf 78' lang='grc' dir='ltr'><strong>δέ</strong></span> <span class='ocrx_word' id='word_1_225' title='bbox 1453 782 1487 818; x_wconf 80' lang='grc' dir='ltr'>ἦν</span> <span class='ocrx_word' id='word_1_226' title='bbox 1498 783 1576 810; x_wconf 86' lang='grc' dir='ltr'>τοῦτο</span> <span class='ocrx_word' id='word_1_227' title='bbox 1590 783 1645 817; x_wconf 87' lang='grc'><strong>(57)</strong></span> <span class='ocrx_word' id='word_1_228' title='bbox 1654 781 1834 816; x_wconf 73' lang='grc' dir='ltr'>Σεϐαστιανῷ·</span> 
     </span>
    </p>
   </div>
   <div class='ocr_carea' id='block_1_30' title="bbox 226 825 1018 865">
    <p class='ocr_par' dir='ltr' id='par_1_30' title="bbox 226 829 1004 865">
     <span class='ocr_line' id='line_1_30' title="bbox 226 829 1004 865; baseline 0 -9"><span class='ocrx_word' id='word_1_229' title='bbox 226 831 296 865; x_wconf 84' lang='lat' dir='ltr'><strong>apud</strong></span> <span class='ocrx_word' id='word_1_230' title='bbox 315 829 475 857; x_wconf 59' lang='lat' dir='ltr'><strong>Manichacus</strong></span> <span class='ocrx_word' id='word_1_231' title='bbox 491 829 561 856; x_wconf 90' lang='lat' dir='ltr'><strong>enim</strong></span> <span class='ocrx_word' id='word_1_232' title='bbox 579 829 649 856; x_wconf 86' lang='lat' dir='ltr'><strong>nulla</strong></span> <span class='ocrx_word' id='word_1_233' title='bbox 664 835 704 856; x_wconf 86' lang='lat' dir='ltr'><strong>cst</strong></span> <span class='ocrx_word' id='word_1_234' title='bbox 719 830 930 861; x_wconf 83' lang='lat' dir='ltr'><strong>commiseratio,</strong></span> <span class='ocrx_word' id='word_1_235' title='bbox 947 837 1004 856; x_wconf 60' lang='lat' dir='ltr'><strong>resv</strong></span> 
     </span>
    </p>
   </div>
   <div class='ocr_carea' id='block_1_31' title="bbox 1045 825 1837 865">
    <p class='ocr_par' dir='ltr' id='par_1_31' title="bbox 1055 825 1837 864">
     <span class='ocr_line' id='line_1_31' title="bbox 1055 825 1837 864; baseline -0.005 -9"><span class='ocrx_word' id='word_1_236' title='bbox 1055 829 1130 864; x_wconf 79' lang='grc' dir='ltr'>παρὰ</span> <span class='ocrx_word' id='word_1_237' title='bbox 1157 828 1316 863; x_wconf 80' lang='grc' dir='ltr'>Μανιχαίοις</span> <span class='ocrx_word' id='word_1_238' title='bbox 1341 828 1396 863; x_wconf 86' lang='grc' dir='ltr'>γὰρ</span> <span class='ocrx_word' id='word_1_239' title='bbox 1419 827 1491 859; x_wconf 76' lang='grc' dir='ltr'>ἕλεος</span> <span class='ocrx_word' id='word_1_240' title='bbox 1521 827 1570 853; x_wconf 83' lang='grc' dir='ltr'>οὐκ</span> <span class='ocrx_word' id='word_1_241' title='bbox 1595 826 1684 857; x_wconf 78' lang='grc' dir='ltr'>ἐστιν,</span> <span class='ocrx_word' id='word_1_242' title='bbox 1707 825 1773 852; x_wconf 83' lang='grc' dir='ltr'>ἀλλὰ</span> <span class='ocrx_word' id='word_1_243' title='bbox 1790 825 1837 852; x_wconf 74' lang='grc' dir='ltr'>καὶ</span> 
     </span>
    </p>
   </div>
   <div class='ocr_carea' id='block_1_32' title="bbox 225 860 1017 910">
    <p class='ocr_par' dir='ltr' id='par_1_32' title="bbox 225 873 1004 909">
     <span class='ocr_line' id='line_1_32' title="bbox 225 873 1004 909; baseline -0.003 -7"><span class='ocrx_word' id='word_1_244' title='bbox 225 883 277 909; x_wconf 86' lang='lat' dir='ltr'><strong>que</strong></span> <span class='ocrx_word' id='word_1_245' title='bbox 300 874 353 902; x_wconf 87' lang='lat' dir='ltr'><strong>illis</strong></span> <span class='ocrx_word' id='word_1_246' title='bbox 377 875 469 901; x_wconf 86' lang='lat' dir='ltr'><strong>odiosa</strong></span> <span class='ocrx_word' id='word_1_247' title='bbox 495 878 535 901; x_wconf 89' lang='lat' dir='ltr'><strong>est</strong></span> <span class='ocrx_word' id='word_1_248' title='bbox 559 881 703 908; x_wconf 85' lang='lat' dir='ltr'><strong>pauperem</strong></span> <span class='ocrx_word' id='word_1_249' title='bbox 727 874 862 901; x_wconf 88' lang='lat' dir='ltr'><strong>miserari.</strong></span> <span class='ocrx_word' id='word_1_250' title='bbox 886 873 1004 901; x_wconf 89' lang='lat' dir='ltr'><strong>lnsolens</strong></span> 
     </span>
    </p>
   </div>
   <div class='ocr_carea' id='block_1_33' title="bbox 1045 860 1837 910">
    <p class='ocr_par' dir='ltr' id='par_1_33' title="bbox 1056 860 1837 910">
     <span class='ocr_line' id='line_1_33' title="bbox 1056 860 1837 910; baseline -0.003 -10"><span class='ocrx_word' id='word_1_251' title='bbox 1056 860 1153 909; x_wconf 82' lang='grc' dir='ltr'>ἐχθρόν</span> <span class='ocrx_word' id='word_1_252' title='bbox 1166 875 1223 900; x_wconf 85' lang='grc' dir='ltr'>ἐστι</span> <span class='ocrx_word' id='word_1_253' title='bbox 1231 860 1302 910; x_wconf 44' lang='grc' dir='ltr'>’παρ’</span> <span class='ocrx_word' id='word_1_254' title='bbox 1314 860 1404 906; x_wconf 72' lang='grc' dir='ltr'>αὐτοῖς</span> <span class='ocrx_word' id='word_1_255' title='bbox 1419 873 1449 900; x_wconf 76' lang='grc' dir='ltr'>τὸ</span> <span class='ocrx_word' id='word_1_256' title='bbox 1461 873 1545 899; x_wconf 84' lang='grc' dir='ltr'>ἐλεεῖν</span> <span class='ocrx_word' id='word_1_257' title='bbox 1560 872 1672 907; x_wconf 80' lang='grc' dir='ltr'>πένητα,</span> <span class='ocrx_word' id='word_1_258' title='bbox 1684 870 1738 898; x_wconf 87' lang='grc' dir='ltr'>Ἦν</span> <span class='ocrx_word' id='word_1_259' title='bbox 1747 871 1837 898; x_wconf 79' lang='grc' dir='ltr'>τοίνυν</span> 
     </span>
    </p>
   </div>
   <div class='ocr_carea' id='block_1_34' title="bbox 226 917 1018 956">
    <p class='ocr_par' dir='ltr' id='par_1_34' title="bbox 226 919 1002 954">
     <span class='ocr_line' id='line_1_34' title="bbox 226 919 1002 954; baseline -0.003 -7"><span class='ocrx_word' id='word_1_260' title='bbox 226 921 317 954; x_wconf 80' lang='lat' dir='ltr'><strong>itaque</strong></span> <span class='ocrx_word' id='word_1_261' title='bbox 333 920 516 947; x_wconf 81' lang='lat' dir='ltr'><strong>accusationis</strong></span> <span class='ocrx_word' id='word_1_262' title='bbox 538 927 621 954; x_wconf 81' lang='lat' dir='ltr'><strong>genus</strong></span> <span class='ocrx_word' id='word_1_263' title='bbox 634 924 703 952; x_wconf 87' lang='lat' dir='ltr'><strong>eral,</strong></span> <span class='ocrx_word' id='word_1_264' title='bbox 721 926 873 954; x_wconf 90' lang='lat' dir='ltr'><strong>novumque</strong></span> <span class='ocrx_word' id='word_1_265' title='bbox 888 919 1002 946; x_wconf 89' lang='lat' dir='ltr'><strong>tribunal</strong></span> 
     </span>
    </p>
   </div>
   <div class='ocr_carea' id='block_1_35' title="bbox 1044 917 1836 956">
    <p class='ocr_par' dir='ltr' id='par_1_35' title="bbox 1055 917 1836 956">
     <span class='ocr_line' id='line_1_35' title="bbox 1055 917 1836 956; baseline -0.004 -10"><span class='ocrx_word' id='word_1_266' title='bbox 1055 919 1135 955; x_wconf 83' lang='grc' dir='ltr'>καινὴ</span> <span class='ocrx_word' id='word_1_267' title='bbox 1149 919 1261 956; x_wconf 74' lang='grc' dir='ltr'>μέμψις,</span> <span class='ocrx_word' id='word_1_268' title='bbox 1279 920 1326 946; x_wconf 77' lang='grc' dir='ltr'>καὶ</span> <span class='ocrx_word' id='word_1_269' title='bbox 1338 919 1510 955; x_wconf 83' lang='grc' dir='ltr'>δικαστήριον</span> <span class='ocrx_word' id='word_1_270' title='bbox 1521 918 1567 945; x_wconf 80' lang='grc' dir='ltr'>νῦν</span> <span class='ocrx_word' id='word_1_271' title='bbox 1576 918 1681 953; x_wconf 86' lang='grc' dir='ltr'>πρῶτον</span> <span class='ocrx_word' id='word_1_272' title='bbox 1696 917 1836 953; x_wconf 77' lang='grc' dir='ltr'>ἐπινοηθέν</span> 
     </span>
    </p>
   </div>
   <div class='ocr_carea' id='block_1_36' title="bbox 226 956 1018 1002">
    <p class='ocr_par' dir='ltr' id='par_1_36' title="bbox 226 964 1004 999">
     <span class='ocr_line' id='line_1_36' title="bbox 226 964 1004 999; baseline -0.001 -7"><span class='ocrx_word' id='word_1_273' title='bbox 226 967 260 992; x_wconf 89' lang='lat' dir='ltr'><strong>ab</strong></span> <span class='ocrx_word' id='word_1_274' title='bbox 275 965 328 992; x_wconf 90' lang='lat' dir='ltr'><strong>illis</strong></span> <span class='ocrx_word' id='word_1_275' title='bbox 347 965 402 998; x_wconf 86' lang='lat' dir='ltr'><strong>jam</strong></span> <span class='ocrx_word' id='word_1_276' title='bbox 423 965 537 999; x_wconf 89' lang='lat' dir='ltr'><strong>primum</strong></span> <span class='ocrx_word' id='word_1_277' title='bbox 552 965 732 999; x_wconf 79' lang='lat' dir='ltr'><strong>excogitatum</strong></span> <span class='ocrx_word' id='word_1_278' title='bbox 750 969 801 992; x_wconf 86' lang='lat' dir='ltr'><strong>est.</strong></span> <span class='ocrx_word' id='word_1_279' title='bbox 820 965 857 992; x_wconf 89' lang='lat' dir='ltr'><strong>De</strong></span> <span class='ocrx_word' id='word_1_280' title='bbox 874 964 1004 992; x_wconf 85' lang='lat' dir='ltr'><strong>beneﬁcio</strong></span> 
     </span>
    </p>
   </div>
   <div class='ocr_carea' id='block_1_37' title="bbox 1045 956 1837 1002">
    <p class='ocr_par' dir='ltr' id='par_1_37' title="bbox 1055 956 1837 1002">
     <span class='ocr_line' id='line_1_37' title="bbox 1055 956 1837 1002; baseline -0.005 -9"><span class='ocrx_word' id='word_1_281' title='bbox 1055 967 1122 1002; x_wconf 84' lang='grc' dir='ltr'>παρ’</span> <span class='ocrx_word' id='word_1_282' title='bbox 1139 966 1238 993; x_wconf 83' lang='grc' dir='ltr'>αὐτῶν.</span> <span class='ocrx_word' id='word_1_283' title='bbox 1256 965 1316 993; x_wconf 75' lang='grc' dir='ltr'><strong>Ἐπὶ</strong></span> <span class='ocrx_word' id='word_1_284' title='bbox 1328 965 1470 1000; x_wconf 77' lang='grc' dir='ltr'>εὐεργεσίᾳ</span> <span class='ocrx_word' id='word_1_285' title='bbox 1485 956 1527 995; x_wconf 77' lang='grc' dir='ltr'><strong>τις</strong></span> <span class='ocrx_word' id='word_1_286' title='bbox 1543 964 1673 999; x_wconf 84' lang='grc' dir='ltr'>ἐκρίνετο”</span> <span class='ocrx_word' id='word_1_287' title='bbox 1695 963 1740 989; x_wconf 71' lang='grc' dir='ltr'>καὶ</span> <span class='ocrx_word' id='word_1_288' title='bbox 1753 964 1766 989; x_wconf 81' lang='grc' dir='ltr'><strong>ό</strong></span> <span class='ocrx_word' id='word_1_289' title='bbox 1787 962 1837 997; x_wconf 81' lang='grc' dir='ltr'>μὲν</span> 
     </span>
    </p>
   </div>
   <div class='ocr_carea' id='block_1_38' title="bbox 225 1008 1017 1047">
    <p class='ocr_par' dir='ltr' id='par_1_38' title="bbox 225 1009 1003 1045">
     <span class='ocr_line' id='line_1_38' title="bbox 225 1009 1003 1045; baseline 0 -9"><span class='ocrx_word' id='word_1_290' title='bbox 225 1011 323 1045; x_wconf 88' lang='lat' dir='ltr'><strong>quippe</strong></span> <span class='ocrx_word' id='word_1_291' title='bbox 346 1010 443 1037; x_wconf 81' lang='lat' dir='ltr'><strong>collato</strong></span> <span class='ocrx_word' id='word_1_292' title='bbox 471 1011 496 1036; x_wconf 87' lang='lat' dir='ltr'><strong>in</strong></span> <span class='ocrx_word' id='word_1_293' title='bbox 517 1010 561 1045; x_wconf 87' lang='lat' dir='ltr'><strong>jus</strong></span> <span class='ocrx_word' id='word_1_294' title='bbox 577 1009 741 1037; x_wconf 81' lang='lat' dir='ltr'><strong>vocabantur</strong></span> <span class='ocrx_word' id='word_1_295' title='bbox 753 1010 893 1037; x_wconf 84' lang='lat' dir='ltr'><strong>homines:</strong></span> <span class='ocrx_word' id='word_1_296' title='bbox 911 1015 938 1037; x_wconf 92' lang='lat' dir='ltr'><strong>et</strong></span> <span class='ocrx_word' id='word_1_297' title='bbox 958 1010 1003 1044; x_wconf 91' lang='lat' dir='ltr'><strong>qui</strong></span> 
     </span>
    </p>
   </div>
   <div class='ocr_carea' id='block_1_39' title="bbox 1036 1008 1828 1047">
    <p class='ocr_par' dir='ltr' id='par_1_39' title="bbox 1054 1008 1828 1047">
     <span class='ocr_line' id='line_1_39' title="bbox 1054 1008 1828 1047; baseline -0.005 -9"><span class='ocrx_word' id='word_1_298' title='bbox 1054 1011 1137 1038; x_wconf 87' lang='grc' dir='ltr'>ἐλεῶν</span> <span class='ocrx_word' id='word_1_299' title='bbox 1160 1013 1345 1047; x_wconf 81' lang='grc' dir='ltr'>κατηγορεῖτο,</span> <span class='ocrx_word' id='word_1_300' title='bbox 1372 1011 1386 1036; x_wconf 88' lang='grc' dir='ltr'><strong>ό</strong></span> <span class='ocrx_word' id='word_1_301' title='bbox 1402 1010 1428 1036; x_wconf 78' lang='grc' dir='ltr'>δὲ</span> <span class='ocrx_word' id='word_1_302' title='bbox 1451 1009 1675 1045; x_wconf 79' lang='grc' dir='ltr'><strong>εὐεργετούμενος</strong></span> <span class='ocrx_word' id='word_1_303' title='bbox 1693 1008 1828 1035; x_wconf 86' lang='grc' dir='ltr'>ἐτύπτετο·</span> 
     </span>
    </p>
   </div>
   <div class='ocr_carea' id='block_1_40' title="bbox 225 1054 1017 1093">
    <p class='ocr_par' dir='ltr' id='par_1_40' title="bbox 225 1054 1002 1090">
     <span class='ocr_line' id='line_1_40' title="bbox 225 1054 1002 1090; baseline -0.001 -8"><span class='ocrx_word' id='word_1_304' title='bbox 225 1055 423 1090; x_wconf 79' lang='lat' dir='ltr'><strong>eleemosynam</strong></span> <span class='ocrx_word' id='word_1_305' title='bbox 436 1055 541 1086; x_wconf 81' lang='lat' dir='ltr'><strong>darent,</strong></span> <span class='ocrx_word' id='word_1_306' title='bbox 555 1054 743 1081; x_wconf 74' lang='lat' dir='ltr'><strong>deferebantur</strong></span> <span class='ocrx_word' id='word_1_307' title='bbox 759 1064 766 1082; x_wconf 89' lang='lat'>:</span> <span class='ocrx_word' id='word_1_308' title='bbox 781 1055 826 1090; x_wconf 87' lang='lat' dir='ltr'><strong>qui</strong></span> <span class='ocrx_word' id='word_1_309' title='bbox 844 1054 1002 1082; x_wconf 88' lang='lat' dir='ltr'><strong>beneﬁcium</strong></span> 
     </span>
    </p>
   </div>
   <div class='ocr_carea' id='block_1_41' title="bbox 1042 1054 1834 1093">
    <p class='ocr_par' dir='ltr' id='par_1_41' title="bbox 1055 1054 1834 1093">
     <span class='ocr_line' id='line_1_41' title="bbox 1055 1054 1834 1093; baseline -0.005 -9"><span class='ocrx_word' id='word_1_310' title='bbox 1055 1058 1101 1084; x_wconf 80' lang='grc' dir='ltr'><strong>καὶ</strong></span> <span class='ocrx_word' id='word_1_311' title='bbox 1120 1058 1218 1093; x_wconf 80' lang='grc' dir='ltr'>μᾶλλον</span> <span class='ocrx_word' id='word_1_312' title='bbox 1233 1057 1326 1092; x_wconf 64' lang='grc' dir='ltr'>ἤθελον</span> <span class='ocrx_word' id='word_1_313' title='bbox 1343 1057 1437 1091; x_wconf 81' lang='grc' dir='ltr'>πεινᾷν</span> <span class='ocrx_word' id='word_1_314' title='bbox 1449 1055 1494 1082; x_wconf 80' lang='grc' dir='ltr'>τὸν</span> <span class='ocrx_word' id='word_1_315' title='bbox 1519 1055 1631 1090; x_wconf 81' lang='grc' dir='ltr'>πένητα,</span> <span class='ocrx_word' id='word_1_316' title='bbox 1645 1054 1662 1090; x_wconf 82' lang='grc' dir='ltr'>ἢ</span> <span class='ocrx_word' id='word_1_317' title='bbox 1685 1054 1730 1081; x_wconf 80' lang='grc' dir='ltr'>τὸν</span> <span class='ocrx_word' id='word_1_318' title='bbox 1744 1054 1834 1090; x_wconf 77' lang='grc' dir='ltr'>βουλό-</span> 
     </span>
    </p>
   </div>
   <div class='ocr_carea' id='block_1_42' title="bbox 226 1099 1018 1139">
    <p class='ocr_par' dir='ltr' id='par_1_42' title="bbox 226 1100 1004 1135">
     <span class='ocr_line' id='line_1_42' title="bbox 226 1100 1004 1135; baseline 0 -8"><span class='ocrx_word' id='word_1_319' title='bbox 226 1101 377 1135; x_wconf 79' lang='lat' dir='ltr'><strong>acciperet,</strong></span> <span class='ocrx_word' id='word_1_320' title='bbox 394 1100 536 1135; x_wconf 86' lang='lat' dir='ltr'><strong>vapulabat</strong></span> <span class='ocrx_word' id='word_1_321' title='bbox 555 1108 562 1127; x_wconf 93' lang='lat'><strong>:</strong></span> <span class='ocrx_word' id='word_1_322' title='bbox 580 1100 767 1135; x_wconf 87' lang='lat' dir='ltr'><strong>malebantque</strong></span> <span class='ocrx_word' id='word_1_323' title='bbox 786 1108 929 1135; x_wconf 78' lang='lat' dir='ltr'><strong>pauperem</strong></span> <span class='ocrx_word' id='word_1_324' title='bbox 941 1107 1004 1128; x_wconf 82' lang='lat' dir='ltr'><strong>esu-</strong></span> 
     </span>
    </p>
   </div>
   <div class='ocr_carea' id='block_1_43' title="bbox 1042 1099 1834 1139">
    <p class='ocr_par' dir='ltr' id='par_1_43' title="bbox 1056 1099 1834 1139">
     <span class='ocr_line' id='line_1_43' title="bbox 1056 1099 1834 1139; baseline -0.004 -9"><span class='ocrx_word' id='word_1_325' title='bbox 1056 1112 1135 1139; x_wconf 86' lang='grc' dir='ltr'>μενον</span> <span class='ocrx_word' id='word_1_326' title='bbox 1155 1103 1248 1136; x_wconf 82' lang='grc' dir='ltr'>ἐλεεῖν,</span> <span class='ocrx_word' id='word_1_327' title='bbox 1260 1102 1398 1138; x_wconf 85' lang='grc' dir='ltr'>παρέχειν.</span> <span class='ocrx_word' id='word_1_328' title='bbox 1418 1101 1473 1128; x_wconf 80' lang='grc' dir='ltr'><strong>Καὶ</strong></span> <span class='ocrx_word' id='word_1_329' title='bbox 1487 1099 1565 1126; x_wconf 81' lang='grc' dir='ltr'>τοῦτο</span> <span class='ocrx_word' id='word_1_330' title='bbox 1579 1100 1607 1127; x_wconf 81' lang='grc' dir='ltr'>δὲ</span> <span class='ocrx_word' id='word_1_331' title='bbox 1620 1099 1694 1135; x_wconf 83' lang='grc' dir='ltr'>παρὰ</span> <span class='ocrx_word' id='word_1_332' title='bbox 1707 1099 1760 1126; x_wconf 89' lang='grc' dir='ltr'><strong>τῶν</strong></span> <span class='ocrx_word' id='word_1_333' title='bbox 1781 1108 1834 1127; x_wconf 82' lang='grc' dir='ltr'>πα-</span> 
     </span>
    </p>
   </div>
   <div class='ocr_carea' id='block_1_44' title="bbox 225 1145 1017 1182">
    <p class='ocr_par' dir='ltr' id='par_1_44' title="bbox 225 1145 1005 1181">
     <span class='ocr_line' id='line_1_44' title="bbox 225 1145 1005 1181; baseline -0.001 -7"><span class='ocrx_word' id='word_1_334' title='bbox 225 1147 289 1177; x_wconf 84' lang='lat' dir='ltr'><strong>rire.</strong></span> <span class='ocrx_word' id='word_1_335' title='bbox 308 1154 389 1180; x_wconf 84' lang='lat' dir='ltr'><strong>quam</strong></span> <span class='ocrx_word' id='word_1_336' title='bbox 404 1153 516 1180; x_wconf 76' lang='lat' dir='ltr'><strong>erogare</strong></span> <span class='ocrx_word' id='word_1_337' title='bbox 533 1146 579 1180; x_wconf 85' lang='lat' dir='ltr'><strong>qui</strong></span> <span class='ocrx_word' id='word_1_338' title='bbox 590 1145 678 1173; x_wconf 85' lang='lat' dir='ltr'><strong>vellet.</strong></span> <span class='ocrx_word' id='word_1_339' title='bbox 695 1146 750 1174; x_wconf 88' lang='lat' dir='ltr'><strong>Hoc</strong></span> <span class='ocrx_word' id='word_1_340' title='bbox 763 1147 826 1173; x_wconf 90' lang='lat' dir='ltr'><strong>item</strong></span> <span class='ocrx_word' id='word_1_341' title='bbox 837 1146 871 1173; x_wconf 88' lang='lat' dir='ltr'><strong>ab</strong></span> <span class='ocrx_word' id='word_1_342' title='bbox 887 1146 1005 1181; x_wconf 86' lang='lat' dir='ltr'><strong>antiquis</strong></span> 
     </span>
    </p>
   </div>
   <div class='ocr_carea' id='block_1_45' title="bbox 1042 1145 1834 1182">
    <p class='ocr_par' dir='ltr' id='par_1_45' title="bbox 1054 1146 1834 1182">
     <span class='ocr_line' id='line_1_45' title="bbox 1054 1146 1834 1182; baseline -0.005 -5"><span class='ocrx_word' id='word_1_343' title='bbox 1054 1151 1137 1178; x_wconf 84' lang='grc' dir='ltr'>λαιῶν</span> <span class='ocrx_word' id='word_1_344' title='bbox 1152 1149 1230 1176; x_wconf 82' lang='grc' dir='ltr'>πάλιν</span> <span class='ocrx_word' id='word_1_345' title='bbox 1251 1148 1382 1175; x_wconf 77' lang='grc' dir='ltr'>Ἰουδαίων</span> <span class='ocrx_word' id='word_1_346' title='bbox 1405 1147 1515 1182; x_wconf 78' lang='grc' dir='ltr'>ἔμαθον,</span> <span class='ocrx_word' id='word_1_347' title='bbox 1536 1147 1590 1173; x_wconf 81' lang='grc' dir='ltr'>νέοι</span> <span class='ocrx_word' id='word_1_348' title='bbox 1611 1146 1687 1178; x_wconf 69' lang='grc' dir='ltr'>ὄντες</span> <span class='ocrx_word' id='word_1_349' title='bbox 1716 1146 1834 1173; x_wconf 84' lang='grc' dir='ltr'>Ἰουδαῖοι</span> 
     </span>
    </p>
   </div>
   <div class='ocr_carea' id='block_1_46' title="bbox 224 1190 1016 1230">
    <p class='ocr_par' dir='ltr' id='par_1_46' title="bbox 224 1190 1004 1226">
     <span class='ocr_line' id='line_1_46' title="bbox 224 1190 1004 1226; baseline -0.001 -7"><span class='ocrx_word' id='word_1_350' title='bbox 224 1191 278 1219; x_wconf 79' lang='lat' dir='ltr'><strong>illis</strong></span> <span class='ocrx_word' id='word_1_351' title='bbox 293 1190 394 1218; x_wconf 71' lang='lat' dir='ltr'><strong>Iudaeis</strong></span> <span class='ocrx_word' id='word_1_352' title='bbox 410 1191 560 1218; x_wconf 84' lang='lat' dir='ltr'><strong>didicerant</strong></span> <span class='ocrx_word' id='word_1_353' title='bbox 576 1191 637 1218; x_wconf 88' lang='lat' dir='ltr'><strong>novi</strong></span> <span class='ocrx_word' id='word_1_354' title='bbox 657 1191 699 1218; x_wconf 84' lang='lat' dir='ltr'><strong>isti</strong></span> <span class='ocrx_word' id='word_1_355' title='bbox 716 1190 812 1218; x_wconf 71' lang='lat' dir='ltr'><strong>Judtei.</strong></span> <span class='ocrx_word' id='word_1_356' title='bbox 827 1190 866 1218; x_wconf 89' lang='lat' dir='ltr'><strong>llli</strong></span> <span class='ocrx_word' id='word_1_357' title='bbox 888 1199 1004 1226; x_wconf 85' lang='lat' dir='ltr'><strong>namque</strong></span> 
     </span>
    </p>
   </div>
   <div class='ocr_carea' id='block_1_47' title="bbox 1043 1190 1835 1230">
    <p class='ocr_par' dir='ltr' id='par_1_47' title="bbox 1054 1192 1835 1230">
     <span class='ocr_line' id='line_1_47' title="bbox 1054 1192 1835 1230; baseline -0.006 -7"><span class='ocrx_word' id='word_1_358' title='bbox 1054 1196 1101 1223; x_wconf 80' lang='grc' dir='ltr'>καὶ</span> <span class='ocrx_word' id='word_1_359' title='bbox 1113 1195 1198 1223; x_wconf 73' lang='grc' dir='ltr'>αὐτοί·</span> <span class='ocrx_word' id='word_1_360' title='bbox 1216 1194 1325 1230; x_wconf 75' lang='grc' dir='ltr'>καὶγὰρ</span> <span class='ocrx_word' id='word_1_361' title='bbox 1341 1194 1460 1220; x_wconf 82' lang='grc' dir='ltr'>κάκεῖνοι</span> <span class='ocrx_word' id='word_1_362' title='bbox 1470 1192 1613 1228; x_wconf 82' lang='grc' dir='ltr'>βλέποντες</span> <span class='ocrx_word' id='word_1_363' title='bbox 1623 1193 1668 1219; x_wconf 87' lang='grc' dir='ltr'><strong>τὺν</strong></span> <span class='ocrx_word' id='word_1_364' title='bbox 1683 1192 1715 1218; x_wconf 85' lang='grc' dir='ltr'><strong>ἐκ</strong></span> <span class='ocrx_word' id='word_1_365' title='bbox 1724 1193 1835 1227; x_wconf 78' lang='grc' dir='ltr'>γενετῆς</span> 
     </span>
    </p>
   </div>
   <div class='ocr_carea' id='block_1_48' title="bbox 225 1237 1017 1276">
    <p class='ocr_par' dir='ltr' id='par_1_48' title="bbox 225 1238 1003 1272">
     <span class='ocr_line' id='line_1_48' title="bbox 225 1238 1003 1272; baseline 0.003 -8"><span class='ocrx_word' id='word_1_366' title='bbox 225 1245 286 1265; x_wconf 90' lang='lat' dir='ltr'><strong>cum</strong></span> <span class='ocrx_word' id='word_1_367' title='bbox 299 1241 440 1264; x_wconf 85' lang='lat' dir='ltr'><strong>cernerent</strong></span> <span class='ocrx_word' id='word_1_368' title='bbox 454 1245 553 1265; x_wconf 70' lang='lat' dir='ltr'><strong>ctccum</strong></span> <span class='ocrx_word' id='word_1_369' title='bbox 570 1244 585 1263; x_wconf 89' lang='lat' dir='ltr'><strong>a</strong></span> <span class='ocrx_word' id='word_1_370' title='bbox 602 1238 743 1265; x_wconf 86' lang='lat' dir='ltr'><strong>nativitate</strong></span> <span class='ocrx_word' id='word_1_371' title='bbox 755 1257 762 1269; x_wconf 87' lang='lat'><strong>,</strong></span> <span class='ocrx_word' id='word_1_372' title='bbox 775 1238 862 1265; x_wconf 92' lang='lat' dir='ltr'><strong>visum</strong></span> <span class='ocrx_word' id='word_1_373' title='bbox 884 1239 1003 1272; x_wconf 90' lang='lat' dir='ltr'><strong>recepis-</strong></span> 
     </span>
    </p>
   </div>
   <div class='ocr_carea' id='block_1_49' title="bbox 1043 1237 1835 1276">
    <p class='ocr_par' dir='ltr' id='par_1_49' title="bbox 1053 1237 1835 1276">
     <span class='ocr_line' id='line_1_49' title="bbox 1053 1237 1835 1276; baseline -0.005 -9"><span class='ocrx_word' id='word_1_374' title='bbox 1053 1241 1152 1276; x_wconf 77' lang='grc' dir='ltr'>τυςρλὸν</span> <span class='ocrx_word' id='word_1_375' title='bbox 1172 1240 1265 1266; x_wconf 85' lang='grc' dir='ltr'>λοιπὸν</span> <span class='ocrx_word' id='word_1_376' title='bbox 1291 1239 1433 1274; x_wconf 82' lang='grc' dir='ltr'>βλέποντα,</span> <span class='ocrx_word' id='word_1_377' title='bbox 1451 1239 1498 1265; x_wconf 72' lang='grc' dir='ltr'>καὶ</span> <span class='ocrx_word' id='word_1_378' title='bbox 1515 1238 1560 1264; x_wconf 83' lang='grc' dir='ltr'>τὸν</span> <span class='ocrx_word' id='word_1_379' title='bbox 1583 1237 1673 1273; x_wconf 73' lang='grc' dir='ltr'>πολλῷ</span> <span class='ocrx_word' id='word_1_380' title='bbox 1688 1237 1727 1273; x_wconf 86' lang='grc' dir='ltr'>τῷ</span> <span class='ocrx_word' id='word_1_381' title='bbox 1747 1237 1835 1273; x_wconf 82' lang='grc' dir='ltr'>χρόνῳ</span> 
     </span>
    </p>
   </div>
   <div class='ocr_carea' id='block_1_50' title="bbox 224 1283 1016 1323">
    <p class='ocr_par' dir='ltr' id='par_1_50' title="bbox 224 1283 1002 1318">
     <span class='ocr_line' id='line_1_50' title="bbox 224 1283 1002 1318; baseline 0 -8"><span class='ocrx_word' id='word_1_382' title='bbox 224 1290 253 1310; x_wconf 81' lang='lat' dir='ltr'><strong>se</strong></span> <span class='ocrx_word' id='word_1_383' title='bbox 265 1283 299 1315; x_wconf 82' lang='lat'><strong>“,</strong></span> <span class='ocrx_word' id='word_1_384' title='bbox 314 1290 431 1317; x_wconf 89' lang='lat' dir='ltr'><strong>eumque</strong></span> <span class='ocrx_word' id='word_1_385' title='bbox 447 1283 490 1316; x_wconf 91' lang='lat' dir='ltr'><strong>qui</strong></span> <span class='ocrx_word' id='word_1_386' title='bbox 501 1283 603 1316; x_wconf 81' lang='lat' dir='ltr'><strong>jamdiu</strong></span> <span class='ocrx_word' id='word_1_387' title='bbox 619 1283 784 1318; x_wconf 86' lang='lat' dir='ltr'><strong>paralyticus</strong></span> <span class='ocrx_word' id='word_1_388' title='bbox 795 1287 863 1315; x_wconf 83' lang='lat' dir='ltr'><strong>erat,</strong></span> <span class='ocrx_word' id='word_1_389' title='bbox 878 1288 1002 1310; x_wconf 80' lang='lat' dir='ltr'><strong>sanatum</strong></span> 
     </span>
    </p>
   </div>
   <div class='ocr_carea' id='block_1_51' title="bbox 1041 1283 1833 1323">
    <p class='ocr_par' dir='ltr' id='par_1_51' title="bbox 1054 1283 1833 1323">
     <span class='ocr_line' id='line_1_51' title="bbox 1054 1283 1833 1323; baseline -0.005 -10"><span class='ocrx_word' id='word_1_390' title='bbox 1054 1286 1236 1323; x_wconf 76' lang='grc' dir='ltr'>παραλυτικὸν</span> <span class='ocrx_word' id='word_1_391' title='bbox 1252 1285 1394 1320; x_wconf 81' lang='grc' dir='ltr'>γενόμενον</span> <span class='ocrx_word' id='word_1_392' title='bbox 1406 1283 1480 1319; x_wconf 81' lang='grc' dir='ltr'>ὐγιῆ-</span> <span class='ocrx_word' id='word_1_393' title='bbox 1499 1284 1544 1310; x_wconf 84' lang='grc' dir='ltr'>τὸν</span> <span class='ocrx_word' id='word_1_394' title='bbox 1560 1284 1608 1319; x_wconf 81' lang='grc' dir='ltr'>μὲν</span> <span class='ocrx_word' id='word_1_395' title='bbox 1621 1284 1833 1319; x_wconf 78' lang='grc' dir='ltr'>εὐεργετήσαντα</span> 
     </span>
    </p>
   </div>
   <div class='ocr_carea' id='block_1_52' title="bbox 223 1328 1015 1370">
    <p class='ocr_par' dir='ltr' id='par_1_52' title="bbox 223 1328 1003 1360">
     <span class='ocr_line' id='line_1_52' title="bbox 223 1328 1003 1360; baseline 0 -4"><span class='ocrx_word' id='word_1_396' title='bbox 223 1328 307 1356; x_wconf 83' lang='lat' dir='ltr'><strong>fuisse</strong></span> <span class='ocrx_word' id='word_1_397' title='bbox 319 1328 352 1360; x_wconf 76' lang='lat'><strong>&quot;,</strong></span> <span class='ocrx_word' id='word_1_398' title='bbox 379 1328 571 1359; x_wconf 84' lang='lat' dir='ltr'><strong>beneﬁciorum</strong></span> <span class='ocrx_word' id='word_1_399' title='bbox 589 1334 726 1356; x_wconf 76' lang='lat' dir='ltr'><strong>auctorem</strong></span> <span class='ocrx_word' id='word_1_400' title='bbox 744 1329 887 1356; x_wconf 85' lang='lat' dir='ltr'><strong>Dominum</strong></span> <span class='ocrx_word' id='word_1_401' title='bbox 911 1329 1003 1356; x_wconf 90' lang='lat' dir='ltr'><strong>crimi-</strong></span> 
     </span>
    </p>
   </div>
   <div class='ocr_carea' id='block_1_53' title="bbox 1041 1328 1833 1370">
    <p class='ocr_par' dir='ltr' id='par_1_53' title="bbox 1053 1328 1833 1370">
     <span class='ocr_line' id='line_1_53' title="bbox 1053 1328 1833 1370; baseline -0.006 -10"><span class='ocrx_word' id='word_1_402' title='bbox 1053 1334 1155 1370; x_wconf 83' lang='grc' dir='ltr'>Κύριον</span> <span class='ocrx_word' id='word_1_403' title='bbox 1167 1332 1292 1368; x_wconf 72' lang='grc' dir='ltr'>ᾐτιῶντο,</span> <span class='ocrx_word' id='word_1_404' title='bbox 1308 1332 1371 1364; x_wconf 73' lang='grc' dir='ltr'>τοὺς</span> <span class='ocrx_word' id='word_1_405' title='bbox 1387 1331 1414 1358; x_wconf 79' lang='grc' dir='ltr'>δὲ</span> <span class='ocrx_word' id='word_1_406' title='bbox 1430 1328 1459 1358; x_wconf 81' lang='grc' dir='ltr'>εὖ</span> <span class='ocrx_word' id='word_1_407' title='bbox 1473 1330 1607 1361; x_wconf 81' lang='grc' dir='ltr'>παθόντας</span> <span class='ocrx_word' id='word_1_408' title='bbox 1622 1329 1659 1361; x_wconf 83' lang='grc' dir='ltr'><strong>ὡς</strong></span> <span class='ocrx_word' id='word_1_409' title='bbox 1675 1329 1833 1365; x_wconf 72' lang='grc' dir='ltr'>παραϐάτας</span> 
     </span>
    </p>
   </div>
   <div class='ocr_carea' id='block_1_54' title="bbox 226 1369 1168 1415">
    <p class='ocr_par' dir='ltr' id='par_1_54' title="bbox 226 1369 1168 1415">
     <span class='ocr_line' id='line_1_54' title="bbox 226 1369 1168 1415; baseline 0.002 -14"><span class='ocrx_word' id='word_1_410' title='bbox 226 1374 358 1401; x_wconf 89' lang='lat' dir='ltr'><strong>nabantur</strong></span> <span class='ocrx_word' id='word_1_411' title='bbox 373 1382 380 1400; x_wconf 90' lang='lat'><strong>:</strong></span> <span class='ocrx_word' id='word_1_412' title='bbox 398 1373 529 1400; x_wconf 82' lang='lat' dir='ltr'><strong>beneﬁcio</strong></span> <span class='ocrx_word' id='word_1_413' title='bbox 544 1369 655 1401; x_wconf 79' lang='lat' dir='ltr'><strong>aﬂ&#39;ectos</strong></span> <span class='ocrx_word' id='word_1_414' title='bbox 667 1373 831 1401; x_wconf 84' lang='lat' dir='ltr'><strong>damnabant</strong></span> <span class='ocrx_word' id='word_1_415' title='bbox 855 1377 885 1400; x_wconf 84' lang='lat' dir='ltr'><strong>ut</strong></span> <span class='ocrx_word' id='word_1_416' title='bbox 899 1381 1003 1408; x_wconf 72' lang='lat' dir='ltr'><strong>praeva-</strong></span> <span class='ocrx_word' id='word_1_417' title='bbox 1053 1369 1168 1415; x_wconf 69' lang='grc' dir='ltr'>εκρινον.</span> 
     </span>
    </p>
   </div>
   <div class='ocr_carea' id='block_1_55' title="bbox 224 1419 365 1447">
    <p class='ocr_par' dir='ltr' id='par_1_55' title="bbox 224 1419 365 1447">
     <span class='ocr_line' id='line_1_55' title="bbox 224 1419 365 1447; baseline -0.007 0"><span class='ocrx_word' id='word_1_418' title='bbox 224 1419 365 1447; x_wconf 87' lang='lat' dir='ltr'><strong>ricatores.</strong></span> 
     </span>
    </p>
   </div>
   <div class='ocr_carea' id='block_1_56' title="bbox 260 1464 1052 1500">
    <p class='ocr_par' dir='ltr' id='par_1_56' title="bbox 260 1464 1002 1498">
     <span class='ocr_line' id='line_1_56' title="bbox 260 1464 1002 1498; baseline 0.003 -7"><span class='ocrx_word' id='word_1_419' title='bbox 260 1464 308 1491; x_wconf 75' lang='lat'><strong>62.</strong></span> <span class='ocrx_word' id='word_1_420' title='bbox 322 1464 450 1498; x_wconf 86' lang='lat' dir='ltr'><strong>Quisnam</strong></span> <span class='ocrx_word' id='word_1_421' title='bbox 465 1464 522 1492; x_wconf 64' lang='lat' dir='ltr'><strong>haec</strong></span> <span class='ocrx_word' id='word_1_422' title='bbox 535 1464 649 1491; x_wconf 90' lang='lat' dir='ltr'><strong>miratus</strong></span> <span class='ocrx_word' id='word_1_423' title='bbox 660 1471 713 1492; x_wconf 88' lang='lat' dir='ltr'><strong>non</strong></span> <span class='ocrx_word' id='word_1_424' title='bbox 729 1465 794 1492; x_wconf 82' lang='lat' dir='ltr'><strong>est?</strong></span> <span class='ocrx_word' id='word_1_425' title='bbox 809 1464 875 1498; x_wconf 85' lang='lat' dir='ltr'><strong>Quis</strong></span> <span class='ocrx_word' id='word_1_426' title='bbox 893 1472 946 1492; x_wconf 91' lang='lat' dir='ltr'><strong>non</strong></span> <span class='ocrx_word' id='word_1_427' title='bbox 961 1469 1002 1493; x_wconf 90' lang='lat' dir='ltr'><strong>est</strong></span> 
     </span>
    </p>
   </div>
   <div class='ocr_carea' id='block_1_57' title="bbox 1039 1464 1831 1500">
    <p class='ocr_par' dir='ltr' id='par_1_57' title="bbox 1088 1464 1831 1500">
     <span class='ocr_line' id='line_1_57' title="bbox 1088 1464 1831 1500; baseline -0.005 -6"><span class='ocrx_word' id='word_1_428' title='bbox 1088 1467 1133 1494; x_wconf 72' lang='grc'><strong>62.</strong></span> <span class='ocrx_word' id='word_1_429' title='bbox 1161 1467 1210 1498; x_wconf 88' lang='grc' dir='ltr'>Τίς</span> <span class='ocrx_word' id='word_1_430' title='bbox 1237 1464 1283 1493; x_wconf 81' lang='grc' dir='ltr'>οὖν</span> <span class='ocrx_word' id='word_1_431' title='bbox 1311 1467 1357 1493; x_wconf 76' lang='grc' dir='ltr'><strong>ἐπὶ</strong></span> <span class='ocrx_word' id='word_1_432' title='bbox 1379 1466 1483 1498; x_wconf 86' lang='grc' dir='ltr'>τούτοις</span> <span class='ocrx_word' id='word_1_433' title='bbox 1510 1466 1559 1492; x_wconf 82' lang='grc' dir='ltr'>οὐκ</span> <span class='ocrx_word' id='word_1_434' title='bbox 1572 1464 1785 1500; x_wconf 78' lang='grc' dir='ltr'>ὲθαύμαζε;Τίς</span> <span class='ocrx_word' id='word_1_435' title='bbox 1799 1465 1831 1491; x_wconf 81' lang='grc' dir='ltr'>οὐ</span> 
     </span>
    </p>
   </div>
   <div class='ocr_carea' id='block_1_58' title="bbox 224 1509 1016 1549">
    <p class='ocr_par' dir='ltr' id='par_1_58' title="bbox 224 1510 1003 1546">
     <span class='ocr_line' id='line_1_58' title="bbox 224 1510 1003 1546; baseline 0 -8"><span class='ocrx_word' id='word_1_436' title='bbox 224 1511 348 1538; x_wconf 70' lang='grc' dir='ltr'>ὶιαποεὶυι</span> <span class='ocrx_word' id='word_1_437' title='bbox 363 1510 476 1546; x_wconf 84' lang='lat' dir='ltr'><strong>ejusque</strong></span> <span class='ocrx_word' id='word_1_438' title='bbox 487 1510 606 1538; x_wconf 87' lang='lat' dir='ltr'><strong>vindices</strong></span> <span class='ocrx_word' id='word_1_439' title='bbox 616 1510 794 1537; x_wconf 78' lang='lat' dir='ltr'><strong>exsecratus?</strong></span> <span class='ocrx_word' id='word_1_440' title='bbox 808 1510 873 1542; x_wconf 84' lang='lat' dir='ltr'><strong>Quls</strong></span> <span class='ocrx_word' id='word_1_441' title='bbox 887 1517 939 1537; x_wconf 93' lang='lat' dir='ltr'><strong>non</strong></span> <span class='ocrx_word' id='word_1_442' title='bbox 957 1517 1003 1538; x_wconf 84' lang='lat' dir='ltr'><strong>no—</strong></span> 
     </span>
    </p>
   </div>
   <div class='ocr_carea' id='block_1_59' title="bbox 1037 1509 1829 1549">
    <p class='ocr_par' dir='ltr' id='par_1_59' title="bbox 1054 1509 1829 1549">
     <span class='ocr_line' id='line_1_59' title="bbox 1054 1509 1829 1549; baseline -0.005 -9"><span class='ocrx_word' id='word_1_443' title='bbox 1054 1514 1191 1549; x_wconf 83' lang='grc' dir='ltr'>κατηρᾶτο</span> <span class='ocrx_word' id='word_1_444' title='bbox 1206 1512 1254 1548; x_wconf 87' lang='grc' dir='ltr'><strong>τὴν</strong></span> <span class='ocrx_word' id='word_1_445' title='bbox 1268 1512 1382 1548; x_wconf 74' lang='grc' dir='ltr'>αἵρεσιν,</span> <span class='ocrx_word' id='word_1_446' title='bbox 1405 1512 1451 1539; x_wconf 78' lang='grc' dir='ltr'>καὶ</span> <span class='ocrx_word' id='word_1_447' title='bbox 1469 1512 1531 1544; x_wconf 83' lang='grc' dir='ltr'>τοὺς</span> <span class='ocrx_word' id='word_1_448' title='bbox 1545 1509 1713 1542; x_wconf 78' lang='grc' dir='ltr'>ἐκδικοῦντας</span> <span class='ocrx_word' id='word_1_449' title='bbox 1728 1510 1829 1545; x_wconf 79' lang='grc' dir='ltr'>αὑτήν;</span> 
     </span>
    </p>
   </div>
   <div class='ocr_carea' id='block_1_60' title="bbox 223 1543 1015 1593">
    <p class='ocr_par' dir='ltr' id='par_1_60' title="bbox 223 1556 999 1593">
     <span class='ocr_line' id='line_1_60' title="bbox 223 1556 999 1593; baseline 0 -9"><span class='ocrx_word' id='word_1_450' title='bbox 223 1558 263 1584; x_wconf 88' lang='lat' dir='ltr'><strong>vit</strong></span> <span class='ocrx_word' id='word_1_451' title='bbox 279 1557 344 1585; x_wconf 80' lang='lat' dir='ltr'><strong>feris</strong></span> <span class='ocrx_word' id='word_1_452' title='bbox 362 1557 427 1591; x_wconf 83' lang='lat' dir='ltr'><strong>ipsis</strong></span> <span class='ocrx_word' id='word_1_453' title='bbox 440 1556 607 1584; x_wconf 68' lang='lat' dir='ltr'><strong>eﬁ’eratiores</strong></span> <span class='ocrx_word' id='word_1_454' title='bbox 618 1558 734 1584; x_wconf 80' lang='lat' dir='ltr'><strong>Arianos</strong></span> <span class='ocrx_word' id='word_1_455' title='bbox 747 1558 828 1584; x_wconf 78' lang='lat' dir='ltr'><strong>eSSe?</strong></span> <span class='ocrx_word' id='word_1_456' title='bbox 849 1557 941 1593; x_wconf 82' lang='lat' dir='ltr'><strong>Neque</strong></span> <span class='ocrx_word' id='word_1_457' title='bbox 959 1562 999 1584; x_wconf 86' lang='lat' dir='ltr'><strong>ta-</strong></span> 
     </span>
    </p>
   </div>
   <div class='ocr_carea' id='block_1_61' title="bbox 1039 1543 1831 1593">
    <p class='ocr_par' dir='ltr' id='par_1_61' title="bbox 1053 1543 1831 1593">
     <span class='ocr_line' id='line_1_61' title="bbox 1053 1543 1831 1593; baseline -0.003 -8"><span class='ocrx_word' id='word_1_458' title='bbox 1053 1559 1100 1590; x_wconf 85' lang='grc' dir='ltr'>Τίς</span> <span class='ocrx_word' id='word_1_459' title='bbox 1111 1543 1160 1585; x_wconf 49' lang='lat' dir='ltr'><strong>olim</strong></span> <span class='ocrx_word' id='word_1_460' title='bbox 1184 1543 1341 1592; x_wconf 73' lang='grc' dir='ltr'>ἐγίνωσκεν,</span> <span class='ocrx_word' id='word_1_461' title='bbox 1357 1543 1398 1585; x_wconf 84' lang='grc' dir='ltr'>ὃτι</span> <span class='ocrx_word' id='word_1_462' title='bbox 1409 1558 1455 1584; x_wconf 73' lang='grc' dir='ltr'>καὶ</span> <span class='ocrx_word' id='word_1_463' title='bbox 1475 1543 1576 1592; x_wconf 85' lang='grc' dir='ltr'>θηρίων</span> <span class='ocrx_word' id='word_1_464' title='bbox 1594 1556 1752 1593; x_wconf 83' lang='grc' dir='ltr'>ἀγριώτεροι</span> <span class='ocrx_word' id='word_1_465' title='bbox 1767 1543 1831 1590; x_wconf 77' lang='grc' dir='ltr'>τυγ-</span> 
     </span>
    </p>
   </div>
   <div class='ocr_carea' id='block_1_62' title="bbox 222 1600 1014 1640">
    <p class='ocr_par' dir='ltr' id='par_1_62' title="bbox 222 1602 1001 1639">
     <span class='ocr_line' id='line_1_62' title="bbox 222 1602 1001 1639; baseline 0.001 -9"><span class='ocrx_word' id='word_1_466' title='bbox 222 1610 283 1630; x_wconf 89' lang='lat' dir='ltr'><strong>men</strong></span> <span class='ocrx_word' id='word_1_467' title='bbox 297 1603 404 1631; x_wconf 85' lang='lat' dir='ltr'><strong>scelesti</strong></span> <span class='ocrx_word' id='word_1_468' title='bbox 420 1610 451 1630; x_wconf 85' lang='lat' dir='ltr'><strong>ea</strong></span> <span class='ocrx_word' id='word_1_469' title='bbox 467 1603 539 1630; x_wconf 85' lang='lat' dir='ltr'><strong>nacti</strong></span> <span class='ocrx_word' id='word_1_470' title='bbox 555 1607 617 1630; x_wconf 86' lang='lat' dir='ltr'><strong>sunt</strong></span> <span class='ocrx_word' id='word_1_471' title='bbox 643 1610 704 1638; x_wconf 72' lang='lat' dir='ltr'><strong>qua:</strong></span> <span class='ocrx_word' id='word_1_472' title='bbox 726 1603 751 1630; x_wconf 93' lang='lat' dir='ltr'><strong>id</strong></span> <span class='ocrx_word' id='word_1_473' title='bbox 775 1603 879 1639; x_wconf 77' lang='lat' dir='ltr'><strong>agendo</strong></span> <span class='ocrx_word' id='word_1_474' title='bbox 893 1602 1001 1638; x_wconf 76' lang='lat' dir='ltr'><strong>assequi</strong></span> 
     </span>
    </p>
   </div>
   <div class='ocr_carea' id='block_1_63' title="bbox 1042 1600 1834 1640">
    <p class='ocr_par' dir='ltr' id='par_1_63' title="bbox 1052 1600 1834 1640">
     <span class='ocr_line' id='line_1_63' title="bbox 1052 1600 1834 1640; baseline -0.001 -9"><span class='ocrx_word' id='word_1_475' title='bbox 1052 1605 1177 1639; x_wconf 85' lang='grc' dir='ltr'>χάνουσιν</span> <span class='ocrx_word' id='word_1_476' title='bbox 1189 1605 1213 1631; x_wconf 78' lang='lat' dir='ltr'><strong>oi</strong></span> <span class='ocrx_word' id='word_1_477' title='bbox 1235 1605 1365 1640; x_wconf 77' lang='grc' dir='ltr'>’Δρειανοί</span> <span class='ocrx_word' id='word_1_478' title='bbox 1376 1614 1383 1637; x_wconf 90' lang='grc'>;</span> <span class='ocrx_word' id='word_1_479' title='bbox 1400 1604 1459 1630; x_wconf 78' lang='grc' dir='ltr'>οὐδὲ</span> <span class='ocrx_word' id='word_1_480' title='bbox 1471 1603 1525 1639; x_wconf 83' lang='grc' dir='ltr'><strong>γὰρ</strong></span> <span class='ocrx_word' id='word_1_481' title='bbox 1537 1603 1596 1630; x_wconf 73' lang='grc' dir='ltr'>οὐδὲ</span> <span class='ocrx_word' id='word_1_482' title='bbox 1610 1600 1647 1630; x_wconf 84' lang='grc' dir='ltr'>ὧν</span> <span class='ocrx_word' id='word_1_483' title='bbox 1660 1603 1740 1630; x_wconf 74' lang='grc' dir='ltr'>ἓνεκα</span> <span class='ocrx_word' id='word_1_484' title='bbox 1747 1603 1834 1630; x_wconf 82' lang='grc' dir='ltr'>ταῦτα</span> 
     </span>
    </p>
   </div>
   <div class='ocr_carea' id='block_1_64' title="bbox 221 1648 1013 1686">
    <p class='ocr_par' dir='ltr' id='par_1_64' title="bbox 221 1648 1000 1684">
     <span class='ocr_line' id='line_1_64' title="bbox 221 1648 1000 1684; baseline 0 -9"><span class='ocrx_word' id='word_1_485' title='bbox 221 1649 418 1683; x_wconf 83' lang='lat' dir='ltr'><strong>peroptabant,</strong></span> <span class='ocrx_word' id='word_1_486' title='bbox 445 1648 500 1676; x_wconf 90' lang='lat' dir='ltr'><strong>lmo</strong></span> <span class='ocrx_word' id='word_1_487' title='bbox 525 1656 589 1676; x_wconf 86' lang='lat' dir='ltr'><strong>vero</strong></span> <span class='ocrx_word' id='word_1_488' title='bbox 619 1648 645 1676; x_wconf 91' lang='lat' dir='ltr'><strong>in</strong></span> <span class='ocrx_word' id='word_1_489' title='bbox 676 1649 784 1684; x_wconf 74' lang='lat' dir='ltr'><strong>gravius</strong></span> <span class='ocrx_word' id='word_1_490' title='bbox 813 1650 1000 1677; x_wconf 77' lang='lat' dir='ltr'><strong>universorum</strong></span> 
     </span>
    </p>
   </div>
   <div class='ocr_carea' id='block_1_65' title="bbox 1041 1648 1833 1686">
    <p class='ocr_par' dir='ltr' id='par_1_65' title="bbox 1052 1649 1833 1686">
     <span class='ocr_line' id='line_1_65' title="bbox 1052 1649 1833 1686; baseline -0.001 -10"><span class='ocrx_word' id='word_1_491' title='bbox 1052 1650 1159 1677; x_wconf 75' lang='grc' dir='ltr'>ἐποίουν</span> <span class='ocrx_word' id='word_1_492' title='bbox 1167 1650 1319 1686; x_wconf 76' lang='grc' dir='ltr'>ἐκέρδαινον</span> <span class='ocrx_word' id='word_1_493' title='bbox 1332 1651 1356 1676; x_wconf 87' lang='grc' dir='ltr'><strong>οί</strong></span> <span class='ocrx_word' id='word_1_494' title='bbox 1373 1649 1475 1685; x_wconf 74' lang='grc' dir='ltr'>μιαροὶ,</span> <span class='ocrx_word' id='word_1_495' title='bbox 1488 1649 1555 1677; x_wconf 77' lang='grc' dir='ltr'>ἀλλὰ</span> <span class='ocrx_word' id='word_1_496' title='bbox 1562 1649 1612 1677; x_wconf 67' lang='grc' dir='ltr'><strong>καῖ</strong></span> <span class='ocrx_word' id='word_1_497' title='bbox 1619 1649 1719 1685; x_wconf 84' lang='grc' dir='ltr'>μᾶλλον</span> <span class='ocrx_word' id='word_1_498' title='bbox 1732 1649 1762 1676; x_wconf 79' lang='grc' dir='ltr'>τὸ</span> <span class='ocrx_word' id='word_1_499' title='bbox 1772 1649 1833 1675; x_wconf 82' lang='grc' dir='ltr'>καθ’</span> 
     </span>
    </p>
   </div>
   <div class='ocr_carea' id='block_1_66' title="bbox 221 1693 1013 1731">
    <p class='ocr_par' dir='ltr' id='par_1_66' title="bbox 221 1693 1000 1730">
     <span class='ocr_line' id='line_1_66' title="bbox 221 1693 1000 1730; baseline 0.004 -11"><span class='ocrx_word' id='word_1_500' title='bbox 221 1693 313 1720; x_wconf 88' lang='lat' dir='ltr'><strong>odium</strong></span> <span class='ocrx_word' id='word_1_501' title='bbox 330 1693 510 1720; x_wconf 87' lang='lat' dir='ltr'><strong>incurrerunt.</strong></span> <span class='ocrx_word' id='word_1_502' title='bbox 531 1693 685 1728; x_wconf 81' lang='lat' dir='ltr'><strong>Sperabam</strong></span> <span class='ocrx_word' id='word_1_503' title='bbox 707 1699 781 1721; x_wconf 85' lang='lat' dir='ltr'><strong>certe</strong></span> <span class='ocrx_word' id='word_1_504' title='bbox 798 1694 902 1722; x_wconf 86' lang='lat' dir='ltr'><strong>insidiis</strong></span> <span class='ocrx_word' id='word_1_505' title='bbox 918 1699 1000 1730; x_wconf 85' lang='lat' dir='ltr'><strong>atque</strong></span> 
     </span>
    </p>
   </div>
   <div class='ocr_carea' id='block_1_67' title="bbox 1042 1693 1834 1731">
    <p class='ocr_par' dir='ltr' id='par_1_67' title="bbox 1052 1694 1834 1731">
     <span class='ocr_line' id='line_1_67' title="bbox 1052 1694 1834 1731; baseline 0 -9"><span class='ocrx_word' id='word_1_506' title='bbox 1052 1697 1154 1722; x_wconf 75' lang='grc' dir='ltr'>ἑαυτῶν</span> <span class='ocrx_word' id='word_1_507' title='bbox 1181 1697 1257 1731; x_wconf 83' lang='grc' dir='ltr'>μῖσος</span> <span class='ocrx_word' id='word_1_508' title='bbox 1285 1695 1359 1731; x_wconf 80' lang='grc' dir='ltr'>παρὰ</span> <span class='ocrx_word' id='word_1_509' title='bbox 1391 1697 1472 1723; x_wconf 79' lang='grc' dir='ltr'>πᾶσιν</span> <span class='ocrx_word' id='word_1_510' title='bbox 1495 1695 1621 1731; x_wconf 72' lang='grc' dir='ltr'>ηὔξανον.</span> <span class='ocrx_word' id='word_1_511' title='bbox 1650 1695 1788 1730; x_wconf 79' lang='grc' dir='ltr'>Ἐνόμιζον</span> <span class='ocrx_word' id='word_1_512' title='bbox 1804 1694 1834 1727; x_wconf 78' lang='grc' dir='ltr'>ἐξ</span> 
     </span>
    </p>
   </div>
   <div class='ocr_carea' id='block_1_68' title="bbox 222 1739 1014 1777">
    <p class='ocr_par' dir='ltr' id='par_1_68' title="bbox 222 1739 1000 1774">
     <span class='ocr_line' id='line_1_68' title="bbox 222 1739 1000 1774; baseline 0.004 -9"><span class='ocrx_word' id='word_1_513' title='bbox 222 1744 327 1766; x_wconf 86' lang='lat' dir='ltr'><strong>terrore</strong></span> <span class='ocrx_word' id='word_1_514' title='bbox 338 1739 468 1773; x_wconf 86' lang='lat' dir='ltr'><strong>quosdam</strong></span> <span class='ocrx_word' id='word_1_515' title='bbox 487 1746 519 1766; x_wconf 89' lang='lat' dir='ltr'><strong>eo</strong></span> <span class='ocrx_word' id='word_1_516' title='bbox 533 1739 627 1766; x_wconf 80' lang='lat' dir='ltr'><strong>adduci</strong></span> <span class='ocrx_word' id='word_1_517' title='bbox 640 1746 719 1774; x_wconf 84' lang='lat' dir='ltr'><strong>posse</strong></span> <span class='ocrx_word' id='word_1_518' title='bbox 729 1760 737 1772; x_wconf 82' lang='lat'><strong><em>,</em></strong></span> <span class='ocrx_word' id='word_1_519' title='bbox 756 1744 785 1766; x_wconf 89' lang='lat' dir='ltr'><strong>ut</strong></span> <span class='ocrx_word' id='word_1_520' title='bbox 801 1740 926 1767; x_wconf 68' lang='lat' dir='ltr'><strong>haeresim</strong></span> <span class='ocrx_word' id='word_1_521' title='bbox 941 1748 1000 1768; x_wconf 88' lang='lat' dir='ltr'><strong>am-</strong></span> 
     </span>
    </p>
   </div>
   <div class='ocr_carea' id='block_1_69' title="bbox 1039 1739 1831 1777">
    <p class='ocr_par' dir='ltr' id='par_1_69' title="bbox 1051 1741 1831 1777">
     <span class='ocr_line' id='line_1_69' title="bbox 1051 1741 1831 1777; baseline -0.001 -9"><span class='ocrx_word' id='word_1_522' title='bbox 1051 1741 1194 1777; x_wconf 76' lang='grc' dir='ltr'>ἐπιϐουλῆς</span> <span class='ocrx_word' id='word_1_523' title='bbox 1207 1742 1255 1768; x_wconf 77' lang='grc' dir='ltr'><strong>καὶ</strong></span> <span class='ocrx_word' id='word_1_524' title='bbox 1267 1741 1349 1776; x_wconf 80' lang='grc' dir='ltr'>φόὸου</span> <span class='ocrx_word' id='word_1_525' title='bbox 1364 1741 1502 1777; x_wconf 78' lang='grc' dir='ltr'>βιάζεσθαί</span> <span class='ocrx_word' id='word_1_526' title='bbox 1518 1750 1593 1773; x_wconf 86' lang='grc' dir='ltr'>τινας</span> <span class='ocrx_word' id='word_1_527' title='bbox 1607 1742 1646 1773; x_wconf 83' lang='grc' dir='ltr'><strong>εἰς</strong></span> <span class='ocrx_word' id='word_1_528' title='bbox 1660 1741 1709 1776; x_wconf 82' lang='grc' dir='ltr'>τὴν</span> <span class='ocrx_word' id='word_1_529' title='bbox 1719 1741 1831 1776; x_wconf 72' lang='grc' dir='ltr'>αἵρεσιν.</span> 
     </span>
    </p>
   </div>
   <div class='ocr_carea' id='block_1_70' title="bbox 221 1783 1013 1822">
    <p class='ocr_par' dir='ltr' id='par_1_70' title="bbox 221 1783 998 1818">
     <span class='ocr_line' id='line_1_70' title="bbox 221 1783 998 1818; baseline 0.003 -8"><span class='ocrx_word' id='word_1_530' title='bbox 221 1783 513 1818; x_wconf 85' lang='lat' dir='ltr'><strong>plecterentur,atque</strong></span> <span class='ocrx_word' id='word_1_531' title='bbox 539 1784 716 1812; x_wconf 81' lang='lat' dir='ltr'><strong>conventibus</strong></span> <span class='ocrx_word' id='word_1_532' title='bbox 742 1785 905 1812; x_wconf 83' lang='lat' dir='ltr'><strong>interessent</strong></span> <span class='ocrx_word' id='word_1_533' title='bbox 933 1785 998 1813; x_wconf 85' lang='lat' dir='ltr'><strong>suis.</strong></span> 
     </span>
    </p>
   </div>
   <div class='ocr_carea' id='block_1_71' title="bbox 1041 1783 1833 1822">
    <p class='ocr_par' dir='ltr' id='par_1_71' title="bbox 1051 1785 1833 1822">
     <span class='ocr_line' id='line_1_71' title="bbox 1051 1785 1833 1822; baseline -0.003 -9"><span class='ocrx_word' id='word_1_534' title='bbox 1051 1787 1121 1813; x_wconf 86' lang='grc' dir='ltr'>ὥστε</span> <span class='ocrx_word' id='word_1_535' title='bbox 1133 1787 1180 1814; x_wconf 76' lang='grc' dir='ltr'>καὶ</span> <span class='ocrx_word' id='word_1_536' title='bbox 1189 1787 1352 1821; x_wconf 85' lang='grc' dir='ltr'>συνάγεσθαι</span> <span class='ocrx_word' id='word_1_537' title='bbox 1365 1787 1423 1822; x_wconf 88' lang='grc' dir='ltr'>μετ’</span> <span class='ocrx_word' id='word_1_538' title='bbox 1435 1786 1535 1814; x_wconf 82' lang='grc' dir='ltr'>αὐτῶν.</span> <span class='ocrx_word' id='word_1_539' title='bbox 1551 1786 1692 1813; x_wconf 76' lang='grc' dir='ltr'>’Ᾱπέϐαινε</span> <span class='ocrx_word' id='word_1_540' title='bbox 1704 1786 1732 1812; x_wconf 83' lang='grc' dir='ltr'>δὲ</span> <span class='ocrx_word' id='word_1_541' title='bbox 1743 1785 1833 1817; x_wconf 83' lang='grc' dir='ltr'>αὐτοῖς</span> 
     </span>
    </p>
   </div>
   <div class='ocr_carea' id='block_1_72' title="bbox 223 1829 1015 1868">
    <p class='ocr_par' dir='ltr' id='par_1_72' title="bbox 223 1829 1001 1865">
     <span class='ocr_line' id='line_1_72' title="bbox 223 1829 1001 1865; baseline 0.001 -9"><span class='ocrx_word' id='word_1_542' title='bbox 223 1829 276 1857; x_wconf 90' lang='lat' dir='ltr'><strong>Sed</strong></span> <span class='ocrx_word' id='word_1_543' title='bbox 293 1830 374 1856; x_wconf 84' lang='lat' dir='ltr'><strong>cessit</strong></span> <span class='ocrx_word' id='word_1_544' title='bbox 388 1837 431 1857; x_wconf 90' lang='lat' dir='ltr'><strong>res</strong></span> <span class='ocrx_word' id='word_1_545' title='bbox 450 1834 544 1856; x_wconf 85' lang='lat' dir='ltr'><strong>contra</strong></span> <span class='ocrx_word' id='word_1_546' title='bbox 568 1837 649 1864; x_wconf 89' lang='lat' dir='ltr'><strong>quam</strong></span> <span class='ocrx_word' id='word_1_547' title='bbox 669 1830 717 1856; x_wconf 90' lang='lat' dir='ltr'><strong>rati</strong></span> <span class='ocrx_word' id='word_1_548' title='bbox 733 1835 831 1857; x_wconf 86' lang='lat' dir='ltr'><strong>erant:</strong></span> <span class='ocrx_word' id='word_1_549' title='bbox 851 1838 912 1857; x_wconf 86' lang='lat' dir='ltr'><strong>nam</strong></span> <span class='ocrx_word' id='word_1_550' title='bbox 932 1837 1001 1865; x_wconf 88' lang='lat' dir='ltr'><strong>quos</strong></span> 
     </span>
    </p>
   </div>
   <div class='ocr_carea' id='block_1_73' title="bbox 1041 1829 1833 1868">
    <p class='ocr_par' dir='ltr' id='par_1_73' title="bbox 1050 1831 1833 1868">
     <span class='ocr_line' id='line_1_73' title="bbox 1050 1831 1833 1868; baseline -0.003 -9"><span class='ocrx_word' id='word_1_551' title='bbox 1050 1833 1083 1859; x_wconf 84' lang='grc' dir='ltr'>τὰ</span> <span class='ocrx_word' id='word_1_552' title='bbox 1096 1832 1213 1860; x_wconf 78' lang='grc' dir='ltr'>ἐναντία·</span> <span class='ocrx_word' id='word_1_553' title='bbox 1230 1833 1254 1859; x_wconf 81' lang='grc' dir='ltr'>οἱ</span> <span class='ocrx_word' id='word_1_554' title='bbox 1270 1833 1319 1868; x_wconf 85' lang='grc' dir='ltr'>μὲν</span> <span class='ocrx_word' id='word_1_555' title='bbox 1330 1833 1385 1868; x_wconf 86' lang='grc' dir='ltr'>γὰρ</span> <span class='ocrx_word' id='word_1_556' title='bbox 1394 1833 1541 1868; x_wconf 76' lang='grc' dir='ltr'>πάσχοντες</span> <span class='ocrx_word' id='word_1_557' title='bbox 1555 1833 1593 1864; x_wconf 85' lang='grc' dir='ltr'>ὡς</span> <span class='ocrx_word' id='word_1_558' title='bbox 1613 1831 1760 1867; x_wconf 80' lang='grc' dir='ltr'>μαρτύριον</span> <span class='ocrx_word' id='word_1_559' title='bbox 1783 1831 1833 1857; x_wconf 79' lang='grc' dir='ltr'><strong>ὐπ-</strong></span> 
     </span>
    </p>
   </div>
   <div class='ocr_carea' id='block_1_74' title="bbox 221 1873 1013 1914">
    <p class='ocr_par' dir='ltr' id='par_1_74' title="bbox 221 1873 999 1912">
     <span class='ocr_line' id='line_1_74' title="bbox 221 1873 999 1912; baseline 0.001 -10"><span class='ocrx_word' id='word_1_560' title='bbox 221 1875 259 1902; x_wconf 93' lang='lat' dir='ltr'><strong>illi</strong></span> <span class='ocrx_word' id='word_1_561' title='bbox 277 1873 439 1910; x_wconf 75' lang='lat' dir='ltr'><strong>amigebant,</strong></span> <span class='ocrx_word' id='word_1_562' title='bbox 453 1875 471 1902; x_wconf 93' lang='lat' dir='ltr'><strong>ii</strong></span> <span class='ocrx_word' id='word_1_563' title='bbox 485 1882 619 1902; x_wconf 71' lang='lat' dir='ltr'><strong>aerumnas</strong></span> <span class='ocrx_word' id='word_1_564' title='bbox 634 1875 685 1902; x_wconf 88' lang='lat' dir='ltr'><strong>sibi</strong></span> <span class='ocrx_word' id='word_1_565' title='bbox 706 1874 793 1902; x_wconf 87' lang='lat' dir='ltr'><strong>illatas</strong></span> <span class='ocrx_word' id='word_1_566' title='bbox 809 1875 885 1909; x_wconf 89' lang='lat' dir='ltr'><strong>quasi</strong></span> <span class='ocrx_word' id='word_1_567' title='bbox 898 1881 999 1912; x_wconf 86' lang='lat' dir='ltr'><strong>marty-</strong></span> 
     </span>
    </p>
   </div>
   <div class='ocr_carea' id='block_1_75' title="bbox 1041 1873 1833 1914">
    <p class='ocr_par' dir='ltr' id='par_1_75' title="bbox 1053 1877 1833 1914">
     <span class='ocr_line' id='line_1_75' title="bbox 1053 1877 1833 1914; baseline -0.004 -9"><span class='ocrx_word' id='word_1_568' title='bbox 1053 1879 1149 1914; x_wconf 76' lang='grc' dir='ltr'>έφερον</span> <span class='ocrx_word' id='word_1_569' title='bbox 1167 1878 1202 1905; x_wconf 87' lang='grc' dir='ltr'><strong>τὰ</strong></span> <span class='ocrx_word' id='word_1_570' title='bbox 1218 1879 1282 1914; x_wconf 81' lang='grc' dir='ltr'>παρ’</span> <span class='ocrx_word' id='word_1_571' title='bbox 1302 1879 1411 1905; x_wconf 83' lang='grc' dir='ltr'>ἐκείνων</span> <span class='ocrx_word' id='word_1_572' title='bbox 1425 1879 1580 1913; x_wconf 87' lang='grc' dir='ltr'>γιγνόμενα,</span> <span class='ocrx_word' id='word_1_573' title='bbox 1593 1878 1640 1904; x_wconf 74' lang='grc' dir='ltr'><strong>καὶ</strong></span> <span class='ocrx_word' id='word_1_574' title='bbox 1652 1877 1713 1904; x_wconf 74' lang='grc' dir='ltr'>οὔτε</span> <span class='ocrx_word' id='word_1_575' title='bbox 1731 1877 1833 1913; x_wconf 88' lang='grc' dir='ltr'>προεδί-</span> 
     </span>
    </p>
   </div>
   <div class='ocr_carea' id='block_1_76' title="bbox 221 1921 1013 1960">
    <p class='ocr_par' dir='ltr' id='par_1_76' title="bbox 221 1921 1000 1957">
     <span class='ocr_line' id='line_1_76' title="bbox 221 1921 1000 1957; baseline 0.001 -9"><span class='ocrx_word' id='word_1_576' title='bbox 221 1921 290 1948; x_wconf 91' lang='lat' dir='ltr'><strong>rium</strong></span> <span class='ocrx_word' id='word_1_577' title='bbox 301 1922 472 1956; x_wconf 77' lang='lat' dir='ltr'><strong>perferebant</strong></span> <span class='ocrx_word' id='word_1_578' title='bbox 486 1929 492 1948; x_wconf 94' lang='lat'>:</span> <span class='ocrx_word' id='word_1_579' title='bbox 510 1928 595 1955; x_wconf 90' lang='lat' dir='ltr'><strong>neque</strong></span> <span class='ocrx_word' id='word_1_580' title='bbox 614 1921 763 1956; x_wconf 87' lang='lat' dir='ltr'><strong>prodebant</strong></span> <span class='ocrx_word' id='word_1_581' title='bbox 778 1921 819 1948; x_wconf 89' lang='lat' dir='ltr'><strong>vel</strong></span> <span class='ocrx_word' id='word_1_582' title='bbox 830 1921 1000 1957; x_wconf 80' lang='lat' dir='ltr'><strong>abnegabant</strong></span> 
     </span>
    </p>
   </div>
   <div class='ocr_carea' id='block_1_77' title="bbox 1041 1921 1833 1960">
    <p class='ocr_par' dir='ltr' id='par_1_77' title="bbox 1049 1922 1833 1960">
     <span class='ocr_line' id='line_1_77' title="bbox 1049 1922 1833 1960; baseline -0.001 -10"><span class='ocrx_word' id='word_1_583' title='bbox 1049 1924 1120 1956; x_wconf 88' lang='grc' dir='ltr'>δουν,</span> <span class='ocrx_word' id='word_1_584' title='bbox 1131 1923 1192 1950; x_wconf 66' lang='grc' dir='ltr'>οὔτε</span> <span class='ocrx_word' id='word_1_585' title='bbox 1206 1923 1336 1960; x_wconf 72' lang='grc' dir='ltr'>ἠρνοῦντο</span> <span class='ocrx_word' id='word_1_586' title='bbox 1349 1923 1396 1959; x_wconf 83' lang='grc' dir='ltr'>τὴν</span> <span class='ocrx_word' id='word_1_587' title='bbox 1413 1924 1452 1955; x_wconf 88' lang='grc' dir='ltr'><strong>είς</strong></span> <span class='ocrx_word' id='word_1_588' title='bbox 1469 1923 1584 1959; x_wconf 75' lang='grc' dir='ltr'>Χριστὸν</span> <span class='ocrx_word' id='word_1_589' title='bbox 1604 1923 1752 1950; x_wconf 77' lang='grc' dir='ltr'>εὐσέϐειαν·</span> <span class='ocrx_word' id='word_1_590' title='bbox 1768 1923 1792 1949; x_wconf 91' lang='grc' dir='ltr'>οἱ</span> <span class='ocrx_word' id='word_1_591' title='bbox 1803 1922 1833 1949; x_wconf 82' lang='grc' dir='ltr'>δὲ</span> 
     </span>
    </p>
   </div>
   <div class='ocr_carea' id='block_1_78' title="bbox 221 1966 1013 2006">
    <p class='ocr_par' dir='ltr' id='par_1_78' title="bbox 221 1966 999 2002">
     <span class='ocr_line' id='line_1_78' title="bbox 221 1966 999 2002; baseline 0.003 -9"><span class='ocrx_word' id='word_1_592' title='bbox 221 1967 292 2001; x_wconf 84' lang='lat' dir='ltr'><strong>piam</strong></span> <span class='ocrx_word' id='word_1_593' title='bbox 310 1967 336 1994; x_wconf 90' lang='lat' dir='ltr'><strong>in</strong></span> <span class='ocrx_word' id='word_1_594' title='bbox 349 1966 485 1994; x_wconf 84' lang='lat' dir='ltr'><strong>Christum</strong></span> <span class='ocrx_word' id='word_1_595' title='bbox 510 1967 602 1994; x_wconf 84' lang='lat' dir='ltr'><strong>ﬁdem.</strong></span> <span class='ocrx_word' id='word_1_596' title='bbox 623 1967 750 1994; x_wconf 80' lang='lat' dir='ltr'><strong>Extranei</strong></span> <span class='ocrx_word' id='word_1_597' title='bbox 768 1971 857 1994; x_wconf 88' lang='lat' dir='ltr'><strong>autem</strong></span> <span class='ocrx_word' id='word_1_598' title='bbox 881 1967 926 2002; x_wconf 90' lang='lat' dir='ltr'><strong>qui</strong></span> <span class='ocrx_word' id='word_1_599' title='bbox 940 1967 999 1995; x_wconf 64' lang='lat' dir='ltr'><strong>haec</strong></span> 
     </span>
    </p>
   </div>
   <div class='ocr_carea' id='block_1_79' title="bbox 1039 1966 1831 2006">
    <p class='ocr_par' dir='ltr' id='par_1_79' title="bbox 1050 1967 1831 2006">
     <span class='ocr_line' id='line_1_79' title="bbox 1050 1967 1831 2006; baseline -0.003 -10"><span class='ocrx_word' id='word_1_600' title='bbox 1050 1969 1213 2006; x_wconf 81' lang='grc' dir='ltr'>θεωροῦντες</span> <span class='ocrx_word' id='word_1_601' title='bbox 1229 1969 1328 2003; x_wconf 74' lang='grc' dir='ltr'>ἔξωθεν</span> <span class='ocrx_word' id='word_1_602' title='bbox 1343 1969 1450 2001; x_wconf 82' lang='grc' dir='ltr'>αὐτοὺς,</span> <span class='ocrx_word' id='word_1_603' title='bbox 1461 1968 1551 1996; x_wconf 73' lang='grc' dir='ltr'>λοιπὸν</span> <span class='ocrx_word' id='word_1_604' title='bbox 1559 1969 1586 1995; x_wconf 86' lang='grc' dir='ltr'>δὲ</span> <span class='ocrx_word' id='word_1_605' title='bbox 1601 1968 1648 1995; x_wconf 78' lang='grc' dir='ltr'><strong>καὶ</strong></span> <span class='ocrx_word' id='word_1_606' title='bbox 1663 1969 1688 1995; x_wconf 88' lang='grc' dir='ltr'><strong>οί</strong></span> <span class='ocrx_word' id='word_1_607' title='bbox 1702 1967 1831 2003; x_wconf 85' lang='grc' dir='ltr'>Ἕλληνες</span> 
     </span>
    </p>
   </div>
   <div class='ocr_carea' id='block_1_80' title="bbox 221 2012 1013 2050">
    <p class='ocr_par' dir='ltr' id='par_1_80' title="bbox 221 2012 999 2047">
     <span class='ocr_line' id='line_1_80' title="bbox 221 2012 999 2047; baseline 0.003 -8"><span class='ocrx_word' id='word_1_608' title='bbox 221 2012 436 2046; x_wconf 85' lang='lat' dir='ltr'><strong>conspiciebant,</strong></span> <span class='ocrx_word' id='word_1_609' title='bbox 452 2013 506 2040; x_wconf 92' lang='lat' dir='ltr'><strong>imo</strong></span> <span class='ocrx_word' id='word_1_610' title='bbox 516 2013 615 2040; x_wconf 87' lang='lat' dir='ltr'><strong>ethnici</strong></span> <span class='ocrx_word' id='word_1_611' title='bbox 631 2013 688 2040; x_wconf 78' lang='lat' dir='ltr'><strong>lucc</strong></span> <span class='ocrx_word' id='word_1_612' title='bbox 709 2014 770 2039; x_wconf 92' lang='lat' dir='ltr'><strong>dum</strong></span> <span class='ocrx_word' id='word_1_613' title='bbox 787 2017 940 2047; x_wconf 89' lang='lat' dir='ltr'><strong>cernerent,</strong></span> <span class='ocrx_word' id='word_1_614' title='bbox 952 2020 999 2041; x_wconf 88' lang='lat' dir='ltr'><strong>eos</strong></span> 
     </span>
    </p>
   </div>
   <div class='ocr_carea' id='block_1_81' title="bbox 1037 2012 1829 2050">
    <p class='ocr_par' dir='ltr' id='par_1_81' title="bbox 1050 2013 1829 2050">
     <span class='ocr_line' id='line_1_81' title="bbox 1050 2013 1829 2050; baseline -0.001 -9"><span class='ocrx_word' id='word_1_615' title='bbox 1050 2015 1199 2050; x_wconf 79' lang='grc' dir='ltr'>βλέποντες,</span> <span class='ocrx_word' id='word_1_616' title='bbox 1218 2015 1256 2046; x_wconf 87' lang='grc' dir='ltr'>ὼς</span> <span class='ocrx_word' id='word_1_617' title='bbox 1269 2015 1466 2050; x_wconf 84' lang='grc' dir='ltr'>ἀντιχρίστους,</span> <span class='ocrx_word' id='word_1_618' title='bbox 1479 2014 1517 2046; x_wconf 84' lang='grc' dir='ltr'><strong>ὡς</strong></span> <span class='ocrx_word' id='word_1_619' title='bbox 1538 2014 1650 2049; x_wconf 77' lang='grc' dir='ltr'>δημίους</span> <span class='ocrx_word' id='word_1_620' title='bbox 1663 2013 1829 2050; x_wconf 86' lang='grc' dir='ltr'>κατηρῶντο·</span> 
     </span>
    </p>
   </div>
   <div class='ocr_carea' id='block_1_82' title="bbox 221 2057 1013 2097">
    <p class='ocr_par' dir='ltr' id='par_1_82' title="bbox 221 2057 997 2086">
     <span class='ocr_line' id='line_1_82' title="bbox 221 2057 997 2086; baseline 0.004 -3"><span class='ocrx_word' id='word_1_621' title='bbox 221 2057 294 2084; x_wconf 82' lang='lat' dir='ltr'><strong>velut</strong></span> <span class='ocrx_word' id='word_1_622' title='bbox 326 2057 500 2084; x_wconf 77' lang='lat' dir='ltr'><strong>antichristus</strong></span> <span class='ocrx_word' id='word_1_623' title='bbox 528 2062 555 2084; x_wconf 89' lang='lat' dir='ltr'><strong>et</strong></span> <span class='ocrx_word' id='word_1_624' title='bbox 583 2057 722 2085; x_wconf 86' lang='lat' dir='ltr'><strong>carniﬁces</strong></span> <span class='ocrx_word' id='word_1_625' title='bbox 754 2058 967 2085; x_wconf 83' lang='lat' dir='ltr'><strong>exsecrabantur</strong></span> <span class='ocrx_word' id='word_1_626' title='bbox 990 2067 997 2086; x_wconf 92' lang='lat'><strong>:</strong></span> 
     </span>
    </p>
   </div>
   <div class='ocr_carea' id='block_1_83' title="bbox 1038 2057 1830 2097">
    <p class='ocr_par' dir='ltr' id='par_1_83' title="bbox 1049 2058 1830 2097">
     <span class='ocr_line' id='line_1_83' title="bbox 1049 2058 1830 2097; baseline -0.004 -9"><span class='ocrx_word' id='word_1_627' title='bbox 1049 2062 1217 2097; x_wconf 83' lang='grc' dir='ltr'>φιλόπτωχον</span> <span class='ocrx_word' id='word_1_628' title='bbox 1245 2061 1299 2096; x_wconf 85' lang='grc' dir='ltr'>γὰρ</span> <span class='ocrx_word' id='word_1_629' title='bbox 1328 2061 1376 2087; x_wconf 76' lang='grc' dir='ltr'>καὶ</span> <span class='ocrx_word' id='word_1_630' title='bbox 1403 2060 1544 2096; x_wconf 82' lang='grc' dir='ltr'>συμπαθὲς</span> <span class='ocrx_word' id='word_1_631' title='bbox 1566 2060 1597 2086; x_wconf 78' lang='grc' dir='ltr'>τὸ</span> <span class='ocrx_word' id='word_1_632' title='bbox 1613 2059 1667 2086; x_wconf 86' lang='grc' dir='ltr'><strong>τῶν</strong></span> <span class='ocrx_word' id='word_1_633' title='bbox 1680 2058 1830 2095; x_wconf 82' lang='grc' dir='ltr'>ἀνθρώπων</span> 
     </span>
    </p>
   </div>
   <div class='ocr_carea' id='block_1_84' title="bbox 227 2101 1019 2141">
    <p class='ocr_par' dir='ltr' id='par_1_84' title="bbox 227 2101 997 2136">
     <span class='ocr_line' id='line_1_84' title="bbox 227 2101 997 2136; baseline 0.004 -8"><span class='ocrx_word' id='word_1_634' title='bbox 227 2105 269 2129; x_wconf 90' lang='lat' dir='ltr'><strong>est</strong></span> <span class='ocrx_word' id='word_1_635' title='bbox 293 2101 391 2135; x_wconf 88' lang='lat' dir='ltr'><strong>quippe</strong></span> <span class='ocrx_word' id='word_1_636' title='bbox 420 2108 503 2134; x_wconf 66' lang='lat' dir='ltr'><strong>genus</strong></span> <span class='ocrx_word' id='word_1_637' title='bbox 530 2101 676 2129; x_wconf 88' lang='lat' dir='ltr'><strong>humanum</strong></span> <span class='ocrx_word' id='word_1_638' title='bbox 706 2109 853 2136; x_wconf 87' lang='lat' dir='ltr'><strong>pauperum</strong></span> <span class='ocrx_word' id='word_1_639' title='bbox 885 2111 997 2136; x_wconf 88' lang='lat' dir='ltr'><strong>amans,</strong></span> 
     </span>
    </p>
   </div>
   <div class='ocr_carea' id='block_1_85' title="bbox 1036 2101 1828 2141">
    <p class='ocr_par' dir='ltr' id='par_1_85' title="bbox 1048 2103 1828 2141">
     <span class='ocr_line' id='line_1_85' title="bbox 1048 2103 1828 2141; baseline -0.003 -9"><span class='ocrx_word' id='word_1_640' title='bbox 1048 2106 1135 2140; x_wconf 82' lang='grc' dir='ltr'>γένος.</span> <span class='ocrx_word' id='word_1_641' title='bbox 1147 2103 1226 2132; x_wconf 73' lang='grc' dir='ltr'>Οὗτοι</span> <span class='ocrx_word' id='word_1_642' title='bbox 1234 2105 1262 2132; x_wconf 74' lang='grc' dir='ltr'>δὲ</span> <span class='ocrx_word' id='word_1_643' title='bbox 1270 2105 1369 2132; x_wconf 74' lang='grc' dir='ltr'>καὶτὸν</span> <span class='ocrx_word' id='word_1_644' title='bbox 1381 2105 1428 2133; x_wconf 83' lang='grc' dir='ltr'>ἀνθ</span> <span class='ocrx_word' id='word_1_645' title='bbox 1433 2105 1530 2141; x_wconf 87' lang='grc' dir='ltr'>ρώπων</span> <span class='ocrx_word' id='word_1_646' title='bbox 1536 2104 1664 2140; x_wconf 74' lang='grc' dir='ltr'>λογισμὸν</span> <span class='ocrx_word' id='word_1_647' title='bbox 1675 2104 1828 2131; x_wconf 81' lang='grc' dir='ltr'>ἀπώλεσαν·</span> 
     </span>
    </p>
   </div>
   <div class='ocr_carea' id='block_1_86' title="bbox 220 2147 1012 2187">
    <p class='ocr_par' dir='ltr' id='par_1_86' title="bbox 220 2147 999 2182">
     <span class='ocr_line' id='line_1_86' title="bbox 220 2147 999 2182; baseline 0.003 -7"><span class='ocrx_word' id='word_1_648' title='bbox 220 2148 255 2175; x_wconf 83' lang='lat' dir='ltr'><strong>ad</strong></span> <span class='ocrx_word' id='word_1_649' title='bbox 277 2148 543 2182; x_wconf 87' lang='lat' dir='ltr'><strong>misericordiamque</strong></span> <span class='ocrx_word' id='word_1_650' title='bbox 564 2155 688 2182; x_wconf 90' lang='lat' dir='ltr'><strong>pronum.</strong></span> <span class='ocrx_word' id='word_1_651' title='bbox 715 2147 749 2175; x_wconf 86' lang='lat' dir='ltr'><strong>Hi</strong></span> <span class='ocrx_word' id='word_1_652' title='bbox 762 2156 828 2176; x_wconf 84' lang='lat' dir='ltr'><strong>vero</strong></span> <span class='ocrx_word' id='word_1_653' title='bbox 848 2149 890 2177; x_wconf 87' lang='lat' dir='ltr'><strong>vel</strong></span> <span class='ocrx_word' id='word_1_654' title='bbox 906 2151 999 2177; x_wconf 87' lang='lat' dir='ltr'><strong>buma-</strong></span> 
     </span>
    </p>
   </div>
   <div class='ocr_carea' id='block_1_87' title="bbox 1036 2147 1828 2187">
    <p class='ocr_par' dir='ltr' id='par_1_87' title="bbox 1049 2147 1828 2187">
     <span class='ocr_line' id='line_1_87' title="bbox 1049 2147 1828 2187; baseline -0.001 -10"><span class='ocrx_word' id='word_1_655' title='bbox 1049 2152 1094 2178; x_wconf 70' lang='grc' dir='ltr'><strong>καὶ</strong></span> <span class='ocrx_word' id='word_1_656' title='bbox 1109 2151 1133 2177; x_wconf 81' lang='grc' dir='ltr'><strong>οῖ</strong></span> <span class='ocrx_word' id='word_1_657' title='bbox 1146 2151 1294 2187; x_wconf 80' lang='grc' dir='ltr'>πάσχοντες</span> <span class='ocrx_word' id='word_1_658' title='bbox 1307 2151 1339 2177; x_wconf 79' lang='grc' dir='ltr'>ἂν</span> <span class='ocrx_word' id='word_1_659' title='bbox 1349 2150 1464 2186; x_wconf 72' lang='grc' dir='ltr'>ηὔξαντο</span> <span class='ocrx_word' id='word_1_660' title='bbox 1476 2150 1539 2186; x_wconf 80' lang='grc' dir='ltr'>παρ’</span> <span class='ocrx_word' id='word_1_661' title='bbox 1554 2151 1654 2186; x_wconf 86' lang='grc' dir='ltr'>ἐτέρων</span> <span class='ocrx_word' id='word_1_662' title='bbox 1674 2147 1703 2176; x_wconf 80' lang='grc' dir='ltr'>εὖ</span> <span class='ocrx_word' id='word_1_663' title='bbox 1721 2149 1828 2181; x_wconf 83' lang='grc' dir='ltr'>παθεῖν,</span> 
     </span>
    </p>
   </div>
   <div class='ocr_carea' id='block_1_88' title="bbox 220 2193 1012 2234">
    <p class='ocr_par' dir='ltr' id='par_1_88' title="bbox 220 2193 995 2230">
     <span class='ocr_line' id='line_1_88' title="bbox 220 2193 995 2230; baseline 0.005 -10"><span class='ocrx_word' id='word_1_664' title='bbox 220 2200 285 2220; x_wconf 87' lang='lat' dir='ltr'><strong>num</strong></span> <span class='ocrx_word' id='word_1_665' title='bbox 311 2193 480 2220; x_wconf 85' lang='lat' dir='ltr'><strong>ratiocinium</strong></span> <span class='ocrx_word' id='word_1_666' title='bbox 505 2193 652 2220; x_wconf 83' lang='lat' dir='ltr'><strong>amiserant</strong></span> <span class='ocrx_word' id='word_1_667' title='bbox 671 2201 678 2220; x_wconf 89' lang='lat'><strong>:</strong></span> <span class='ocrx_word' id='word_1_668' title='bbox 696 2200 757 2220; x_wconf 90' lang='lat' dir='ltr'><strong>nam</strong></span> <span class='ocrx_word' id='word_1_669' title='bbox 783 2194 851 2229; x_wconf 86' lang='lat' dir='ltr'><strong>qui,</strong></span> <span class='ocrx_word' id='word_1_670' title='bbox 873 2195 895 2222; x_wconf 88' lang='lat' dir='ltr'><strong>si</strong></span> <span class='ocrx_word' id='word_1_671' title='bbox 925 2197 995 2230; x_wconf 88' lang='lat' dir='ltr'><strong>passi</strong></span> 
     </span>
    </p>
   </div>
   <div class='ocr_carea' id='block_1_89' title="bbox 1025 2193 1817 2234">
    <p class='ocr_par' dir='ltr' id='par_1_89' title="bbox 1025 2195 1817 2233">
     <span class='ocr_line' id='line_1_89' title="bbox 1025 2195 1817 2233; baseline -0.001 -10"><span class='ocrx_word' id='word_1_672' title='bbox 1025 2209 1034 2233; x_wconf 81' lang='grc'><strong>)</strong></span> <span class='ocrx_word' id='word_1_673' title='bbox 1048 2197 1122 2223; x_wconf 77' lang='grc' dir='ltr'>αὐτοὶ</span> <span class='ocrx_word' id='word_1_674' title='bbox 1137 2196 1216 2223; x_wconf 79' lang='grc' dir='ltr'>τοῦτο</span> <span class='ocrx_word' id='word_1_675' title='bbox 1228 2197 1323 2224; x_wconf 78' lang='grc' dir='ltr'>παθεῖν</span> <span class='ocrx_word' id='word_1_676' title='bbox 1337 2197 1400 2229; x_wconf 82' lang='grc' dir='ltr'>τοὺς</span> <span class='ocrx_word' id='word_1_677' title='bbox 1414 2197 1508 2228; x_wconf 77' lang='grc' dir='ltr'>ἄλλους</span> <span class='ocrx_word' id='word_1_678' title='bbox 1523 2196 1574 2223; x_wconf 78' lang='grc' dir='ltr'><strong>οὐκ</strong></span> <span class='ocrx_word' id='word_1_679' title='bbox 1586 2197 1744 2232; x_wconf 83' lang='grc' dir='ltr'>ἐπέτρεπον,</span> <span class='ocrx_word' id='word_1_680' title='bbox 1755 2195 1817 2231; x_wconf 76' lang='grc' dir='ltr'>ἕχον</span> 
     </span>
    </p>
   </div>
   <div class='ocr_carea' id='block_1_90' title="bbox 220 2237 1012 2279">
    <p class='ocr_par' dir='ltr' id='par_1_90' title="bbox 220 2237 996 2274">
     <span class='ocr_line' id='line_1_90' title="bbox 220 2237 996 2274; baseline 0.005 -11"><span class='ocrx_word' id='word_1_681' title='bbox 220 2241 310 2264; x_wconf 81' lang='lat' dir='ltr'><strong>essent</strong></span> <span class='ocrx_word' id='word_1_682' title='bbox 322 2257 330 2268; x_wconf 83' lang='lat'><strong>.,</strong></span> <span class='ocrx_word' id='word_1_683' title='bbox 347 2242 533 2272; x_wconf 86' lang='lat' dir='ltr'><strong>peroplassent</strong></span> <span class='ocrx_word' id='word_1_684' title='bbox 548 2239 582 2265; x_wconf 88' lang='lat' dir='ltr'><strong>ab</strong></span> <span class='ocrx_word' id='word_1_685' title='bbox 599 2238 659 2265; x_wconf 81' lang='lat' dir='ltr'><strong>aliis</strong></span> <span class='ocrx_word' id='word_1_686' title='bbox 676 2237 835 2265; x_wconf 90' lang='lat' dir='ltr'><strong>beneﬁcium</strong></span> <span class='ocrx_word' id='word_1_687' title='bbox 852 2240 975 2274; x_wconf 88' lang='lat' dir='ltr'><strong>accipere</strong></span> <span class='ocrx_word' id='word_1_688' title='bbox 988 2262 996 2273; x_wconf 83' lang='lat'><strong>,</strong></span> 
     </span>
    </p>
   </div>
   <div class='ocr_carea' id='block_1_91' title="bbox 1038 2237 1830 2279">
    <p class='ocr_par' dir='ltr' id='par_1_91' title="bbox 1047 2242 1830 2279">
     <span class='ocr_line' id='line_1_91' title="bbox 1047 2242 1830 2279; baseline 0.001 -10"><span class='ocrx_word' id='word_1_689' title='bbox 1047 2251 1094 2273; x_wconf 86' lang='grc' dir='ltr'><strong>τες</strong></span> <span class='ocrx_word' id='word_1_690' title='bbox 1120 2242 1168 2278; x_wconf 80' lang='grc' dir='ltr'>τὴν</span> <span class='ocrx_word' id='word_1_691' title='bbox 1181 2242 1234 2269; x_wconf 86' lang='grc' dir='ltr'><strong>τῶν</strong></span> <span class='ocrx_word' id='word_1_692' title='bbox 1253 2242 1395 2274; x_wconf 76' lang='grc' dir='ltr'>δικαστῶν,</span> <span class='ocrx_word' id='word_1_693' title='bbox 1411 2243 1457 2269; x_wconf 77' lang='grc' dir='ltr'>καὶ</span> <span class='ocrx_word' id='word_1_694' title='bbox 1484 2242 1600 2278; x_wconf 84' lang='grc' dir='ltr'>μάλιστα</span> <span class='ocrx_word' id='word_1_695' title='bbox 1620 2243 1669 2279; x_wconf 79' lang='grc' dir='ltr'>τὴν</span> <span class='ocrx_word' id='word_1_696' title='bbox 1683 2243 1758 2279; x_wconf 82' lang='grc' dir='ltr'>παρὰ</span> <span class='ocrx_word' id='word_1_697' title='bbox 1782 2243 1830 2270; x_wconf 85' lang='grc' dir='ltr'>τοῦ</span> 
     </span>
    </p>
   </div>
   <div class='ocr_carea' id='block_1_92' title="bbox 221 2283 1013 2323">
    <p class='ocr_par' dir='ltr' id='par_1_92' title="bbox 221 2283 997 2319">
     <span class='ocr_line' id='line_1_92' title="bbox 221 2283 997 2319; baseline 0.004 -9"><span class='ocrx_word' id='word_1_698' title='bbox 221 2290 274 2310; x_wconf 93' lang='lat' dir='ltr'><strong>non</strong></span> <span class='ocrx_word' id='word_1_699' title='bbox 292 2283 414 2310; x_wconf 83' lang='lat' dir='ltr'><strong>sinebant</strong></span> <span class='ocrx_word' id='word_1_700' title='bbox 426 2283 493 2310; x_wconf 87' lang='lat' dir='ltr'><strong>alios</strong></span> <span class='ocrx_word' id='word_1_701' title='bbox 503 2283 618 2318; x_wconf 90' lang='lat' dir='ltr'><strong>idipsum</strong></span> <span class='ocrx_word' id='word_1_702' title='bbox 632 2284 776 2318; x_wconf 86' lang='lat' dir='ltr'><strong>consequi;</strong></span> <span class='ocrx_word' id='word_1_703' title='bbox 790 2284 910 2319; x_wconf 74' lang='lat' dir='ltr'><strong>iudicum</strong></span> <span class='ocrx_word' id='word_1_704' title='bbox 925 2287 997 2314; x_wconf 81' lang='lat' dir='ltr'><strong>scili-</strong></span> 
     </span>
    </p>
   </div>
   <div class='ocr_carea' id='block_1_93' title="bbox 701 2283 1493 2323">
    <p class='ocr_par' dir='ltr' id='par_1_93' title="bbox 701 2284 1493 2323">
     <span class='ocr_line' id='line_1_93' title="bbox 701 2284 1493 2323; baseline 0.006 -14"><span class='ocrx_word' id='word_1_705' title='bbox 701 2284 776 2318; x_wconf 86' lang='lat' dir='ltr'><strong>equi;</strong></span> <span class='ocrx_word' id='word_1_706' title='bbox 790 2284 910 2319; x_wconf 74' lang='lat' dir='ltr'><strong>iudicum</strong></span> <span class='ocrx_word' id='word_1_707' title='bbox 925 2287 997 2314; x_wconf 81' lang='lat' dir='ltr'><strong>scili-</strong></span> <span class='ocrx_word' id='word_1_708' title='bbox 1048 2287 1142 2319; x_wconf 84' lang='grc' dir='ltr'>δουκὺς</span> <span class='ocrx_word' id='word_1_709' title='bbox 1155 2287 1298 2323; x_wconf 76' lang='grc' dir='ltr'>ἐπιτριὸὴν</span> <span class='ocrx_word' id='word_1_710' title='bbox 1309 2288 1356 2314; x_wconf 77' lang='grc' dir='ltr'>καὶ</span> <span class='ocrx_word' id='word_1_711' title='bbox 1372 2287 1493 2320; x_wconf 81' lang='grc' dir='ltr'>ἐξουσίαν</span> 
     </span>
    </p>
   </div>
   <div class='ocr_carea' id='block_1_94' title="bbox 219 2328 996 2366">
    <p class='ocr_par' dir='ltr' id='par_1_94' title="bbox 219 2328 996 2366">
     <span class='ocr_line' id='line_1_94' title="bbox 219 2328 996 2366; baseline 0.006 -12"><span class='ocrx_word' id='word_1_712' title='bbox 219 2332 281 2359; x_wconf 81' lang='lat' dir='ltr'><strong>eet,</strong></span> <span class='ocrx_word' id='word_1_713' title='bbox 299 2328 503 2362; x_wconf 64' lang='lat' dir='ltr'><strong>praesertimque</strong></span> <span class='ocrx_word' id='word_1_714' title='bbox 527 2328 602 2355; x_wconf 89' lang='lat' dir='ltr'><strong>ducis</strong></span> <span class='ocrx_word' id='word_1_715' title='bbox 627 2329 796 2356; x_wconf 82' lang='lat' dir='ltr'><strong>immanitate</strong></span> <span class='ocrx_word' id='word_1_716' title='bbox 811 2334 996 2366; x_wconf 87' lang='lat' dir='ltr'><strong>potestateque</strong></span> 
     </span>
    </p>
   </div>
   <div class='ocr_carea' id='block_1_95' title="bbox 219 2372 293 2400">
    <p class='ocr_par' dir='ltr' id='par_1_95' title="bbox 219 2372 293 2400">
     <span class='ocr_line' id='line_1_95' title="bbox 219 2372 293 2400; baseline 0 -1"><span class='ocrx_word' id='word_1_717' title='bbox 219 2372 293 2400; x_wconf 79' lang='lat' dir='ltr'><strong>freti.</strong></span> 
     </span>
    </p>
   </div>
   <div class='ocr_carea' id='block_1_96' title="bbox 253 2418 1045 2457">
    <p class='ocr_par' dir='ltr' id='par_1_96' title="bbox 253 2418 994 2457">
     <span class='ocr_line' id='line_1_96' title="bbox 253 2418 994 2457; baseline 0.007 -12"><span class='ocrx_word' id='word_1_718' title='bbox 253 2418 298 2445; x_wconf 80' lang='grc'><strong>65.</strong></span> <span class='ocrx_word' id='word_1_719' title='bbox 320 2419 464 2446; x_wconf 86' lang='lat' dir='ltr'><strong>Enimvero</strong></span> <span class='ocrx_word' id='word_1_720' title='bbox 481 2427 540 2455; x_wconf 66' lang='lat' dir='ltr'><strong>qua:</strong></span> <span class='ocrx_word' id='word_1_721' title='bbox 561 2420 586 2447; x_wconf 92' lang='lat' dir='ltr'><strong>in</strong></span> <span class='ocrx_word' id='word_1_722' title='bbox 612 2421 788 2456; x_wconf 83' lang='lat' dir='ltr'><strong>presbyteros</strong></span> <span class='ocrx_word' id='word_1_723' title='bbox 811 2422 994 2457; x_wconf 88' lang='lat' dir='ltr'><strong>diaconosque</strong></span> 
     </span>
    </p>
   </div>
   <div class='ocr_carea' id='block_1_97' title="bbox 1037 2418 1829 2457">
    <p class='ocr_par' dir='ltr' id='par_1_97' title="bbox 1084 2420 1829 2457">
     <span class='ocr_line' id='line_1_97' title="bbox 1084 2420 1829 2457; baseline 0.001 -9"><span class='ocrx_word' id='word_1_724' title='bbox 1084 2421 1129 2448; x_wconf 84' lang='lat'><strong>65.</strong></span> <span class='ocrx_word' id='word_1_725' title='bbox 1146 2421 1180 2448; x_wconf 79' lang='grc' dir='ltr'>Ἃ</span> <span class='ocrx_word' id='word_1_726' title='bbox 1189 2420 1242 2456; x_wconf 83' lang='grc' dir='ltr'><strong>γὰρ</strong></span> <span class='ocrx_word' id='word_1_727' title='bbox 1250 2421 1361 2452; x_wconf 79' lang='grc' dir='ltr'>καὶτοῖς</span> <span class='ocrx_word' id='word_1_728' title='bbox 1373 2421 1566 2457; x_wconf 77' lang='grc' dir='ltr'>πρεσϐυτέροις</span> <span class='ocrx_word' id='word_1_729' title='bbox 1578 2423 1625 2449; x_wconf 81' lang='grc' dir='ltr'>καὶ</span> <span class='ocrx_word' id='word_1_730' title='bbox 1637 2421 1768 2454; x_wconf 85' lang='grc' dir='ltr'>διακόνοις</span> <span class='ocrx_word' id='word_1_731' title='bbox 1778 2431 1829 2449; x_wconf 81' lang='grc' dir='ltr'>πε-</span> 
     </span>
    </p>
   </div>
   <div class='ocr_carea' id='block_1_98' title="bbox 218 2467 1010 2502">
    <p class='ocr_par' dir='ltr' id='par_1_98' title="bbox 218 2467 993 2502">
     <span class='ocr_line' id='line_1_98' title="bbox 218 2467 993 2502; baseline 0.008 -13"><span class='ocrx_word' id='word_1_732' title='bbox 218 2468 420 2497; x_wconf 87' lang='lat' dir='ltr'><strong>perpctrarunt;</strong></span> <span class='ocrx_word' id='word_1_733' title='bbox 448 2472 501 2499; x_wconf 90' lang='lat' dir='ltr'><strong>quo</strong></span> <span class='ocrx_word' id='word_1_734' title='bbox 528 2471 606 2499; x_wconf 82' lang='lat' dir='ltr'><strong>pacto</strong></span> <span class='ocrx_word' id='word_1_735' title='bbox 631 2467 690 2493; x_wconf 86' lang='lat' dir='ltr'><strong>illos</strong></span> <span class='ocrx_word' id='word_1_736' title='bbox 719 2467 794 2494; x_wconf 87' lang='lat' dir='ltr'><strong>ducis</strong></span> <span class='ocrx_word' id='word_1_737' title='bbox 819 2467 993 2502; x_wconf 77' lang='lat' dir='ltr'><strong>iudicumque</strong></span> 
     </span>
    </p>
   </div>
   <div class='ocr_carea' id='block_1_99' title="bbox 1037 2467 1829 2502">
    <p class='ocr_par' dir='ltr' id='par_1_99' title="bbox 1047 2467 1829 2502">
     <span class='ocr_line' id='line_1_99' title="bbox 1047 2467 1829 2502; baseline 0.004 -9"><span class='ocrx_word' id='word_1_738' title='bbox 1047 2467 1188 2502; x_wconf 83' lang='grc' dir='ltr'>ποιήκασι,</span> <span class='ocrx_word' id='word_1_739' title='bbox 1213 2467 1259 2493; x_wconf 78' lang='grc' dir='ltr'>καὶ</span> <span class='ocrx_word' id='word_1_740' title='bbox 1274 2467 1332 2499; x_wconf 88' lang='grc' dir='ltr'><strong>πῶς</strong></span> <span class='ocrx_word' id='word_1_741' title='bbox 1347 2468 1446 2499; x_wconf 82' lang='grc' dir='ltr'>αὐτοὺς</span> <span class='ocrx_word' id='word_1_742' title='bbox 1462 2468 1508 2494; x_wconf 81' lang='grc' dir='ltr'>ἐπὶ</span> <span class='ocrx_word' id='word_1_743' title='bbox 1527 2467 1574 2494; x_wconf 84' lang='grc' dir='ltr'>τοῦ</span> <span class='ocrx_word' id='word_1_744' title='bbox 1588 2468 1681 2500; x_wconf 77' lang='grc' dir='ltr'>δουκὸς</span> <span class='ocrx_word' id='word_1_745' title='bbox 1704 2469 1751 2495; x_wconf 81' lang='grc' dir='ltr'>καὶ</span> <span class='ocrx_word' id='word_1_746' title='bbox 1773 2469 1829 2496; x_wconf 84' lang='grc' dir='ltr'><strong>τῶν</strong></span> 
     </span>
    </p>
   </div>
   <div class='ocr_carea' id='block_1_100' title="bbox 217 2510 1009 2549">
    <p class='ocr_par' dir='ltr' id='par_1_100' title="bbox 217 2510 994 2547">
     <span class='ocr_line' id='line_1_100' title="bbox 217 2510 994 2547; baseline 0.005 -12"><span class='ocrx_word' id='word_1_747' title='bbox 217 2511 378 2538; x_wconf 84' lang='lat' dir='ltr'><strong>auctoritate</strong></span> <span class='ocrx_word' id='word_1_748' title='bbox 404 2511 430 2537; x_wconf 94' lang='lat' dir='ltr'><strong>in</strong></span> <span class='ocrx_word' id='word_1_749' title='bbox 449 2510 538 2545; x_wconf 80' lang='lat' dir='ltr'><strong>fugam</strong></span> <span class='ocrx_word' id='word_1_750' title='bbox 552 2512 703 2545; x_wconf 84' lang='lat' dir='ltr'><strong>verterint,</strong></span> <span class='ocrx_word' id='word_1_751' title='bbox 721 2512 868 2547; x_wconf 82' lang='lat' dir='ltr'><strong>alﬁnesque</strong></span> <span class='ocrx_word' id='word_1_752' title='bbox 889 2513 994 2541; x_wconf 81' lang='lat' dir='ltr'><strong>illorum</strong></span> 
     </span>
    </p>
   </div>
   <div class='ocr_carea' id='block_1_101' title="bbox 1032 2510 1824 2549">
    <p class='ocr_par' dir='ltr' id='par_1_101' title="bbox 1043 2512 1824 2549">
     <span class='ocr_line' id='line_1_101' title="bbox 1043 2512 1824 2549; baseline 0.004 -10"><span class='ocrx_word' id='word_1_753' title='bbox 1043 2512 1177 2541; x_wconf 78' lang='grc' dir='ltr'>δικαστῶν</span> <span class='ocrx_word' id='word_1_754' title='bbox 1192 2513 1392 2548; x_wconf 77' lang='grc' dir='ltr'>ἐφυγάδευσαν,</span> <span class='ocrx_word' id='word_1_755' title='bbox 1409 2513 1608 2549; x_wconf 72' lang='grc' dir='ltr'>καταφέροντες</span> <span class='ocrx_word' id='word_1_756' title='bbox 1632 2515 1664 2540; x_wconf 86' lang='grc' dir='ltr'><strong>ἐκ</strong></span> <span class='ocrx_word' id='word_1_757' title='bbox 1677 2515 1730 2541; x_wconf 88' lang='grc' dir='ltr'><strong>τῶν</strong></span> <span class='ocrx_word' id='word_1_758' title='bbox 1745 2515 1824 2542; x_wconf 63' lang='grc' dir='ltr'>οῐκωι</span> 
     </span>
    </p>
   </div>
   <div class='ocr_carea' id='block_1_102' title="bbox 218 2554 1010 2595">
    <p class='ocr_par' dir='ltr' id='par_1_102' title="bbox 218 2554 994 2592">
     <span class='ocr_line' id='line_1_102' title="bbox 218 2554 994 2592; baseline 0.006 -13"><span class='ocrx_word' id='word_1_759' title='bbox 218 2554 342 2581; x_wconf 76' lang='lat' dir='ltr'><strong>(lontibus</strong></span> <span class='ocrx_word' id='word_1_760' title='bbox 357 2555 524 2583; x_wconf 87' lang='lat' dir='ltr'><strong>deturbarint</strong></span> <span class='ocrx_word' id='word_1_761' title='bbox 537 2575 544 2587; x_wconf 80' lang='lat'><strong><em>,</em></strong></span> <span class='ocrx_word' id='word_1_762' title='bbox 560 2557 674 2584; x_wconf 87' lang='lat' dir='ltr'><strong>militum</strong></span> <span class='ocrx_word' id='word_1_763' title='bbox 691 2558 794 2585; x_wconf 85' lang='lat' dir='ltr'><strong>scilicet</strong></span> <span class='ocrx_word' id='word_1_764' title='bbox 806 2565 886 2592; x_wconf 81' lang='lat' dir='ltr'><strong>opera</strong></span> <span class='ocrx_word' id='word_1_765' title='bbox 902 2579 910 2591; x_wconf 90' lang='lat'>,</span> <span class='ocrx_word' id='word_1_766' title='bbox 923 2557 994 2586; x_wconf 89' lang='lat' dir='ltr'><strong>Gor-</strong></span> 
     </span>
    </p>
   </div>
   <div class='ocr_carea' id='block_1_103' title="bbox 1036 2554 1828 2595">
    <p class='ocr_par' dir='ltr' id='par_1_103' title="bbox 1043 2559 1828 2595">
     <span class='ocr_line' id='line_1_103' title="bbox 1043 2559 1828 2595; baseline 0.004 -10"><span class='ocrx_word' id='word_1_767' title='bbox 1043 2560 1106 2591; x_wconf 84' lang='grc' dir='ltr'>τοὺς</span> <span class='ocrx_word' id='word_1_768' title='bbox 1119 2559 1235 2591; x_wconf 78' lang='grc' dir='ltr'>οἰκείους</span> <span class='ocrx_word' id='word_1_769' title='bbox 1261 2559 1350 2586; x_wconf 87' lang='grc' dir='ltr'>αὐτῶν</span> <span class='ocrx_word' id='word_1_770' title='bbox 1371 2559 1414 2586; x_wconf 82' lang='grc' dir='ltr'>διὰ</span> <span class='ocrx_word' id='word_1_771' title='bbox 1435 2559 1489 2586; x_wconf 88' lang='grc' dir='ltr'><strong>τῶν</strong></span> <span class='ocrx_word' id='word_1_772' title='bbox 1511 2560 1694 2595; x_wconf 83' lang='grc' dir='ltr'>στρατιωτῶν,</span> <span class='ocrx_word' id='word_1_773' title='bbox 1715 2561 1761 2588; x_wconf 79' lang='grc' dir='ltr'>καὶ</span> <span class='ocrx_word' id='word_1_774' title='bbox 1779 2563 1828 2589; x_wconf 81' lang='grc' dir='ltr'>τοῦ</span> 
     </span>
    </p>
   </div>
   <div class='ocr_carea' id='block_1_104' title="bbox 218 2600 1010 2640">
    <p class='ocr_par' dir='ltr' id='par_1_104' title="bbox 218 2600 991 2639">
     <span class='ocr_line' id='line_1_104' title="bbox 218 2600 991 2639; baseline 0.008 -13"><span class='ocrx_word' id='word_1_775' title='bbox 218 2600 343 2634; x_wconf 72' lang='lat' dir='ltr'><strong>goniique</strong></span> <span class='ocrx_word' id='word_1_776' title='bbox 357 2601 441 2633; x_wconf 84' lang='lat' dir='ltr'><strong>ducis,</strong></span> <span class='ocrx_word' id='word_1_777' title='bbox 459 2602 503 2636; x_wconf 85' lang='lat' dir='ltr'><strong>qui</strong></span> <span class='ocrx_word' id='word_1_778' title='bbox 523 2602 607 2637; x_wconf 82' lang='lat' dir='ltr'><strong>plagis</strong></span> <span class='ocrx_word' id='word_1_779' title='bbox 626 2611 672 2631; x_wconf 89' lang='lat' dir='ltr'><strong>eos</strong></span> <span class='ocrx_word' id='word_1_780' title='bbox 689 2603 858 2637; x_wconf 85' lang='lat' dir='ltr'><strong>lancinabat;</strong></span> <span class='ocrx_word' id='word_1_781' title='bbox 876 2611 928 2639; x_wconf 91' lang='lat' dir='ltr'><strong>quo</strong></span> <span class='ocrx_word' id='word_1_782' title='bbox 942 2611 991 2638; x_wconf 88' lang='lat' dir='ltr'><strong>pa-</strong></span> 
     </span>
    </p>
   </div>
   <div class='ocr_carea' id='block_1_105' title="bbox 1035 2600 1827 2640">
    <p class='ocr_par' dir='ltr' id='par_1_105' title="bbox 1044 2604 1827 2640">
     <span class='ocr_line' id='line_1_105' title="bbox 1044 2604 1827 2640; baseline 0.004 -10"><span class='ocrx_word' id='word_1_783' title='bbox 1044 2604 1196 2640; x_wconf 82' lang='grc' dir='ltr'>στρατηγοῦ</span> <span class='ocrx_word' id='word_1_784' title='bbox 1214 2605 1356 2640; x_wconf 90' lang='grc' dir='ltr'>Γοργονίου</span> <span class='ocrx_word' id='word_1_785' title='bbox 1386 2605 1432 2631; x_wconf 74' lang='grc' dir='ltr'>καὶ</span> <span class='ocrx_word' id='word_1_786' title='bbox 1457 2604 1574 2639; x_wconf 87' lang='grc' dir='ltr'>πληγαῖς</span> <span class='ocrx_word' id='word_1_787' title='bbox 1597 2606 1827 2640; x_wconf 82' lang='grc' dir='ltr'>κατακόπτοντος,</span> 
     </span>
    </p>
   </div>
   <div class='ocr_carea' id='block_1_106' title="bbox 217 2645 1009 2688">
    <p class='ocr_par' dir='ltr' id='par_1_106' title="bbox 217 2645 994 2684">
     <span class='ocr_line' id='line_1_106' title="bbox 217 2645 994 2684; baseline 0.008 -13"><span class='ocrx_word' id='word_1_788' title='bbox 217 2649 262 2671; x_wconf 84' lang='lat' dir='ltr'><strong>clo</strong></span> <span class='ocrx_word' id='word_1_789' title='bbox 277 2645 381 2673; x_wconf 92' lang='lat' dir='ltr'><strong>illorum</strong></span> <span class='ocrx_word' id='word_1_790' title='bbox 395 2647 462 2682; x_wconf 84' lang='lat' dir='ltr'><strong>(rem</strong></span> <span class='ocrx_word' id='word_1_791' title='bbox 484 2656 549 2674; x_wconf 86' lang='lat' dir='ltr'><strong>sane</strong></span> <span class='ocrx_word' id='word_1_792' title='bbox 570 2650 688 2676; x_wconf 90' lang='lat' dir='ltr'><strong>omnium</strong></span> <span class='ocrx_word' id='word_1_793' title='bbox 705 2649 933 2684; x_wconf 84' lang='lat' dir='ltr'><strong>crudelissimam)</strong></span> <span class='ocrx_word' id='word_1_794' title='bbox 949 2657 994 2677; x_wconf 93' lang='lat' dir='ltr'><strong>eo-</strong></span> 
     </span>
    </p>
   </div>
   <div class='ocr_carea' id='block_1_107' title="bbox 1035 2645 1827 2688">
    <p class='ocr_par' dir='ltr' id='par_1_107' title="bbox 1043 2649 1827 2688">
     <span class='ocr_line' id='line_1_107' title="bbox 1043 2649 1827 2688; baseline 0.005 -12"><span class='ocrx_word' id='word_1_795' title='bbox 1043 2649 1161 2682; x_wconf 79' lang='grc' dir='ltr'>καὶπῶς</span> <span class='ocrx_word' id='word_1_796' title='bbox 1177 2649 1266 2677; x_wconf 76' lang='grc' dir='ltr'>αὐτῶν</span> <span class='ocrx_word' id='word_1_797' title='bbox 1287 2650 1327 2686; x_wconf 89' lang='grc' dir='ltr'>(τό</span> <span class='ocrx_word' id='word_1_798' title='bbox 1344 2659 1375 2684; x_wconf 87' lang='grc' dir='ltr'><strong>γε</strong></span> <span class='ocrx_word' id='word_1_799' title='bbox 1400 2651 1507 2679; x_wconf 78' lang='grc' dir='ltr'>πάντων</span> <span class='ocrx_word' id='word_1_800' title='bbox 1525 2651 1672 2688; x_wconf 76' lang='grc' dir='ltr'>ὠμότερον)</span> <span class='ocrx_word' id='word_1_801' title='bbox 1701 2653 1748 2679; x_wconf 75' lang='grc' dir='ltr'>καὶ</span> <span class='ocrx_word' id='word_1_802' title='bbox 1771 2653 1827 2680; x_wconf 86' lang='grc' dir='ltr'><strong>τῶν</strong></span> 
     </span>
    </p>
   </div>
   <div class='ocr_carea' id='block_1_108' title="bbox 253 2702 1045 2743">
    <p class='ocr_par' dir='ltr' id='par_1_108' title="bbox 253 2702 1044 2740">
     <span class='ocr_line' id='line_1_108' title="bbox 253 2702 1044 2740; baseline 0.008 -11"><span class='ocrx_word' id='word_1_803' title='bbox 253 2703 274 2718; x_wconf 91' lang='grc'><strong>³¹</strong></span> <span class='ocrx_word' id='word_1_804' title='bbox 288 2702 354 2730; x_wconf 88' lang='lat' dir='ltr'><strong>Luc.</strong></span> <span class='ocrx_word' id='word_1_805' title='bbox 369 2712 417 2737; x_wconf 84' lang='lat' dir='ltr'><strong>xu,</strong></span> <span class='ocrx_word' id='word_1_806' title='bbox 430 2704 474 2732; x_wconf 80' lang='grc'><strong>55.</strong></span> <span class='ocrx_word' id='word_1_807' title='bbox 513 2705 535 2720; x_wconf 86' lang='grc'><strong>³¹</strong></span> <span class='ocrx_word' id='word_1_808' title='bbox 548 2705 641 2733; x_wconf 90' lang='lat' dir='ltr'><strong>Matth.</strong></span> <span class='ocrx_word' id='word_1_809' title='bbox 656 2714 718 2740; x_wconf 78' lang='lat' dir='ltr'><strong>xxv,</strong></span> <span class='ocrx_word' id='word_1_810' title='bbox 731 2707 776 2740; x_wconf 75' lang='lat'><strong>35,</strong></span> <span class='ocrx_word' id='word_1_811' title='bbox 791 2707 834 2735; x_wconf 74' lang='grc'><strong>40.</strong></span> <span class='ocrx_word' id='word_1_812' title='bbox 873 2708 896 2724; x_wconf 82' lang='grc'><strong>³⁸</strong></span> <span class='ocrx_word' id='word_1_813' title='bbox 910 2707 986 2736; x_wconf 85' lang='lat' dir='ltr'><strong>Joan.</strong></span> <span class='ocrx_word' id='word_1_814' title='bbox 1007 2716 1044 2740; x_wconf 85' lang='grc' dir='ltr'>ιι,</span> 
     </span>
    </p>
   </div>
   <div class='ocr_carea' id='block_1_109' title="bbox 560 2702 1352 2743">
    <p class='ocr_par' dir='ltr' id='par_1_109' title="bbox 560 2705 1352 2743">
     <span class='ocr_line' id='line_1_109' title="bbox 560 2705 1352 2743; baseline 0.006 -11"><span class='ocrx_word' id='word_1_815' title='bbox 560 2705 641 2733; x_wconf 65' lang='grc' dir='ltr'>νίειιιι.</span> <span class='ocrx_word' id='word_1_816' title='bbox 656 2714 718 2740; x_wconf 78' lang='lat' dir='ltr'><strong>xxv,</strong></span> <span class='ocrx_word' id='word_1_817' title='bbox 731 2707 776 2740; x_wconf 75' lang='lat'><strong>35,</strong></span> <span class='ocrx_word' id='word_1_818' title='bbox 791 2707 834 2735; x_wconf 73' lang='grc'><strong>40.</strong></span> <span class='ocrx_word' id='word_1_819' title='bbox 873 2708 896 2724; x_wconf 83' lang='grc'><strong>³⁸</strong></span> <span class='ocrx_word' id='word_1_820' title='bbox 910 2707 986 2736; x_wconf 86' lang='lat' dir='ltr'><strong>Joan.</strong></span> <span class='ocrx_word' id='word_1_821' title='bbox 1007 2716 1044 2740; x_wconf 85' lang='grc' dir='ltr'><strong>ιι,</strong></span> <span class='ocrx_word' id='word_1_822' title='bbox 1060 2708 1087 2737; x_wconf 88' lang='lat'><strong>9.</strong></span> <span class='ocrx_word' id='word_1_823' title='bbox 1126 2709 1149 2725; x_wconf 79' lang='grc'><strong>³⁵</strong></span> <span class='ocrx_word' id='word_1_824' title='bbox 1166 2708 1260 2738; x_wconf 85' lang='lat' dir='ltr'><strong>Matth.</strong></span> <span class='ocrx_word' id='word_1_825' title='bbox 1275 2717 1313 2743; x_wconf 70' lang='grc' dir='ltr'>ιι,</span> <span class='ocrx_word' id='word_1_826' title='bbox 1326 2710 1352 2737; x_wconf 86' lang='lat'><strong>7.</strong></span> 
     </span>
    </p>
   </div>
   <div class='ocr_carea' id='block_1_110' title="bbox 253 2759 1828 2806">
    <p class='ocr_par' dir='ltr' id='par_1_110' title="bbox 253 2759 1828 2806">
     <span class='ocr_line' id='line_1_110' title="bbox 253 2759 1828 2806; baseline 0.007 -19"><span class='ocrx_word' id='word_1_827' title='bbox 321 2761 718 2806; x_wconf 18' lang='grc' dir='ltr'>ξίῗοιβοςὶὶξςιιίιιί,παρέδωκεν.</span> <span class='ocrx_word' id='word_1_828' title='bbox 1052 2765 1133 2806; x_wconf 52' lang='lat'><strong>“(56)</strong></span> <span class='ocrx_word' id='word_1_829' title='bbox 1155 2766 1192 2806; x_wconf 66' lang='grc' dir='ltr'>βε</span> <span class='ocrx_word' id='word_1_830' title='bbox 1208 2767 1337 2806; x_wconf 65' lang='lat' dir='ltr'><strong>Dynamio</strong></span> <span class='ocrx_word' id='word_1_831' title='bbox 1366 2767 1435 2795; x_wconf 81' lang='lat' dir='ltr'><strong>infra</strong></span> <span class='ocrx_word' id='word_1_832' title='bbox 1462 2768 1488 2796; x_wconf 91' lang='lat' dir='ltr'><strong>in</strong></span> <span class='ocrx_word' id='word_1_833' title='bbox 1510 2768 1706 2797; x_wconf 77' lang='lat' dir='ltr'><strong>Conlcstatione</strong></span> <span class='ocrx_word' id='word_1_834' title='bbox 1735 2770 1828 2806; x_wconf 76' lang='lat' dir='ltr'><strong>populi</strong></span> 
     </span>
    </p>
   </div>
   <div class='ocr_carea' id='block_1_111' title="bbox 253 2794 1045 2833">
    <p class='ocr_par' dir='ltr' id='par_1_111' title="bbox 253 2794 1045 2833">
     <span class='ocr_line' id='line_1_111' title="bbox 253 2794 1045 2833; baseline 0.008 -12"><span class='ocrx_word' id='word_1_835' title='bbox 321 2797 358 2833; x_wconf 87' lang='lat' dir='ltr'><strong>|_ta</strong></span> <span class='ocrx_word' id='word_1_836' title='bbox 370 2794 436 2831; x_wconf 42' lang='lat' dir='ltr'><strong>Reg:</strong></span> <span class='ocrx_word' id='word_1_837' title='bbox 447 2797 526 2829; x_wconf 85' lang='lat' dir='ltr'><strong>Edili,</strong></span> <span class='ocrx_word' id='word_1_838' title='bbox 544 2794 742 2833; x_wconf 70' lang='grc' dir='ltr'>πιστευόμενοι.</span> <span class='ocrx_word' id='word_1_839' title='bbox 1042 2820 1045 2827; x_wconf 55' lang='grc' dir='ltr'><strong>λ</strong></span> 
     </span>
    </p>
   </div>
   <div class='ocr_carea' id='block_1_112' title="bbox 434 2794 1226 2833">
    <p class='ocr_par' dir='ltr' id='par_1_112' title="bbox 434 2794 1226 2833">
     <span class='ocr_line' id='line_1_112' title="bbox 434 2794 1226 2833; baseline 0.005 -10"><span class='ocrx_word' id='word_1_840' title='bbox 434 2816 436 2822; x_wconf 93' lang='grc'>.</span> <span class='ocrx_word' id='word_1_841' title='bbox 447 2797 526 2829; x_wconf 85' lang='lat' dir='ltr'><strong>Edili,</strong></span> <span class='ocrx_word' id='word_1_842' title='bbox 544 2794 742 2833; x_wconf 70' lang='grc' dir='ltr'>πιστευόμενοι.</span> <span class='ocrx_word' id='word_1_843' title='bbox 1042 2794 1226 2829; x_wconf 62' lang='lat' dir='ltr'><strong>Alexandrini.</strong></span> 
     </span>
    </p>
   </div>
   <div class='ocr_carea' id='block_1_113' title="bbox 253 2829 1045 2872">
    <p class='ocr_par' dir='ltr' id='par_1_113' title="bbox 253 2829 743 2867">
     <span class='ocr_line' id='line_1_113' title="bbox 253 2829 743 2867; baseline 0.01 -12"><span class='ocrx_word' id='word_1_844' title='bbox 253 2829 310 2864; x_wconf 84' lang='lat'><strong>(55)</strong></span> <span class='ocrx_word' id='word_1_845' title='bbox 324 2831 403 2859; x_wconf 83' lang='lat' dir='ltr'><strong>Forte</strong></span> <span class='ocrx_word' id='word_1_846' title='bbox 412 2829 503 2858; x_wconf 59' lang='lat' dir='ltr'><strong>Eorum</strong></span> <span class='ocrx_word' id='word_1_847' title='bbox 513 2833 589 2867; x_wconf 79' lang='lat' dir='ltr'><strong>pedes</strong></span> <span class='ocrx_word' id='word_1_848' title='bbox 603 2829 743 2867; x_wconf 53' lang='lat' dir='ltr'><strong>puls&#39;unles.</strong></span> 
     </span>
    </p>
   </div>
   <div class='ocr_carea' id='block_1_114' title="bbox 906 2829 1698 2872">
    <p class='ocr_par' dir='ltr' id='par_1_114' title="bbox 1076 2835 1698 2872">
     <span class='ocr_line' id='line_1_114' title="bbox 1076 2835 1698 2872; baseline 0.008 -11"><span class='ocrx_word' id='word_1_849' title='bbox 1076 2835 1132 2870; x_wconf 87' lang='lat'><strong>(57)</strong></span> <span class='ocrx_word' id='word_1_850' title='bbox 1146 2836 1182 2863; x_wconf 89' lang='lat' dir='ltr'><strong>lta</strong></span> <span class='ocrx_word' id='word_1_851' title='bbox 1196 2836 1273 2872; x_wconf 74' lang='lat' dir='ltr'><strong>Reg.,</strong></span> <span class='ocrx_word' id='word_1_852' title='bbox 1286 2837 1397 2872; x_wconf 81' lang='lat' dir='ltr'><strong>optime.</strong></span> <span class='ocrx_word' id='word_1_853' title='bbox 1411 2838 1492 2871; x_wconf 85' lang='lat' dir='ltr'><strong>Editi,</strong></span> <span class='ocrx_word' id='word_1_854' title='bbox 1505 2838 1533 2865; x_wconf 81' lang='grc' dir='ltr'>δὲ</span> <span class='ocrx_word' id='word_1_855' title='bbox 1550 2837 1596 2865; x_wconf 78' lang='grc' dir='ltr'>νῦν</span> <span class='ocrx_word' id='word_1_856' title='bbox 1611 2838 1698 2866; x_wconf 81' lang='grc' dir='ltr'>τοῦτο.</span> 
     </span>
    </p>
   </div>
  </div>
