2007 3044
137 141 187 169 769

615 141 778 171 HISTORIA
795 141 1003 171 ARIANOBUM
1019 142 1065 171 AD
1085 142 1284 174 MONAC-HOS.

1710 147 1762 176 770

135 200 185 237 ἤδη
196 200 425 235 τετελευτηκοτων
433 200 495 232 τοὺς
503 200 600 237 ἄρτους
610 201 664 236 (38)
682 201 741 236 μεθ’
751 201 815 236 ὅσης
822 201 920 237 ὖὸρεως

978 209 1091 237 rumque
1106 201 1151 236 qui
1176 201 1231 237 jam
1249 201 1374 228 obierant
1399 207 1493 236 panes,
1508 207 1667 237 quantaque
1686 209 1758 238 pelu-

133 247 296 282 διήρπασαν,
311 247 361 274 οὐκ
374 247 447 273 ἐστιν
461 247 521 273 οὐδὲ
537 246 608 282 λόγῳ
618 247 730 282 φράσαι,
741 247 860 283 νικώσης
873 248 922 284 τῆς

132 291 273 326 ὠμότητος
288 291 377 318 αὐτῶν
392 291 441 327 τὴν
453 292 484 318 ὲκ
500 291 554 317 τῶν
566 291 652 326 λόγων
667 292 802 328 διήγησιν.
818 292 850 318 Τί
868 292 922 328 γὰρ

133 337 166 365 ἄν
181 346 222 369 τις
242 337 325 365 εἰπὼν
350 338 491 374 εἰρηκέναι
515 338 632 372 δόξειενς
652 339 688 366 Ἦ
711 340 788 365 ποίου
812 339 921 375 πρώτου

134 383 334 419 μνημονεύσας,
362 385 411 420 οὐχ
437 385 560 421 εὑρίσκει
583 386 618 412 τὰ
637 384 751 421 δεύτερα
770 386 919 422 δεινότερα,

131 428 186 456 τῶν
199 430 332 465 δευτέρων
348 431 382 457 τὰ
396 430 465 466 μετὰ
481 430 585 463 ταῦτα;
604 430 696 458 Πάντα
713 431 767 467 γὰρ
782 431 871 458 αὐτῶν
887 432 922 459 τὰ

132 474 333 511 ἐπιχειρήματα
353 476 400 504 καὶ
415 476 449 503 τὰ
465 477 626 513 ὰσεῦήματα
643 478 723 512 φόνου
737 477 783 504 καὶ
796 477 922 510 ἀσεῦείας

132 521 220 557 πεπλὴ
226 530 318 557 ρωται
335 522 382 548 καὶ
396 521 482 554 οὕτως
497 523 549 549 εἰσὶ
564 522 710 558 πανοῦργοι
729 523 778 559 τὴν
797 522 920 559 γνώμην,

131 568 179 595 καὶ
193 568 307 595 ποικίλοι
320 568 365 595 τὸν
382 568 492 604 τρόπον,
507 568 544 601 ὡς
559 568 606 595 καὶ
626 569 779 604 ἐπαγγελίᾳ
802 577 920 605 προστα-

133 614 202 646 σίας,
229 615 276 641 καὶ
296 615 367 641 δόσει
386 615 534 651 χρημάτων
561 615 710 652 ἐπιχειρεῖν
737 616 854 651 ἀπατᾷψ
875 616 919 648 ἵν’,

131 659 192 686 ἐπεὶ
216 659 252 695 μὴ
284 660 315 693 ἐξ
336 660 454 694 εὐλόγων
474 660 564 695 ἔχουσι
598 660 647 697 τὴν
671 661 808 693 σύστασιν,
824 662 874 688 κᾶν
889 663 921 688 ἐκ

130 704 233 731 τούτων
258 705 354 739 δόξωσι
377 707 524 740 φαντασίαν
547 706 607 733 τινὰ
627 707 684 739 τοῖς
713 707 852 743 ἀκεραίοις
873 709 921 743 ἑμ-

124 747 228 779 “ποιεῖν.

167 841 210 870 64.
234 842 281 874 Τίς
303 841 350 870 οὖν
365 842 404 869 ἔτι
419 843 529 875 τούτους
556 842 607 870 κᾶν
632 842 754 875 ὲθνικοὺς
781 843 920 871 καλέσειεν

978 248 1060 276 lautia
1074 267 1082 280 ,
1107 247 1290 282 diripuerint,
1316 254 1487 282 nequaquam
1515 248 1603 276 verbis
1625 250 1762 276 enuntiari

976 299 1065 330 potest
1083 303 1088 321 :
1105 302 1198 322 eorum
1213 294 1313 329 quippe
1327 294 1475 322 crudelitas
1488 302 1597 322 omnem
1617 297 1762 323 enarramli

976 340 1132 367 facultatem
1152 345 1274 375 superat.
1290 338 1423 373 Quidnam
1441 341 1502 374 quis
1512 347 1561 374 pro
1573 340 1612 367 rei
1630 341 1763 377 gravitate

975 385 1066 414 dicere
1089 385 1194 420 queat?
1215 385 1269 412 Aut
1287 385 1426 421 cujusnam
1453 387 1568 421 primum
1597 386 1762 414 mentionem

976 433 1069 466 faciat,
1079 438 1108 460 ut
1123 439 1175 459 non
1186 431 1306 459 inveniat
1321 432 1440 458 secunda
1455 431 1536 466 302
1553 432 1658 466 primis,
1672 438 1762 467 poste-

975 478 1049 506 riora
1068 477 1194 513 secundis
1210 476 1369 504 atrociora?
1385 476 1482 506 Omnia
1499 478 1599 513 quippe
1613 485 1707 505 eorum
1721 478 1761 505 fa-

974 524 1080 556 cinora,
1096 528 1124 551 et
1147 523 1250 551 nefaria
1275 528 1351 558 gesta
1374 524 1455 551 caadis
1472 529 1499 551 et
1513 523 1661 558 impietatis
1684 523 1761 558 plena

974 575 1047 597 sunt.
1064 569 1155 604 anue
1171 574 1234 597 sunt
1250 569 1286 596 illi
1303 568 1412 596 vafritie
1426 570 1534 602 mentis,
1544 574 1571 597 et
1587 578 1692 598 morum
1705 571 1761 598 cal-

974 614 1089 646 liditate,
1106 619 1136 641 ut
1150 614 1294 649 patrocinii
1309 613 1516 649 pollicitatione,
1531 615 1762 650 pecuniarumque

974 660 1131 694 erogatione
1145 680 1152 692 ,
1169 660 1294 694 decipere
1313 664 1456 695 satagant;
1484 664 1514 688 ut
1536 662 1757 697 quandoquidem

974 713 1027 733 non
1043 713 1076 733 ex
1089 713 1166 741 inquo
1180 711 1207 732 et
1222 706 1292 734 hono
1307 705 1570 735 commendationem
1586 707 1702 741 habent,
1720 709 1761 736 vei

975 752 1038 779 hinc
1047 752 1143 779 saltem
1158 752 1369 787 simplicioribus
1377 753 1526 780 obtendant
1536 754 1653 788 speciem
1666 761 1762 789 quam-

975 797 1034 825 dam
1050 798 1199 833 dignitatis.

1009 844 1054 872 64.
1070 845 1135 878 Quis
1153 845 1244 880 itaque
1258 845 1319 874 illos
1334 846 1375 874 vel
1397 848 1519 876 ethnicos
1538 849 1607 877 ultra
1622 857 1759 886 nuncupa-

131 889 234 921 ἁπλῶς,
260 889 356 926 μήτιγε
374 890 569 926 Χριστιανούςς
589 890 631 923 τίς
646 890 747 917 τούτων
759 890 804 917 τὸν
823 891 920 926 τρόπον

975 890 1021 924 rit,
1037 891 1134 918 nedum
1150 890 1344 920 Christianos?
1362 892 1423 928 quis
1440 893 1536 921 horum
1549 903 1649 929 mores,
1664 897 1761 924 huma-

131 933 309 970 ἀνθρώπινον,
327 934 374 962 καὶ¹
392 935 430 971 μὴ
447 935 546 970 μᾶλλον
569 934 662 962 τοῦτον
687 935 806 972 θηριώδη
822 935 922 963 ὑπολά-

129 980 183 1012 ὁοι,
193 980 236 1008 διὰ
247 989 277 1007 τε
289 980 320 1007 τὺ
331 981 405 1015 ὠμδν
416 981 463 1008 καὶ
479 981 509 1008 τὸ
526 981 620 1017 ἄγριον
639 982 688 1018 τῆς
704 981 843 1018 πράξεως;
869 978 922 1008 Καὶ),

130 1026 184 1063 γὰρ
201 1026 247 1054 καὶ
261 1027 365 1063 δημίων
377 1027 430 1054 sici.
445 1028 630 1064 πονηρότεροι,
652 1028 699 1055 καὶ
712 1028 766 1054 τῶν
779 1027 865 1054 ἄλλων
878 1028 921 1054 αἱ-

130 1073 233 1111 ρέσεων
257 1073 463 1110 τολμηρότεροι·
488 1073 622 1109 Ἐλλήνων
638 1074 693 1109 γὰρ
706 1073 774 1100 πολὺ
790 1073 920 1109 δεύτεροι,

133 1118 233 1154 μᾶλλον
248 1118 277 1146 δὲ
290 1119 337 1146 καὶ
353 1119 462 1155 μακρὰν
473 1117 561 1145 αὐτῶν
574 1119 761 1154 τυγχάνουσιν.
784 1117 854 1152 Ἐγὼ
867 1117 921 1152 γὰρ

129 1165 236 1201 ἥκουσα
247 1164 302 1192 τῶν
314 1165 450 1201 πατέρων,
472 1166 518 1192 καὶ
540 1165 635 1192 πιστὸν
656 1164 775 1201 ἡγοῦμαι
791 1164 836 1191 τὸν
852 1164 923 1190 ὲκεί-

131 1219 184 1237 νων
199 1211 288 1245 λόγον,
301 1211 383 1238 ὅτιτὸ
398 1211 515 1247 πρῶτον,
540 1211 584 1238 ὅτε
598 1211 691 1245 γέγονε
708 1211 755 1237 καὶ
775 1210 820 1237 ἐπὶ
834 1209 920 1242 Μαξί-

131 1258 221 1294 μιανῷ
247 1257 286 1293 τῷ
306 1258 409 1293 πάππῳ
433 1257 621 1285 Κωνσταντίου
649 1257 776 1292 διωγμὸς,
793 1256 922 1292 ’Έλληνες

131 1302 265 1339 ἔκρυπτον
276 1303 338 1335 τοὺς
355 1302 485 1336 ἀδελεροὺς
498 1302 587 1338 ἡμῶν,
605 1301 668 1334 τοὺς
679 1301 859 1337 Χριστιανοὺς
871 1301 920 1338 ζη-

130 1350 289 1385 τουμένους’
306 1350 353 1376 καὶ
370 1348 499 1381 πολλάκις
525 1348 668 1375 ἀπώλεσαν
685 1348 762 1375 αὐτοὶ
779 1348 920 1384 χρήματα,

129 1395 324 1432 δεσμωτηρίων
345 1404 374 1422 τε
391 1395 603 1431 ἐπειράσθησαν,
623 1395 666 1421 ἵνα
679 1394 758 1430 μόνον
779 1394 833 1421 τῶν
853 1403 920 1430 φευ-

129 1442 232 1476 γόντων
250 1442 287 1478 μὴ
313 1442 444 1476 γένωνται
459 1441 595 1478 προδόται*
611 1441 649 1473 ὡς
661 1441 715 1477 γὰρ
729 1441 842 1473 ἑαυτοὺς
856 1440 921 1476 ἐφύ-

130 1486 225 1513 λαττον
254 1487 316 1518 τοὺς
346 1486 576 1523 προσφεύγοντας,
602 1485 649 1512 καὶ
677 1484 842 1513 κινδυνεύειν
868 1486 922 1522 πρὸ

130 1532 218 1559 αὐτῶν
234 1532 415 1560 ἐϐουλεύοντο.
435 1531 514 1558 Ἀλλὰ
530 1532 577 1559 νῦν
594 1532 618 1558 οἱ
634 1531 785 1567 θαυμαστοὶ
796 1529 878 1565 οὗτοι,
896 1533 920 1559 οἱ

974 943 1033 968 nos,
1051 939 1079 963 et
1094 943 1146 964 non
1160 937 1249 971 potius
1263 936 1366 966 ferinos
1391 938 1549 974 arbitretur,
1564 947 1706 977 conspecta
1721 943 1761 972 fa-

974 981 1096 1009 cinorum
1121 983 1281 1011 crudelitate
1314 983 1509 1020 ferocitateque
1525 985 1538 1012 ‘i
1562 986 1669 1014 Etenim
1695 988 1761 1023 ipsis

973 1027 1146 1055 carniﬁcibus
1163 1028 1337 1058 imntaniores
1354 1050 1362 1063 ,
1385 1030 1499 1065 aliisque
1519 1031 1653 1060 hmreticis
1677 1034 1760 1062 auda-

974 1075 1062 1101 ciores
1076 1079 1139 1101 sunt
1157 1083 1164 1102 :
1183 1075 1253 1108 imo,
1267 1075 1385 1104 ethnicis
1404 1076 1470 1112 ipsis
1496 1077 1580 1105 multo
1597 1078 1759 1112 deteriores.

973 1120 1007 1147 ab
1023 1119 1139 1155 illisque,
1154 1125 1181 1147 ut
1193 1128 1256 1148 vere
1267 1121 1384 1155 dicatur,
1405 1122 1565 1156 longissime
1582 1124 1692 1151 distant.
1705 1125 1761 1152 Au-

973 1165 1027 1193 divi
1049 1166 1122 1193 enim
1146 1173 1160 1192 a
1179 1166 1301 1200 patribus
1325 1166 1483 1201 (veramque
1509 1176 1566 1195 rem
1587 1168 1714 1204 arbitror)
1733 1170 1758 1196 iu

974 1211 1113 1246 superiore
1127 1211 1177 1238 sub
1193 1210 1358 1237 Maximiano
1379 1210 1527 1239 Constantii
1557 1219 1607 1239 avo
1630 1220 1758 1247 persecu-

975 1257 1058 1291 tione,
1073 1257 1197 1285 ethnicos
1213 1257 1364 1285 occultasse
1383 1257 1481 1285 fratres
1499 1265 1607 1286 nostros
1625 1259 1760 1286 Christia-

974 1311 1041 1336 nos,
1067 1303 1130 1330 dum
1154 1303 1379 1338 inquirerentur:
1401 1311 1433 1331 ac
1460 1303 1618 1340 plerumque
1647 1305 1759 1340 pecunia

974 1348 1102 1375 multatos
1116 1368 1124 1380 ,
1149 1348 1309 1383 carcerique
1330 1348 1499 1383 mancipatos
1523 1348 1616 1382 fuisse,
1632 1357 1664 1377 eo
1675 1349 1759 1377 solum
1807 1359 1812 1366 ·

974 1397 1004 1420 ιιι
1019 1400 1052 1420 ne
1067 1391 1242 1428 profugorum
1255 1393 1409 1427 proditores
1421 1397 1522 1421 essent.
1540 1391 1672 1427 Profugos
1685 1393 1759 1419 enim

972 1439 1066 1466 eadem
1083 1446 1135 1473 qua
1145 1439 1250 1473 seipsos
1266 1439 1318 1465 ﬁde
1331 1439 1489 1470 servabant,
1505 1446 1590 1473 neque
1602 1439 1762 1466 dubitabant

973 1491 1034 1511 sese
1045 1483 1150 1511 illorum
1163 1491 1243 1510 causa
1261 1484 1391 1518 periculis
1405 1483 1513 1511 oﬁerre.
1525 1484 1560 1511 At
1578 1491 1650 1511 nunc
1674 1485 1760 1512 admi-

974 1530 1051 1557 randi
1071 1530 1108 1557 illi
1124 1530 1324 1557 novmhmresis
1351 1531 1507 1559 inventores
1538 1531 1609 1558 nulla
1633 1530 1686 1558 alia
1711 1539 1759 1562 re.

129 1579 179 1613 τῆς
197 1578 259 1610 νέας
275 1578 406 1613 αίρέσεως
421 1578 575 1613 ὲφευρεταὶ,
591 1578 622 1604 ἐκ
648 1578 762 1613 μηδενὸς
782 1578 876 1613 ἑτέρου
903 1578 920 1613 ἢ

974 1583 1054 1610 quam
1084 1576 1190 1603 insidiis
1216 1575 1352 1607 celebres,
1370 1583 1451 1604 secus
1468 1576 1559 1604 omnia
1576 1581 1659 1610 agunt
1674 1584 1681 1610 ;
1700 1584 1761 1604 nam

129 1621 162 1648 ἐκ
173 1621 219 1648 τοῦ
230 1621 414 1648 ἐπιϐουλεύειν
427 1622 679 1657 ἐπιγινωσκόμενοι,
694 1622 783 1649 πάντα
792 1622 921 1650 τάναντία

131 1667 307 1703 πράττουσιν.
334 1667 414 1694 Atii-ro!
429 1675 457 1693 τε
474 1667 538 1703 γὰρ,
560 1667 593 1694 δι’
606 1667 709 1694 ἑαυτῶν
721 1668 813 1703 δήμιοι
827 1668 920 1703 γιγνό-

130 1722 218 1750 μενοι,
240 1713 343 1745 πάντας
359 1712 470 1748 ζητοῦσι
495 1712 680 1748 παραδιδόναι·
704 1715 751 1741 καὶ
774 1714 837 1746 τοὺς
854 1714 921 1750 κρύ-

130 1769 246 1792 πτοντας
260 1759 480 1787 ὲπιῦουλεύεσθαι
503 1759 637 1792 ποιοῦσιν,
659 1759 716 1787 ἴσον
730 1759 825 1796 ἐχθρὸν
838 1761 922 1797 ἡγού-

130 1815 206 1842 μενοι
217 1806 261 1832 τόν
281 1814 311 1832 τε
324 1805 478 1842 κρύπτοντα
496 1805 542 1832 καὶ
559 1804 605 1832 τὸν
622 1805 819 1841 κρυπτόμενον·
834 1805 922 1838 οὕτως

130 1853 184 1879 alat
200 1852 338 1888 φονευταὶ,
350 1852 395 1879 καὶ
410 1851 460 1887 τὴν
483 1851 568 1878 Ὶούδα
583 1851 714 1887 πονηρίαν
731 1850 872 1887 ἐζήλωσαν
897 1852 922 1878 οἱ

130 1898 289 1935 κακοῦργοι.

165 1945 209 1974 65.
221 1946 275 1974 Καὶ
290 1946 339 1973 οὐκ
354 1945 410 1972 ἔστι
422 1946 480 1974 κατ’
495 1945 572 1978 ἀξίαν
588 1942 625 1975 ὧν
642 1945 851 1982 διαπράττονται
871 1954 921 1973 κα-

129 1991 185 2020 κῶν
200 1993 286 2019 εἰπεῖν
307 1991 324 2028 ἦ
340 1992 418 2019 τοῦτο
435 1992 525 2027 μόνον,
547 1992 587 2018 ὅτι
604 1991 744 2028 γράφοντά
761 2000 795 2027 με
812 1992 859 2018 καὶ
876 1990 922 2017 θέ-

129 2038 212 2079 λονται
228 2038 388 2072 καταλέγειν
399 2038 448 2074 τῆς
465 2037 595 2073 πονηρίας
608 2037 719 2065 ἐκείνων
731 2037 781 2069 τὰς
796 2036 921 2072 πράξεις,

131 2086 322 2123 ὑπεισέρχεται
336 2087 417 2116 νοεῖν,
434 2085 472 2121 μὴ
500 2082 555 2122 ἄρα
568 2084 618 2119 τῆς
638 2086 666 2112 ὲν
683 2085 744 2115 ταῖς
756 2083 921 2120 Παροιμίαις

129 2132 241 2169 βδέλλης
261 2133 278 2168 ἡ
306 2133 423 2168 τετάρτη
440 2131 563 2167 θυγάτηρ
578 2131 651 2159 ἐστὶν
677 2131 693 2166 ἡ
717 2130 823 2166 αἵρεσις
839 2129 920 2165 αὕτη,

129 2179 190 2213 ἥτις
204 2177 272 2213 μετὰ
286 2178 338 2209 τὰς
360 2177 495 2210 τοσαύτας
519 2176 626 2208 ἀδικίας
640 2177 687 2203 καὶ
699 2176 762 2207 τοὺς
778 2174 922 2206 τοσούτους

130 2225 226 2261 φόνους
244 2222 387 2256 οὺκεῖπεν,
409 2225 509 2260 Ἀρκεῖ.
525 2224 585 2250 Ἔτι
612 2222 666 2258 γὰρ
682 2221 858 2250 νεανιεύεται·
874 2220 922 2247 καὶ

974 1622 1024 1660 ipsi
1049 1621 1119 1649 ultro
1145 1621 1287 1649 carniﬁces
1316 1621 1404 1650 eﬁecti
1420 1643 1427 1655 ,
1442 1631 1535 1650 omnes
1553 1624 1668 1658 prodere
1692 1631 1761 1658 qua»

975 1674 1036 1695 rant
1061 1677 1067 1695 :
1093 1667 1345 1703 occultantibusque
1371 1668 1483 1696 insidias
1505 1673 1611 1703 parant,
1645 1669 1695 1696 rati
1713 1676 1759 1695 oc-

973 1716 1120 1742 cultantem
1149 1714 1262 1750 perinde
1290 1718 1371 1750 atque
1397 1715 1562 1742 occultatum
1594 1714 1644 1742 sibi
1670 1715 1763 1742 inimi-

973 1767 1034 1788 cam
1060 1768 1119 1788 esse
1136 1770 1142 1787 :
1160 1759 1196 1787 ita
1211 1760 1376 1794 sanguinarii
1404 1764 1431 1786 et
1455 1759 1597 1787 homicidae
1613 1764 1675 1786 sunt
1688 1780 1697 1792 ,
1724 1759 1760 1786 ita

974 1805 1015 1834 vel
1033 1806 1118 1842 ipsam
1134 1805 1208 1834 ludo:
1230 1805 1425 1840 malignitatem
1450 1806 1611 1832 :emulantur
1636 1805 1761 1832 scelerati

973 1853 1021 1880 illi.

1008 1942 1052 1970 65.
1069 1942 1124 1971 Nec
1141 1950 1191 1978 pro
1205 1943 1242 1970 rei
1257 1942 1392 1978 gravitate
1403 1947 1517 1977 possunt
1530 1949 1624 1968 eorum
1638 1941 1760 1969 facinora

974 1989 1092 2020 narrari,
1113 1988 1163 2015 nisi
1179 1989 1229 2015 hoc
1245 1987 1331 2015 solum
1349 1988 1439 2020 modo,
1453 1987 1526 2022 quod
1539 1987 1603 2014 mihi
1617 1987 1757 2018 scribenti,

973 2041 1120 2068 eorumque
1136 2034 1239 2061 neraria
1256 2039 1331 2068 gesta
1349 2040 1491 2060 recensere
1507 2033 1606 2060 volenti
1622 2052 1628 2063 ,
1646 2032 1671 2059 in
1683 2039 1759 2059 men-

974 2084 1026 2107 tem
1036 2079 1125 2112 subit;
1141 2087 1210 2106 anue
1222 2079 1401 2114 sanguisugae,
1412 2081 1444 2105 de
1457 2086 1508 2113 qua
1523 2079 1549 2105 in
1565 2077 1761 2108 Proverbiis”.

973 2129 1071 2160 quarta
1097 2124 1152 2151 ﬁlia
1177 2125 1212 2151 sit
1234 2124 1290 2152 hanc
1317 2123 1427 2151 haeresis
1441 2143 1449 2156 ,
1464 2131 1524 2158 quae
1540 2128 1600 2158 post
1616 2127 1654 2150 tot
1673 2122 1761 2149 illatas

974 2170 1098 2205 injurias,
1126 2175 1185 2204 post
1210 2174 1248 2196 tot
1276 2174 1397 2204 patratas
1412 2169 1519 2200 caedes.
1536 2168 1656 2195 nondum
1682 2168 1760 2198 dixit,

974 2215 1090 2244 Suﬁlcit.
1108 2215 1263 2243 Etiamnum
1275 2215 1373 2251 quippe
1389 2214 1496 2248 l‘erocit,
1507 2215 1630 2242 homines
1642 2213 1760 2240 nondum

201 2251 253 2308 μὲν
265 2251 566 2307 μηδέπωΙγνωσθέντας
586 2251 656 2304 αύτῇ
674 2267 848 2304 περιέρχεται
871 2266 920 2302 ζη-

975 2261 1025 2288 sihi
1053 2265 1131 2288 notos
1162 2260 1343 2295 perquirendo
1367 2261 1563 2286 circuutcursat
1582 2268 1588 2286 :
1604 2265 1670 2293 quos
1693 2265 1760 2285 vero

129 2317 223 2348 τοῠσα,
251 2316 297 2349 οὒς
321 2317 350 2344 δὲ
372 2316 488 2351 ἔφθασεν
510 2315 649 2350 ἀδικῆσαι,
676 2314 756 2343 πάλιν
780 2313 919 2340 ὲπαδικεῖν

130 2363 284 2396 σπουδάζει.
319 2362 383 2391 Ἰδοὺ
406 2361 460 2398 γὰρ
479 2361 548 2397 μετὰ
568 2361 617 2397 τὴν
637 2358 797 2395 νυκτερινὴν
815 2358 918 2393 ἔφοδον,

130 2409 199 2445 μετὰ
208 2409 242 2436 τὰ
261 2408 290 2442 ἐξ
300 2409 384 2444 αὐτῆς
397 2407 530 2443 γενόμενα
547 2406 629 2438 κακὰ,
648 2404 717 2441 μετὰ
727 2404 772 2430 τὸν
788 2403 820 2430 δι’
844 2403 922 2438 Ἠρα-

129 2455 220 2483 κλείου
241 2455 386 2490 γενόμενον
412 2453 543 2489 διωγμὸν,
561 2452 642 2481 πάλιν
663 2451 694 2478 οὺ
715 2451 845 2477 παύονται
862 2448 920 2476 δια-

129 2501 271 2534 ϐάλλοντες
298 2501 418 2537 βασιλεῖ·
453 2499 583 2536 θαρροῦσι
606 2498 660 2535 γὰρ
690 2497 728 2529 ὡς
759 2495 920 2526 ἀσεϐοῦντες

128 2547 283 2575 ἀκούονται⁸
297 2548 340 2575 ἴνα
357 2547 437 2575 πλέον
456 2555 483 2574 τι
496 2545 544 2575 τοῦ
565 2542 710 2580 ὲξορισμοῦ
725 2542 847 2577 γένηται,
873 2540 921 2568 καὶ

129 2592 160 2619 τὸ
181 2592 273 2620 λοιπὸν
287 2593 312 2619 οἱ
338 2591 376 2628 μὴ
396 2590 551 2625 πειθόμενοι
572 2589 630 2620 ταῖς
657 2586 795 2618 ἀσεϐείαις
828 2585 918 2612 αὐτῶν

129 2639 302 2674 ἀναιρῶνται,
313 2638 390 2666 Οὕτω
399 2638 453 2674 γὰρ
469 2638 516 2664 καὶ
528 2635 576 2663 νῦν
592 2633 858 2671 καταθρασυνόμενοι
870 2631 918 2660 Σε-

129 2683 239 2716 κοῦνδος
255 2683 305 2720 μὲν
318 2685 332 2710 ό
343 2683 528 2718 παγκάκιστος
544 2678 755 2714 Πενταπολίτης,
779 2675 919 2705 καὶοτού-

187 2750 209 2766 "
225 2749 303 2777 Prov.
326 2757 391 2782 xu,
411 2749 456 2777 15.

167 2807 221 2843 (38)
236 2809 362 2843 Ἀρτους,
373 2806 502 2843 vertimus
513 2813 603 2839 pana.
619 2811 672 2830 non
689 2807 774 2843 artus,
786 2805 816 2828 ut
839 2799 913 2843 Nan-

131 2836 193 2871 nius
202 2836 243 2871 est
256 2836 458 2877 interpretatus.
470 2841 502 2868 Et
514 2836 581 2866 vero
598 2847 653 2877 non
672 2837 756 2877 semel
769 2843 851 2877 panes
863 2836 913 2870 ἁρ-

131 2887 172 2906 τοι
186 2879 219 2906 ab
233 2874 340 2905 Arianis
366 2877 561 2904 Arianorumve
574 2874 705 2902 ministris
728 2874 797 2906 rapti
813 2877 915 2899 memo-

254 2924 388 2954 PATROL.
413 2922 472 2953 Gn.
497 2920 598 2952 XXV.

972 2307 1133 2342 jampridem
1150 2305 1254 2341 injuriis
1267 2305 1354 2333 aﬁ‘ecit
1364 2324 1372 2338 ,
1390 2305 1466 2332 novis
1481 2305 1537 2339 jam
1550 2304 1656 2338 injuriis
1670 2310 1762 2338 θείῃ-θ.

975 2352 1059 2378 ditur.
1073 2350 1119 2378 Nec
1137 2351 1174 2378 illi
1205 2354 1264 2385 post
1296 2355 1457 2378 nocturnam
1487 2349 1675 2381 iuvasioncnt,
1701 2353 1761 2382 post

974 2397 1045 2424 mala
1059 2405 1119 2432 quas
1137 2398 1199 2424 inde
1211 2400 1358 2424 consecuta
1371 2401 1452 2428 sunt,
1468 2400 1530 2430 post
1544 2395 1760 2429 persecutionem

975 2444 1008 2471 ab
1026 2443 1153 2471 Heraclio
1165 2443 1274 2475 iactam,
1291 2450 1344 2470 non
1359 2446 1467 2469 cessant
1480 2441 1550 2475 apud
1569 2441 1760 2475 imperatorem

975 2490 1146 2517 calumniari.
1163 2489 1310 2516 Conlidunt
1325 2488 1395 2515 enim
1410 2507 1418 2520 ,
1434 2495 1495 2514 cum
1516 2486 1605 2521 impiis
1624 2486 1681 2513 suis
1695 2493 1760 2512 con-

973 2535 1043 2563 siliis
1056 2542 1163 2570 semper
1174 2541 1267 2561 aurem
1283 2533 1328 2560 ille
1343 2534 1461 2568 praebeat
1474 2552 1480 2563 .
1496 2532 1607 2566 gravius
1621 2531 1759 2566 quidpiam

973 2581 1069 2610 exsilio
1088 2580 1224 2610 iuturum.
1243 2588 1274 2607 ac
1289 2579 1416 2614 deinceps
1433 2579 1478 2613 qui
1496 2578 1554 2606 suis
1575 2577 1759 2612 impietatibus

973 2635 1026 2655 non
1041 2626 1272 2661 obtemperat-int.
1295 2625 1497 2653 oblruncandos
1521 2631 1591 2651 esse.
1612 2624 1692 2650 Certe
1703 2622 1760 2657 jam

974 2681 1087 2700 summa:
1102 2672 1151 2699 viri
1166 2671 1285 2698 audacia!
1304 2670 1445 2698 Secundus
1461 2669 1685 2704 Pentapolitanus
1700 2676 1761 2696 sce-

963 2803 1059 2827 rantur
1082 2807 1088 2824 :
1111 2797 1150 2824 sic
1169 2796 1195 2823 in
1211 2796 1289 2828 Apol.
1304 2796 1335 2821 de
1359 2794 1432 2828 fuga,
1453 2801 1479 2828 p.
1493 2793 1563 2829 7256.
1581 2794 1614 2822 Et
1631 2795 1656 2822 in
1672 2793 1760 2829 Epit.

964 2833 1103 2869 encyclic.,
1114 2832 1192 2868 p.91.
1208 2830 1273 2859 Vide
1287 2831 1315 2858 iu
1331 2830 1470 2856 Athanasii
1489 2828 1549 2856 Vim
1561 2837 1654 2857 suora.

1569 2910 1610 2940 25
