2007 3044
265 146 313 174 771

542 146 571 176 Β.
591 147 774 178 ATHANASII
793 149 869 180 OPP.
889 150 981 180 PARS
1000 151 1019 180 l.
1042 167 1076 172 —
1095 152 1281 182 HISTORICA
1302 153 1347 182 ΕΤ
1366 153 1577 185 DOGMATICA.

1834 159 1892 187 772

265 203 452 236 lsratissimus,
470 203 583 239 ejusque
596 205 794 241 conjurationis
817 208 907 236 socius
933 208 1029 244 Steph:

1079 224 1086 241 λ
1099 218 1145 237 του
1162 211 1320 248 συνωμότης
1334 212 1478 247 Στέφανος,
1491 213 1601 246 ειδότες,
1616 214 1669 246 δτι,
1684 215 1735 242 κᾶν
1746 215 1892 245 ἀδικῶσιν

265 257 326 281 nus,
343 250 418 284 gnari
439 256 478 282 se,
491 252 665 283 quantumvis
679 251 793 285 injurias
815 252 946 287 inferant,
963 255 1049 282 bare-

266 296 316 322 sim
341 303 448 330 semper
468 303 516 331 pro
541 296 698 326 defensione
723 306 772 326 sua
799 299 957 333 habituros;
987 309 1048 329 cum

266 341 451 376 presbyterum
478 350 530 369 non
546 342 596 369 sibi
613 344 807 379 obsequentem
833 345 860 373 in
886 346 970 373 Barca
989 355 1049 375 cer-

265 389 371 417 nerent,
387 385 543 413 Secundum
558 388 667 416 nomine
680 409 688 421 ,
700 389 825 424 gentilem
840 391 948 425 quidem
962 391 1049 420 hisre-

266 431 321 464 tici,
340 432 386 461 sed
405 439 459 460 non
477 433 598 467 ejusdem
617 434 678 462 iidei
691 455 699 467 ,
719 435 886 464 calcitrando
899 437 985 464 virum
998 445 1047 466 oc-

264 476 396 505 ciderunt.
413 478 457 506 Ille
470 486 534 506 vero
548 479 610 506 dum
624 486 778 513 necaretur,
792 487 914 510 sanctum
928 483 1047 512 imitatus

262 523 370 550 aiebat:
384 523 468 551 Nemo
482 532 524 551 me
538 526 608 559 apud
627 525 735 561 indices
753 527 911 562 ulciscatur,
930 530 1045 557 ultorem

262 568 348 596 babeo
363 568 504 596 Dominum
519 589 526 601 .
540 570 619 604 cujus
643 578 725 598 causa
753 572 811 601 huc
827 575 862 601 ab
876 574 928 602 illis
945 575 1044 610 patior.

259 614 295 641 At
308 614 346 642 illi
372 622 459 650 neque
486 615 542 643 haec
559 617 694 644 dicentem
713 619 834 648 miserati
851 626 913 648 sunt
928 640 937 654 ,
957 629 1044 657 neque

259 659 341 687 ullam
353 667 446 688 eorum
459 660 564 688 dierutn
579 663 761 690 reverentiam
773 665 937 698 habuerunt,
947 667 974 694 in
987 668 1043 702 ipsa

258 706 356 742 quippe
382 706 592 742 Quadragesima
616 708 754 738 hominem
772 711 940 740 calcitrando
955 713 1044 741 inter-

260 754 391 782 fecerunt.
450 754 454 757 ”

290 800 333 828 66.
358 800 381 829 Ο
395 808 490 829 novam
507 802 632 830 haeresim
651 810 712 838 quae
738 803 877 838 impietate
901 809 929 833 et
956 805 1041 840 gestis

255 847 312 874 suis
331 851 415 875 totum
441 847 528 876 induit
555 848 717 876 diabolum!
745 857 807 876 nam
830 858 902 878 nunc
923 852 1040 886 primum

1102 255 1192 290 ἔχουσι
1210 257 1278 292 πρὸς
1294 257 1442 292 ἀπολογίαν
1464 259 1513 295 τὴν
1529 260 1644 295 αἵρεσιν·
1664 260 1758 298 ἐπειδὴ
1772 262 1810 300 μὴ
1827 272 1891 290 πει-

1102 300 1213 337 θόμενον
1227 303 1318 335 αὐτοῖς
1326 305 1355 330 ὲν
1368 303 1462 341 Βάρκῃ
1477 305 1660 341 πρεσϐύτερον
1674 307 1822 344 ἑωράκασι·
1840 309 1892 337 Σε-

1101 347 1210 381 κοῦνδος
1228 349 1256 376 δὲ
1278 350 1411 383 ἐκαλεῖτο,
1426 351 1570 388 ὁμώνυμος
1588 353 1647 388 μὲν,
1669 354 1718 390 οὐχ
1740 356 1889 390 ὁμόπιστος

1099 393 1127 420 δὲ
1144 394 1183 430 τῷ
1197 395 1336 431 αἱρετικῷ·
1353 396 1515 424 ἀπέκτειναν
1530 398 1711 434 λακτίσμασιν
1727 400 1817 428 αὐτόν.
1831 402 1888 428 Καὶ

1099 439 1113 465 ὸ
1127 440 1175 474 μὲν
1193 441 1388 477 ἀναιρούμενος
1413 443 1539 478 ἐμιμεῖτο
1551 444 1597 471 τὸν
1613 445 1700 479 ἅγιον,
1713 446 1810 481 λέγων·
1824 448 1888 483 Μη-

1098 485 1152 518 δείς
1170 495 1203 522 με
1219 488 1293 524 παρὰ
1300 488 1440 521 δικασταῖς
1455 489 1606 518 ὲκδικείτιιν
1624 490 1678 527 ἔχω
1690 492 1735 519 τὸν
1748 493 1887 520 ἐκδικοῦν-

1097 531 1132 558 τά
1149 540 1182 567 με
1197 533 1297 569 Κύριον
1309 534 1377 569 (39),
1396 535 1469 562 δι’ὂν
1485 536 1532 563 καὶ
1555 536 1641 564 ταῦτα
1653 538 1749 573 πάσχω
1758 540 1823 575 παρ’
1835 539 1887 566 αὐ-

1097 578 1160 605 τῶν.
1178 580 1210 605 οἱ
1236 579 1264 606 δὲ
1287 579 1348 607 οὔτε
1371 580 1484 616 λέγοντα
1503 582 1609 618 ἠλέουν,
1633 583 1694 611 οὔτε
1710 584 1759 617 τὰς
1776 585 1887 622 ἡμέρας

1096 625 1289 654 ὲδυσωποῦντο’
1307 628 1336 654 ἐν
1359 628 1427 664 αὐτῇ
1450 629 1503 665 γὰρ
1516 631 1547 666 τῇ
1565 631 1774 667 Τεσσαρακοστῇ
1791 632 1886 659 λακτί-

1096 671 1187 704 ζοντες
1203 672 1365 701 ἀπέκτειναν
1380 674 1425 701 τὸν
1441 675 1593 711 ἄνθρωπον.

1127 803 1172 830 66.
1190 804 1222 830 ’Ὠ
1230 804 1326 840 καινῆς
1342 805 1482 841 αἱρέσεως,
1495 806 1554 833 ὄλον
1572 807 1754 843 ἑνδυσαμένης
1768 809 1812 835 τὸν
1823 809 1884 837 διά-

1092 848 1168 876 ϐολον
1183 850 1212 876 ἐν
1227 850 1339 886 ἀσεϐείᾳ.
1354 852 1400 878 καὶ
1415 851 1529 887 πράξειε
1548 853 1611 888 ἄρτι
1635 853 1690 889 γὰρ
1707 854 1815 890 πρῶτον
1831 857 1883 882 ἑπ-

255 891 319 920 illud
346 893 408 920 mali
432 894 613 929 excogitatum
639 899 682 922 est
698 904 705 922 :
724 896 796 930 quod
812 896 834 923 si
849 896 894 932 qui
920 898 1029 924 antehat

1091 896 1187 931 ενοήθη
1201 896 1279 924 τοῦτο
1293 897 1324 923 τὸ
1337 897 1431 924 κακόν.
1459 899 1488 924 El
1503 898 1531 924 δὲ
1548 899 1594 925 καί
1608 907 1680 931 τινες
1691 899 1799 928 ἐδόκουν
1813 903 1882 929 ποτὲ

253 945 314 965 eam
343 944 432 966 mente
457 940 615 975 concepisse
630 940 798 973 viderentur,
821 946 849 968 at
874 943 1036 970 sententiam

254 983 291 1010 illi
315 992 391 1012 suam
407 985 588 1013 occultabant.
611 986 742 1015 Eusebius
766 992 859 1015 autem
883 992 911 1016 et
933 988 1013 1015 Arius
1027 1008 1036 1021 ,

253 1029 333 1057 veluti
349 1038 487 1066 serpentes
497 1040 512 1059 e
523 1033 647 1061 cavernis
660 1035 774 1067 egressi,
794 1034 869 1062 virus
887 1035 1038 1070 impietatis

253 1076 363 1112 hujusce
374 1085 518 1106 evomuere
533 1088 541 1106 :
554 1079 634 1108 Arius
647 1085 740 1115 aperte
760 1080 964 1116 blasphemandi
982 1089 1036 1108 au-

250 1122 355 1150 daciam
381 1124 521 1159 suscepit,
537 1125 667 1154 Eusebius
696 1126 809 1154 haeresis
833 1127 1034 1162 patrocinium;

249 1170 296 1198 sed
314 1177 365 1197 nan
380 1174 443 1199 ante
455 1170 539 1199 valuit
554 1172 650 1200 haeresi
672 1172 839 1206 pstrocinari
853 1192 861 1205 ,
876 1180 956 1207 quam
971 1193 979 1206 ,
996 1173 1034 1201 uti

250 1224 331 1251 supra
350 1216 417 1250 dixi,
440 1217 631 1251 imperatorem
649 1222 792 1251 patronum
807 1218 866 1253 ejus
879 1223 975 1246 nactus
987 1219 1032 1246 sit.

250 1262 344 1290 Patres
359 1263 449 1297 itaque
461 1262 559 1296 (nostri
586 1263 781 1290 meumenicam
811 1263 943 1299 synodum
959 1264 1033 1292 cele-

248 1308 360 1335 brarunt
373 1328 380 1339 ,
395 1307 475 1343 303
491 1307 635 1342 coactique
658 1307 719 1343 plus
736 1309 826 1336 minus
846 1310 960 1337 trecenti
981 1318 1032 1338 nu-

247 1363 332 1389 mero,
355 1356 485 1382 Arianam
499 1355 662 1382 damnarunt
683 1355 826 1388 haeresim,
844 1356 1031 1384 declararunt-

246 1409 298 1437 que
323 1401 491 1437 peregrinam
506 1405 534 1428 et
548 1401 663 1428 alienam
678 1408 738 1428 eam
754 1409 816 1429 esse
844 1402 878 1430 ab
898 1403 1030 1431 ecclesia-

245 1449 311 1476 stica
333 1448 395 1476 ﬁde.
413 1446 522 1474 Patroni
541 1452 631 1474 autem
645 1446 717 1474 illius
731 1454 792 1474 cum
807 1454 867 1475 sese
882 1449 1028 1483 conspice-

245 1498 305 1521 rent
332 1493 361 1521 in
395 1501 492 1528 magna
520 1493 687 1528 turpitudine
717 1493 842 1526 versari,
870 1493 1028 1529 nullumque

243 1543 398 1575 suppeteret
429 1539 577 1574 legitimum
608 1544 819 1574 argumentum,
849 1538 929 1567 aliam
954 1539 1026 1567 viam

242 1586 432 1621 excogitarunt
441 1604 449 1617 ,
462 1592 494 1612 ac
505 1592 553 1620 per
566 1588 710 1612 externam
728 1584 920 1612 auctoritatem
940 1585 1026 1613 haere-

242 1632 292 1659 sim
307 1631 443 1658 vindicare
454 1631 545 1659 conati
567 1636 640 1658 sunt.
658 1630 715 1664 Qua
730 1630 756 1657 in
772 1637 802 1657 re
819 1631 905 1666 magis
924 1631 1026 1667 magis-

241 1685 294 1711 que
319 1676 454 1704 admirere
477 1683 570 1704 eorum
593 1676 723 1712 propositi
750 1675 921 1704 insolentiam
945 1677 1025 1705 mali-

242 1722 371 1756 tiamque,
386 1726 413 1749 et
429 1726 594 1756 quantopere
607 1721 645 1748 illi
660 1720 729 1748 alias
752 1726 880 1756 superent
895 1722 1024 1750 hereses.

239 1767 361 1794 Aliarum
377 1768 475 1802 quippe
489 1767 622 1794 haeresum
639 1773 805 1801 commenta,
817 1775 966 1803 earumque
980 1768 1023 1795 ln-

239 1813 314 1840 sauia
333 1813 359 1840 in
374 1813 521 1841 calliditate
533 1813 678 1841 verborum
692 1813 744 1841 sita
758 1818 818 1847 est.
834 1813 868 1841 ad
880 1814 1024 1849 simplicio-

239 1867 282 1887 res
295 1859 476 1894 decipiendos.
502 1859 536 1886 Et
556 1859 646 1887 Graeci
668 1860 798 1895 quidem,
813 1864 841 1888 ut
856 1860 895 1888 ait
907 1860 1024 1895 Aposto-

238 1904 279 1932 lus
289 1905 322 1937 ³⁸,
337 1905 518 1939 sublimitate,
533 1910 560 1933 et
570 1905 682 1932 suadela
696 1906 851 1938 verborum,
868 1906 1022 1940 sophisma-

238 1949 363 1982 tibusque
378 1949 576 1976 verosimilibus
588 1949 702 1976 suadere
721 1953 818 1977 curant
831 1959 839 1978 :
855 1949 940 1978 Judtei
956 1957 1021 1978 vero

236 1993 355 2021 dimissis
380 1994 476 2021 divinis
501 1994 670 2028 Scripturis,
694 1995 792 2029 fabulis
808 1999 834 2023 et
853 1996 1015 2032 genealogiis

235 2038 411 2066 intaminatis
434 2039 599 2068 contendunt
616 2039 659 2067 ’τι
675 2038 816 2067 Manichati
846 2045 874 2067 et
897 2040 1020 2068 Valenti-

235 2085 321 2117 niani,
338 2084 437 2119 aliique
451 2091 512 2111 cum
533 2084 586 2112 illis
605 2084 711 2112 divinas
727 2085 885 2120 Scripturas
909 2087 1018 2115 adulte-

234 2134 346 2163 rantes,
373 2129 429 2157 suis
455 2129 579 2157 conllctis
607 2130 883 2159 sermocinationibus
910 2130 1018 2161 fabulas

233 2181 344 2204 narrant
358 2185 366 2204 :
382 2176 475 2204 Ariani
493 2183 558 2204 vero
572 2175 632 2204 aliis
647 2176 772 2204 omnibus
791 2177 941 2205 haresihus
952 2182 1016 2205 sunt

231 2223 398 2255 audaciores,
425 2229 526 2257 easque
545 2222 665 2249 minores
689 2228 753 2249 suas
774 2229 835 2250 esse
850 2229 958 2251 sorores
969 2223 1017 2251 de-

231 2269 354 2301 clarant,
378 2268 532 2303 majoreque
547 2276 628 2302 quam
655 2267 707 2295 illa:
730 2274 793 2295 sunt
809 2268 960 2302 impietate,
975 2270 1015 2296 uti

229 2323 310 2349 supra
335 2315 434 2343 dictum
463 2320 505 2342 est
523 2323 531 2342 :
548 2315 740 2349 omniumque,
759 2315 784 2342 in
802 2314 897 2349 primis
922 2321 1015 2343 tamen

228 2359 393 2393 Judaaorum,
414 2361 544 2388 malitiam
560 2360 730 2388 emulantur.
750 2360 782 2388 Ut
800 2361 872 2388 enim
891 2360 929 2388 illi
942 2361 1014 2387 Pau-

228 2407 282 2435 lum
306 2407 471 2442 objectorum
500 2406 644 2434 criminum
670 2414 744 2434 reum
774 2408 935 2435 convincere
959 2416 1011 2437 non

225 2454 357 2485 valentes,
371 2461 431 2480 eum
447 2453 577 2481 continuo
596 2453 629 2479 ad
643 2454 785 2481 tribunum
811 2459 839 2481 et
865 2454 898 2481 ad
915 2455 1011 2489 prasi-

225 2500 286 2528 dem
301 2500 438 2527 adduxere
455 2509 462 2527 :
477 2499 516 2527 sic
526 2503 554 2526 et
567 2499 610 2527 isti
628 2499 703 2535 plura
725 2508 808 2535 quam
832 2499 870 2527 illi
898 2501 1013 2535 excogi-

226 2551 324 2579 tantes,
341 2546 397 2574 sola
421 2546 542 2581 iudicum
562 2551 698 2580 potestate
711 2551 775 2574 sunt
790 2546 832 2574 usi
848 2555 856 2574 :
871 2554 903 2574 ac
919 2548 1011 2574 statim

224 2598 305 2628 atque
316 2592 450 2628 quispiam
470 2593 688 2624 contradixerit.
705 2593 729 2621 is
751 2596 874 2621 raptatus
890 2593 922 2620 ad
939 2601 1010 2628 prat-

223 2639 308 2667 sldem
325 2639 478 2671 adducitur,
500 2639 541 2666 vel
556 2639 590 2666 ad
606 2639 716 2668 ducent.

257 2754 280 2769 ⁸⁸
295 2754 302 2780 l
318 2754 381 2781 Cor.
393 2762 423 2785 tt.
436 2754 462 2781 4.
503 2753 524 2768 ³¹
539 2753 545 2779 Ι
562 2753 631 2779 Tun.
647 2761 667 2786 ι,
683 2754 708 2780 4.

269 2847 314 2882 39)
329 2846 375 2882 §ic
383 2845 463 2881 θος..
477 2853 510 2880 με
522 2845 597 2882 deest
608 2846 638 2882 in
646 2845 735 2882 editis.

268 2880 311 2919 eo)
328 2881 408 2916 Editi,
427 2880 600 2917 τριακοσίων,
623 2880 689 2916 Reg.
708 2881 755 2914 sic,
771 2890 795 2914 τ,
813 2882 838 2910 id
853 2885 905 2916 est,
903 2889 998 2922 ἔρια·
1036 2908 1040 2910 _

1089 942 1154 977 περὶ
1169 942 1254 978 αὐτῆς
1270 941 1434 977 λογίζεσθαι,
1448 943 1504 970 ἀλλ’
1519 944 1653 980 ἔκρυπτον
1672 946 1719 972 καὶ
1735 946 1881 975 ἐλάνθανον

1087 987 1173 1014 ταῦτα
1185 988 1355 1023 φρονοῦντες.
1371 989 1500 1021 Εὐσέϐιος
1516 990 1544 1017 δὲ
1558 991 1604 1017 καὶ
1617 992 1734 1027 Ἄρειος,
1749 993 1787 1024 ὡς
1801 993 1881 1028 ὃφεις

1087 1032 1240 1065 ἐξελθόντες
1251 1033 1305 1061 ἀπὸ
1318 1034 1432 1069 φωλεοῦ,
1448 1036 1493 1062 τὸν
1514 1036 1554 1063 ἰὸν
1567 1037 1614 1072 τῆς
1627 1037 1755 1070 ἀσεϐείας
1775 1039 1880 1075 ταύτης

1086 1078 1230 1114 ὲξήμεσαν·
1247 1080 1293 1106 καὶ
1311 1081 1326 1107 ὁ
1340 1081 1388 1116 μὲν
1403 1082 1511 1117 Ἄρειος
1525 1082 1573 1118 τὴν
1589 1082 1636 1110 τοῦ
1654 1083 1821 1120 βλασφημεῖν
1843 1087 1879 1113 ὲκ

1085 1125 1202 1161 φανεροῦ
1218 1126 1320 1162 τόλμην
1334 1127 1483 1161 ἀνεδέξατοο
1501 1128 1515 1154 ό
1529 1128 1557 1155 δὲ
1569 1129 1699 1162 Εὐσέϐιος
1712 1131 1761 1166 τὴν
1772 1132 1878 1168 ταύτης

1084 1170 1264 1205 προστασίανί
1281 1171 1338 1198 ἀλλ’
1357 1172 1387 1198 οὐ
1408 1172 1539 1208 πρότερον
1557 1173 1650 1209 ἴσχυσε
1661 1175 1813 1211 προστῆναι
1823 1177 1875 1212 τῆς

1083 1216 1258 1251 αἰρέσεως,εί
1272 1217 1319 1253 μὴ,
1337 1217 1409 1244 καθὰ
1432 1221 1571 1254 προεῖπον,
1589 1220 1702 1255 βασιλέα
1727 1219 1789 1258 εὗρε
1805 1232 1875 1260 προ-

1083 1262 1184 1297 στάτην
1194 1262 1304 1297 ταύτης.
1314 1263 1345 1289 Oi
1353 1263 1402 1298 μὲν
1411 1261 1457 1290 οὖν
1466 1264 1585 1301 Πατέρες
1594 1266 1673 1301 ἡμῶν
1683 1268 1875 1305 οὶκουμενικὴν

1083 1306 1191 1333 σύνοδον
1216 1309 1392 1344 πεποιήκασι,
1418 1310 1464 1337 καὶ
1490 1311 1640 1346 τριακόσιοι
1662 1312 1718 1348 (40)
1742 1315 1832 1342 πλεῖον
1853 1316 1871 1350 ἢ

1081 1352 1191 1380 ἔλαττον
1204 1354 1376 1387 συνελθόντες
1395 1355 1559 1392 κατέκριναν
1572 1358 1621 1392 τὴν
1639 1359 1779 1395 ’Δρειανὴν
1796 1362 1872 1397 αἶρε-

1082 1406 1134 1430 σιν,
1152 1399 1199 1426 καὶ
1229 1399 1401 1435 ἀπεφήναντο
1418 1401 1518 1434 πάντες
1543 1403 1687 1440 ἀλλοτρίαν
1714 1406 1799 1442 αὐτὴν
1822 1408 1872 1435 καὶ

1080 1443 1161 1479 ξένην
1185 1444 1236 1480 τῆς
1261 1445 1493 1483 ὲκκλησιαστικῆς
1520 1449 1639 1482 πίστεως
1665 1448 1746 1479 εἶναι.
1776 1454 1807 1480 οἱ
1840 1454 1871 1481 δὲ

1079 1491 1230 1525 προστάται
1244 1492 1357 1528 ταύτης,
1378 1493 1498 1529 ὁρῶντες
1508 1495 1622 1528 ἑαυτοὺς
1633 1497 1724 1525 λοιπὸν
1741 1499 1870 1535 ἀσχημο-

1078 1536 1200 1570 νοῦντας,
1217 1538 1265 1565 καὶ
1277 1539 1359 1574 μηδὲν
1372 1539 1484 1575 εὔλογον
1504 1541 1624 1577 ἔχοντας,
1649 1544 1731 1580 ἄλλην
1747 1546 1805 1574 ὁδὸν
1821 1548 1871 1574 tuo

1039 1570 1062 1601 (ἶ
1077 1582 1201 1619 ενόησαν,
1216 1584 1263 1611 καὶ
1343 1586 1398 1621 (Η)
1423 1570 1473 1622 της
1493 1570 1593 1620 saltem
1605 1570 1734 1623 ’ἑξόυσιέξ

1076 1629 1180 1665 ταύτην
1201 1631 1392 1668 ἐπεχείρησαν.
1421 1634 1480 1669 Ἐφ’
1493 1631 1516 1669 ᾧ
1535 1636 1636 1670 μᾶλλον
1663 1638 1696 1665 ἄν
1716 1648 1760 1671 τις
1775 1641 1868 1668 αὐτῶν

1077 1675 1227 1711 θαυμάσειε
1239 1678 1366 1706 τὸκαινὺν
1377 1680 1423 1707 καὶ
1436 1681 1553 1717 πονηρὸν
1566 1683 1744 1720 ἐπιτήδευμα,
1753 1686 1869 1720 καὶπῶς

1076 1721 1275 1758 ὑπερϐάλλουσι
1288 1724 1337 1756 τὰς
1349 1725 1432 1758 ἄλλας
1442 1726 1571 1762 αἱρέσεις.
1586 1727 1646 1755 Τῶν
1659 1730 1769 1766 μὲνγὰρ
1777 1731 1866 1765 ἄλλων

1074 1767 1206 1812 αίρέσεων
1233 1768 1267 1796 τὰ
1296 1770 1475 1807 ἐφευρήματα
1497 1772 1527 1799 ἐν
1551 1772 1709 1811 πιθανότητι
1734 1777 1866 1812 ῥημάτων

1074 1811 1140 1847 εχει·
1155 1813 1204 1850 τὴν
1224 1815 1322 1850 μανίαν
1347 1817 1416 1852 πρὸς
1437 1817 1545 1855 ἀπάτην
1566 1819 1620 1847 τῶν
1638 1811 1783 1857 ἀκεραίων.
1807 1823 1865 1852 Καὶ

1075 1860 1205 1908 Ἕλληνες
1230 1864 1289 1898 μὲν,
1312 1864 1350 1897 ὡς
1365 1862 1441 1892 εἶπεν
1460 1867 1475 1893 ὁ
1501 1867 1671 1902 Ἃπόστολος,
1692 1870 1722 1897 ὲν
1740 1871 1863 1908 ὑπεροχῇ

1073 1907 1120 1934 καὶ
1139 1909 1229 1936 πειθοῖ
1244 1909 1330 1944 λόγων
1345 1911 1391 1938 καὶ
1408 1912 1558 1949 σοφίσμασι
1570 1915 1695 1948 πιθανοῖς
1707 1907 1863 1957 ἑπιχειροῦξ

1073 1960 1128 1980 σις’
1141 1954 1261 1982 Ἰουδαῖοι
1273 1955 1309 1986 δὲ.
1333 1957 1447 1992 ἀφέντες
1460 1959 1509 1992 τὰς
1525 1959 1598 1993 θείας
1614 1961 1733 1998 Γραφὰς,
1756 1954 1860 1998 λοιπὺν,

1071 1999 1110 2045 ᾡς
1122 1998 1199 2045 εἴπεν
1207 2001 1223 2027 ό
1240 2001 1410 2036 ’Δπόστολος,
1423 2004 1457 2032 ἐν
1470 2006 1577 2040 μύθοις
1590 2007 1638 2034 καί
1656 2010 1861 2045 γενεαλογίαις

1071 2044 1249 2091 ἀπεράντως
1275 2047 1368 2082 ἔχουσι
1392 2050 1442 2086 τὴν
1471 2051 1539 2087 {per
1569 2053 1714 2088 Μανιχαῖοι
1742 2055 1797 2091 γάρ
1811 2056 1859 2084 καὶ

1071 2090 1240 2118 ούαλεντϊνοι
1253 2092 1302 2120 σὺν
1315 2094 1415 2128 αὐτοῖς,
1437 2097 1483 2123 καὶ
1495 2097 1579 2130 ἄλλοι,
1595 2090 1794 2135 καπηλεύοντες
1806 2101 1858 2134 τὰς

1070 2135 1145 2183 θείας
1165 2136 1286 2173 Γραφὰς.
1310 2142 1366 2173 τοῖς
1387 2141 1490 2169 ἑαυτῶν
1512 2144 1688 2178 ἐπιπλάστοις
1700 2146 1789 2181 λόγοις
1803 2156 1857 2183 μυ-

1069 2181 1235 2229 θολογοῦσιν·
1250 2186 1275 2212 oi
1288 2185 1317 2213 δὲ
1339 2187 1472 2224 Ἀρειανοὶ
1487 2190 1541 2217 τῶν
1554 2191 1603 2226 μὲν
1622 2192 1710 2219 ἄλλων
1723 2181 1857 2229 αἱρέσεών

1069 2228 1343 2276 εισιᾲτολμηρότεροι,
1370 2234 1417 2261 καὶ
1439 2236 1602 2272 μικροτέρας
1619 2238 1723 2266 ἑαυτῶν
1738 2228 1857 2276 ἀδελφὰς

1067 2273 1211 2323 ἀπέδειξαν
1225 2277 1341 2311 ὲκείνας,
1359 2279 1439 2306 πλέον
1450 2281 1538 2309 αὐτῶν
1552 2273 1855 2323 ἀσεϐοῦντες,καθάπερ

1067 2320 1184 2356 εἴρηται,
1200 2323 1247 2350 καὶ
1258 2324 1372 2358 πάντας,
1391 2327 1507 2362 μάλιστα
1518 2327 1546 2355 δὲ
1555 2330 1618 2362 τοὺς
1637 2330 1788 2364 Ἰουδαίους,
1803 2320 1854 2369 ζηλ

1066 2368 1201 2419 libeat—vss?
1213 2371 1243 2398 ἐν
1255 2373 1381 2419 πονηρίᾳ.
1404 2373 1448 2406 Ὦς
1461 2375 1515 2419 γαρ
1531 2377 1639 2410 ἐκεῖνοι,
1659 2378 1696 2419 μῂ
1710 2368 1853 2415 δυνάμενοι

1064 2413 1111 2440 τὸν
1129 2415 1233 2442 Παῦλον
1253 2416 1360 2451 ὲλέγξαι
1383 2419 1446 2455 περὶ
1469 2416 1507 2448 ὧν
1531 2413 1754 2458 ἐπροφασίζοντο,
1771 2413 1853 2458 εὐθὺς

1063 2458 1166 2506 ἧχαγον
1182 2461 1272 2506 *αὐτὸν
1289 2463 1356 2498 πρὸς
1374 2464 1420 2491 τὸν
1436 2465 1574 2503 χιλίαρχον
1597 2468 1644 2496 καὶ
1658 2469 1704 2496 τὸν
1716 2469 1852 2506 ἡγεμόνα·

1063 2503 1148 2537 οὕτως
1166 2503 1249 2539 οὗτοι,
1261 2507 1308 2534 καὶ
1323 2508 1403 2536 πλέον
1426 2511 1537 2539 ἐκείνων
1557 2503 1783 2551 ἐπινοοῦντες,
1805 2515 1851 2549 ἑξ-

1061 2549 1140 2586 ουσίςι
1159 2551 1226 2588 μόνῃ
1252 2553 1307 2580 τῶν
1321 2554 1456 2583 δικαστῶν
1472 2557 1629 2594 κέχρηνται·
1648 2560 1695 2587 καὶ
1711 2549 1789 2595 μόνον
1808 2570 1852 2594 τις

1060 2595 1151 2628 αὐτοῖς
1165 2597 1336 2642 ἀντείρηκεν,
1353 2600 1461 2629 ἕλκεται
1486 2604 1553 2639 πρὸς
1571 2605 1616 2631 τὸν
1629 2606 1761 2641 ἡγεμόνα,
1775 2607 1792 2642 ἢ
1804 2607 1851 2635 τὸν

1061 2640 1257 2678 στρατηλάτην,

1053 2846 1140 2885 κόσιοι
1156 2857 1173 2885 :_
1185 2854 1248 2885 nam
1267 2847 1460 2885 nominativum
1474 2855 1566 2877 casum
1587 2850 1705 2885 postulat
1715 2853 1810 2880 series.

1089 2882 1146 2918 (41)
1166 2883 1193 2910 In
1207 2882 1272 2912 Rea.
1287 2883 1334 2910 καί
1345 2884 1429 2912 deest.
