2007 3044
126 173 179 204 775

615 171 778 214 HISTORIA
797 170 1005 200 ARIANORUM
1020 171 1065 198 AD
1084 170 1280 200 MONACHOS.

1692 171 1747 201 774

159 231 203 259 67.
222 230 278 258 Καὶ
290 231 317 256 αἱ
342 230 391 266 μὲν
408 230 485 257 ἄλλαι
506 230 641 266 αἱρέσεις,
662 229 838 266 δλιγχόμεναι
854 230 914 261 ταῖς

1001 228 1045 256 67.
1067 229 1100 256 Et
1110 229 1169 256 alia:
1181 229 1288 264 quidem
1304 229 1419 257 haereses
1435 228 1497 257 dum
1516 236 1575 257 sese
1591 229 1682 258 vident
1697 231 1745 258 de-

124 276 289 309 ἀποδὲίξεσιν
303 277 347 304 ὑπ’
360 276 446 312 αὐτῆς
466 276 515 311 τῆς
533 276 661 311 ἀληθείας
685 275 758 312 (42),
781 276 914 307 σιωπῶσι,

126 323 208 358 μηδὲν
227 323 306 349 πλέον
322 322 338 358 ἢ
353 322 548 358 ὲντρεπόμεναι
563 323 619 354 τοῖς
630 322 751 357 ἐλέγχοις
763 331 769 337 ⁸
788 323 804 357 ὴ
819 322 847 349 δὲ
866 322 916 348 νέα

125 368 172 394 καὶ
188 367 295 404 μυσαρὰ
310 367 411 394 τούτων
425 367 540 403 αἵρεσις,
554 368 618 394 ὅταν
634 367 777 402 ἀνατραπῇ
797 367 853 399 τοῖς
870 367 915 393 λόσ

125 421 194 447 γοις,
209 414 272 440 ὅταν
285 414 331 440 ὑπ’
346 412 431 448 αὐτῆς
444 413 493 448 τῆς
506 413 634 449 ἀληθείας
643 412 817 448 αἰσχυνθεῖσα
834 412 913 449 πέσῃ,

126 458 218 485 λοιπὸν
236 459 282 490 οὓς
307 458 344 494 μὴ
365 458 505 494 δεδύνηται
528 460 618 485 πεῖσαι
632 458 738 492 λόγοις,
757 458 866 490 τούτους
881 459 914 494 τῇ

125 503 183 541 βίᾳ,
201 504 249 531 καὶ
262 504 388 538 πληγαῖς,
405 505 453 531 καὶ
462 504 659 540 δεσμωτηρίοις
669 503 758 530 ἕλκειν
772 504 914 539 ἐπιχειρεῖ,

126 550 294 587 γνωρίζουσα
308 552 407 587 ἑαυτὴν
419 551 465 578 καὶ
475 550 572 584 οὓτως,
583 550 620 583 ὠς
630 550 718 578 πάντα
729 550 827 586 μᾶλλόν
842 551 916 578 ἐστιν

127 597 144 632 ἢ
161 595 300 632 θεοσεϐὴς.
322 596 482 628 Θεοσεὸείας
503 597 552 631 μὲν
571 595 624 632 γὰρ
641 596 723 628 ῐδιον,
742 595 779 633 μὴ
795 595 916 630 ἀναγκά-

126 641 193 673 ζειν,
201 641 269 668 ἀλλὰ
277 641 390 673 πείθειν,
400 641 495 679 ὧσπερ
507 641 633 676 εἴπαμεν,
647 642 702 668 Καὶ
715 641 769 677 γὰρ
784 642 799 668 ό
815 641 917 677 Κύριος

127 687 208 719 αὐτὸς
235 687 265 713 οὺ
286 686 464 722 βιαζόμενος,
490 686 558 715 ἀλλὰ
588 688 621 722 τῇ
647 687 806 722 προαιρέσει
830 686 917 718 διδοὺς

126 733 202 767 ἔλεγε
217 733 284 759 πᾶσι
304 732 370 768 μέν·
386 733 422 762 El
444 741 488 766 τις
512 733 591 760 θέλει
612 733 708 759 ὀπίσω
730 741 791 767 μου
802 732 915 759 ἐλθεῖν·

126 779 181 809 τοῖς
197 777 225 804 δὲ
242 771 374 813 μαθηταῖς
384 786 391 793 ·
409 779 437 804 Μ
443 777 460 812 ὴ
481 777 530 804 καὶ
544 777 629 812 ὑμεῖς
645 777 746 805 θέλετε
759 777 917 809 ἀπελθεῒν;

126 821 200 857 Αὕτη
227 821 367 853 παντελῶς
389 821 515 858 ἀλλοτρία
540 822 589 857 τῆς
613 821 768 854 θεοσεὸείας
791 823 860 850 ἐστί.
885 821 917 848 Τί

127 869 213 895 ποιεῖν
232 868 314 903 αὐτὴν
337 869 419 903 ὲχρῆν
439 868 454 904 ἢ
479 868 608 895 τάναντία
634 868 689 903 (45)
712 869 759 895 τοῦ
782 869 918 907 Σωτῆρος,

126 913 164 945 ὡς
180 914 362 949 χριστομάχον
372 914 492 949 ἡγεμόνα
502 914 552 949 τῆς
563 914 689 946 ἀσεϐείας
697 914 919 950 ἐπιγραφομένην

126 960 325 992 Κωνστάντιον,
336 960 374 991 ὡς
389 960 470 986 αὐτὸν
484 960 529 986 τδν
552 961 751 996 “Αντίχριστον;
767 961 852 992 Αὐτὸς
866 961 919 996 γὰρ

126 1004 170 1031 δ.ὰ
187 1004 238 1040 τὴν
250 1005 356 1041 αἵρεσιν
375 1004 525 1031 ἐσπούδασε
542 1004 649 1040 πρῶτον
667 1005 715 1032 καὶ
732 1006 778 1031 τὸν
794 1006 879 1032 Σαοὺλ
890 1006 919 1031 ὲν

126 1049 247 1086 ὠμότητι
257 1050 375 1085 ζηλῶσαι
386 1059 393 1065 ·
410 1051 513 1082 ἐκεῖνος
527 1050 574 1085 μὲν
586 1050 650 1086 γὰρ,
664 1051 758 1086 ἐπειδὴ
769 1051 918 1078 δεδώκασιν

126 1096 150 1123 oi
170 1096 251 1132 ἱερεῖς
267 1095 437 1131 ἐπισιτισμὸν
462 1095 501 1131 τῷ
521 1095 602 1122 Δασὶδ
614 1115 620 1127 ,
635 1096 758 1128 κελεύει,
781 1097 829 1124 καὶ
842 1097 919 1124 ἀναι-

127 1140 237 1177 ροῦνται
256 1141 372 1174 πάντες,
393 1141 439 1168 τὸν
463 1140 579 1177 ἀριθμὸν
602 1141 679 1173 ὄντες
695 1142 847 1177 τριακόσιοι
870 1143 917 1169 καὶ

127 1187 207 1215 πέντε
222 1187 294 1223 (44)·
310 1185 387 1219 οὗτος
400 1188 428 1214 δὲ
439 1207 446 1219 ,
464 1186 558 1222 ἐπειδὴ
573 1187 623 1222 τὴν
636 1187 684 1222 μὲν
700 1187 804 1223 αἵρεσιν
820 1188 919 1219 πάντες

126 1232 271 1268 φεύγουσιν
281 1254 288 1266 ,
303 1234 320 1269 ή
334 1233 362 1260 δὲ
378 1233 535 1268 ὑγιαίνουσα
555 1233 646 1265 πίστις
664 1233 681 1269 ἡ
696 1234 735 1265 είς
751 1233 796 1260 τὺν
815 1233 918 1269 Κύριον

126 1278 303 1314 ὡμολογήθη,
332 1278 496 1314 τριακοσίων
524 1277 593 1305 ὅλων
625 1278 732 1305 σύνοδον
763 1279 918 1306 ἐπισκόπων

125 1323 247 1358 ἀναιρεῖ·
272 1322 319 1349 καὶ
344 1323 407 1354 τοὺς
431 1321 480 1357 μὲν
499 1322 666 1354 ἐπισκόπους
681 1321 779 1353 αὐτοὺς
793 1321 917 1357 ἐξορίζει,

126 1369 189 1401 τοὺς
205 1369 233 1396 δὲ
246 1369 327 1401 λαοὺς
352 1369 493 1405 ἐμποδίζει
520 1369 635 1405 μελετᾷν
648 1368 698 1405 τὴν
711 1368 852 1396 εὐσέϐειαν
871 1369 918 1396 καὶ

127 1413 254 1450 εὔχεσθαι
265 1414 304 1450 τῷ
316 1414 384 1450 Θεῷ,
397 1414 509 1441 κωλύων
521 1414 610 1441 αὐτῶν
617 1414 667 1446 τὰς
681 1413 849 1448 συναγωγάς.
863 1413 918 1440 Καὶ

126 1460 222 1497 ὥσπερ
236 1461 322 1488 Σαοὺλ
338 1460 492 1495 κατέσκαψε
506 1461 555 1496 τὴν
574 1460 671 1496 Νομσὰ
691 1460 750 1496 (ιὲ)
774 1459 824 1495 τὴν
843 1459 918 1486 πόλιν

125 1506 181 1534 τῶν
194 1507 298 1543 ἱερέων,
309 1506 395 1539 οὕτως
406 1503 484 1538 οὗτος
490 1507 536 1533 καὶ
553 1506 633 1534 πλέον
642 1506 673 1533 τὸ
685 1506 769 1533 κακὸν
782 1506 916 1540 αὐξάνων,

126 1552 177 1585 τὰς
195 1552 357 1588 Ἑκκλησίας
378 1554 435 1583 τοῖς
457 1552 586 1579 ἀσεϐοῦσι
605 1552 779 1588 παραδέδωκε
790 1560 797 1567 ·
819 1551 866 1579 καὶ
880 1551 917 1583 ὡς
930 1566 951 1596 c

126 1599 230 1630 ικεϊνος
243 1598 322 1633 Δωὴκ
337 1598 383 1624 τὸν
397 1597 556 1627 διαϐαλόντα
576 1598 761 1633 προτετίμηκε
779 1597 833 1624 τῶν
849 1597 916 1633 ἀλη-

967 274 1209 303 monstrationibus
1226 274 1261 301 ab
1282 275 1338 310 ipsa
1351 275 1465 303 veritate
1483 275 1632 308 convictas,
1648 275 1745 306 silent:

967 320 1027 349 ideo
1048 321 1152 349 scilicet
1175 321 1246 356 quod
1259 328 1320 349 sese
1333 321 1404 348 veris
1417 320 1584 355 argumentis
1596 320 1748 349 confutatas

968 368 1128 395 erubescant
1140 375 1148 394 :
1161 372 1190 395 at
1199 375 1267 395 nova
1282 372 1310 394 et
1320 367 1502 397 abominanda
1515 374 1608 396 eorum
1624 367 1746 400 haeresis.

968 412 1012 440 ubi
1032 413 1182 441 rationibus
1203 413 1368 446 confutatur,
1381 412 1427 440 ubi
1448 412 1481 439 ab
1498 412 1556 446 ipsa
1568 412 1682 440 veritate
1695 414 1749 440 sut-

967 457 1026 485 iusa
1041 457 1154 492 pudore.
1173 457 1330 491 collabitur;
1348 461 1402 484 tum
1418 464 1486 492 quos
1501 457 1592 484 verbis
1606 457 1698 491 nequit
1714 458 1749 486 ad

968 509 1044 529 suam
1060 502 1196 530 adducere
1212 503 1387 535 sententiam,
1413 503 1464 530 hos
1489 503 1524 535 vi,
1544 501 1593 531 hos
1617 502 1703 538 plagis
1722 507 1751 531 et

968 546 1122 576 carceribus
1134 547 1168 575 ad
1184 555 1213 575 se
1228 548 1338 575 trahere
1353 548 1449 575 nititur
1465 555 1472 574 :
1489 547 1681 585 propalamque
1706 548 1750 575 fa-

967 593 1005 620 cit
1029 600 1059 620 se
1080 592 1188 628 quidvis
1204 593 1295 628 potius
1317 600 1398 628 quam
1416 593 1569 628 religiosam
1585 600 1658 623 esse.
1675 593 1749 625 Reli-

968 639 1058 674 gionis
1071 639 1171 675 quippe
1185 639 1325 674 proprium
1352 643 1404 670 est.
1421 646 1474 668 non
1496 646 1603 676 cogere,
1620 641 1666 668 sed
1686 648 1751 676 ρει-ο

968 685 1093 718 suadere,
1117 685 1155 712 uti
1184 685 1312 714 diximus.
1329 684 1452 720 Namque
1475 685 1604 712 Dominus
1625 693 1679 713 non
1696 686 1751 714 vim

968 729 1099 765 inferens,
1116 731 1162 758 sed
1187 730 1318 766 cujusque
1339 731 1469 759 voluntati
1491 731 1645 761 facultatem
1670 731 1752 759 relin-

969 783 1054 810 quens
1069 795 1078 808 ,
1109 777 1146 803 ait
1168 777 1275 804 caeteris
1291 777 1397 812 quidem
1413 777 1538 805 omnibus
1554 779 1564 804 ι’
1578 776 1608 804 Si
1627 777 1685 812 quis
1697 777 1752 805 vult

969 826 1027 857 post
1042 830 1082 849 me
1096 823 1184 850 venire
1191 823 1225 856 ";
1236 823 1387 857 .discipulis
1406 830 1470 851 vero
1483 823 1540 851 suis
1554 833 1561 851 :
1578 823 1649 850 Num
1668 828 1693 850 et
1706 831 1751 851 eos

971 868 1042 895 abire
1066 867 1267 896 vultis"?ch
1292 875 1352 896 curn
1380 876 1396 896 a
1422 869 1466 904 pia
1493 869 1624 905 religione
1638 877 1751 904 prorsus

970 914 1024 941 sint
1040 914 1138 946 aliena,
1154 914 1218 948 quid
1244 922 1303 942 eam
1322 923 1402 949 agere
1422 923 1471 950 par
1494 915 1554 947 fuit,
1585 922 1666 950 quam
1691 923 1751 950 que

970 959 1103 987 Salvatori
1126 960 1315 992 adversantur,
1334 961 1434 996 quippe
1457 968 1518 996 quae
1537 961 1587 988 sibi
1614 961 1750 988 Constan-

971 1005 1036 1033 tium
1048 1005 1160 1033 Christo
1176 1006 1372 1039 adversarium,
1389 1006 1536 1041 impietatis
1551 1007 1649 1034 ducem
1665 1007 1751 1034 ascri-

969 1051 1062 1086 pserit,
1080 1051 1161 1079 veluti
1180 1052 1267 1087 ipsum
1282 1051 1500 1080 Antichristum?
1516 1051 1632 1080 Heresis
1649 1053 1750 1088 quippe

969 1097 1055 1132 gratia
1078 1097 1104 1124 id
1127 1098 1244 1131 primum
1269 1097 1375 1125 curavit
1394 1102 1424 1125 ut
1448 1098 1539 1125 Saulis
1561 1098 1750 1126 crudelitatem

968 1142 1218 1170 aemulareturﬁlle
1240 1150 1357 1178 namque
1385 1151 1446 1170 cum
1476 1144 1631 1172 sacerdotes
1655 1144 1749 1172 Davidi

970 1188 1097 1216 alimenta
1107 1189 1294 1223 praebuissent,
1302 1188 1385 1223 jussit
1395 1196 1488 1217 omnes
1497 1196 1608 1216 numero
1616 1193 1750 1217 trecentos

968 1239 995 1262 et
1010 1235 1130 1270 quinque
1152 1236 1309 1263 obtruncari
1318 1236 1340 1252 ⁵ο
1354 1244 1362 1262 :
1376 1235 1421 1263 hic
1441 1242 1514 1268 vero.
1540 1242 1600 1262 cum
1626 1235 1750 1263 haeresim

967 1286 1062 1308 omnes
1073 1280 1187 1315 fugiant,
1204 1288 1324 1316 sanaque
1339 1281 1366 1308 in
1388 1280 1530 1309 Dominum
1550 1280 1616 1309 ﬁdes
1630 1281 1750 1316 promul-

967 1329 1028 1359 gata
1045 1325 1091 1357 sit,
1113 1329 1297 1353 trecentorum
1320 1326 1454 1360 synodum
1477 1325 1664 1361 episcoporum
1689 1327 1744 1354 irri-

967 1374 1021 1398 tam
1044 1370 1129 1398 facit:
1146 1371 1274 1406 ipsosque
1299 1372 1440 1406 episcopos
1461 1371 1536 1406 pellit
1556 1371 1586 1399 in
1610 1372 1748 1406 exsilium,

968 1416 1080 1451 populos
1094 1423 1159 1444 vero
1172 1416 1281 1445 cohibet
1303 1424 1337 1445 ne
1356 1417 1450 1452 pietati
1466 1422 1573 1451 vacent,
1592 1426 1643 1446 neu
1663 1419 1750 1446 Deum

968 1466 1121 1496 precentur,
1153 1463 1335 1497 pmpeditque
1360 1471 1394 1490 ne
1424 1468 1572 1491 conventus
1596 1469 1687 1499 agant.
1711 1465 1750 1492 Ac

967 1507 1193 1542 quemadmodum
1228 1507 1292 1535 Saul
1316 1507 1435 1536 Nolibam
1461 1509 1630 1537 sacerdotum
1654 1510 1749 1538 urbem

967 1553 1067 1585 diruit,
1081 1552 1122 1580 sic
1133 1553 1185 1581 Iste
1202 1554 1286 1581 multo
1300 1554 1415 1588 graviori
1432 1554 1535 1583 scelere
1551 1555 1682 1583 ecclesias
1698 1556 1749 1583 ini-

969 1599 1020 1634 piis
1038 1599 1157 1626 tradidit.
1182 1598 1215 1626 Et
1238 1599 1308 1627 sicut
1325 1599 1369 1627 ille
1385 1600 1505 1636 Doegum
1523 1601 1749 1629 calumniatorem

934 900 956 928 Β

128 1643 183 1675 θῶς
199 1644 293 1680 ῑερέων
302 1663 309 1676 ,
324 1644 369 1670 τόν
384 1652 414 1670 τε
429 1643 509 1671 Δασὶδ
524 1643 619 1671 ἐδίωκε
637 1643 778 1679 προσέχων
798 1645 855 1676 τοῖς
872 1645 915 1671 Ζι-

967 1644 1039 1673 veris
1060 1644 1246 1673 sacerdotibus
1267 1645 1410 1679 antetulit,
1429 1647 1468 1674 sic
1486 1651 1513 1675 et
1528 1647 1579 1676 iste
1606 1648 1749 1676 hereticos

128 1688 234 1723 φαίοις·
250 1688 336 1720 οὕτως
357 1686 433 1720 οὗτος
451 1688 515 1720 τοὺς
533 1689 581 1724 μὲν
602 1689 756 1724 αίριτικοὺς
776 1690 915 1726 προκρίνει

966 1691 1075 1726 prafert
1091 1690 1143 1726 piis
1168 1691 1334 1724 hominibus,
1348 1698 1395 1720 eos
1409 1697 1498 1720 autem
1524 1693 1571 1728 qui
1594 1694 1629 1721 ab
1647 1694 1693 1722 illo
1706 1693 1748 1722 fu-

127 1733 183 1761 τῶν
197 1733 315 1761 εὐσεὸὦν
328 1754 336 1766 ,
355 1735 418 1766 τοὺς
436 1734 464 1761 δὲ
484 1734 634 1769 φεύγοντας
653 1734 734 1761 αὐτὸν
753 1734 794 1761 ιτι
814 1735 915 1768 διώκει,

967 1738 1053 1772 giunt,
1064 1737 1212 1765 etiamnum
1221 1737 1373 1772 insequitur
1384 1746 1391 1764 :
1405 1745 1551 1774 auremque
1557 1739 1750 1774 pmbeteunu-

127 1779 269 1815 προσέχων
281 1780 338 1811 τοῖς
354 1779 473 1811 θλαδίαις
490 1779 598 1812 ἑαυτοῦ,
613 1780 670 1811 τοῖς
686 1779 732 1806 καὶ
743 1779 915 1808 διαϐάλλουσι

966 1782 1026 1810 chis
1045 1782 1274 1811 calumniantibus
1294 1783 1467 1812 ortltodosos.
1484 1784 1539 1812 Nec
1565 1785 1682 1814 advertit
1697 1794 1748 1816 sua

127 1823 191 1854 τοὺς
201 1822 355 1858 όρθοδόξους
366 1831 373 1838 ·
389 1823 427 1859 μὴ
441 1823 570 1859 συνορῶν,
585 1823 623 1856 ὡς
637 1824 687 1850 ὃσα
695 1824 718 1851 δ’
733 1823 767 1852 ἂν
785 1824 856 1860 ὑπὲρ
868 1825 915 1860 τῆς

966 1828 1055 1855 omnia
1079 1836 1128 1862 pro
1151 1827 1250 1855 Ariana
1268 1828 1368 1856 haeresi
1390 1832 1466 1864 gesta
1487 1833 1571 1864 atque
1592 1830 1695 1865 scripta
1719 1831 1748 1858 in

127 1869 258 1905 αἱρέσεως
275 1869 329 1896 τῶν
351 1869 496 1904 Ἀρειανῶν
513 1870 620 1906 πράττῃ
635 1879 665 1897 τε
680 1871 727 1897 καὶ
739 1871 833 1907 γράφῃ
847 1871 913 1907 (66),

126 1914 213 1942 ταῦτα
226 1914 296 1942 κατὰ
309 1915 356 1942 τοῦ
368 1915 493 1951 Σωτῆρος
502 1915 558 1950 ἔχει
571 1916 620 1951 τὴν
639 1916 818 1952 ἐπιχείρησιν.

162 1959 206 1987 68.
226 1961 282 1996 οὐχ
291 1961 377 1993 οὕτως
392 1961 447 1997 (47)
468 1961 569 1997 Ἀχαάὃ
592 1962 662 1989 κατὰ
675 1962 730 1989 τῶν
751 1962 846 1998 ιερέων
867 1963 914 1990 τοῦ

123 2006 193 2034 ϐιοῦ
207 2006 327 2041 γέγονεν,
348 2007 385 2039 ὼς
403 2003 479 2039 οὗτος
496 2007 566 2035 κατὰ
581 2007 636 2035 τῶν
656 2008 812 2035 ἐπισκόπων
824 2010 915 2037 τετόλ-

127 2059 222 2087 μηκεν.
240 2052 327 2084 Ὅλως
338 2052 392 2087 γὰρ
407 2053 508 2084 ἐκεῖνος
526 2052 589 2085 καὶ,
606 2053 780 2088 φονευθέντος
796 2053 844 2082 τοῦ
858 2055 915 2081 Να-

124 2097 230 2129 ῦουθαὶ,
246 2098 393 2134 κατενύγη,
407 2098 454 2125 καὶ¹
469 2098 515 2126 τὸν
522 2097 614 2125 Ἠλίαν
628 2099 758 2134 ἑωρακὼς
772 2099 891 2136 ιφοὸήθη
903 2110 912 2120 ι

125 2139 203 2176 οὗτος
218 2143 247 2170 δὲ
266 2144 326 2170 οὐδὲ
357 2144 413 2179 (48)
432 2144 478 2172 τὸν
502 2143 660 2180 τηλικοῦτον
680 2146 772 2172 Ὀσιον
802 2146 910 2183 ᾐδέσθη.

123 2188 184 2215 οὐδὲ
202 2189 264 2219 τοὺς
289 2188 431 2220 τοσούτους
451 2189 613 2221 ἐπισκόπους
636 2189 775 2226 ὲξορίσας,
796 2191 912 2228 ὲνάρκη-

966 1871 1054 1907 ipsum
1067 1877 1172 1900 vertere
1184 1872 1361 1902 Salvatorem.

999 1960 1080 1997 304
1098 1960 1142 1989 68.
1163 1960 1202 1988 Ne
1226 1959 1319 1988 Achab
1339 1959 1448 1996 quidem
1470 1961 1497 1989 In
1517 1961 1673 1991 sacerdotes
1698 1961 1746 1990 Dei

966 2011 1020 2035 tam
1042 2007 1168 2035 immanis
1189 2007 1250 2039 fuit.
1265 2015 1346 2043 quam
1362 2008 1408 2036 hic
1421 2007 1449 2035 in
1473 2007 1689 2043 episcopost'tlle
1706 2008 1746 2036 si-

963 2053 1072 2087 quidem
1094 2053 1186 2080 occiso
1212 2052 1350 2085 Nabollio,
1369 2056 1547 2087 compunctus
1568 2056 1618 2086 est,
1636 2052 1747 2087 visoque

964 2096 1019 2124 Elia
1034 2097 1174 2132 pertimuit
1183 2097 1216 2124 δι.
1228 2097 1264 2125 At
1287 2098 1331 2125 hic
1357 2104 1445 2132 neque
1459 2101 1514 2124 tam
1527 2097 1655 2124 eximium
1669 2097 1746 2124 illum

963 2142 1076 2171 Hosium
1101 2143 1234 2171 reveritus
1254 2148 1305 2176 est,
1327 2151 1414 2179 neque
1441 2147 1480 2171 tot
1502 2143 1586 2179 pulsis
1613 2144 1746 2178 episcopis

963 2188 1138 2225 defatigatus,
1157 2193 1202 2216 aut
1215 2195 1392 2225 compunctus
1412 2194 1455 2217 est
1467 2198 1476 2218 :
1490 2191 1536 2218 sed
1552 2194 1580 2217 ut
1596 2189 1664 2217 alter
1675 2188 1746 2217 Pha-

126 2241 181 2265 σιν,
203 2233 220 2269 ἢ
239 2234 292 2260 κᾶν
307 2234 361 2269 (ιθ)
381 2234 532 2271 κατενύγη·
557 2235 613 2262 ἀλλ’
637 2235 675 2267 ὡς
700 2235 779 2268 ἄλλος
801 2237 910 2272 Φαραὼ,

966 2242 1020 2268 rao,
1036 2243 1090 2271 quo
1104 2237 1190 2271 magis
1205 2237 1342 2269 atteritur,
1359 2244 1393 2264 eo
1414 2235 1500 2270 magis
1518 2235 1678 2266 obduratur.
1690 2241 1738 2269 pe-

127 2279 225 2314 μᾶλλον
238 2280 451 2316 ὲπιτριὸόμενος,
465 2282 654 2317 σκληρύνιται,
669 2282 716 2310 καὶ
729 2282 836 2317 χείρονα
847 2283 913 2310 καθ-

123 2324 230 2362 ημιραν
245 2325 363 2353 ἐπενόει.
391 2327 446 2354 Καὶ
465 2327 537 2354 ἐστιν
562 2328 645 2360 αὐτοῦ
666 2328 746 2355 τοῦτο
762 2328 912 2364 παράδοξον

123 2369 174 2404 τῆς
195 2370 341 2406 πονηρίας’
362 2371 417 2398 τῶν
443 2372 497 2408 γὰρ
524 2372 680 2400 ἐπισχόντων
703 2372 910 2409 ἑξοριζομένων,

124 2415 263 2442 συνέσαινε
278 2417 325 2443 καὶ
337 2417 431 2450 ἄλλους
442 2418 518 2451 τινὰς
531 2419 564 2446 δι’
575 2419 735 2455 ἐγκλήματα
749 2419 830 2454 φόνου
844 2419 911 2455 (50),

123 2460 285 2496 ἢστάσεως,
313 2461 329 2497 ἢ
353 2463 471 2498 κλοπῆς,
493 2464 564 2492 κατά
588 2465 638 2500 τὴν
667 2463 714 2492 τοῦ
738 2464 911 2500 ἐγκλήματος

122 2506 261 2542 ποιότητα,
289 2507 437 2544 λαμϐάνειν
460 2509 508 2546 τὴν
533 2509 701 2546 καταδίκην·
726 2510 775 2542 καὶ
800 2510 911 2542 τούτους

960 2280 1074 2316 ioraquo
1094 2282 1204 2310 molitur
1226 2283 1253 2311 in
1274 2284 1333 2312 dies
1343 2284 1377 2310 δ’.
1393 2284 1429 2310 At
1457 2289 1521 2310 ecce
1542 2280 1740 2316 improbitatem

960 2327 1040 2362 plane
1071 2328 1327 2363 stupendam:dum
1356 2328 1476 2364 episcopi
1501 2327 1691 2362 ablegarentur
1714 2327 1740 2353 in

961 2373 1095 2407 exsilium,
1108 2375 1208 2403 accidit
1224 2377 1355 2410 quosdam
1372 2375 1451 2406 alios.
1469 2373 1552 2402 caedis
1569 2372 1611 2400 vel
1627 2371 1740 2400 seditio~

960 2420 1012 2453 nis,
1028 2420 1072 2448 vel
1084 2420 1159 2454 furti,
1178 2428 1228 2457 pro
1241 2422 1353 2450 sceleris
1366 2422 1446 2449 modo
1461 2418 1635 2449 condemnari
1649 2426 1656 2445 :
1672 2423 1740 2453 quos

959 2465 1067 2500 quidem
1085 2470 1146 2500 post
1170 2474 1277 2495 menses
1298 2473 1399 2502 paucos
1413 2470 1522 2500 rogatus
1535 2464 1591 2499 ille,
1607 2462 1739 2499 quemad-

958 2510 1067 2538 modum
1083 2510 1236 2539 Barabbam
1257 2511 1372 2544 Pilatus,
1389 2519 1405 2538 a
1429 2518 1510 2546 pana
1534 2509 1666 2541 absolvit;
1682 2515 1740 2538 ser-

157 2586 180 2603 ³⁶
190 2586 285 2615 Matth.
301 2596 357 2620 va,
370 2589 415 2617 24.
450 2590 472 2606 ³⁸
486 2589 564 2618 Joan.
579 2599 616 2624 vr,
629 2590 674 2618 68.
712 2590 734 2607 δ’
749 2591 760 2618 1
773 2590 841 2626 Reg.
854 2597 912 2623 xxi,
925 2589 971 2618 23.
1008 2589 1029 2605 “
1043 2588 1076 2617 ill
1089 2589 1157 2625 Reg.
1171 2597 1228 2623 xxI,
1247 2589 1292 2618 20.
1330 2589 1352 2606 δ’
1369 2589 1453 2617 Exod.
1469 2596 1507 2622 Ix,
1524 2588 1568 2616 55.

167 2666 212 2702 βξ)
225 2665 272 2702 ita
282 2667 350 2702 Reg.
362 2667 441 2700 Editi,
455 2667 534 2701 male,
547 2667 595 2699 τὰς
606 2667 743 2702 ἀληθείας.

167 2701 212 2737 45)
224 2701 261 2737 [ta
280 2701 345 2737 Reg.
361 2702 430 2733 Editi
446 2710 519 2735 vero,
538 2701 657 2734 ἐναντίαζ

156 2736 211 2771 (ιι)
226 2734 271 2763 Sic
286 2734 451 2773 lieIguiiattil1
470 2742 496 2764 et
509 2734 574 2773 edit.
589 2737 729 2773 Parisgpet
744 2737 780 2765 ita
807 2736 904 2773 legitur

119 2769 206 2832 il:ng
212 2769 341 2805 xvmﬁ‘f.
353 2771 421 2799 Edit.
433 2771 564 2801 Commel.
578 2772 656 2805 male,
668 2769 902 2808 όΰδοήκονταῖεἱρ)

155 2814 210 2832 ντε.

155 2814 210 2832 ντε.

157 2841 211 2882 (i5)
224 2840 262 2882 ita
276 2841 358 2882 Reg.,_
368 2846 396 2869 et
417 2841 572 2882 sic_legltur
582 2840 592 2871 I
606 2841 671 2882 Reg.
686 2848 759 2882 ἔχη,
776 2839 820 2881 l9.
832 2840 902 2882 Eiditi

120 2875 223 2906 Ηοσϐά.
238 2875 296 2904 Mox
312 2874 358 2905 καί
373 2881 432 2911 post
444 2874 531 2908 οὓτως
557 2877 632 2905 deost
646 2874 672 2906 in
686 2874 765 2911 Reg,
780 2875 806 2903 in
823 2875 903 2905 editis

952 2673 1018 2704 vero
1034 2667 1141 2704 legitur.
1159 2667 1242 2704 Paulo
1255 2672 1317 2704 post
1329 2667 1412 2696 Basil.
1427 2667 1615 2695 διαϐάλλοντα.

998 2675 1018 2695 '0
1034 2675 1141 2731 leﬁllur.
1160 2675 1242 2696 raulo
1255 2675 1317 2704 pom
1331 2675 1412 2696 uasn.
1427 2675 1556 2695 οιαοαΑΑο

998 2703 1043 2745 4‘32
1061 2703 1266 2745 ἐκειράβῆ
1300 2737 1317 2745 ..
1345 2737 1414 2745 -.._.
1487 2737 1494 2745 .
1551 2737 1557 2745 .

1000 2737 1045 2773 47)
1061 2737 1107 2765 Sic.
1122 2737 1232 2773 “eget
1247 2737 1329 2766 Basil.
1345 2737 1428 2772 Edili,
1442 2737 1581 2769 male,ot'm
1595 2737 1682 2769 εντας,

988 2772 1044 2806 (48)
1059 2773 1127 2808 οὐδὲ
1145 2772 1222 2808 deest
1235 2775 1262 2801 in
1277 2773 1343 2808 Reg.

987 2808 1044 2844 (49)
1059 2807 1098 2844 ita
1111 2807 1177 2843 tieg.
1192 2807 1220 2839 tn
1237 2807 1381 2844 editis'xav
1395 2807 1575 2838 desideratur.

987 2842 1044 2879 (50)
1061 2842 1164 2878 Regius
1176 2844 1259 2872 codex
1277 2842 1367 2879 φόνον.
