2007 3044
262 181 313 210 775

543 183 573 210 S.
593 182 781 211 ATHANASH
800 181 876 211 OPP.
898 181 988 210 PARS
1008 181 1029 211 1.
1046 199 1080 203 -
1099 181 1261 211 HISTORIA
1283 181 1326 209 ET
1345 181 1555 210 DOGMATICA.

1834 181 1891 209 776

262 249 310 269 vos
321 246 409 268 autem
427 240 528 269 Christi
551 240 650 269 nedum
672 240 815 272 dimiserit,
831 241 857 268 in
879 241 946 275 ipsis
960 241 1041 268 etiam

1096 240 1145 276 μὲν
1164 239 1233 276 μετὰ
1257 240 1344 276 μῆνας
1360 240 1466 274 ὀλίγους
1485 239 1653 274 ἀξιούμενος,
1671 239 1708 272 ὡς
1732 240 1777 266 τὸν
1798 240 1890 277 8519a-

260 286 362 314 exsiliis
383 285 491 322 gravius
509 286 708 321 immaniusque
727 287 929 318 condemnavit,
945 294 976 313 ac
992 287 1042 314 im-

261 332 374 359 mortale
392 339 451 359 sese
472 331 525 359 illis
547 331 645 358 malum
667 331 800 358 exhibuit.
821 330 876 358 Illis
894 331 994 366 quippe
1008 331 1042 358 ob

260 385 364 404 morum
386 377 589 404 consonantiam
616 377 728 409 amicus,
755 376 913 404 orthodoxis
928 384 992 404 vero
1008 376 1043 403 ob

259 423 385 458 pietatem
403 430 466 457 erga
487 421 622 450 Christum
641 423 765 450 inimicus
787 422 847 450 fuit.
867 423 962 449 Annon
981 423 1043 450 hinc

259 467 347 502 palam
375 466 438 495 fecit
458 468 592 501 omnibus,
619 466 727 495 Judxos
747 468 810 495 olim
841 467 884 503 qui
909 468 1043 502 postulato

259 512 391 546 Barabha,
418 513 559 541 Dominum
590 513 663 540 cruci
694 511 848 544 alﬁxere“,
871 512 905 539 iis
923 512 1043 539 morihus

260 559 353 592 fuisse,
369 560 466 594 quibus
486 559 528 586 isti
548 559 593 594 qui
609 558 664 592 iam
687 565 749 586 cum
766 557 927 585 Constantio
945 558 1043 585 adver-

258 613 305 633 sus
327 605 464 633 Christum
487 605 648 633 decertant?
675 603 708 632 Et
733 604 849 633 l'orlasse
875 604 934 638 ipso
957 603 1043 632 Pilato

259 651 382 680 acerbior
397 652 448 680 iste
460 656 500 679 est
516 661 522 679 :
537 651 582 679 ille
597 651 696 686 quippe
714 651 772 679 visa
799 650 930 684 ejusmodi
945 650 1042 685 iniqui-

259 702 324 732 tate,
342 705 438 725 manus
460 697 596 730 abluit“;
614 702 641 724 at
658 697 703 724 hic
719 697 782 724 dum
797 701 908 724 sanctos
928 696 954 723 in
972 696 1045 724 exsi-

258 743 322 772 lium
338 743 422 779 pellit,
437 744 522 779 magis
537 744 676 778 magisQUe
694 743 819 770 dentibus
835 743 942 770 stridet.

1096 286 1146 314 σᾶν
1164 286 1219 319 (51)
1234 286 1359 318 Πιλᾶτος,
1376 287 1477 313 ἀπέλυε
1488 294 1494 300 ·
1509 286 1572 317 τοὺς
1583 285 1610 312 δὲ
1625 285 1672 312 τοῦ
1694 285 1811 322 Χριστοῦ
1831 287 1890 313 δού-

1095 331 1158 363 λους
1174 332 1204 358 οὐ
1220 331 1299 366 μόνον
1311 331 1360 358 οὐκ
1376 331 1461 366 ἠφίει,
1485 330 1552 357 ἀλλὰ
1577 330 1624 357 κει)⁵
1647 330 1747 365 μᾶλλον
1767 331 1889 367 ἀνηλεῶς

1096 377 1273 408 κατεδίκαζεν
1290 377 1319 402 ἐν
1337 378 1394 408 τοῖς
1405 376 1568 412 ὲξορισμοῖς,
1593 375 1726 402 ἀθάνατον
1741 377 1824 403 κακὸν
1846 385 1890 411 γι-

1095 423 1225 458 γνόμενος
1241 423 1280 454 εἰς
1295 421 1403 454 αὐτούς.
1429 421 1489 448 Τῶν
1507 421 1557 456 μὲν
1579 420 1634 457 γὰρ
1657 421 1701 447 διὰ
1722 421 1768 448 τὸν
1788 422 1888 458 τρόπον

1097 468 1172 504 φίλος
1182 466 1225 504 ἦν.
1242 467 1296 493 τῶν
1312 466 1458 503 ὀρθοδόξων
1471 467 1499 493 δὲ
1515 466 1558 493 διὰ
1576 466 1625 501 τὴν
1648 467 1688 498 εἰς
1707 467 1824 502 Χριστὸν
1843 469 1888 494 εύ-

1098 514 1203 541 σέὸειαν
1220 513 1316 550 ἐχθρὸς
1333 513 1488 548 ἐτύγχανεν.
1500 511 1562 548 ’Ἆρ’
1573 512 1620 540 οὖν
1638 514 1669 540 ού
1687 514 1769 540 πᾶσιν
1783 515 1814 541 ὲκ
1830 514 1889 540 τού-

1095 569 1142 587 του
1167 560 1272 592 λευκῶς
1296 559 1446 590 ἐδείκνυεν,
1468 560 1508 585 ὃτι
1530 560 1576 586 καὶ
1611 560 1671 587 τότε
1701 560 1726 586 οἱ
1756 560 1887 591 Ἰουδαῖοι.

1095 606 1139 633 τὺν
1158 606 1207 642 μὲν
1224 606 1350 642 Βαραὸἄν
1366 606 1552 641 αἰτησάμενοι,
1569 606 1615 632 τδν
1637 606 1664 632 δὲ
1684 606 1786 642 Κύριον
1807 614 1888 634 σταυ-

1095 651 1246 689 ρώσαντες,
1266 651 1380 677 τοιοῦτοι
1393 649 1478 687 ἦσαν,
1500 648 1550 677 οἷοι
1571 651 1618 678 καὶ
1634 651 1680 678 νῦν
1703 652 1771 678 εἰσιν
1789 651 1845 687 (52)
1862 653 1887 678 οἱ

1096 696 1165 733 μετά
1183 695 1371 723 Κωνσταντίου
1391 696 1584 732 χριστομάχοι;
1606 697 1660 722 Καὶ
1678 697 1747 731 τάχα
1765 697 1890 732 πικρότε-

1096 751 1142 779 ρος
1155 740 1232 774 οὗτος
1247 742 1263 778 ἦ
1279 742 1407 774 ΙΙιλᾶτος⁴
1422 742 1436 768 ὁ
1449 742 1498 778 μὲν
1509 742 1562 778 γὰρ
1579 742 1628 769 κᾶν
1648 743 1756 777 ἐνίψατο
1768 743 1888 779 συνορῶν

257 793 306 829 τὴν
320 789 530 823 ἀδικίανθοῖιτος
548 791 576 818 δὲ
594 792 641 818 καὶ
662 791 761 827 μᾶλλον
779 789 867 826 τρίζει
891 791 955 822 τοὺς
980 790 1099 823 ὀδόντας,
1112 790 1242 827 ὲξορίζων
1261 791 1324 822 τοὺς
1342 790 1447 824 ἁγίους,

292 850 338 878 69.
359 849 428 883 Quid
445 850 542 876 mirum
562 853 652 876 autem
671 848 694 875 si
709 848 804 875 devius
825 848 850 875 in
874 847 1040 882 impietatem

257 897 399 928 adductus.
413 895 449 922 ita
473 895 500 922 in
515 895 657 930 episcopos
668 894 773 927 szeviat,
789 901 850 921 cum
867 901 902 920 ne
918 894 1041 928 cognatis

258 942 366 978 quidem
381 942 438 970 suis
461 949 511 976 pro
529 948 605 968 more
623 940 761 968 hominum
786 939 962 974 pepercerit?
986 939 1038 966 Pa-

258 995 333 1016 truos
346 989 418 1016 enim
429 987 538 1020 occidit.
555 985 692 1022 patrueles
704 986 816 1014 sustulit
834 995 840 1012 :
855 993 1039 1020 socerumque

257 1034 337 1069 cujus
365 1034 422 1069 jam
449 1033 530 1060 tiliam
566 1033 703 1065 duxerat,
726 1036 858 1067 cognatos
883 1031 948 1059 item
978 1038 1042 1059 suos

258 1078 372 1107 alllictoe
394 1078 505 1106 minime
521 1078 663 1106 miseratus
676 1082 718 1105 est
730 1084 738 1104 :
750 1077 797 1105 sed
809 1077 891 1104 etiam
904 1084 967 1111 erga
981 1085 1041 1105 om-

258 1133 306 1153 nes
319 1125 444 1160 perjurus
459 1131 565 1160 semper
577 1123 637 1151 fuit.
653 1123 698 1151 Sic
706 1124 761 1159 jam
779 1130 842 1158 erga
861 1123 970 1150 fratrem
982 1130 1042 1151 sese

258 1172 339 1208 impie
349 1179 445 1207 gerere
456 1179 540 1198 ausus
552 1174 605 1204 est,
619 1169 695 1204 cuius
708 1170 861 1206 sepulcrum
878 1170 996 1197 excitare
1012 1176 1042 1197 se

257 1218 365 1247 simulat
378 1227 387 1246 :
400 1225 461 1245 nam
478 1218 638 1251 desponsam
660 1215 720 1251 ejus
741 1216 928 1252 Olympiadem
943 1215 1041 1243 barba-

257 1264 297 1292 rls
320 1264 442 1296 tradidit.
468 1270 549 1298 quam
572 1262 617 1290 ille
649 1270 734 1297 usque
764 1262 797 1289 ad
830 1267 943 1290 mortem
971 1260 1042 1296 apud

257 1317 288 1337 se
303 1309 434 1342 servavit,
448 1309 629 1343 educavitque
645 1308 722 1343 quasi
748 1309 884 1343 propriam
902 1307 952 1335 sibi
976 1315 1042 1334 uxo-

258 1363 327 1382 rem.
341 1354 405 1388 Ejus
420 1354 482 1382 item
501 1353 662 1381 sententiam
677 1353 811 1388 abrogare
826 1354 949 1386 tentavit,
965 1353 1042 1388 cujus

257 1408 287 1427 se
311 1399 445 1427 heredem
473 1406 534 1426 esse
567 1398 719 1434 gloriatur:
735 1406 822 1433 eaque
845 1399 902 1426 edit
929 1399 1039 1434 scripta.

257 1454 317 1480 qua:
332 1445 375 1473 vel
387 1445 492 1473 modico
505 1453 586 1473 sensu
601 1445 731 1480 pra-ditus
747 1445 828 1474 homo
842 1444 958 1473 edidisse
980 1453 1042 1477 eru-

257 1492 356 1520 huerit.
384 1491 513 1526 Equidem
538 1491 598 1527 ejus
623 1482 746 1526 epistolis
779 1492 896 1519 invicem
924 1492 1040 1525 collatis,

257 1539 376 1573 comperi
397 1545 460 1567 eum
479 1546 533 1566 non
553 1539 660 1574 proprio
679 1544 707 1566 et
724 1539 839 1566 naturali
870 1539 921 1567 sibi
948 1539 1041 1566 auiruo

1129 847 1174 875 69.
1192 848 1224 875 Τί
1239 848 1267 874 δὲ
1287 847 1441 884 θαυμαστὸν
1457 847 1498 879 εἰ,
1520 846 1667 882 πλανηθεὶς
1687 847 1728 879 εἰς
1749 846 1888 879 ἀσέϐειαν,

1094 894 1165 921 οὕτω
1178 895 1248 921 κατὰ
1261 894 1315 925 τῶν
1332 893 1488 921 ἐπισκόπων
1498 894 1572 920 ἐστὶν
1584 893 1659 929 ὠμὸς
1669 913 1676 924 ,
1693 894 1757 920 ὅπου
1777 902 1808 928 γε
1826 894 1888 920 οὐδὲ

1094 942 1143 976 τῆς
1162 941 1231 972 ἰδίας
1252 940 1409 975 συγγενείας
1431 941 1470 972 ὡς
1493 939 1636 976 ἄνθρωπος
1651 941 1795 975 testaceo;
1817 941 1888 973 Τοὺς

1093 987 1142 1022 μὲν
1153 987 1208 1021 γὰρ
1218 986 1306 1018 θείους
1319 985 1487 1021 κατέσφαξε,
1500 986 1547 1013 καὶ
1560 986 1624 1017 τοὺς
1639 985 1764 1021 ἀνεψιοὺς
1779 986 1870 1013 ἀνεῖλε
1879 995 1886 1001 -

1092 1033 1138 1059 καὶ
1158 1031 1287 1067 πενθεροῦ
1303 1031 1398 1067 (ισως,
1407 1031 1548 1066 πενθερὸν)
1563 1031 1624 1067 μὲν,
1638 1031 1678 1058 ἔτι
1692 1031 1740 1067 τὴν
1750 1031 1888 1068 θυγατέρα

1091 1078 1187 1113 γαμῶν
1199 1078 1281 1104 αὑτοῦ
1291 1098 1298 1110 ,
1314 1079 1453 1112 συγγενεῖς
1468 1078 1497 1104 δὲ
1513 1077 1568 1114 (55)
1586 1078 1738 1113 πάσχοντας
1754 1078 1805 1104 οὐκ
1824 1078 1888 1113 ἠλέ-

1091 1132 1157 1159 ησεν
1167 1131 1173 1137 ·
1187 1123 1254 1150 ἀλλὰ
1265 1124 1312 1150 καὶ
1331 1124 1419 1160 ὅρκων
1446 1124 1490 1150 ἀεὶ
1506 1124 1574 1160 πρὸς
1598 1124 1701 1156 πάντας
1724 1123 1888 1160 παραϐάτης

1092 1169 1213 1204 γέγονεν.
1236 1169 1314 1197 Οὕτω
1330 1170 1384 1206 γὰρ
1401 1170 1449 1196 καὶ
1467 1169 1507 1201 εἰς
1529 1169 1575 1196 τὸν
1589 1169 1703 1205 ἀδελφὺν
1723 1169 1830 1196 ἀσεϐεῖν
1843 1179 1888 1196 τε-

1092 1215 1221 1251 τόλμηκε.
1237 1216 1292 1242 Καὶ
1303 1217 1492 1252 προσποιεῖται
1507 1217 1556 1251 μὲν
1566 1215 1719 1252 οἰκοδομεῖν
1731 1215 1805 1251 αὐτῷ
1823 1225 1889 1252 μνη-

1093 1263 1179 1298 μεῖον,
1188 1262 1237 1298 τὴν
1249 1262 1277 1288 δὲ
1294 1262 1415 1298 μνηστὴν
1427 1261 1509 1288 αὑτοῦ
1523 1262 1572 1297 τὴν
1596 1261 1765 1296 Ὀλυμπιάδα
1780 1261 1888 1296 βαρϐά-

1093 1317 1150 1343 ροις
1162 1308 1319 1341 ἐκδέδωκεν,
1333 1309 1367 1344 ἣν
1386 1309 1489 1340 ἐκεῖνος
1501 1309 1582 1344 μέχρι
1597 1308 1726 1342 τελευτῆς
1743 1307 1886 1342 ἐφύλαττε,

1092 1355 1141 1381 καὶ
1151 1355 1189 1386 ὡς
1203 1355 1270 1382 ἰδίαν
1283 1355 1430 1390 ἀνέτρεφεν
1444 1354 1533 1389 ἑαυτῷ
1544 1355 1671 1388 γυναῖκα.
1688 1354 1743 1380 Καὶ
1758 1352 1807 1389 τὴν
1820 1353 1888 1387 γνώ-

1094 1409 1147 1435 μην
1157 1399 1187 1427 δὲ
1203 1399 1284 1427 αὑτοῦ
1300 1400 1447 1436 παραλύειν
1460 1400 1655 1436 ὲπιχείρησεν,
1673 1397 1703 1427 οὗ
1724 1400 1771 1426 καὶ
1787 1399 1889 1434 κληρο-

1091 1447 1174 1482 νόμος
1201 1445 1311 1481 εὔχεται
1330 1445 1409 1478 εἶναι,
1425 1446 1540 1483 γράφων
1561 1445 1682 1477 τοιαῦτα,
1709 1446 1751 1480 ἐφ’
1773 1443 1814 1476 οἷς
1840 1445 1889 1471 καὶ

1094 1492 1150 1528 (54)
1163 1492 1256 1527 ὀλίγην
1273 1491 1398 1528 αἴσθησιν
1415 1491 1485 1528 ἔχων
1504 1491 1537 1519 ἄν
1550 1501 1593 1523 τις
1609 1491 1738 1528 ᾐσχύνθη.
1758 1490 1829 1525 Ἐγὼ
1847 1491 1888 1521 δὲ,

1094 1537 1253 1572 συμϐάλλων
1266 1538 1349 1565 αὐτοῦ
1365 1538 1414 1570 τὰς
1427 1537 1571 1569 ἐπιστολὰς
1582 1557 1589 1570 ,
1601 1537 1718 1572 εὑρίσκω
1733 1535 1828 1562 τοῦτον
1849 1536 1890 1571 μὴ

256 1585 400 1621 preditum
427 1592 497 1617 esse,
525 1583 572 1611 sed
592 1584 650 1612 sola
673 1585 875 1618 suggerentium
905 1584 1041 1611 voluntate

1095 1583 1164 1610 κατὰ
1172 1583 1252 1618 φύσιν
1266 1583 1362 1619 ἔχοντα
1376 1583 1425 1616 τὰς
1439 1583 1551 1619 φρένας,
1569 1582 1638 1609 ἀλλὰ
1649 1583 1727 1617 μόνον
1743 1581 1811 1617 πρὸς
1824 1582 1890 1613 τοὺς

258 1631 358 1659 moveri
374 1640 382 1657 :
395 1631 532 1666 propriam
544 1635 742 1658 vero-mentem
756 1630 912 1658 nullatenus
928 1630 1040 1658 habere.

258 1677 384 1704 Salomon
405 1677 495 1712 itaque
516 1676 571 1703 ait:
589 1675 657 1711 Rege
684 1676 849 1703 auscultante
861 1677 966 1703 verbum
991 1677 1044 1703 iui-

257 1731 346 1757 quum,
370 1731 459 1750 omnes
482 1723 660 1756 subdithjus
688 1723 901 1756 prevaricaleru
923 1723 1041 1750 erunt“.

259 1768 310 1795 Hic
324 1775 388 1795 vero
402 1768 460 1796 suis
477 1775 507 1795 se
521 1767 600 1795 factis
613 1767 733 1795 declarat
748 1768 820 1795 illum
832 1775 892 1796 esse
908 1768 1041 1803 iniquum,

257 1814 423 1848 clientesque
436 1820 500 1841 suos
514 1813 581 1848 legis
595 1820 657 1840 esse
669 1813 902 1847 praevaricatores.

292 1862 337 1889 70.
357 1860 407 1888 Hic
430 1860 521 1895 itaque
542 1859 587 1894 qui
613 1858 674 1887 talis
697 1864 748 1891 est.
765 1859 865 1894 quique
881 1859 979 1887 talibus
993 1860 1042 1887 de-

258 1907 382 1940 lectatur,
403 1906 573 1941 quandonam
589 1904 653 1939 quid
670 1905 772 1939 justum
794 1910 840 1932 aut
860 1906 959 1933 rationi
976 1913 1042 1933 con-

258 1960 414 1983 sentaneum
431 1961 527 1989 sapere
544 1953 662 1981 valebit!
678 1953 765 1981 Homo
791 1952 910 1986 nequitia
925 1952 1043 1987 illigatus

258 2001 443 2034 familiarium,
470 2002 668 2028 incantatorum
686 1999 802 2031 scilicet,
816 1999 862 2033 qui
883 2006 977 2026 revera
997 2006 1044 2026 ce-

259 2046 367 2073 rebrum
383 2043 495 2078 pedibus
511 2045 700 2071 coneulcatum
727 2043 839 2072 habent.
856 2043 972 2078 Ideoque
987 2051 1043 2071 mo-

257 2088 292 2116 do
320 2088 424 2119 scrihit.
450 2095 513 2115 mox
533 2095 594 2115 eum
626 2087 788 2122 scriptorum
814 2087 1042 2122 pmnitetzhinc,

258 2140 359 2162 mutata
381 2133 525 2166 sententia,
553 2133 717 2165 concitatur,
742 2133 908 2160 lamentatur
935 2138 1041 2168 postea,

257 2188 288 2208 ac
302 2180 367 2215 quid
377 2180 413 2207 sit
424 2179 555 2215 agendum
574 2186 635 2206 cum
649 2178 765 2213 ignoret,
780 2185 842 2206 sese
855 2178 946 2205 animo
965 2186 1042 2206 meno

258 2231 337 2261 teque
351 2226 509 2254 destitutum
526 2224 655 2252 declarat.
672 2223 814 2260 Ejusmodi
828 2224 966 2252 hominem
977 2224 1042 2258 jure

1094 1629 1292 1662 ὑποϐάλλοντας
1308 1629 1483 1663 κινούμενον,
1499 1629 1563 1656 ῐδιον
1583 1629 1611 1656 δὲ
1632 1628 1694 1655 νοῦν
1717 1627 1830 1654 καθόλου
1850 1628 1889 1663 μὴ

1091 1674 1196 1710 ἔχοντα.
1213 1675 1241 1702 '0
1251 1676 1300 1710 μὲν
1306 1673 1353 1702 οὖν
1361 1675 1486 1710 Σολομὼν
1494 1682 1560 1710 φησι
1572 1683 1578 1689 ·
1588 1674 1741 1707 Βασιλέως
1756 1674 1891 1700 ὑπακού-

1092 1730 1179 1755 οντος
1195 1722 1288 1756 λόγον
1307 1722 1427 1754 ἄδικον,
1447 1721 1558 1755 πάντες
1577 1723 1604 1748 οὶ
1622 1722 1672 1748 ὑπ’
1689 1720 1783 1748 αὑτὸν
1795 1719 1890 1754 impr}
1929 1728 1934 1733 '

1096 1777 1191 1803 νομοί.
1206 1765 1290 1800 Οὗτος
1303 1768 1331 1795 δὲ
1350 1768 1379 1801 ἐξ
1390 1765 1428 1795 ὧν
1440 1769 1520 1800 ποιεῖ,
1533 1767 1666 1794 δείκνυσιν
1679 1767 1771 1794 ἑαυτὸν
1785 1767 1889 1793 ἐκεῖνον

1092 1812 1160 1841 εἶναι
1179 1814 1224 1841 τὸν
1238 1814 1338 1846 ἄδικον,
1354 1814 1401 1841 καὶ
1415 1815 1477 1846 τοὺς
1491 1815 1555 1850 περὶ
1568 1815 1648 1841 αὐτὸν
1663 1813 1849 1849 παρανόμους.

1127 1859 1172 1887 70.
1187 1859 1256 1886 Πότε
1276 1857 1321 1886 οὖν
1332 1857 1419 1891 οὗτος,
1433 1859 1552 1892 τοιοῦτος
1563 1859 1610 1891 ὢν,
1624 1861 1670 1886 καὶ
1682 1859 1812 1889 τοιούτοις
1828 1858 1891 1893 χαί-

1093 1915 1157 1942 ρων,
1172 1906 1283 1933 δύναται
1294 1915 1321 1932 τι
1337 1906 1439 1933 δίκαιον
1456 1906 1472 1942 ἢ
1494 1905 1564 1933 κατὰ
1581 1905 1659 1939 λόγον
1681 1904 1829 1940 φρονῆσαι;
1842 1905 1891 1931 ἇν-

1093 1952 1201 1988 θρωτιος
1222 1951 1363 1986 δεδεμένος
1383 1952 1416 1986 τῇ
1434 1951 1487 1978 τῶν
1502 1950 1634 1977 συνόντων
1657 1949 1816 1986 παρανομίᾳ
1840 1950 1890 1975 καὶ

1092 1997 1194 2024 τούτων
1205 1997 1290 2024 ὄντων
1306 1996 1470 2032 ἐπᾳδόντων,
1485 1997 1580 2027 οἵτινες
1594 1996 1639 2022 τὸν
1653 1995 1804 2030 ἐγκέφαλον
1825 1995 1891 2030 μᾶλ-

1093 2043 1137 2069 λον
1149 2043 1205 2078 (55)
1234 2044 1263 2069 ἐν
1279 2044 1339 2074 ταῖς
1353 2043 1482 2078 πτέρναις
1502 2041 1765 2076 καταπεπατημένον
1784 2041 1888 2076 ἔχουσι.

1093 2088 1143 2115 Διὰ
1161 2088 1240 2115 τοῦτο
1254 2088 1308 2124 γὰρ
1325 2088 1372 2115 καὶ
1396 2088 1514 2124 γράφει,
1526 2088 1573 2114 καὶ
1593 2088 1706 2123 γράφων
1729 2087 1891 2122 μεταμελεῖ-

1093 2143 1149 2166 ται,
1164 2135 1210 2161 καὶ
1223 2134 1440 2169 μεταμελόμενος
1455 2133 1646 2170 παροξύνεται,
1661 2132 1741 2160 πάλιν
1755 2141 1786 2159 τε
1796 2132 1890 2167 ὀδύρε-

1093 2189 1138 2207 ται
1152 2180 1227 2216 (56),
1245 2180 1292 2206 καὶ
1308 2181 1358 2206 οὐκ
1377 2179 1445 2215 ἔχων
1473 2180 1488 2205 ὃ
1510 2179 1621 2215 πράξει,
1637 2179 1770 2205 δείκνυσιν
1790 2178 1889 2205 ἑαυτοῦ

1094 2226 1144 2260 τῆς
1163 2225 1254 2261 ψυχῆς
1274 2225 1304 2252 τὸ
1327 2226 1430 2261 ἔρημον
1452 2225 1506 2252 τῶν
1526 2224 1641 2261 φρενῶν.
1663 2223 1740 2251 Οὕτω
1755 2223 1784 2250 δὲ
1796 2223 1890 2250 τοῦτον

256 2272 317 2306 quis
335 2270 466 2306 deploret,
485 2271 556 2306 quod
576 2270 625 2298 sub
648 2270 734 2297 libero
759 2269 852 2297 habitu
877 2270 1041 2305 nomineque

1095 2272 1158 2300 ΰντα
1167 2273 1287 2300 τοιοῦτον
1303 2273 1463 2308 οἰκτείρειεν
1479 2273 1512 2299 ἄν
1528 2281 1570 2304 τις
1587 2271 1685 2308 μᾶλλον
1698 2271 1811 2302 δικαίως
1822 2292 1830 2303 ,
1849 2271 1890 2296 ὅτι

255 2325 349 2345 servus
364 2318 400 2345 sit
420 2317 538 2345 virorum
553 2317 598 2351 qui
615 2316 688 2344 illum
713 2317 747 2344 ad
763 2315 873 2350 impiam
890 2323 968 2343 suam
987 2320 1043 2344 tra-

256 2365 322 2390 hunt
336 2362 486 2390 llbidiuem.
502 2361 550 2389 Nae
575 2362 629 2395 ille,
644 2362 715 2397 quod
744 2361 832 2389 insani
859 2361 1043 2396 levissimique

254 2409 372 2437 hominis
382 2413 433 2442 est,
450 2414 479 2435 ut
494 2409 532 2435 sit
543 2408 683 2443 Scriptura
690 2408 725 2441 ",
743 2408 807 2435 dum
819 2407 879 2435 aliis
894 2408 1042 2442 cupitadu<

254 2456 315 2487 lari,
336 2463 395 2483 sese
421 2456 447 2483 in
473 2454 673 2482 damnationem
700 2454 783 2481 l'uturi
803 2453 908 2488 judicii,
929 2453 1041 2488 ignique

255 2501 449 2529 absumeudum
479 2501 683 2528 tradidit:cum
703 2500 759 2534 jam
786 2507 879 2527 eorum
907 2500 1041 2527 arbitratu

253 2545 344 2574 omnia
359 2552 431 2582 agat,
445 2546 610 2580 insidiasque
623 2545 758 2580 episcopis
785 2544 897 2574 parandi
927 2543 1040 2572 faculta-

1094 2319 1155 2355 μετ’
1171 2319 1313 2356 ἐλευθέρου
1333 2320 1474 2355 σχήματος
1496 2318 1544 2346 καὶ
1567 2319 1697 2354 ὀνόματος
1718 2317 1810 2348 δοῦλός
1831 2318 1890 2343 ἐστι

1093 2365 1148 2392 τῶν
1163 2366 1296 2392 ἑλκόντων
1308 2365 1388 2392 αὑτὸν
1405 2365 1475 2401 πρὺς
1491 2365 1542 2401 τὴν
1560 2365 1628 2392 ἰδίαν
1646 2363 1743 2399 ἡδονὴν
1762 2362 1813 2397 τῆς
1827 2363 1892 2389 ἀσε-

1094 2411 1181 2443 ϐείας.
1200 2411 1309 2447 Ἀμέλει
1322 2411 1353 2438 τὸ
1375 2411 1486 2446 ἀνόητον
1511 2411 1560 2438 καὶ
1581 2410 1695 2445 κέπφον,
1719 2409 1759 2440 ὡς
1782 2406 1860 2435 εἶπεν
1873 2409 1891 2444 ἠ

1096 2457 1201 2493 Γραφὴ,
1218 2457 1381 2493 καθηκεύειν
1396 2457 1451 2492 (57)
1468 2457 1552 2484 θέλων
1566 2457 1669 2489 ἄλλοις,
1683 2455 1778 2482 ἑαυτὸν
1791 2455 1833 2487 εἰς
1845 2463 1893 2482 κα-

1095 2502 1206 2539 ταδίκην
1222 2504 1255 2539 τῇ
1271 2503 1407 2540 μελλούσῃ
1423 2504 1513 2540 κρίσει
1534 2503 1580 2530 τοῦ
1599 2503 1684 2539 πυρὸς
1701 2502 1893 2538 παρανάλωμα

1094 2548 1223 2576 δέδωκεν·
1242 2549 1292 2585 ἤδη
1308 2550 1435 2585 πράττων
1459 2550 1477 2577 ἃ
1493 2549 1615 2577 θέλουσιν
1628 2550 1737 2582 ἐκεῖνοι,
1759 2548 1807 2574 καὶ
1826 2556 1894 2574 πω-

310 2626 333 2643 "
345 2625 437 2653 Matth.
454 2632 538 2657 xxvii,
551 2624 594 2652 15.
630 2625 653 2639 ⁸⁸
666 2624 730 2651 ibid.
743 2623 789 2651 2t.
826 2622 849 2639 ⁸⁵
861 2622 941 2652 Prov.
958 2631 1039 2656 xxtx,

1095 2645 1099 2652 .
1139 2626 1161 2642 ⁸⁵
1176 2626 1255 2655 Prov.
1272 2635 1320 2661 vu,
1331 2627 1377 2655 2'2.

289 2706 345 2742 (5i)
368 2705 433 2742 Reg.
449 2703 602 2742 Ιξαραὸὒᾶν.
626 2702 708 2730 Paulo
722 2707 781 2736 post
801 2701 867 2737 Reg.
887 2701 937 2728 οὐκ
951 2701 1038 2737 ἠφίει.

254 2738 395 2773 Εόῖιὶ,ὀὺκ
411 2738 536 2775 ίὰφῆκεν.
559 2773 574 2775 η
591 2773 596 2775 ἒ
673 2760 684 2773 ,

300 2777 344 2812 52)
361 2778 398 2804 lta
411 2773 477 2812 litigi
491 2774 520 2801 lu
534 2773 612 2812 editis
626 2773 796 2812 alﬁaqdeest.

301 2807 346 2844 55'!
364 2812 401 2838 Ita
417 2807 481 2844 ueg.
502 2814 529 2836 et
539 2808 621 2836 Basil.
639 2808 708 2835 Editi
728 2809 867 2843 συγγενεῖς
883 2816 923 2835 τε.
937 2807 976 2834 De
991 2812 1039 2844 oe-

254 2843 318 2874 cisis
336 2843 486 2873 Constantii
512 2843 732 2878 consanguineis,
760 2846 846 2877 deque
877 2843 1039 2878 Qlympiade

255 2882 348 2909 Arsaci
367 2879 500 2908 Armenia:
516 2880 569 2914 regi
590 2877 695 2910 tradita,
711 2879 816 2913 agimus
832 2879 858 2905 in
881 2877 940 2904 Vita
954 2878 1037 2904 Al/m-

255 2918 332 2944 nasii.
345 2915 473 2944 Natarum
482 2914 580 2950 quippe
593 2914 720 2942 harumce
734 2913 862 2948 brevitas,
879 2920 921 2942 res
936 2916 1035 2945 tantas,

1092 2713 1124 2733 ac
1139 2708 1261 2743 nonnihil
1275 2707 1437 2740 implicatas,
1458 2715 1555 2742 capere
1573 2709 1676 2743 nequit.

1126 2741 1183 2778 (54)
1194 2743 1232 2769 Ita
1251 2745 1318 2778 lteg.
1332 2743 1360 2769 In
1375 2744 1455 2771 editis
1469 2741 1544 2774 vero.
1562 2741 1708 2771 xat‘deest.

1130 2777 1185 2813 (55)
1203 2778 1240 2804 lta
1258 2778 1326 2812 Reg.
1341 2779 1368 2804 ln
1389 2779 1468 2806 editis
1480 2779 1580 2813 μᾶλλον
1592 2779 1678 2806 deest.

1127 2812 1183 2850 (ξεί)
1199 2813 1303 2850 [iegius
1314 2814 1408 2850 codex.
1427 2812 1556 2850 ὠδύρετο.

1125 2846 1181 2882 (57)
1197 2846 1332 2885 Sic:edit.,
1350 2849 1397 2875 sed
1411 2849 1472 2877 alihl
1484 2846 1574 2877 'iidem
1588 2848 1775 2876 καθικετεύειν
1797 2858 1804 2876 :
1824 2849 1893 2885 Reg.

1091 2889 1198 2917 semper
1210 2882 1387 2918 καθηκεύειν.
