2007 3044
124 123 172 151 777

626 127 790 156 HISTORIA
809 128 1018 159 ABIANORUM
1037 131 1084 159 AD
1105 131 1303 163 MONACHOS.

1690 137 1740 165 778

115 181 201 208 πίνων
212 183 304 216 αὐτοῖς
319 185 367 220 τήν
379 193 406 211 τε
423 185 493 213 κατὰ
507 186 560 212 τῶν
579 186 734 213 ἐπισκόπων
751 187 895 223 ἐπιϐουλὴν

960 195 1012 218 tem
1031 191 1083 219 illis
1105 191 1240 226 propinet,
1261 198 1311 219 nec
1335 197 1387 218 non
1412 196 1572 226 potestatem
1598 194 1624 222 in
1649 194 1740 225 Eccle-

113 228 160 254 καὶ
171 227 218 263 τὴν
230 228 284 254 τῶν
305 229 471 265 Ἐκκλησιῶν
490 231 623 265 ἐξουσίαν.
646 232 710 258 Ἰδοὺ
725 232 779 269 γὰρ
794 234 840 260 καὶ
858 234 905 262 νῦν

113 270 193 300 πάλιν
211 274 326 310 ἐτάραξε
343 275 392 308 τὰς
405 277 434 303 ὲν
456 277 642 313 Ἀλεξανδρείᾳ
654 277 835 313 Ἐκκλησίας,
858 280 905 307 καὶ

111 319 162 350 τὰς
172 320 201 345 ὲν
217 319 346 356 Αίγύπτῳ
363 322 409 348 καὶ
430 322 543 355 Λιϐύαις
565 323 682 356 πάσαις·
710 325 757 351 καὶ
779 325 903 362 φανερῶς

113 365 263 400 προσέταξε
281 368 345 399 τοὺς
367 368 415 402 μὲν
429 368 478 404 τῆς
497 369 652 405 Καθολικῆς
678 372 840 408 Έκκλησίας
857 373 904 401 καὶ

111 409 161 445 τῆς
178 410 234 445 (58)
251 411 391 444 εὐσεϐείας
407 413 572 446 ἐπισκόπους
589 415 769 443 ἐκϐάλλεσθαι
784 417 837 443 τῶν
856 418 902 445 ὲκ-

112 455 241 490 κλησιῶν,
263 459 319 489 τοῖς
332 457 360 484 δὲ
383 458 416 485 τὰ
434 459 537 494 Ἀρείου
560 461 687 496 φρονοῦσι
712 462 800 494 πάσας
818 463 902 495 αὐτὰς

113 501 315 537 παραδίδοσθαι.
341 504 426 532 Τοῦτό
448 514 476 532 τε
495 505 550 540 (59)
575 508 661 533 ποιεῖν
682 508 696 534 ὀ
718 508 903 545 στρατηλάτης

111 546 227 582 ἤρξατο·
243 549 290 576 καὶ
304 549 395 577 λοιπὸν
411 551 553 578 ἐπίσκοποι
576 552 698 588 δέσμιοι,
724 554 903 590 πρεσϐύτεροί

110 602 140 619 τε
158 594 203 620 καὶ
219 595 379 629 μονάζοντες
390 598 612 633 σεσιδηρωμένοι,
627 600 674 626 καὶ
694 600 810 635 πληγαῖς
821 609 904 627 κατα-

110 640 239 672 κοπέντες
263 641 308 668 ἴσα
332 642 452 678 θανάτῳ,
480 645 725 681 παρεπέμφθησαν.
751 646 843 672 Πάντα
869 654 899 672 τε

110 685 180 711 κατὰ
197 686 277 713 τόπον
294 688 472 724 τετάρακται·
489 690 536 715 καὶ
560 690 576 725 ὴ
594 689 729 724 Αἴγυπτος
745 692 792 718 καὶ
813 691 899 727 Λιϐύη

109 733 185 758 πᾶσα
197 732 356 764 κινδυνεύει,
369 734 424 760 τῶν
440 734 512 761 λαῶν
523 735 791 771 δυσανασχετούντων
806 737 852 763 ὲπὶ
863 736 901 772 τῷ

110 777 262 813 παρανόμῳ
282 780 472 815 προστάγματι
494 781 581 817 τούτῳ
598 782 653 818 (60)
664 803 671 814 ,
689 783 736 809 καὶ
751 782 905 818 βλεπόντων

958 237 1024 265 sias.
1046 237 1191 265 Enimvero
1202 237 1257 272 jam
1281 236 1371 265 denuo
1385 236 1581 266 Alexandrinas
1597 241 1739 274 perturba-

957 283 995 309 vit
1009 282 1152 317 Ecclesias,
1163 288 1244 318 atque
1252 290 1302 316 eas
1313 291 1378 318 qua:
1395 283 1420 310 in
1432 283 1548 320 Ευριο
1557 285 1582 311 in
1595 285 1740 322 Libyisque

959 328 1040 364 305
1056 329 1198 357 habentur.
1215 329 1359 364 Edixitque
1373 329 1459 364 palum
1473 349 1482 363 ,
1494 330 1634 358 catholica:
1649 331 1740 358 Eccle-

955 374 1003 401 siae
1027 375 1188 410 pietatisque
1207 379 1358 402 sectatores
1397 375 1537 410 episcopos
1557 377 1738 405 exturbandos

955 426 989 447 ex
1011 420 1144 452 ecclesiis,
1158 421 1272 455 illasque
1288 420 1431 448 tradendas
1447 428 1542 449 omnes
1554 422 1586 449 iis
1599 422 1644 457 qui
1660 422 1738 450 Aria-

956 466 1016 493 nice
1034 465 1176 494 sentirent.
1200 466 1267 493 lllud
1293 474 1372 502 agere
1392 467 1447 502 jam
1468 468 1551 502 coepit
1568 468 1620 495 dux
1635 469 1738 495 exerci-

956 513 999 537 tus
1013 518 1020 536 :
1037 518 1068 538 ac
1083 511 1211 545 deinceps
1226 511 1346 546 episcopi
1367 511 1482 539 vinculis
1501 512 1657 544 constricti,
1677 520 1738 548 pre-

957 555 1058 590 sbyteri
1071 560 1097 583 et
1112 556 1236 583 monachi
1253 555 1347 584 ferreis
1360 557 1462 584 catenis
1477 557 1563 592 ligati,
1581 558 1614 584 ad
1627 565 1735 585 necent-

958 607 1009 635 que
1024 599 1081 627 fere
1099 600 1186 636 plagis
1200 601 1315 633 concisi,
1332 601 1440 636 relegati
1460 606 1532 628 sunt.
1551 601 1627 629 Mista
1639 602 1736 637 ubique

956 645 1107 672 omniazin
1134 645 1255 680 periculo
1278 650 1408 673 versatur
1436 646 1568 682 Egyptus
1593 654 1625 674 ac
1653 646 1733 682 Lihya

954 696 1022 723 tota,
1039 691 1145 726 populis
1160 691 1277 719 edictum
1295 691 1427 725 ejusmodi
1445 692 1634 727 indignissime
1648 691 1734 719 feren-

955 737 1035 768 tibus,
1046 741 1072 764 et
1089 737 1253 764 Antichristi
1266 742 1423 773 apparatum
1450 738 1635 770 cernentibus,
1652 738 1731 764 idem-

953 789 1006 817 que
1027 789 1074 810 sua
1093 782 1163 810 bona
1179 783 1213 809 ab
1228 782 1288 810 aliis
1302 783 1406 817 direpta
1427 783 1611 816 luereticisque
1625 784 1732 811 tradita.

109 822 157 858 τὴν
171 823 408 860 τοῦἌντιχρίπου
420 827 606 862 παρασκευὴν,
627 827 672 853 καὶ
684 827 718 854 τὰ
729 827 783 855 ἴδια
799 828 847 854 ἀπ’
858 827 947 854 αὐτῶν
968 827 1015 862 μὲν
1028 827 1082 863 (61)
1095 827 1284 863 ἁρπαξόμενα,
1305 828 1361 859 τοῖς
1372 827 1399 854 δὲ
1415 828 1562 863 αἱρετικοῖς
1579 827 1733 863 ὲκδιδόμενα

108 868 204 895 ταῦτα.

144 914 187 940 Ἠ.
211 915 277 941 Πότε
298 913 344 942 οὗν
363 916 482 953 ἠκούσθη
500 918 616 954 τοσαύτη
635 921 810 955 παρανομίας
831 921 896 947 πότε

988 918 1032 946 Ή.
1051 918 1228 952 Quandonam
1241 922 1314 945 tanta
1334 917 1425 945 audita
1441 923 1482 946 est
1494 918 1733 953 iniquitasiquan-

109 968 134 985 τι
149 959 253 986 τοιοῦτο
277 961 327 987 κᾶν
345 962 373 989 ὲν
390 962 503 998 διωγμῷ
529 964 623 999 γέγονε
648 966 748 998 κακόνς
768 965 896 1002 Ἕλληνες

108 1006 250 1040 γεγόνασιν
274 1008 298 1034 οἱ
323 1008 454 1044 πρότερον
470 1009 630 1042 διώξαντες·
649 1011 706 1037 ἀλλ’
721 1012 771 1038 οὐκ
789 1013 829 1043 εἰς
848 1012 896 1044 τὰς

109 1053 257 1088 ἐκκλησίας
272 1055 433 1090 εἰσήνεγκαν
450 1055 483 1083 τὰ
512 1050 618 1084 εἴδωλα.
642 1058 754 1085 Ἰουδαία
770 1056 803 1094 ἦν
816 1059 897 1094 Ζηνο-

108 1098 165 1136 ϐεα,
185 1100 231 1126 καὶ
248 1100 353 1126 Παύλου
377 1101 496 1138 προέστη
515 1103 560 1129 τοῦ
577 1103 770 1139 Σαμοσατέως·
793 1105 849 1132 ἀλλ’
865 1106 896 1131 οὐ

102 1143 207 1171 ’δέδωκε
230 1145 278 1177 τὰς
298 1146 444 1182 ἐκκλησίας
467 1149 523 1180 τοῖς
546 1149 681 1182 Ἰουδαίοις
700 1151 739 1182 εἰς
774 1159 896 1185 συναγω-

109 1190 170 1224 γὰς.
188 1190 286 1217 Καινόν
303 1192 360 1218 ἐστι
375 1192 452 1219 τοῦτο
466 1192 550 1228 μύσος
564 1194 617 1229 (62)
628 1203 634 1209 ·
652 1196 702 1222 οὐκ
717 1196 788 1222 ἔστιν
804 1197 896 1229 ἁπλῶς

109 1235 238 1271 διωγμὸς,
256 1237 323 1263 ἀλλὰ
339 1237 457 1274 διωγμοῦ
477 1239 524 1274 μὲν
540 1239 636 1266 πλέον·
654 1241 795 1277 προοίμιον
810 1242 897 1269 δὲκαὶ

109 1282 271 1318 παρασκευὴ
286 1282 333 1309 τοῦ
353 1283 547 1320 Ἀντιχρίστου.
571 1285 661 1312 Ἔστω
679 1286 743 1322 γὰρ,
760 1287 805 1313 καὶ
828 1288 896 1314 κατὰ

115 1327 283 1360 Ἀθανασίου,
309 1330 354 1356 καὶ
380 1330 450 1357 κατὰ
470 1331 524 1357 τῶν
547 1331 642 1358 ἄλλων
658 1333 825 1364 ἐπισκόπων,
850 1333 897 1365 οὓς

109 1373 252 1410 ἐξώρισαν,
273 1375 419 1411 προφάσεις
435 1376 587 1403 ὲπλάσαντο
601 1377 721 1412 ψευδεῖς·
743 1379 768 1406 τί
784 1379 852 1414 πρὸς
868 1379 898 1405 τὸ

109 1420 201 1447 καινὸν
216 1421 384 1457 ἐπιτήδευμα
396 1422 488 1455 toi-:0;
501 1422 580 1450 ποίαν
591 1423 645 1459 ἄρα
658 1424 794 1460 πρόφασιν
807 1425 898 1460 ἔχουσι

109 1466 179 1492 κατὰ
197 1467 287 1503 πάσης
301 1467 351 1503 τῆς
366 1468 513 1502 Αίγύπτου,
531 1471 578 1496 καὶ
595 1470 707 1506 Λιϐύης.
729 1472 777 1498 καὶ
793 1472 897 1498 Πεντα-

949 965 1060 997 donam,
1071 964 1113 992 vel
1129 969 1250 999 tempore
1265 965 1474 1000 persecutionis,
1487 965 1587 992 malum
1601 965 1732 1000 ejusmodi

950 1012 1096 1040 admissum
1113 1013 1173 1040 est?
1188 1012 1295 1040 Ethnici
1310 1013 1447 1047 erantqui
1462 1013 1575 1040 antehac
1590 1021 1733 1049 perseque-

950 1058 1049 1085 bantur
1066 1067 1072 1084 :
1090 1063 1116 1084 at
1132 1065 1299 1092 nequaquam
1316 1057 1385 1084 idola
1402 1057 1438 1084 illi
1458 1057 1484 1084 in
1500 1058 1630 1086 ecclesias
1647 1060 1733 1086 intro-

949 1103 1062 1130 duxere.
1080 1102 1171 1130 Judaea
1189 1108 1247 1129 erat
1264 1102 1394 1134 Zenobia,
1405 1108 1431 1130 et
1444 1102 1518 1130 Pauli
1533 1103 1732 1131 Samosatensis

949 1153 1078 1182 patrona;
1097 1153 1124 1174 at
1150 1155 1319 1182 nequaquam
1342 1147 1442 1175 Judazis
1458 1148 1587 1176 ecclesias
1610 1148 1730 1179 tradidit.

951 1199 979 1220 ut
994 1201 1041 1220 eas
1058 1194 1083 1220 iu
1100 1201 1251 1229 synagogas
1267 1198 1468 1221 converterent.
1481 1193 1599 1222 lnsolens
1613 1201 1678 1222 sane
1691 1199 1732 1222 est

951 1239 1008 1266 hac
1022 1239 1206 1270 abominatio,
1224 1246 1273 1266 nec
1293 1244 1394 1265 tantum
1422 1238 1591 1272 persecutio,
1605 1238 1651 1266 sed
1671 1238 1731 1273 plus

949 1291 1030 1318 quam
1053 1285 1207 1319 persecutio
1223 1284 1358 1316 habenda,
1375 1283 1589 1319 prommlumque
1604 1288 1632 1311 et
1647 1291 1730 1319 appa-

951 1335 1024 1357 ratus
1039 1330 1213 1358 Antichristi.
1229 1329 1292 1357 Esto
1306 1334 1399 1358 contra
1410 1329 1600 1363 Athanasium,
1611 1329 1732 1365 aliosque

948 1376 1088 1411 episcopos
1096 1376 1122 1403 in
1137 1376 1261 1403 exsilium
1274 1375 1382 1410 missos,
1396 1376 1478 1404 falsas
1489 1376 1667 1404 rontluxerint
1678 1377 1733 1403 cri-

948 1422 1125 1454 minationes,
1151 1429 1200 1449 cur
1225 1429 1324 1449 novum
1353 1423 1380 1448 id
1405 1422 1534 1449 facinoris
1563 1422 1732 1450 admittitur?

947 1474 1028 1501 quam
1065 1466 1304 1495 comminiscentur
1339 1474 1447 1494 causam
1489 1468 1619 1494 adversus
1648 1472 1730 1494 totam

110 1511 213 1543 πόλεως
228 1514 331 1546 simtu;
349 1514 416 1541 Οὐδὲ
430 1515 484 1550 γὰρ
503 1515 563 1542 καθ’
578 1516 692 1543 ἕκαστον
712 1517 896 1544 ἐπιϐουλεύειν

950 1512 1104 1547 Egyptum,
1121 1511 1233 1546 Libyam
1260 1516 1287 1539 et
1311 1511 1501 1546 Pentapolim?
1527 1511 1586 1539 Non
1610 1513 1730 1547 singulos

108 1556 233 1591 ἤρξαντο,
250 1558 292 1584 ἵνα
306 1559 357 1586 κᾶν
372 1559 521 1594 ψεύσασθαι
536 1560 685 1596 δυνηθῶσιν
696 1571 702 1577 ·
721 1562 776 1588 ἀλλ’
791 1563 895 1598 ἁθρόως

109 1603 191 1629 πᾶσιν
209 1603 345 1634 ἐπέθεντο.
373 1604 426 1637 ἵνα,
446 1605 496 1632 κᾶν
511 1605 607 1633 θέλωσι
626 1607 795 1640 πλάσασθαι,
814 1618 896 1636 κατα-

108 1648 276 1682 γνωσθῶσιν.
305 1649 456 1685 Ἐτύφλωσε
474 1652 539 1686 γοῦν
564 1652 653 1679 αὐτῶν
676 1655 704 1679 ἐν
722 1654 824 1687 τούτοις
846 1655 895 1690 τὴν

107 1694 227 1722 διάνοιαν
242 1696 257 1731 ἡ
272 1696 365 1728 κακία,
378 1698 423 1723 καὶ
439 1698 541 1727 πάντας
552 1698 645 1731 ἁπλῶς
657 1701 719 1731 τοὺς
732 1701 895 1733 ἐπισκόπους

108 1741 319 1776 ἀπροφασίστως
339 1742 456 1777 ἠξίωσαν
482 1744 676 1771 ἐκϐάλλεσθαι·
700 1746 743 1772 ἵνα
762 1746 893 1779 δείξωσιν,

109 1785 150 1812 ὅτι
164 1785 234 1813 κατὰ
253 1787 408 1814 Ἀθανασίου
424 1788 551 1815 καὶκατὰ
562 1789 615 1816 τῶν
629 1789 715 1816 ἄλλων
728 1791 893 1822 ἔπισκόπιιιν,

107 1831 155 1864 οὓς
165 1831 307 1868 ἐξώρισαν,
322 1833 471 1868 προφάσεις
484 1834 634 1862 ὲπλάσαντο
641 1835 746 1870 ψευδεῖς
755 1855 762 1868 ,
776 1836 809 1864 δι’
821 1836 896 1864 οὐδὲν

109 1877 202 1912 ἕτερον
221 1877 236 1912 ἢ
253 1877 295 1904 διά
311 1877 361 1913 τὴν
381 1877 481 1913 μιαρὰν
504 1878 609 1914 αἵρεσιν
630 1879 683 1905 τῶν
697 1879 895 1915 Χριστομάχων

116 1923 271 1958 Ἀρειανῶν.
300 1920 386 1950 Τοῦτο
413 1925 467 1960 γὰρ
493 1924 585 1952 λοιπὺν
602 1924 632 1951 οὐ
652 1925 803 1961 κέκρυπται
827 1925 893 1960 (63),

109 1969 177 1996 ἀλλὰ
194 1970 259 1996 πᾶσι
278 1970 395 2005 μάλιστα
410 1970 457 1997 νῦν
474 1970 568 2005 γέγονε
588 1972 713 2007 φανερόν.
739 1971 895 1998 Ἀθανάσιον

111 2014 160 2049 μὲν
175 2013 228 2050 γὰρ
239 2015 402 2051 προσέταξεν
413 2015 592 2043 ἐκϐάλλεσθαι
602 2017 650 2052 τῆς
660 2017 774 2050 πόλεως,
784 2017 896 2048 ἐκείνοις

108 2063 137 2091 δὲ
152 2064 325 2100 παραδέδωκε
348 2066 396 2097 τὰς
418 2066 575 2102 ἐκκλησίας.
598 2067 654 2094 Καὶ
673 2068 704 2099 οἱ,
715 2067 765 2103 μὲν
778 2066 896 2103 πρεσϐύ-

109 2123 180 2151 τεροι
197 2116 243 2142 καὶ
260 2116 283 2142 οἱ
301 2116 427 2149 διάκονοι,
445 2118 469 2143 οἱ
485 2118 543 2152 μετ’
558 2117 650 2149 αὑτοῦ,
665 2117 718 2144 ἀπὸ
734 2117 835 2153 Πέτρου
849 2117 895 2144 καὶ

116 2165 288 2202 Ἀλεξάνδρου
317 2167 512 2202 τυγχάνοντες,
536 2168 710 2196 ὲκϐάλλοντσι
734 2169 780 2195 καὶ
807 2177 894 2203 φυγα-
912 2179 934 2207 ο

108 2216 230 2244 δεύονται
240 2226 247 2232 ·
263 2218 287 2244 oi
302 2217 330 2244 δὲ
345 2218 453 2253 ἀληθῶς
473 2219 616 2254 ’Δρειανοὶ,
630 2219 654 2245 οἱ
669 2218 706 2255 μὴ
717 2218 815 2251 ἔξωθεν
830 2219 897 2254 άλη-

109 2265 163 2298 θῶς
175 2266 367 2302 ὑπονοούμενοι
380 2268 448 2302 (64),
462 2268 519 2294 ἀλλ’
529 2269 553 2295 οἱ
566 2268 595 2302 ἐξ
607 2269 694 2304 ἀρχῆς
705 2269 750 2294 διὰ
763 2268 811 2304 τὴν
824 2268 897 2304 αἵρε-

111 2322 153 2341 σιν
165 2315 342 2350 ἐκϐληθέντες
365 2317 422 2351 μετ’
440 2316 523 2343 αὑτοῦ
538 2317 585 2344 τοῦ
609 2317 712 2352 Ἀρείου
729 2317 804 2353 παρὰ
824 2317 897 2344 Ἀλε-

109 2364 222 2401 ξάνδρου
243 2366 290 2393 τοῦ
307 2366 458 2393 ἐπισκόπου
471 2387 477 2399 ,
495 2368 524 2394 ὲν
545 2368 595 2404 μὲν
611 2369 644 2404 τῇ
664 2369 720 2395 ἄνω
736 2367 823 2405 Λιϐύῃ
847 2369 895 2395 Σε-

111 2417 229 2449 κοῦνδος,
242 2418 271 2444 ὲν
282 2418 310 2444 δὲ
324 2419 357 2454 τῇ
376 2418 563 2455 Ἀλεξανδρεία
579 2418 698 2451 Εὺζὼῑος
709 2421 723 2445 ό
736 2420 895 2451 Χαναναῖος,

111 2468 157 2495 καὶ
175 2468 294 2502 Ἰούλιος,
308 2469 355 2496 καὶ
368 2469 495 2505 Ἀμμων,
509 2471 620 2506 Μάρκος
631 2478 671 2502 τε,
686 2470 731 2496 καὶ
744 2470 895 2505 Εἰρηναῖος,

109 2517 156 2544 καὶ
173 2517 304 2553 Ζὼσιμος,
326 2519 373 2545 καὶ
392 2519 537 2555 Σαραπίων
553 2520 668 2555 ἐπίκλην
685 2519 813 2547 Πελύκων
830 2519 896 2555 (65),

949 1559 1046 1593 quippe
1055 1557 1161 1585 insidiis
1177 1558 1233 1585 suis
1245 1559 1363 1593 aggressi
1376 1563 1450 1591 sunt,
1465 1563 1495 1585 ut
1506 1559 1569 1585 hinc
1579 1559 1727 1586 mentiendi

948 1604 1036 1631 locum
1058 1604 1191 1636 habeant;
1215 1604 1261 1631 sed
1280 1611 1332 1631 una
1348 1611 1443 1632 omnes
1458 1604 1544 1631 adorti
1561 1609 1640 1637 sunt,
1662 1609 1691 1631 ut
1707 1605 1729 1632 si

948 1649 1057 1677 mentiri
1070 1649 1169 1681 ausint,
1186 1649 1246 1677 falsi
1261 1655 1418 1686 arguantur.
1431 1649 1459 1677 In
1475 1650 1518 1677 his
1529 1650 1621 1684 itaque
1636 1657 1728 1677 eorum

947 1700 1064 1722 mentem
1082 1694 1228 1722 exczecavit
1250 1695 1352 1722 malitia
1369 1695 1392 1712 ⁸⁷
1417 1705 1424 1723 :
1452 1696 1592 1730 episcopos
1614 1702 1730 1730 namque

947 1747 1042 1767 omnes
1058 1740 1129 1767 nulla
1146 1741 1179 1768 de
1193 1747 1276 1767 causa
1299 1740 1360 1774 ejici
1382 1741 1553 1776 postularunt
1569 1749 1576 1766 :
1596 1745 1626 1767 ut
1642 1740 1728 1774 palam

947 1785 1011 1813 hinc
1026 1785 1160 1818 facerent,
1173 1795 1203 1814 se
1215 1787 1242 1814 in
1259 1787 1434 1814 Athanasium
1450 1786 1476 1813 in
1491 1786 1610 1820 aliosque
1624 1786 1729 1820 episco-

948 1839 1014 1867 pos,
1030 1840 1097 1867 quos
1118 1833 1242 1861 fecerunt
1255 1838 1393 1866 extorres,
1414 1832 1479 1860 falsa
1495 1833 1658 1860 confluxisse
1674 1833 1730 1860 cri-

949 1879 1032 1910 mina,
1060 1879 1131 1906 nulla
1153 1879 1204 1907 alia
1222 1879 1255 1906 de
1275 1886 1357 1906 causa
1372 1886 1453 1914 quam
1478 1878 1513 1906 ob
1535 1878 1729 1906 exsecrandam

947 1922 1048 1951 Christi
1071 1924 1189 1951 hostium
1211 1925 1373 1951 Arianorum
1396 1924 1529 1951 haresim.
1545 1923 1608 1952 Hec
1632 1926 1731 1960 quippe

949 1976 992 1996 res
1013 1976 1065 1996 non
1082 1969 1187 1997 occulta
1199 1989 1206 2002 ,
1231 1970 1278 1998 sed
1296 1970 1350 2005 jam
1373 1969 1499 1996 omnibus
1517 1969 1729 2004 exploratissima

949 2019 1000 2041 est.
1020 2013 1164 2042 Enimvero
1180 2015 1357 2042 Athanasium
1373 2013 1455 2048 jussit
1471 2021 1504 2041 ex
1526 2014 1592 2041 urbe
1607 2013 1683 2049 ejici,
1699 2012 1731 2041 il-

951 2059 1038 2094 lisque
1056 2060 1166 2088 tradidit
1179 2060 1318 2088 ecclesias.
1331 2059 1370 2086 Ac
1384 2060 1534 2095 presbyteri
1549 2060 1654 2094 quidem
1671 2060 1729 2087 dia-

949 2105 1066 2140 conique
1084 2106 1159 2140 ejus,
1189 2106 1234 2141 qui
1252 2114 1266 2133 a
1290 2105 1371 2134 Petro
1394 2111 1421 2134 et
1441 2106 1592 2133 Alexandro
1614 2106 1729 2134 ordinati

951 2151 1075 2185 fuerant,
1107 2152 1244 2187 pelluntur
1267 2152 1495 2187 proﬂiganturque
1521 2161 1527 2180 :
1557 2153 1613 2180 veri
1639 2157 1729 2180 autem

948 2198 1053 2231 Ariani,
1075 2199 1120 2233 qui
1135 2206 1188 2225 nun
1213 2199 1248 2226 ob
1270 2203 1409 2226 extentam
1434 2198 1578 2232 quamdam
1600 2198 1730 2232 suspicit»

946 2253 1027 2278 nem,
1043 2245 1088 2272 sed
1111 2245 1155 2280 qui
1172 2244 1206 2271 ab
1224 2243 1300 2271 initio
1321 2252 1381 2271 cum
1403 2244 1470 2271 Ario
1493 2243 1628 2271 haereseos
1647 2246 1728 2270 caus:

946 2290 979 2317 ab
996 2290 1152 2317 Alexandro
1166 2290 1292 2324 episcopo
1306 2289 1374 2324 pulsi
1390 2294 1463 2322 sunt,
1479 2288 1506 2315 in
1521 2289 1658 2322 superiore
1670 2288 1729 2323 qui-

945 2335 1004 2362 dem
1037 2335 1120 2371 Libya
1151 2335 1301 2368 Secundus,
1326 2334 1496 2362 Alcxandrize
1524 2341 1589 2361 vero
1613 2334 1730 2361 Euzoius

944 2380 1124 2412 Chananteus,
1142 2381 1238 2414 Julius,
1256 2382 1382 2413 Ammon,
1401 2381 1517 2415 Marcus,
1537 2381 1663 2412 lremeus,
1678 2380 1729 2407 Zo—

946 2427 1043 2459 simus,
1062 2431 1089 2454 et
1103 2427 1234 2460 Sarapion
1251 2432 1434 2462 cognomento
1452 2427 1580 2462 Pelyeon,
1594 2431 1622 2454 et
1637 2427 1663 2453 iu
1682 2425 1727 2452 Li-

948 2474 998 2508 bya
1013 2473 1160 2506 Sisiunius,
1176 2478 1202 2500 ct
1216 2474 1338 2509 juniores
1354 2474 1463 2508 quidam
1475 2474 1520 2508 qui
1538 2481 1591 2500 uua
1605 2481 1665 2500 cum
1683 2473 1729 2500 illo

947 2519 1028 2553 impie
1045 2519 1182 2551 sentiunt;
1198 2519 1236 2550 hi,
1255 2519 1364 2554 inquam
1380 2539 1387 2550 ,
1403 2519 1532 2546 ecclesias
1550 2522 1727 2552 occuparunt.

109 2563 156 2590 καὶ
171 2564 200 2589 ὲν
214 2563 299 2599 Λιϐύῃ
312 2564 451 2597 Σιτίννιος,
466 2565 512 2591 καὶ
526 2566 550 2591 oi.
567 2565 614 2592 σὺν
629 2564 703 2601 αὐτῷ
721 2565 846 2601 νεώτεροι
862 2563 1073 2596 συνασεϐοὖντες
1088 2563 1179 2597 αὐτοῖς
1189 2573 1195 2579 ·
1211 2561 1283 2591 οὗτοι
1297 2564 1344 2596 τὰς
1358 2564 1506 2600 ἐκκλησίας
1520 2564 1727 2600 παρειλήφασιν.

145 2609 166 2625 ⁵⁷
184 2610 247 2644 Sup.
271 2618 301 2640 Il,
325 2611 369 2637 2|.

148 2656 203 2690 [58)
218 2655 263 2682 Sic
280 2656 346 2691 Reg.
365 2657 434 2684 Editi
449 2665 512 2685 vero
525 2658 571 2684 καὶ
586 2658 650 2690 τοὺς
658 2659 716 2691 τῆς.

146 2677 203 2723 iiii;
219 2677 260 2716 illi
275 2677 346 2725 εἷέῖ
357 2677 433 2719 ἑῖἱὲὶϊ
446 2677 648 2721 εζιῖῖέιιῗῗτᾶξξό
661 2677 700 2720 ὲὲἶ

131 2726 199 2788 έ(60)
216 2726 262 2754 Sic
294 2727 357 2762 lteg.
391 2732 419 2754 et
447 2728 527 2755 Basil.
555 2727 625 2755 Etliti
655 2736 736 2761 vero,
773 2738 893 2766 παραγο-

146 2770 192 2787 νω.

111 2770 200 2858 μῖίὲῖ)
214 2796 272 2823 Μέιι
285 2798 358 2825 deest
374 2797 399 2824 iu
416 2798 504 2830 editis,
525 2799 571 2826 sed
594 2799 619 2826 iu
637 2798 702 2834 Reg.
718 2805 743 2827 et
761 2799 841 2827 Busil.
858 2799 895 2827 le-

110 2839 134 2867 gi
149 2839 191 2859 ur.

980 2656 1036 2691 (62)
1048 2656 1086 2682 Ita
1103 2655 1168 2689 Reg.
1182 2655 1252 2691 Eiliti
1262 2662 1327 2681 vero
1343 2656 1430 2690 μῖσος.

977 2692 1032 2723 (63)
1043 2692 1107 2724 Reg.
1117 2691 1208 2717 οὐκέτι
1218 2690 1377 2726 κέκρυπται.

1048 2727 1092 2765 ξίο
1108 2725 1172 2765 [ξος.
1192 2726 1261 2765 Etliti
1272 2724 1352 2765 vero;
1361 2724 1558 2765 ξπιηιοούμενοι.

978 2762 1035 2798 (65)
1057 2761 1094 2788 Ita
1111 2761 1176 2796 Reg.
1194 2767 1220 2798 et
1235 2759 1316 2798 Ba_s_i_l.
1334 2761 1413 2790 Editi.
1436 2759 1580 2798 Πελέκυον,
1596 2760 1729 2798 vertitque

943 2794 1075 2827 Nannius,
1092 2794 1248 2822 securicula.
1267 2794 1298 2822 lli
1312 2801 1400 2822 autem
1421 2796 1571 2830 presbyteri
1582 2799 1607 2821 et
1623 2794 1728 2830 diaconi

944 2835 1128 2862 meumr-antur
1144 2832 1170 2859 iu
1186 2831 1359 2859 damnatione
1377 2830 1434 2858 Arii
1450 2835 1477 2858 et
1489 2829 1516 2857 in
1534 2829 1652 2865 Epistula
1678 2838 1727 2857 eu-
