  <div class='ocr_page' id='page_1' title='image "/cluster/home/n/w/nwhite01/storage/ocr_20150623/25/njp.32101010944591/676.png"; bbox 0 0 2007 3044; ppageno 0'>
   <div class='ocr_carea' id='block_1_1' title="bbox 130 124 178 153">
    <p class='ocr_par' dir='ltr' id='par_1_1' title="bbox 130 124 178 153">
     <span class='ocr_line' id='line_1_1' title="bbox 130 124 178 153; baseline 0.042 -2"><span class='ocrx_word' id='word_1_1' title='bbox 130 124 178 153; x_wconf 75' lang='grc'><strong>781</strong></span> 
     </span>
    </p>
   </div>
   <div class='ocr_carea' id='block_1_2' title="bbox 627 125 1291 158">
    <p class='ocr_par' dir='ltr' id='par_1_2' title="bbox 627 125 1291 158">
     <span class='ocr_line' id='line_1_2' title="bbox 627 125 1291 158; baseline 0.003 -3"><span class='ocrx_word' id='word_1_2' title='bbox 627 125 789 155; x_wconf 74' lang='lat' dir='ltr'><strong>HISTORIA</strong></span> <span class='ocrx_word' id='word_1_3' title='bbox 809 125 1013 154; x_wconf 64' lang='lat' dir='ltr'><strong>ARIANORUM</strong></span> <span class='ocrx_word' id='word_1_4' title='bbox 1034 126 1080 155; x_wconf 72' lang='lat' dir='ltr'><strong>AD</strong></span> <span class='ocrx_word' id='word_1_5' title='bbox 1099 126 1291 158; x_wconf 76' lang='lat' dir='ltr'><strong>MONACHOS.</strong></span> 
     </span>
    </p>
   </div>
   <div class='ocr_carea' id='block_1_3' title="bbox 1687 127 1738 155">
    <p class='ocr_par' dir='ltr' id='par_1_3' title="bbox 1687 127 1738 155">
     <span class='ocr_line' id='line_1_3' title="bbox 1687 127 1738 155; baseline 0 0"><span class='ocrx_word' id='word_1_6' title='bbox 1687 127 1738 155; x_wconf 69' lang='lat'><strong>782</strong></span> 
     </span>
    </p>
   </div>
   <div class='ocr_carea' id='block_1_4' title="bbox 128 181 917 220">
    <p class='ocr_par' dir='ltr' id='par_1_4' title="bbox 128 181 912 219">
     <span class='ocr_line' id='line_1_4' title="bbox 128 181 912 219; baseline -0.001 -8"><span class='ocrx_word' id='word_1_7' title='bbox 128 183 158 211; x_wconf 71' lang='grc' dir='ltr'>ιν</span> <span class='ocrx_word' id='word_1_8' title='bbox 174 184 228 215; x_wconf 83' lang='grc' dir='ltr'>τοῖς</span> <span class='ocrx_word' id='word_1_9' title='bbox 247 181 339 218; x_wconf 66' lang='grc' dir='ltr'>μέλεσι</span> <span class='ocrx_word' id='word_1_10' title='bbox 356 182 503 214; x_wconf 71' lang='grc' dir='ltr'>σκόλοπας,</span> <span class='ocrx_word' id='word_1_11' title='bbox 525 183 571 209; x_wconf 77' lang='grc' dir='ltr'>καὶ</span> <span class='ocrx_word' id='word_1_12' title='bbox 592 183 718 219; x_wconf 77' lang='grc' dir='ltr'>μείζονας</span> <span class='ocrx_word' id='word_1_13' title='bbox 734 183 847 211; x_wconf 82' lang='grc' dir='ltr'><strong>Θανάτου</strong></span> <span class='ocrx_word' id='word_1_14' title='bbox 864 182 912 215; x_wconf 76' lang='grc' dir='ltr'>τὰς</span> 
     </span>
    </p>
   </div>
   <div class='ocr_carea' id='block_1_5' title="bbox 968 181 1740 220">
    <p class='ocr_par' dir='ltr' id='par_1_5' title="bbox 968 183 1740 220">
     <span class='ocr_line' id='line_1_5' title="bbox 968 183 1740 220; baseline -0.001 -9"><span class='ocrx_word' id='word_1_15' title='bbox 968 184 1033 218; x_wconf 78' lang='lat' dir='ltr'><strong>apud</strong></span> <span class='ocrx_word' id='word_1_16' title='bbox 1047 192 1094 213; x_wconf 81' lang='lat' dir='ltr'><strong>eos</strong></span> <span class='ocrx_word' id='word_1_17' title='bbox 1108 185 1203 214; x_wconf 84' lang='lat' dir='ltr'><strong>saltem</strong></span> <span class='ocrx_word' id='word_1_18' title='bbox 1225 184 1271 220; x_wconf 87' lang='lat' dir='ltr'><strong>qui</strong></span> <span class='ocrx_word' id='word_1_19' title='bbox 1286 183 1383 212; x_wconf 84' lang='lat' dir='ltr'><strong>mentis</strong></span> <span class='ocrx_word' id='word_1_20' title='bbox 1396 188 1535 218; x_wconf 79' lang='lat' dir='ltr'><strong>compotes</strong></span> <span class='ocrx_word' id='word_1_21' title='bbox 1552 188 1632 215; x_wconf 86' lang='lat' dir='ltr'><strong>sunt,</strong></span> <span class='ocrx_word' id='word_1_22' title='bbox 1646 184 1740 210; x_wconf 74' lang='lat' dir='ltr'><strong>existi-</strong></span> 
     </span>
    </p>
   </div>
   <div class='ocr_carea' id='block_1_6' title="bbox 129 227 911 265">
    <p class='ocr_par' dir='ltr' id='par_1_6' title="bbox 129 227 911 265">
     <span class='ocr_line' id='line_1_6' title="bbox 129 227 911 265; baseline -0.001 -10"><span class='ocrx_word' id='word_1_23' title='bbox 129 229 260 263; x_wconf 74' lang='grc' dir='ltr'>βασάνους</span> <span class='ocrx_word' id='word_1_24' title='bbox 280 227 433 264; x_wconf 78' lang='grc' dir='ltr'>ὑπομένειν.</span> <span class='ocrx_word' id='word_1_25' title='bbox 461 229 515 256; x_wconf 78' lang='grc' dir='ltr'><strong>Καὶ</strong></span> <span class='ocrx_word' id='word_1_26' title='bbox 540 228 570 255; x_wconf 92' lang='grc' dir='ltr'><strong>τό</strong></span> <span class='ocrx_word' id='word_1_27' title='bbox 593 237 625 263; x_wconf 81' lang='grc' dir='ltr'>γε</span> <span class='ocrx_word' id='word_1_28' title='bbox 650 228 809 265; x_wconf 85' lang='grc' dir='ltr'>δεινότερον,</span> <span class='ocrx_word' id='word_1_29' title='bbox 829 228 911 255; x_wconf 81' lang='grc' dir='ltr'>παντὶ</span> 
     </span>
    </p>
   </div>
   <div class='ocr_carea' id='block_1_7' title="bbox 130 274 912 311">
    <p class='ocr_par' dir='ltr' id='par_1_7' title="bbox 130 274 912 311">
     <span class='ocr_line' id='line_1_7' title="bbox 130 274 912 311; baseline -0.003 -9"><span class='ocrx_word' id='word_1_30' title='bbox 130 275 179 311; x_wconf 83' lang='grc' dir='ltr'>μὲν</span> <span class='ocrx_word' id='word_1_31' title='bbox 197 275 329 311; x_wconf 66' lang='grc' dir='ltr'>ἰσχύοντι,</span> <span class='ocrx_word' id='word_1_32' title='bbox 339 276 438 302; x_wconf 81' lang='grc' dir='ltr'>οίκεῖον</span> <span class='ocrx_word' id='word_1_33' title='bbox 454 276 482 302; x_wconf 86' lang='grc' dir='ltr'><strong>δὲ</strong></span> <span class='ocrx_word' id='word_1_34' title='bbox 502 275 555 302; x_wconf 83' lang='grc' dir='ltr'>τῶν</span> <span class='ocrx_word' id='word_1_35' title='bbox 570 275 689 302; x_wconf 87' lang='grc' dir='ltr'>ἀσεϐῶν·</span> <span class='ocrx_word' id='word_1_36' title='bbox 705 274 798 310; x_wconf 82' lang='grc' dir='ltr'>ἐπειδὴ</span> <span class='ocrx_word' id='word_1_37' title='bbox 814 274 912 301; x_wconf 84' lang='grc' dir='ltr'>κοπτό-</span> 
     </span>
    </p>
   </div>
   <div class='ocr_carea' id='block_1_8' title="bbox 130 319 911 357">
    <p class='ocr_par' dir='ltr' id='par_1_8' title="bbox 130 319 911 357">
     <span class='ocr_line' id='line_1_8' title="bbox 130 319 911 357; baseline -0.003 -9"><span class='ocrx_word' id='word_1_38' title='bbox 130 330 209 357; x_wconf 72' lang='grc' dir='ltr'>μεναι</span> <span class='ocrx_word' id='word_1_39' title='bbox 231 321 276 347; x_wconf 76' lang='grc' dir='ltr'><strong>τὸν</strong></span> <span class='ocrx_word' id='word_1_40' title='bbox 300 321 416 357; x_wconf 83' lang='grc' dir='ltr'>Χριστὸν</span> <span class='ocrx_word' id='word_1_41' title='bbox 443 321 631 352; x_wconf 78' lang='grc' dir='ltr'>ἐπεκαλοῦντο,</span> <span class='ocrx_word' id='word_1_42' title='bbox 657 319 786 356; x_wconf 75' lang='grc' dir='ltr'><strong>μειζόνως</strong></span> <span class='ocrx_word' id='word_1_43' title='bbox 808 319 911 355; x_wconf 73' lang='grc' dir='ltr'>ἐτριζον</span> 
     </span>
    </p>
   </div>
   <div class='ocr_carea' id='block_1_9' title="bbox 128 363 911 402">
    <p class='ocr_par' dir='ltr' id='par_1_9' title="bbox 128 363 911 402">
     <span class='ocr_line' id='line_1_9' title="bbox 128 363 911 402; baseline -0.003 -10"><span class='ocrx_word' id='word_1_44' title='bbox 128 366 188 392; x_wconf 80' lang='grc' dir='ltr'>κατ’</span> <span class='ocrx_word' id='word_1_45' title='bbox 202 365 293 392; x_wconf 80' lang='grc' dir='ltr'>αὐτῶν</span> <span class='ocrx_word' id='word_1_46' title='bbox 307 367 368 397; x_wconf 76' lang='grc' dir='ltr'>τοὺς</span> <span class='ocrx_word' id='word_1_47' title='bbox 385 366 502 397; x_wconf 75' lang='grc' dir='ltr'>ὀδόντας.</span> <span class='ocrx_word' id='word_1_48' title='bbox 528 365 634 402; x_wconf 81' lang='grc' dir='ltr'><strong>Ἀμέλει</strong></span> <span class='ocrx_word' id='word_1_49' title='bbox 657 365 717 391; x_wconf 80' lang='grc' dir='ltr'><strong>ούδέ</strong></span> <span class='ocrx_word' id='word_1_50' title='bbox 742 365 776 391; x_wconf 75' lang='grc' dir='ltr'><strong>τὰ</strong></span> <span class='ocrx_word' id='word_1_51' title='bbox 798 363 911 399; x_wconf 87' lang='grc' dir='ltr'>σώματα</span> 
     </span>
    </p>
   </div>
   <div class='ocr_carea' id='block_1_10' title="bbox 128 409 910 446">
    <p class='ocr_par' dir='ltr' id='par_1_10' title="bbox 128 409 910 446">
     <span class='ocr_line' id='line_1_10' title="bbox 128 409 910 446; baseline -0.003 -10"><span class='ocrx_word' id='word_1_52' title='bbox 128 410 182 437; x_wconf 80' lang='grc' dir='ltr'><strong>τῶν</strong></span> <span class='ocrx_word' id='word_1_53' title='bbox 197 411 415 446; x_wconf 72' lang='grc' dir='ltr'>ἀπογιγνομένι-»ν</span> <span class='ocrx_word' id='word_1_54' title='bbox 434 410 573 438; x_wconf 79' lang='grc' dir='ltr'><strong>ἀπεδίδουν</strong></span> <span class='ocrx_word' id='word_1_55' title='bbox 591 412 645 442; x_wconf 80' lang='grc' dir='ltr'>τοῖς</span> <span class='ocrx_word' id='word_1_56' title='bbox 660 409 735 441; x_wconf 74' lang='grc' dir='ltr'>ἰδίοις</span> <span class='ocrx_word' id='word_1_57' title='bbox 750 410 790 441; x_wconf 79' lang='grc' dir='ltr'><strong>εἰς</strong></span> <span class='ocrx_word' id='word_1_58' title='bbox 804 409 892 444; x_wconf 84' lang='grc' dir='ltr'>ταφήν</span> <span class='ocrx_word' id='word_1_59' title='bbox 902 416 910 423; x_wconf 86' lang='grc'><strong>·</strong></span> 
     </span>
    </p>
   </div>
   <div class='ocr_carea' id='block_1_11' title="bbox 128 454 912 491">
    <p class='ocr_par' dir='ltr' id='par_1_11' title="bbox 128 454 912 491">
     <span class='ocr_line' id='line_1_11' title="bbox 128 454 912 491; baseline -0.003 -9"><span class='ocrx_word' id='word_1_60' title='bbox 128 455 185 482; x_wconf 86' lang='grc' dir='ltr'>ἀλλ’</span> <span class='ocrx_word' id='word_1_61' title='bbox 201 454 350 489; x_wconf 80' lang='grc' dir='ltr'>ἔκρυπτον,</span> <span class='ocrx_word' id='word_1_62' title='bbox 372 456 415 483; x_wconf 79' lang='grc' dir='ltr'>ἵνα</span> <span class='ocrx_word' id='word_1_63' title='bbox 432 456 526 489; x_wconf 77' lang='grc' dir='ltr'>δόξωσι</span> <span class='ocrx_word' id='word_1_64' title='bbox 543 455 684 482; x_wconf 79' lang='grc' dir='ltr'>λανθάνειν</span> <span class='ocrx_word' id='word_1_65' title='bbox 710 455 758 490; x_wconf 84' lang='grc' dir='ltr'>τὴν</span> <span class='ocrx_word' id='word_1_66' title='bbox 782 454 912 491; x_wconf 83' lang='grc' dir='ltr'>ἀνδροφο-</span> 
     </span>
    </p>
   </div>
   <div class='ocr_carea' id='block_1_12' title="bbox 129 499 911 536">
    <p class='ocr_par' dir='ltr' id='par_1_12' title="bbox 129 499 911 536">
     <span class='ocr_line' id='line_1_12' title="bbox 129 499 911 536; baseline -0.003 -8"><span class='ocrx_word' id='word_1_67' title='bbox 129 501 197 528; x_wconf 89' lang='grc' dir='ltr'>νίαν.</span> <span class='ocrx_word' id='word_1_68' title='bbox 215 500 284 528; x_wconf 78' lang='grc' dir='ltr'>Ἀλλ’</span> <span class='ocrx_word' id='word_1_69' title='bbox 297 501 346 528; x_wconf 77' lang='grc' dir='ltr'>οὐκ</span> <span class='ocrx_word' id='word_1_70' title='bbox 363 500 472 528; x_wconf 76' lang='grc' dir='ltr'>ἔλαθον·</span> <span class='ocrx_word' id='word_1_71' title='bbox 498 502 572 528; x_wconf 79' lang='grc' dir='ltr'>πᾶσα</span> <span class='ocrx_word' id='word_1_72' title='bbox 588 501 642 536; x_wconf 83' lang='grc' dir='ltr'>γὰρ</span> <span class='ocrx_word' id='word_1_73' title='bbox 663 501 680 536; x_wconf 84' lang='grc' dir='ltr'>ἡ</span> <span class='ocrx_word' id='word_1_74' title='bbox 696 500 773 532; x_wconf 81' lang='grc' dir='ltr'>πόλις</span> <span class='ocrx_word' id='word_1_75' title='bbox 794 499 911 536; x_wconf 77' lang='grc' dir='ltr'>ἑώρακε,</span> 
     </span>
    </p>
   </div>
   <div class='ocr_carea' id='block_1_13' title="bbox 128 544 912 582">
    <p class='ocr_par' dir='ltr' id='par_1_13' title="bbox 128 544 912 582">
     <span class='ocr_line' id='line_1_13' title="bbox 128 544 912 582; baseline -0.004 -8"><span class='ocrx_word' id='word_1_76' title='bbox 128 548 174 574; x_wconf 82' lang='grc' dir='ltr'>καὶ</span> <span class='ocrx_word' id='word_1_77' title='bbox 190 547 289 578; x_wconf 83' lang='grc' dir='ltr'>πάντες</span> <span class='ocrx_word' id='word_1_78' title='bbox 309 546 347 578; x_wconf 86' lang='grc' dir='ltr'>ὡς</span> <span class='ocrx_word' id='word_1_79' title='bbox 365 546 488 582; x_wconf 76' lang='grc' dir='ltr'><strong>δημίους,</strong></span> <span class='ocrx_word' id='word_1_80' title='bbox 505 546 542 578; x_wconf 84' lang='grc' dir='ltr'><strong>ὡς</strong></span> <span class='ocrx_word' id='word_1_81' title='bbox 560 545 726 581; x_wconf 82' lang='grc' dir='ltr'>κακούργους</span> <span class='ocrx_word' id='word_1_82' title='bbox 743 546 789 572; x_wconf 76' lang='grc' dir='ltr'>καὶ</span> <span class='ocrx_word' id='word_1_83' title='bbox 810 544 912 581; x_wconf 72' lang='grc' dir='ltr'>λῃστὰς</span> 
     </span>
    </p>
   </div>
   <div class='ocr_carea' id='block_1_14' title="bbox 128 590 912 628">
    <p class='ocr_par' dir='ltr' id='par_1_14' title="bbox 128 590 912 628">
     <span class='ocr_line' id='line_1_14' title="bbox 128 590 912 628; baseline -0.003 -10"><span class='ocrx_word' id='word_1_84' title='bbox 128 592 338 628; x_wconf 70' lang='grc' dir='ltr'><strong>ἀπεστρέφοντο.</strong></span> <span class='ocrx_word' id='word_1_85' title='bbox 359 592 412 619; x_wconf 77' lang='grc' dir='ltr'><strong>Καὶ</strong></span> <span class='ocrx_word' id='word_1_86' title='bbox 432 592 486 628; x_wconf 76' lang='grc' dir='ltr'>γὰρ</span> <span class='ocrx_word' id='word_1_87' title='bbox 506 593 551 619; x_wconf 78' lang='grc' dir='ltr'>καὶ</span> <span class='ocrx_word' id='word_1_88' title='bbox 576 592 745 628; x_wconf 83' lang='grc' dir='ltr'>μοναστήρια</span> <span class='ocrx_word' id='word_1_89' title='bbox 766 590 912 626; x_wconf 83' lang='grc' dir='ltr'>κατέστρε-</span> 
     </span>
    </p>
   </div>
   <div class='ocr_carea' id='block_1_15' title="bbox 103 636 913 674">
    <p class='ocr_par' dir='ltr' id='par_1_15' title="bbox 103 636 913 674">
     <span class='ocr_line' id='line_1_15' title="bbox 103 636 913 674; baseline -0.001 -10"><span class='ocrx_word' id='word_1_90' title='bbox 103 639 111 650; x_wconf 91' lang='grc'><em>’</em></span> <span class='ocrx_word' id='word_1_91' title='bbox 128 637 192 672; x_wconf 70' lang='grc' dir='ltr'>ψαν,</span> <span class='ocrx_word' id='word_1_92' title='bbox 210 638 256 664; x_wconf 71' lang='grc' dir='ltr'><strong>καὶ</strong></span> <span class='ocrx_word' id='word_1_93' title='bbox 274 639 313 670; x_wconf 86' lang='grc' dir='ltr'><strong>είς</strong></span> <span class='ocrx_word' id='word_1_94' title='bbox 330 637 385 674; x_wconf 84' lang='grc' dir='ltr'>πῦρ</span> <span class='ocrx_word' id='word_1_95' title='bbox 397 637 525 673; x_wconf 78' lang='grc' dir='ltr'>ἐμϐαλεῖν</span> <span class='ocrx_word' id='word_1_96' title='bbox 541 638 671 673; x_wconf 81' lang='grc' dir='ltr'>μοναχοὺς</span> <span class='ocrx_word' id='word_1_97' title='bbox 684 637 833 672; x_wconf 77' lang='grc' dir='ltr'>ἐπείρασαν</span> <span class='ocrx_word' id='word_1_98' title='bbox 845 645 851 651; x_wconf 90' lang='grc'><strong>·</strong></span> <span class='ocrx_word' id='word_1_99' title='bbox 866 636 913 663; x_wconf 77' lang='grc' dir='ltr'>καὶ</span> 
     </span>
    </p>
   </div>
   <div class='ocr_carea' id='block_1_16' title="bbox 127 681 912 718">
    <p class='ocr_par' dir='ltr' id='par_1_16' title="bbox 127 681 912 718">
     <span class='ocr_line' id='line_1_16' title="bbox 127 681 912 718; baseline -0.001 -9"><span class='ocrx_word' id='word_1_100' title='bbox 127 681 280 718; x_wconf 77' lang='grc' dir='ltr'>διήρπασαν</span> <span class='ocrx_word' id='word_1_101' title='bbox 308 682 414 715; x_wconf 65' lang='grc' dir='ltr'>οίκους,</span> <span class='ocrx_word' id='word_1_102' title='bbox 432 682 480 709; x_wconf 69' lang='grc' dir='ltr'>καὶ</span> <span class='ocrx_word' id='word_1_103' title='bbox 505 682 668 718; x_wconf 79' lang='grc' dir='ltr'><strong>παραθήκας</strong></span> <span class='ocrx_word' id='word_1_104' title='bbox 689 682 814 714; x_wconf 82' lang='grc' dir='ltr'>τεθείσας</span> <span class='ocrx_word' id='word_1_105' title='bbox 838 681 912 718; x_wconf 79' lang='grc' dir='ltr'>παρὰ</span> 
     </span>
    </p>
   </div>
   <div class='ocr_carea' id='block_1_17' title="bbox 127 725 914 764">
    <p class='ocr_par' dir='ltr' id='par_1_17' title="bbox 127 725 914 764">
     <span class='ocr_line' id='line_1_17' title="bbox 127 725 914 764; baseline 0 -10"><span class='ocrx_word' id='word_1_106' title='bbox 127 725 174 754; x_wconf 80' lang='grc' dir='ltr'>τοῦ</span> <span class='ocrx_word' id='word_1_107' title='bbox 201 728 349 755; x_wconf 76' lang='grc' dir='ltr'>ἐπισκόπου</span> <span class='ocrx_word' id='word_1_108' title='bbox 373 730 412 760; x_wconf 81' lang='grc' dir='ltr'><strong>εἰς</strong></span> <span class='ocrx_word' id='word_1_109' title='bbox 437 726 510 755; x_wconf 76' lang='grc' dir='ltr'>οἷκον</span> <span class='ocrx_word' id='word_1_110' title='bbox 535 728 684 764; x_wconf 77' lang='grc' dir='ltr'>ἐλευθέρων</span> <span class='ocrx_word' id='word_1_111' title='bbox 712 727 914 759; x_wconf 73' lang='grc' dir='ltr'><strong>ἐπεισελθόντες</strong></span> 
     </span>
    </p>
   </div>
   <div class='ocr_carea' id='block_1_18' title="bbox 127 773 914 810">
    <p class='ocr_par' dir='ltr' id='par_1_18' title="bbox 127 773 914 810">
     <span class='ocr_line' id='line_1_18' title="bbox 127 773 914 810; baseline -0.001 -10"><span class='ocrx_word' id='word_1_112' title='bbox 127 773 264 809; x_wconf 76' lang='grc' dir='ltr'>ἥρπασαν,</span> <span class='ocrx_word' id='word_1_113' title='bbox 285 774 331 801; x_wconf 76' lang='grc' dir='ltr'>καὶ</span> <span class='ocrx_word' id='word_1_114' title='bbox 344 774 532 810; x_wconf 78' lang='grc' dir='ltr'>ἀπεστέρησαν</span> <span class='ocrx_word' id='word_1_115' title='bbox 551 774 600 806; x_wconf 77' lang='grc' dir='ltr'><strong>τάς</strong></span> <span class='ocrx_word' id='word_1_116' title='bbox 619 775 706 810; x_wconf 83' lang='grc' dir='ltr'>χήρας</span> <span class='ocrx_word' id='word_1_117' title='bbox 724 773 794 800; x_wconf 84' lang='grc' dir='ltr'><strong>κατά</strong></span> <span class='ocrx_word' id='word_1_118' title='bbox 809 773 914 809; x_wconf 70' lang='grc' dir='ltr'>πελμά-</span> 
     </span>
    </p>
   </div>
   <div class='ocr_carea' id='block_1_19' title="bbox 127 819 842 856">
    <p class='ocr_par' dir='ltr' id='par_1_19' title="bbox 127 819 842 856">
     <span class='ocr_line' id='line_1_19' title="bbox 127 819 842 856; baseline 0 -10"><span class='ocrx_word' id='word_1_119' title='bbox 127 829 180 848; x_wconf 84' lang='grc' dir='ltr'><strong>των</strong></span> <span class='ocrx_word' id='word_1_120' title='bbox 192 819 247 856; x_wconf 85' lang='grc'><strong>(71)</strong></span> <span class='ocrx_word' id='word_1_121' title='bbox 261 819 384 852; x_wconf 78' lang='grc' dir='ltr'>ἔκοπτον,</span> <span class='ocrx_word' id='word_1_122' title='bbox 401 820 448 847; x_wconf 70' lang='grc' dir='ltr'><strong>καὶ</strong></span> <span class='ocrx_word' id='word_1_123' title='bbox 459 820 508 852; x_wconf 85' lang='grc' dir='ltr'><strong>τὰς</strong></span> <span class='ocrx_word' id='word_1_124' title='bbox 520 819 701 855; x_wconf 74' lang='grc' dir='ltr'>ἐλεημοσύνας</span> <span class='ocrx_word' id='word_1_125' title='bbox 715 819 842 847; x_wconf 73' lang='grc' dir='ltr'>ἐκώλυον.</span> 
     </span>
    </p>
   </div>
   <div class='ocr_carea' id='block_1_20' title="bbox 961 229 1741 265">
    <p class='ocr_par' dir='ltr' id='par_1_20' title="bbox 961 229 1741 265">
     <span class='ocr_line' id='line_1_20' title="bbox 961 229 1741 265; baseline -0.001 -8"><span class='ocrx_word' id='word_1_126' title='bbox 961 234 1060 263; x_wconf 83' lang='lat' dir='ltr'><strong>utetur,</strong></span> <span class='ocrx_word' id='word_1_127' title='bbox 1080 229 1170 265; x_wconf 83' lang='lat' dir='ltr'><strong>impiis</strong></span> <span class='ocrx_word' id='word_1_128' title='bbox 1191 235 1279 257; x_wconf 87' lang='lat' dir='ltr'><strong>tamen</strong></span> <span class='ocrx_word' id='word_1_129' title='bbox 1302 234 1531 262; x_wconf 76' lang='lat' dir='ltr'><strong>consentaneum,</strong></span> <span class='ocrx_word' id='word_1_130' title='bbox 1549 229 1612 257; x_wconf 91' lang='lat' dir='ltr'><strong>dum</strong></span> <span class='ocrx_word' id='word_1_131' title='bbox 1630 229 1681 256; x_wconf 61' lang='lat' dir='ltr'><strong>illa!</strong></span> <span class='ocrx_word' id='word_1_132' title='bbox 1702 230 1741 256; x_wconf 92' lang='lat' dir='ltr'><strong>in-</strong></span> 
     </span>
    </p>
   </div>
   <div class='ocr_carea' id='block_1_21' title="bbox 962 276 1741 310">
    <p class='ocr_par' dir='ltr' id='par_1_21' title="bbox 962 276 1741 310">
     <span class='ocr_line' id='line_1_21' title="bbox 962 276 1741 310; baseline -0.003 -6"><span class='ocrx_word' id='word_1_133' title='bbox 962 281 1001 304; x_wconf 87' lang='lat' dir='ltr'><strong>ter</strong></span> <span class='ocrx_word' id='word_1_134' title='bbox 1018 276 1131 304; x_wconf 84' lang='lat' dir='ltr'><strong>verbera</strong></span> <span class='ocrx_word' id='word_1_135' title='bbox 1152 276 1289 304; x_wconf 74' lang='lat' dir='ltr'><strong>Christum</strong></span> <span class='ocrx_word' id='word_1_136' title='bbox 1306 276 1480 309; x_wconf 83' lang='lat' dir='ltr'><strong>invocarent,</strong></span> <span class='ocrx_word' id='word_1_137' title='bbox 1494 276 1578 310; x_wconf 80' lang='lat' dir='ltr'><strong>magis</strong></span> <span class='ocrx_word' id='word_1_138' title='bbox 1592 276 1741 303; x_wconf 67' lang='lat' dir='ltr'><strong>stridebant</strong></span> 
     </span>
    </p>
   </div>
   <div class='ocr_carea' id='block_1_22' title="bbox 962 321 1740 356">
    <p class='ocr_par' dir='ltr' id='par_1_22' title="bbox 962 321 1740 356">
     <span class='ocr_line' id='line_1_22' title="bbox 962 321 1740 356; baseline -0.003 -7"><span class='ocrx_word' id='word_1_139' title='bbox 962 322 1086 350; x_wconf 87' lang='lat' dir='ltr'><strong>dentibus</strong></span> <span class='ocrx_word' id='word_1_140' title='bbox 1102 322 1233 350; x_wconf 82' lang='lat' dir='ltr'><strong>adversus</strong></span> <span class='ocrx_word' id='word_1_141' title='bbox 1253 322 1323 350; x_wconf 87' lang='lat' dir='ltr'><strong>illas.</strong></span> <span class='ocrx_word' id='word_1_142' title='bbox 1345 321 1391 349; x_wconf 62' lang='lat' dir='ltr'><strong>Nae</strong></span> <span class='ocrx_word' id='word_1_143' title='bbox 1407 321 1444 348; x_wconf 89' lang='lat' dir='ltr'><strong>illi</strong></span> <span class='ocrx_word' id='word_1_144' title='bbox 1465 328 1550 356; x_wconf 91' lang='lat' dir='ltr'><strong>neque</strong></span> <span class='ocrx_word' id='word_1_145' title='bbox 1567 328 1678 353; x_wconf 82' lang='lat' dir='ltr'><strong>corpora</strong></span> <span class='ocrx_word' id='word_1_146' title='bbox 1694 321 1740 347; x_wconf 91' lang='lat' dir='ltr'><strong>de-</strong></span> 
     </span>
    </p>
   </div>
   <div class='ocr_carea' id='block_1_23' title="bbox 962 365 1742 400">
    <p class='ocr_par' dir='ltr' id='par_1_23' title="bbox 962 365 1742 400">
     <span class='ocr_line' id='line_1_23' title="bbox 962 365 1742 400; baseline -0.004 -5"><span class='ocrx_word' id='word_1_147' title='bbox 962 367 1116 395; x_wconf 70' lang='lat' dir='ltr'><strong>functorum</strong></span> <span class='ocrx_word' id='word_1_148' title='bbox 1128 368 1161 395; x_wconf 90' lang='lat' dir='ltr'><strong>ad</strong></span> <span class='ocrx_word' id='word_1_149' title='bbox 1177 368 1344 395; x_wconf 83' lang='lat' dir='ltr'><strong>humandum</strong></span> <span class='ocrx_word' id='word_1_150' title='bbox 1360 366 1510 400; x_wconf 87' lang='lat' dir='ltr'><strong>tradidere,</strong></span> <span class='ocrx_word' id='word_1_151' title='bbox 1527 366 1584 399; x_wconf 84' lang='lat' dir='ltr'><strong>sed,</strong></span> <span class='ocrx_word' id='word_1_152' title='bbox 1599 371 1627 393; x_wconf 87' lang='lat' dir='ltr'><strong>ut</strong></span> <span class='ocrx_word' id='word_1_153' title='bbox 1646 374 1693 392; x_wconf 88' lang='lat' dir='ltr'><strong>sua</strong></span> <span class='ocrx_word' id='word_1_154' title='bbox 1706 365 1742 392; x_wconf 62' lang='lat' dir='ltr'><strong>la.</strong></span> 
     </span>
    </p>
   </div>
   <div class='ocr_carea' id='block_1_24' title="bbox 963 409 1742 446">
    <p class='ocr_par' dir='ltr' id='par_1_24' title="bbox 963 409 1742 446">
     <span class='ocr_line' id='line_1_24' title="bbox 963 409 1742 446; baseline -0.006 -6"><span class='ocrx_word' id='word_1_155' title='bbox 963 417 1050 440; x_wconf 88' lang='lat' dir='ltr'><strong>terent</strong></span> <span class='ocrx_word' id='word_1_156' title='bbox 1072 412 1234 446; x_wconf 87' lang='lat' dir='ltr'><strong>homicidia,</strong></span> <span class='ocrx_word' id='word_1_157' title='bbox 1255 412 1435 440; x_wconf 89' lang='lat' dir='ltr'><strong>occultarum.</strong></span> <span class='ocrx_word' id='word_1_158' title='bbox 1459 411 1495 438; x_wconf 84' lang='lat' dir='ltr'><strong>At</strong></span> <span class='ocrx_word' id='word_1_159' title='bbox 1515 417 1681 445; x_wconf 79' lang='lat' dir='ltr'><strong>nequaquam</strong></span> <span class='ocrx_word' id='word_1_160' title='bbox 1704 409 1742 436; x_wconf 86' lang='lat' dir='ltr'><strong>la-</strong></span> 
     </span>
    </p>
   </div>
   <div class='ocr_carea' id='block_1_25' title="bbox 962 455 1742 494">
    <p class='ocr_par' dir='ltr' id='par_1_25' title="bbox 962 455 1742 494">
     <span class='ocr_line' id='line_1_25' title="bbox 962 455 1742 494; baseline -0.005 -8"><span class='ocrx_word' id='word_1_161' title='bbox 962 463 1053 492; x_wconf 85' lang='lat' dir='ltr'><strong>tuere,</strong></span> <span class='ocrx_word' id='word_1_162' title='bbox 1073 466 1130 487; x_wconf 87' lang='lat' dir='ltr'><strong>rem</strong></span> <span class='ocrx_word' id='word_1_163' title='bbox 1154 459 1254 494; x_wconf 78' lang='lat' dir='ltr'><strong>quippe</strong></span> <span class='ocrx_word' id='word_1_164' title='bbox 1273 458 1339 485; x_wconf 82' lang='lat' dir='ltr'><strong>vidit</strong></span> <span class='ocrx_word' id='word_1_165' title='bbox 1365 457 1554 490; x_wconf 75' lang='lat' dir='ltr'><strong>tota‘civitas,</strong></span> <span class='ocrx_word' id='word_1_166' title='bbox 1568 455 1742 490; x_wconf 84' lang='lat' dir='ltr'><strong>universique</strong></span> 
     </span>
    </p>
   </div>
   <div class='ocr_carea' id='block_1_26' title="bbox 961 501 1742 538">
    <p class='ocr_par' dir='ltr' id='par_1_26' title="bbox 961 501 1742 538">
     <span class='ocr_line' id='line_1_26' title="bbox 961 501 1742 538; baseline -0.006 -6"><span class='ocrx_word' id='word_1_167' title='bbox 961 505 1023 532; x_wconf 87' lang='lat' dir='ltr'><strong>illos</strong></span> <span class='ocrx_word' id='word_1_168' title='bbox 1045 509 1074 532; x_wconf 89' lang='lat' dir='ltr'><strong>ut</strong></span> <span class='ocrx_word' id='word_1_169' title='bbox 1093 501 1260 537; x_wconf 73' lang='lat' dir='ltr'><strong>liomicidas,</strong></span> <span class='ocrx_word' id='word_1_170' title='bbox 1280 503 1417 538; x_wconf 86' lang='lat' dir='ltr'><strong>improbos</strong></span> <span class='ocrx_word' id='word_1_171' title='bbox 1438 503 1564 536; x_wconf 79' lang='lat' dir='ltr'><strong>furesque</strong></span> <span class='ocrx_word' id='word_1_172' title='bbox 1581 501 1742 529; x_wconf 72' lang='lat' dir='ltr'><strong>aversaban-</strong></span> 
     </span>
    </p>
   </div>
   <div class='ocr_carea' id='block_1_27' title="bbox 963 545 1742 577">
    <p class='ocr_par' dir='ltr' id='par_1_27' title="bbox 963 545 1742 577">
     <span class='ocr_line' id='line_1_27' title="bbox 963 545 1742 577; baseline -0.006 0"><span class='ocrx_word' id='word_1_173' title='bbox 963 554 1018 577; x_wconf 49' lang='lat' dir='ltr'><strong>tur.»</strong></span> <span class='ocrx_word' id='word_1_174' title='bbox 1031 549 1176 577; x_wconf 81' lang='lat' dir='ltr'><strong>Enimvero</strong></span> <span class='ocrx_word' id='word_1_175' title='bbox 1191 548 1353 577; x_wconf 85' lang='lat' dir='ltr'><strong>monasteria</strong></span> <span class='ocrx_word' id='word_1_176' title='bbox 1365 548 1572 577; x_wconf 77' lang='lat' dir='ltr'><strong>subverterunt,</strong></span> <span class='ocrx_word' id='word_1_177' title='bbox 1585 545 1742 573; x_wconf 84' lang='lat' dir='ltr'><strong>monachos—</strong></span> 
     </span>
    </p>
   </div>
   <div class='ocr_carea' id='block_1_28' title="bbox 962 591 1749 630">
    <p class='ocr_par' dir='ltr' id='par_1_28' title="bbox 962 591 1749 630">
     <span class='ocr_line' id='line_1_28' title="bbox 962 591 1749 630; baseline -0.008 -8"><span class='ocrx_word' id='word_1_178' title='bbox 962 601 1014 630; x_wconf 84' lang='lat' dir='ltr'><strong>que</strong></span> <span class='ocrx_word' id='word_1_179' title='bbox 1030 595 1055 621; x_wconf 92' lang='lat' dir='ltr'><strong>in</strong></span> <span class='ocrx_word' id='word_1_180' title='bbox 1069 594 1156 630; x_wconf 69' lang='lat' dir='ltr'><strong>ignem</strong></span> <span class='ocrx_word' id='word_1_181' title='bbox 1173 593 1286 628; x_wconf 83' lang='lat' dir='ltr'><strong>injicere</strong></span> <span class='ocrx_word' id='word_1_182' title='bbox 1306 596 1445 621; x_wconf 80' lang='lat' dir='ltr'><strong>tentarunt</strong></span> <span class='ocrx_word' id='word_1_183' title='bbox 1458 601 1465 619; x_wconf 88' lang='lat'><strong>:</strong></span> <span class='ocrx_word' id='word_1_184' title='bbox 1480 592 1573 619; x_wconf 88' lang='lat' dir='ltr'><strong>domos</strong></span> <span class='ocrx_word' id='word_1_185' title='bbox 1584 591 1720 625; x_wconf 78' lang='lat' dir='ltr'><strong>diripuere</strong></span> <span class='ocrx_word' id='word_1_186' title='bbox 1735 598 1749 617; x_wconf 82' lang='lat'><strong>:-</strong></span> 
     </span>
    </p>
   </div>
   <div class='ocr_carea' id='block_1_29' title="bbox 963 634 1742 675">
    <p class='ocr_par' dir='ltr' id='par_1_29' title="bbox 963 634 1742 675">
     <span class='ocr_line' id='line_1_29' title="bbox 963 634 1742 675; baseline -0.009 -8"><span class='ocrx_word' id='word_1_187' title='bbox 963 640 1085 675; x_wconf 88' lang='lat' dir='ltr'><strong>deposila</strong></span> <span class='ocrx_word' id='word_1_188' title='bbox 1106 640 1140 667; x_wconf 89' lang='lat' dir='ltr'><strong>ab</strong></span> <span class='ocrx_word' id='word_1_189' title='bbox 1160 639 1288 673; x_wconf 86' lang='lat' dir='ltr'><strong>episcopo</strong></span> <span class='ocrx_word' id='word_1_190' title='bbox 1306 640 1333 666; x_wconf 91' lang='lat' dir='ltr'><strong>tn</strong></span> <span class='ocrx_word' id='word_1_191' title='bbox 1349 638 1495 666; x_wconf 86' lang='lat' dir='ltr'><strong>liberorum</strong></span> <span class='ocrx_word' id='word_1_192' title='bbox 1508 638 1617 664; x_wconf 89' lang='lat' dir='ltr'><strong>domum</strong></span> <span class='ocrx_word' id='word_1_193' title='bbox 1635 634 1722 662; x_wconf 83' lang='lat' dir='ltr'><strong>delata</strong></span> <span class='ocrx_word' id='word_1_194' title='bbox 1735 654 1742 666; x_wconf 84' lang='lat'><strong>,</strong></span> 
     </span>
    </p>
   </div>
   <div class='ocr_carea' id='block_1_30' title="bbox 963 681 1744 720">
    <p class='ocr_par' dir='ltr' id='par_1_30' title="bbox 963 681 1744 720">
     <span class='ocr_line' id='line_1_30' title="bbox 963 681 1744 720; baseline -0.006 -8"><span class='ocrx_word' id='word_1_195' title='bbox 963 685 1145 720; x_wconf 87' lang='lat' dir='ltr'><strong>irrumpentes</strong></span> <span class='ocrx_word' id='word_1_196' title='bbox 1158 683 1328 712; x_wconf 87' lang='lat' dir='ltr'><strong>abstulerunt</strong></span> <span class='ocrx_word' id='word_1_197' title='bbox 1341 691 1350 710; x_wconf 91' lang='lat'>:</span> <span class='ocrx_word' id='word_1_198' title='bbox 1369 683 1462 711; x_wconf 83' lang='lat' dir='ltr'><strong>viduas</strong></span> <span class='ocrx_word' id='word_1_199' title='bbox 1477 681 1595 709; x_wconf 85' lang='lat' dir='ltr'><strong>calcibus</strong></span> <span class='ocrx_word' id='word_1_200' title='bbox 1606 686 1744 715; x_wconf 82' lang='lat' dir='ltr'><strong>percusso-</strong></span> 
     </span>
    </p>
   </div>
   <div class='ocr_carea' id='block_1_31' title="bbox 964 727 1620 766">
    <p class='ocr_par' dir='ltr' id='par_1_31' title="bbox 964 727 1620 766">
     <span class='ocr_line' id='line_1_31' title="bbox 964 727 1620 766; baseline -0.008 -8"><span class='ocrx_word' id='word_1_201' title='bbox 964 735 1038 764; x_wconf 89' lang='lat' dir='ltr'><strong>runt,</strong></span> <span class='ocrx_word' id='word_1_202' title='bbox 1053 730 1232 766; x_wconf 82' lang='lat' dir='ltr'><strong>eleemosyna:</strong></span> <span class='ocrx_word' id='word_1_203' title='bbox 1243 737 1278 757; x_wconf 87' lang='lat' dir='ltr'><strong>ne</strong></span> <span class='ocrx_word' id='word_1_204' title='bbox 1293 729 1423 756; x_wconf 87' lang='lat' dir='ltr'><strong>darentur</strong></span> <span class='ocrx_word' id='word_1_205' title='bbox 1433 727 1620 756; x_wconf 87' lang='lat' dir='ltr'><strong>cohibuerunt.</strong></span> 
     </span>
    </p>
   </div>
   <div class='ocr_carea' id='block_1_32' title="bbox 162 852 917 902">
    <p class='ocr_par' dir='ltr' id='par_1_32' title="bbox 162 852 914 902">
     <span class='ocr_line' id='line_1_32' title="bbox 162 852 914 902; baseline -0.001 -10"><span class='ocrx_word' id='word_1_206' title='bbox 162 852 206 893; x_wconf 42' lang='lat'><strong>75-.</strong></span> <span class='ocrx_word' id='word_1_207' title='bbox 227 852 344 892; x_wconf 65' lang='grc' dir='ltr'>τοιαῦτα</span> <span class='ocrx_word' id='word_1_208' title='bbox 363 865 412 901; x_wconf 70' lang='grc' dir='ltr'>μὲν</span> <span class='ocrx_word' id='word_1_209' title='bbox 423 862 469 892; x_wconf 82' lang='grc' dir='ltr'>οὖν</span> <span class='ocrx_word' id='word_1_210' title='bbox 483 865 518 892; x_wconf 80' lang='grc' dir='ltr'><strong>τὰ</strong></span> <span class='ocrx_word' id='word_1_211' title='bbox 529 852 723 901; x_wconf 73' lang='grc' dir='ltr'>πονηρεύματα</span> <span class='ocrx_word' id='word_1_212' title='bbox 737 864 790 892; x_wconf 84' lang='grc' dir='ltr'><strong>τῶν</strong></span> <span class='ocrx_word' id='word_1_213' title='bbox 809 865 914 902; x_wconf 79' lang='grc' dir='ltr'>Ἀρεια-</span> 
     </span>
    </p>
   </div>
   <div class='ocr_carea' id='block_1_33' title="bbox 968 852 1746 902">
    <p class='ocr_par' dir='ltr' id='par_1_33' title="bbox 1000 862 1746 902">
     <span class='ocr_line' id='line_1_33' title="bbox 1000 862 1746 902; baseline -0.008 -7"><span class='ocrx_word' id='word_1_214' title='bbox 1000 866 1046 895; x_wconf 77' lang='grc'><strong>73.</strong></span> <span class='ocrx_word' id='word_1_215' title='bbox 1067 865 1204 902; x_wconf 79' lang='lat' dir='ltr'><strong>Ejusmodi</strong></span> <span class='ocrx_word' id='word_1_216' title='bbox 1217 870 1279 894; x_wconf 84' lang='lat' dir='ltr'><strong>sunt</strong></span> <span class='ocrx_word' id='word_1_217' title='bbox 1290 866 1453 894; x_wconf 76' lang='lat' dir='ltr'><strong>Arianorum</strong></span> <span class='ocrx_word' id='word_1_218' title='bbox 1465 865 1577 893; x_wconf 84' lang='lat' dir='ltr'><strong>scelera.</strong></span> <span class='ocrx_word' id='word_1_219' title='bbox 1588 862 1684 898; x_wconf 79' lang='lat' dir='ltr'><strong>Quaua</strong></span> <span class='ocrx_word' id='word_1_220' title='bbox 1699 869 1746 889; x_wconf 87' lang='lat' dir='ltr'><strong>au-</strong></span> 
     </span>
    </p>
   </div>
   <div class='ocr_carea' id='block_1_34' title="bbox 127 907 915 946">
    <p class='ocr_par' dir='ltr' id='par_1_34' title="bbox 127 907 915 946">
     <span class='ocr_line' id='line_1_34' title="bbox 127 907 915 946; baseline -0.001 -9"><span class='ocrx_word' id='word_1_221' title='bbox 127 909 189 938; x_wconf 68' lang='lat' dir='ltr'><strong>vGiv.</strong></span> <span class='ocrx_word' id='word_1_222' title='bbox 207 907 259 937; x_wconf 73' lang='grc' dir='ltr'>οἷα</span> <span class='ocrx_word' id='word_1_223' title='bbox 276 910 304 937; x_wconf 74' lang='grc' dir='ltr'><strong>δὲ</strong></span> <span class='ocrx_word' id='word_1_224' title='bbox 319 909 408 936; x_wconf 76' lang='grc' dir='ltr'>αὐτῶν</span> <span class='ocrx_word' id='word_1_225' title='bbox 427 909 474 936; x_wconf 77' lang='grc' dir='ltr'>καὶ</span> <span class='ocrx_word' id='word_1_226' title='bbox 495 910 529 937; x_wconf 82' lang='grc' dir='ltr'>τὰ</span> <span class='ocrx_word' id='word_1_227' title='bbox 550 909 600 945; x_wconf 85' lang='grc' dir='ltr'>τῆς</span> <span class='ocrx_word' id='word_1_228' title='bbox 619 909 764 945; x_wconf 81' lang='grc' dir='ltr'>ἀθεότητος</span> <span class='ocrx_word' id='word_1_229' title='bbox 776 910 915 946; x_wconf 82' lang='grc' dir='ltr'>ἐπιχειρή-</span> 
     </span>
    </p>
   </div>
   <div class='ocr_carea' id='block_1_35' title="bbox 128 954 915 991">
    <p class='ocr_par' dir='ltr' id='par_1_35' title="bbox 128 954 915 991">
     <span class='ocr_line' id='line_1_35' title="bbox 128 954 915 991; baseline 0 -10"><span class='ocrx_word' id='word_1_230' title='bbox 128 963 211 990; x_wconf 80' lang='grc' dir='ltr'>ματα,</span> <span class='ocrx_word' id='word_1_231' title='bbox 230 955 270 987; x_wconf 88' lang='grc' dir='ltr'><strong>τίς</strong></span> <span class='ocrx_word' id='word_1_232' title='bbox 290 954 409 988; x_wconf 82' lang='grc' dir='ltr'>ἀκούσας</span> <span class='ocrx_word' id='word_1_233' title='bbox 430 955 459 982; x_wconf 76' lang='grc' dir='ltr'>οὐ</span> <span class='ocrx_word' id='word_1_234' title='bbox 479 954 600 990; x_wconf 81' lang='grc' dir='ltr'>φρίξειε;</span> <span class='ocrx_word' id='word_1_235' title='bbox 614 954 684 986; x_wconf 79' lang='grc' dir='ltr'>Τοὺς</span> <span class='ocrx_word' id='word_1_236' title='bbox 699 954 748 990; x_wconf 87' lang='grc' dir='ltr'>μὲν</span> <span class='ocrx_word' id='word_1_237' title='bbox 768 954 823 991; x_wconf 83' lang='grc' dir='ltr'>γὰρ</span> <span class='ocrx_word' id='word_1_238' title='bbox 840 955 915 991; x_wconf 87' lang='grc' dir='ltr'>τηλι-</span> 
     </span>
    </p>
   </div>
   <div class='ocr_carea' id='block_1_36' title="bbox 128 994 916 1036">
    <p class='ocr_par' dir='ltr' id='par_1_36' title="bbox 128 994 916 1036">
     <span class='ocr_line' id='line_1_36' title="bbox 128 994 916 1036; baseline -0.001 -8"><span class='ocrx_word' id='word_1_239' title='bbox 128 999 238 1032; x_wconf 75' lang='grc' dir='ltr'>κούτους</span> <span class='ocrx_word' id='word_1_240' title='bbox 249 1000 378 1036; x_wconf 76' lang='grc' dir='ltr'>γέροντας</span> <span class='ocrx_word' id='word_1_241' title='bbox 390 1000 437 1028; x_wconf 76' lang='grc' dir='ltr'>καὶ</span> <span class='ocrx_word' id='word_1_242' title='bbox 450 994 588 1032; x_wconf 82' lang='grc' dir='ltr'>πολυετεῖς</span> <span class='ocrx_word' id='word_1_243' title='bbox 600 1000 765 1033; x_wconf 80' lang='grc' dir='ltr'>ἐπισκόπους</span> <span class='ocrx_word' id='word_1_244' title='bbox 777 999 916 1036; x_wconf 71' lang='grc' dir='ltr'>ἐξορισθῆ-</span> 
     </span>
    </p>
   </div>
   <div class='ocr_carea' id='block_1_37' title="bbox 127 1046 916 1083">
    <p class='ocr_par' dir='ltr' id='par_1_37' title="bbox 127 1046 916 1083">
     <span class='ocr_line' id='line_1_37' title="bbox 127 1046 916 1083; baseline 0 -10"><span class='ocrx_word' id='word_1_245' title='bbox 127 1055 171 1073; x_wconf 86' lang='grc' dir='ltr'><strong>ναι</strong></span> <span class='ocrx_word' id='word_1_246' title='bbox 185 1047 364 1083; x_wconf 75' lang='grc' dir='ltr'>πεποιήκασιν</span> <span class='ocrx_word' id='word_1_247' title='bbox 377 1058 381 1062; x_wconf 84' lang='lat'><strong><em>-</em></strong></span> <span class='ocrx_word' id='word_1_248' title='bbox 399 1047 460 1073; x_wconf 76' lang='grc' dir='ltr'>ἀντὶ</span> <span class='ocrx_word' id='word_1_249' title='bbox 472 1046 501 1073; x_wconf 84' lang='grc' dir='ltr'><strong>δέ</strong></span> <span class='ocrx_word' id='word_1_250' title='bbox 515 1047 617 1074; x_wconf 86' lang='grc' dir='ltr'>τούτων</span> <span class='ocrx_word' id='word_1_251' title='bbox 630 1046 778 1082; x_wconf 81' lang='grc' dir='ltr'>νεωτέρους</span> <span class='ocrx_word' id='word_1_252' title='bbox 791 1047 916 1081; x_wconf 59' lang='grc' dir='ltr'>ἀσελγεῖς</span> 
     </span>
    </p>
   </div>
   <div class='ocr_carea' id='block_1_38' title="bbox 128 1091 917 1128">
    <p class='ocr_par' dir='ltr' id='par_1_38' title="bbox 128 1091 917 1128">
     <span class='ocr_line' id='line_1_38' title="bbox 128 1091 917 1128; baseline -0.003 -8"><span class='ocrx_word' id='word_1_253' title='bbox 128 1092 271 1128; x_wconf 78' lang='grc' dir='ltr'>Ἕλληνας,</span> <span class='ocrx_word' id='word_1_254' title='bbox 297 1091 365 1128; x_wconf 84' lang='grc' dir='ltr'>μήτε</span> <span class='ocrx_word' id='word_1_255' title='bbox 386 1091 606 1128; x_wconf 81' lang='grc' dir='ltr'>κατηχηθέντας,</span> <span class='ocrx_word' id='word_1_256' title='bbox 622 1091 748 1125; x_wconf 78' lang='grc' dir='ltr'>δόξαντες</span> <span class='ocrx_word' id='word_1_257' title='bbox 768 1092 849 1124; x_wconf 80' lang='grc' dir='ltr'>εὐθὺς</span> <span class='ocrx_word' id='word_1_258' title='bbox 868 1100 917 1118; x_wconf 81' lang='grc' dir='ltr'>πε-</span> 
     </span>
    </p>
   </div>
   <div class='ocr_carea' id='block_1_39' title="bbox 99 1137 917 1173">
    <p class='ocr_par' dir='ltr' id='par_1_39' title="bbox 99 1137 917 1173">
     <span class='ocr_line' id='line_1_39' title="bbox 99 1137 917 1173; baseline 0 -9"><span class='ocrx_word' id='word_1_259' title='bbox 99 1152 101 1154; x_wconf 97' lang='grc'><strong><em>-</em></strong></span> <span class='ocrx_word' id='word_1_260' title='bbox 129 1137 246 1172; x_wconf 86' lang='grc' dir='ltr'>ραίνειν·</span> <span class='ocrx_word' id='word_1_261' title='bbox 260 1137 306 1164; x_wconf 76' lang='grc' dir='ltr'>καὶ</span> <span class='ocrx_word' id='word_1_262' title='bbox 323 1137 420 1169; x_wconf 77' lang='grc' dir='ltr'>ἄλλους</span> <span class='ocrx_word' id='word_1_263' title='bbox 437 1137 600 1172; x_wconf 85' lang='grc' dir='ltr'>διγυναίους,</span> <span class='ocrx_word' id='word_1_264' title='bbox 619 1138 666 1164; x_wconf 78' lang='grc' dir='ltr'>καὶ</span> <span class='ocrx_word' id='word_1_265' title='bbox 681 1137 728 1164; x_wconf 75' lang='grc' dir='ltr'>ἐπὶ</span> <span class='ocrx_word' id='word_1_266' title='bbox 742 1137 861 1173; x_wconf 81' lang='grc' dir='ltr'>μείζοσιν</span> <span class='ocrx_word' id='word_1_267' title='bbox 875 1138 917 1164; x_wconf 83' lang='grc' dir='ltr'><strong>αι-</strong></span> 
     </span>
    </p>
   </div>
   <div class='ocr_carea' id='block_1_40' title="bbox 127 1183 916 1220">
    <p class='ocr_par' dir='ltr' id='par_1_40' title="bbox 127 1183 916 1220">
     <span class='ocr_line' id='line_1_40' title="bbox 127 1183 916 1220; baseline -0.001 -9"><span class='ocrx_word' id='word_1_268' title='bbox 127 1183 199 1215; x_wconf 86' lang='grc' dir='ltr'>τίαις</span> <span class='ocrx_word' id='word_1_269' title='bbox 215 1183 447 1219; x_wconf 80' lang='grc' dir='ltr'>ἐγκαλουμένους,</span> <span class='ocrx_word' id='word_1_270' title='bbox 462 1183 507 1211; x_wconf 84' lang='grc' dir='ltr'>διὰ</span> <span class='ocrx_word' id='word_1_271' title='bbox 528 1183 573 1210; x_wconf 80' lang='grc' dir='ltr'>τὸν</span> <span class='ocrx_word' id='word_1_272' title='bbox 594 1184 658 1220; x_wconf 73' lang='grc' dir='ltr'>περὶ</span> <span class='ocrx_word' id='word_1_273' title='bbox 676 1183 775 1215; x_wconf 79' lang='grc' dir='ltr'>αὐτοὺς</span> <span class='ocrx_word' id='word_1_274' title='bbox 791 1183 916 1216; x_wconf 82' lang='grc' dir='ltr'>πλοῦτον,</span> 
     </span>
    </p>
   </div>
   <div class='ocr_carea' id='block_1_41' title="bbox 130 1229 916 1265">
    <p class='ocr_par' dir='ltr' id='par_1_41' title="bbox 130 1229 916 1265">
     <span class='ocr_line' id='line_1_41' title="bbox 130 1229 916 1265; baseline -0.001 -8"><span class='ocrx_word' id='word_1_275' title='bbox 130 1230 179 1257; x_wconf 76' lang='grc' dir='ltr'>καὶ</span> <span class='ocrx_word' id='word_1_276' title='bbox 197 1231 247 1265; x_wconf 82' lang='grc' dir='ltr'>τὴν</span> <span class='ocrx_word' id='word_1_277' title='bbox 267 1231 299 1256; x_wconf 85' lang='grc' dir='ltr'><strong>ἐκ</strong></span> <span class='ocrx_word' id='word_1_278' title='bbox 315 1230 363 1265; x_wconf 86' lang='grc' dir='ltr'>τῆς</span> <span class='ocrx_word' id='word_1_279' title='bbox 381 1230 519 1262; x_wconf 77' lang='grc' dir='ltr'>πολιτείας</span> <span class='ocrx_word' id='word_1_280' title='bbox 543 1229 719 1261; x_wconf 83' lang='grc' dir='ltr'>δυναστείαν,</span> <span class='ocrx_word' id='word_1_281' title='bbox 750 1229 860 1265; x_wconf 87' lang='grc' dir='ltr'>χρυσίον</span> <span class='ocrx_word' id='word_1_282' title='bbox 877 1229 916 1256; x_wconf 66' lang='grc' dir='ltr'><strong>δια</strong></span> 
     </span>
    </p>
   </div>
   <div class='ocr_carea' id='block_1_42' title="bbox 128 1275 918 1312">
    <p class='ocr_par' dir='ltr' id='par_1_42' title="bbox 128 1275 918 1312">
     <span class='ocr_line' id='line_1_42' title="bbox 128 1275 918 1312; baseline 0 -10"><span class='ocrx_word' id='word_1_283' title='bbox 128 1276 233 1307; x_wconf 83' lang='grc' dir='ltr'>δόντας,</span> <span class='ocrx_word' id='word_1_284' title='bbox 254 1276 292 1308; x_wconf 87' lang='grc' dir='ltr'>ὡς</span> <span class='ocrx_word' id='word_1_285' title='bbox 304 1276 358 1303; x_wconf 84' lang='grc' dir='ltr'>ἀπὸ</span> <span class='ocrx_word' id='word_1_286' title='bbox 374 1276 548 1312; x_wconf 76' lang='grc' dir='ltr'>πωλητηρίου</span> <span class='ocrx_word' id='word_1_287' title='bbox 567 1275 731 1303; x_wconf 81' lang='grc' dir='ltr'>ἀπέστελλον</span> <span class='ocrx_word' id='word_1_288' title='bbox 747 1275 847 1307; x_wconf 84' lang='grc' dir='ltr'>αὐτοὺς</span> <span class='ocrx_word' id='word_1_289' title='bbox 864 1275 918 1302; x_wconf 81' lang='grc' dir='ltr'>ὀνο-</span> 
     </span>
    </p>
   </div>
   <div class='ocr_carea' id='block_1_43' title="bbox 129 1321 918 1357">
    <p class='ocr_par' dir='ltr' id='par_1_43' title="bbox 129 1321 918 1357">
     <span class='ocr_line' id='line_1_43' title="bbox 129 1321 918 1357; baseline 0 -9"><span class='ocrx_word' id='word_1_290' title='bbox 129 1321 264 1357; x_wconf 82' lang='grc' dir='ltr'>μάσαντες</span> <span class='ocrx_word' id='word_1_291' title='bbox 282 1321 456 1353; x_wconf 81' lang='grc' dir='ltr'>ἐπισκόπους.</span> <span class='ocrx_word' id='word_1_292' title='bbox 477 1321 532 1349; x_wconf 74' lang='grc' dir='ltr'><strong>Καὶ</strong></span> <span class='ocrx_word' id='word_1_293' title='bbox 555 1321 649 1348; x_wconf 85' lang='grc' dir='ltr'>λοιπὸν</span> <span class='ocrx_word' id='word_1_294' title='bbox 664 1322 721 1353; x_wconf 84' lang='grc' dir='ltr'>τοῖς</span> <span class='ocrx_word' id='word_1_295' title='bbox 743 1321 818 1353; x_wconf 80' lang='grc' dir='ltr'>λαοῖς</span> <span class='ocrx_word' id='word_1_296' title='bbox 837 1321 918 1348; x_wconf 85' lang='grc' dir='ltr'>δεινο-</span> 
     </span>
    </p>
   </div>
   <div class='ocr_carea' id='block_1_44' title="bbox 128 1367 916 1405">
    <p class='ocr_par' dir='ltr' id='par_1_44' title="bbox 128 1367 916 1405">
     <span class='ocr_line' id='line_1_44' title="bbox 128 1367 916 1405; baseline 0.001 -11"><span class='ocrx_word' id='word_1_297' title='bbox 128 1367 194 1404; x_wconf 83' lang='grc' dir='ltr'>τέρα</span> <span class='ocrx_word' id='word_1_298' title='bbox 206 1367 330 1402; x_wconf 82' lang='grc' dir='ltr'>ἐγίγνετο</span> <span class='ocrx_word' id='word_1_299' title='bbox 344 1369 361 1404; x_wconf 85' lang='grc' dir='ltr'>ὴ</span> <span class='ocrx_word' id='word_1_300' title='bbox 375 1368 518 1404; x_wconf 76' lang='grc' dir='ltr'>συμφορά⁶</span> <span class='ocrx_word' id='word_1_301' title='bbox 534 1368 766 1405; x_wconf 81' lang='grc' dir='ltr'>ἀποστρεφόμενοι</span> <span class='ocrx_word' id='word_1_302' title='bbox 780 1368 833 1405; x_wconf 83' lang='grc' dir='ltr'><strong>γὰρ</strong></span> <span class='ocrx_word' id='word_1_303' title='bbox 854 1368 916 1401; x_wconf 81' lang='grc' dir='ltr'>τοὺς</span> 
     </span>
    </p>
   </div>
   <div class='ocr_carea' id='block_1_45' title="bbox 131 1415 916 1451">
    <p class='ocr_par' dir='ltr' id='par_1_45' title="bbox 131 1415 916 1451">
     <span class='ocr_line' id='line_1_45' title="bbox 131 1415 916 1451; baseline 0 -10"><span class='ocrx_word' id='word_1_304' title='bbox 131 1415 281 1450; x_wconf 80' lang='grc' dir='ltr'>μισθωτοὺς</span> <span class='ocrx_word' id='word_1_305' title='bbox 292 1415 413 1448; x_wconf 77' lang='grc' dir='ltr'>ἐκείνων,</span> <span class='ocrx_word' id='word_1_306' title='bbox 426 1416 472 1442; x_wconf 75' lang='grc' dir='ltr'>καὶ</span> <span class='ocrx_word' id='word_1_307' title='bbox 488 1415 644 1451; x_wconf 71' lang='grc' dir='ltr'>ἀλλοτρίως</span> <span class='ocrx_word' id='word_1_308' title='bbox 665 1415 782 1447; x_wconf 85' lang='grc' dir='ltr'>ἐαυτῶν,</span> <span class='ocrx_word' id='word_1_309' title='bbox 802 1415 916 1450; x_wconf 84' lang='grc' dir='ltr'>ἐμαστί-</span> 
     </span>
    </p>
   </div>
   <div class='ocr_carea' id='block_1_46' title="bbox 129 1460 918 1497">
    <p class='ocr_par' dir='ltr' id='par_1_46' title="bbox 129 1460 918 1497">
     <span class='ocr_line' id='line_1_46' title="bbox 129 1460 918 1497; baseline -0.001 -9"><span class='ocrx_word' id='word_1_310' title='bbox 129 1462 216 1494; x_wconf 76' lang='grc' dir='ltr'>ζοντο,</span> <span class='ocrx_word' id='word_1_311' title='bbox 231 1460 408 1497; x_wconf 84' lang='grc' dir='ltr'>ἐδημεύοντο,</span> <span class='ocrx_word' id='word_1_312' title='bbox 426 1462 466 1493; x_wconf 81' lang='grc' dir='ltr'><strong>είς</strong></span> <span class='ocrx_word' id='word_1_313' title='bbox 481 1461 516 1488; x_wconf 87' lang='grc' dir='ltr'><strong>τὰ</strong></span> <span class='ocrx_word' id='word_1_314' title='bbox 536 1461 710 1497; x_wconf 81' lang='grc' dir='ltr'>δεσμωτήρια</span> <span class='ocrx_word' id='word_1_315' title='bbox 731 1461 918 1489; x_wconf 84' lang='grc' dir='ltr'>κατεκλείοντο</span> 
     </span>
    </p>
   </div>
   <div class='ocr_carea' id='block_1_47' title="bbox 965 909 1746 949">
    <p class='ocr_par' dir='ltr' id='par_1_47' title="bbox 965 909 1746 949">
     <span class='ocr_line' id='line_1_47' title="bbox 965 909 1746 949; baseline -0.008 -7"><span class='ocrx_word' id='word_1_316' title='bbox 965 918 1019 942; x_wconf 80' lang='lat' dir='ltr'><strong>teni</strong></span> <span class='ocrx_word' id='word_1_317' title='bbox 1034 914 1090 942; x_wconf 82' lang='lat' dir='ltr'><strong>sint</strong></span> <span class='ocrx_word' id='word_1_318' title='bbox 1106 920 1200 941; x_wconf 81' lang='lat' dir='ltr'><strong>eorum</strong></span> <span class='ocrx_word' id='word_1_319' title='bbox 1220 913 1367 949; x_wconf 81' lang='lat' dir='ltr'><strong>impietatis</strong></span> <span class='ocrx_word' id='word_1_320' title='bbox 1383 912 1516 944; x_wconf 78' lang='lat' dir='ltr'><strong>facinora,</strong></span> <span class='ocrx_word' id='word_1_321' title='bbox 1536 912 1597 946; x_wconf 83' lang='lat' dir='ltr'><strong>quis</strong></span> <span class='ocrx_word' id='word_1_322' title='bbox 1616 909 1640 938; x_wconf 84' lang='lat' dir='ltr'><strong>si</strong></span> <span class='ocrx_word' id='word_1_323' title='bbox 1655 909 1746 937; x_wconf 80' lang='lat' dir='ltr'><strong>audiat</strong></span> 
     </span>
    </p>
   </div>
   <div class='ocr_carea' id='block_1_48' title="bbox 965 959 1744 995">
    <p class='ocr_par' dir='ltr' id='par_1_48' title="bbox 965 959 1744 995">
     <span class='ocr_line' id='line_1_48' title="bbox 965 959 1744 995; baseline -0.008 -8"><span class='ocrx_word' id='word_1_324' title='bbox 965 967 1018 988; x_wconf 88' lang='lat' dir='ltr'><strong>non</strong></span> <span class='ocrx_word' id='word_1_325' title='bbox 1031 959 1227 987; x_wconf 80' lang='lat' dir='ltr'><strong>exhorrescat?</strong></span> <span class='ocrx_word' id='word_1_326' title='bbox 1239 959 1376 995; x_wconf 81' lang='lat' dir='ltr'><strong>Siquidem</strong></span> <span class='ocrx_word' id='word_1_327' title='bbox 1394 963 1448 985; x_wconf 88' lang='lat' dir='ltr'><strong>tam</strong></span> <span class='ocrx_word' id='word_1_328' title='bbox 1470 964 1565 991; x_wconf 87' lang='lat' dir='ltr'><strong>graves</strong></span> <span class='ocrx_word' id='word_1_329' title='bbox 1581 963 1674 988; x_wconf 84' lang='lat' dir='ltr'><strong>senes,</strong></span> <span class='ocrx_word' id='word_1_330' title='bbox 1692 959 1744 982; x_wconf 89' lang='lat' dir='ltr'><strong>tam</strong></span> 
     </span>
    </p>
   </div>
   <div class='ocr_carea' id='block_1_49' title="bbox 965 1001 1746 1040">
    <p class='ocr_par' dir='ltr' id='par_1_49' title="bbox 965 1001 1746 1040">
     <span class='ocr_line' id='line_1_49' title="bbox 965 1001 1746 1040; baseline -0.01 -8"><span class='ocrx_word' id='word_1_331' title='bbox 965 1012 1081 1032; x_wconf 86' lang='lat' dir='ltr'><strong>annosos</strong></span> <span class='ocrx_word' id='word_1_332' title='bbox 1093 1004 1234 1040; x_wconf 79' lang='lat' dir='ltr'><strong>episcopos</strong></span> <span class='ocrx_word' id='word_1_333' title='bbox 1248 1004 1275 1031; x_wconf 91' lang='lat' dir='ltr'><strong>in</strong></span> <span class='ocrx_word' id='word_1_334' title='bbox 1288 1003 1413 1032; x_wconf 75' lang='lat' dir='ltr'><strong>exsilium</strong></span> <span class='ocrx_word' id='word_1_335' title='bbox 1426 1001 1486 1037; x_wconf 90' lang='lat' dir='ltr'><strong>pelli</strong></span> <span class='ocrx_word' id='word_1_336' title='bbox 1502 1003 1642 1032; x_wconf 85' lang='lat' dir='ltr'><strong>curarunt,</strong></span> <span class='ocrx_word' id='word_1_337' title='bbox 1653 1006 1746 1026; x_wconf 89' lang='lat' dir='ltr'><strong>eorum</strong></span> 
     </span>
    </p>
   </div>
   <div class='ocr_carea' id='block_1_50' title="bbox 966 1046 1748 1086">
    <p class='ocr_par' dir='ltr' id='par_1_50' title="bbox 966 1046 1748 1086">
     <span class='ocr_line' id='line_1_50' title="bbox 966 1046 1748 1086; baseline -0.009 -8"><span class='ocrx_word' id='word_1_338' title='bbox 966 1054 1057 1078; x_wconf 88' lang='lat' dir='ltr'><strong>autem</strong></span> <span class='ocrx_word' id='word_1_339' title='bbox 1074 1050 1133 1078; x_wconf 83' lang='lat' dir='ltr'><strong>vice</strong></span> <span class='ocrx_word' id='word_1_340' title='bbox 1146 1050 1270 1086; x_wconf 88' lang='lat' dir='ltr'><strong>juniores</strong></span> <span class='ocrx_word' id='word_1_341' title='bbox 1284 1049 1490 1085; x_wconf 82' lang='lat' dir='ltr'><strong>pelulantesque</strong></span> <span class='ocrx_word' id='word_1_342' title='bbox 1503 1046 1635 1077; x_wconf 84' lang='lat' dir='ltr'><strong>ethnicos,</strong></span> <span class='ocrx_word' id='word_1_343' title='bbox 1656 1052 1690 1072; x_wconf 91' lang='lat' dir='ltr'><strong>ne</strong></span> <span class='ocrx_word' id='word_1_344' title='bbox 1704 1051 1748 1071; x_wconf 54' lang='lat' dir='ltr'><strong>ca.</strong></span> 
     </span>
    </p>
   </div>
   <div class='ocr_carea' id='block_1_51' title="bbox 967 1089 1746 1131">
    <p class='ocr_par' dir='ltr' id='par_1_51' title="bbox 967 1089 1746 1131">
     <span class='ocr_line' id='line_1_51' title="bbox 967 1089 1746 1131; baseline -0.01 -7"><span class='ocrx_word' id='word_1_345' title='bbox 967 1095 1142 1124; x_wconf 86' lang='lat' dir='ltr'><strong>techumenos</strong></span> <span class='ocrx_word' id='word_1_346' title='bbox 1158 1096 1284 1131; x_wconf 79' lang='lat' dir='ltr'><strong>quidem,</strong></span> <span class='ocrx_word' id='word_1_347' title='bbox 1305 1094 1338 1122; x_wconf 89' lang='lat' dir='ltr'><strong>ad</strong></span> <span class='ocrx_word' id='word_1_348' title='bbox 1360 1100 1494 1122; x_wconf 89' lang='lat' dir='ltr'><strong>summum</strong></span> <span class='ocrx_word' id='word_1_349' title='bbox 1520 1091 1611 1120; x_wconf 78' lang='lat' dir='ltr'><strong>statim</strong></span> <span class='ocrx_word' id='word_1_350' title='bbox 1635 1089 1746 1127; x_wconf 81' lang='lat' dir='ltr'><strong>gradum</strong></span> 
     </span>
    </p>
   </div>
   <div class='ocr_carea' id='block_1_52' title="bbox 967 1135 1748 1177">
    <p class='ocr_par' dir='ltr' id='par_1_52' title="bbox 967 1135 1748 1177">
     <span class='ocr_line' id='line_1_52' title="bbox 967 1135 1748 1177; baseline -0.012 -7"><span class='ocrx_word' id='word_1_351' title='bbox 967 1143 1084 1171; x_wconf 82' lang='lat' dir='ltr'><strong>transire</strong></span> <span class='ocrx_word' id='word_1_352' title='bbox 1093 1141 1184 1177; x_wconf 69' lang='lat' dir='ltr'><strong>iussos</strong></span> <span class='ocrx_word' id='word_1_353' title='bbox 1204 1151 1211 1170; x_wconf 90' lang='lat'><strong>:</strong></span> <span class='ocrx_word' id='word_1_354' title='bbox 1229 1142 1299 1170; x_wconf 87' lang='lat' dir='ltr'><strong>alios</strong></span> <span class='ocrx_word' id='word_1_355' title='bbox 1313 1141 1445 1177; x_wconf 85' lang='lat' dir='ltr'><strong>bigamos,</strong></span> <span class='ocrx_word' id='word_1_356' title='bbox 1457 1138 1644 1172; x_wconf 81' lang='lat' dir='ltr'><strong>maiorumque</strong></span> <span class='ocrx_word' id='word_1_357' title='bbox 1656 1135 1748 1163; x_wconf 86' lang='lat' dir='ltr'><strong>crimi-</strong></span> 
     </span>
    </p>
   </div>
   <div class='ocr_carea' id='block_1_53' title="bbox 967 1181 1747 1223">
    <p class='ocr_par' dir='ltr' id='par_1_53' title="bbox 967 1181 1747 1223">
     <span class='ocr_line' id='line_1_53' title="bbox 967 1181 1747 1223; baseline -0.012 -6"><span class='ocrx_word' id='word_1_358' title='bbox 967 1196 1031 1217; x_wconf 91' lang='lat' dir='ltr'><strong>num</strong></span> <span class='ocrx_word' id='word_1_359' title='bbox 1053 1194 1207 1221; x_wconf 83' lang='lat' dir='ltr'><strong>accusatos,</strong></span> <span class='ocrx_word' id='word_1_360' title='bbox 1222 1189 1284 1223; x_wconf 83' lang='lat' dir='ltr'><strong>quia</strong></span> <span class='ocrx_word' id='word_1_361' title='bbox 1299 1193 1396 1221; x_wconf 87' lang='lat' dir='ltr'><strong>nempe</strong></span> <span class='ocrx_word' id='word_1_362' title='bbox 1408 1183 1551 1221; x_wconf 81' lang='lat' dir='ltr'><strong>pecuniosi</strong></span> <span class='ocrx_word' id='word_1_363' title='bbox 1560 1187 1646 1215; x_wconf 88' lang='lat' dir='ltr'><strong>erant,</strong></span> <span class='ocrx_word' id='word_1_364' title='bbox 1663 1189 1694 1210; x_wconf 84' lang='lat' dir='ltr'><strong>ac</strong></span> <span class='ocrx_word' id='word_1_365' title='bbox 1707 1181 1747 1208; x_wconf 84' lang='lat' dir='ltr'><strong>ci-</strong></span> 
     </span>
    </p>
   </div>
   <div class='ocr_carea' id='block_1_54' title="bbox 967 1228 1747 1269">
    <p class='ocr_par' dir='ltr' id='par_1_54' title="bbox 967 1228 1747 1269">
     <span class='ocr_line' id='line_1_54' title="bbox 967 1228 1747 1269; baseline -0.01 -8"><span class='ocrx_word' id='word_1_366' title='bbox 967 1233 1012 1261; x_wconf 82' lang='lat' dir='ltr'><strong>vili</strong></span> <span class='ocrx_word' id='word_1_367' title='bbox 1027 1233 1146 1269; x_wconf 86' lang='lat' dir='ltr'><strong>potentia</strong></span> <span class='ocrx_word' id='word_1_368' title='bbox 1159 1233 1296 1265; x_wconf 85' lang='lat' dir='ltr'><strong>valebant,</strong></span> <span class='ocrx_word' id='word_1_369' title='bbox 1310 1238 1404 1259; x_wconf 91' lang='lat' dir='ltr'><strong>aurum</strong></span> <span class='ocrx_word' id='word_1_370' title='bbox 1419 1230 1498 1258; x_wconf 89' lang='lat' dir='ltr'><strong>modo</strong></span> <span class='ocrx_word' id='word_1_371' title='bbox 1510 1228 1676 1264; x_wconf 79' lang='lat' dir='ltr'><strong>penderent;</strong></span> <span class='ocrx_word' id='word_1_372' title='bbox 1689 1233 1747 1257; x_wconf 83' lang='lat' dir='ltr'><strong>eos.</strong></span> 
     </span>
    </p>
   </div>
   <div class='ocr_carea' id='block_1_55' title="bbox 967 1272 1747 1314">
    <p class='ocr_par' dir='ltr' id='par_1_55' title="bbox 967 1272 1747 1314">
     <span class='ocr_line' id='line_1_55' title="bbox 967 1272 1747 1314; baseline -0.012 -7"><span class='ocrx_word' id='word_1_373' title='bbox 967 1279 1088 1314; x_wconf 88' lang='lat' dir='ltr'><strong>inquam,</strong></span> <span class='ocrx_word' id='word_1_374' title='bbox 1104 1278 1180 1314; x_wconf 89' lang='lat' dir='ltr'><strong>quasi</strong></span> <span class='ocrx_word' id='word_1_375' title='bbox 1195 1285 1210 1305; x_wconf 85' lang='lat' dir='ltr'><strong>a</strong></span> <span class='ocrx_word' id='word_1_376' title='bbox 1224 1277 1358 1305; x_wconf 79' lang='lat' dir='ltr'><strong>venalium</strong></span> <span class='ocrx_word' id='word_1_377' title='bbox 1375 1277 1434 1304; x_wconf 81' lang='lat' dir='ltr'><strong>foro</strong></span> <span class='ocrx_word' id='word_1_378' title='bbox 1455 1275 1607 1306; x_wconf 88' lang='lat' dir='ltr'><strong>mittebant,</strong></span> <span class='ocrx_word' id='word_1_379' title='bbox 1623 1272 1747 1300; x_wconf 83' lang='lat' dir='ltr'><strong>nomina-</strong></span> 
     </span>
    </p>
   </div>
   <div class='ocr_carea' id='block_1_56' title="bbox 967 1318 1750 1360">
    <p class='ocr_par' dir='ltr' id='par_1_56' title="bbox 967 1318 1750 1360">
     <span class='ocr_line' id='line_1_56' title="bbox 967 1318 1750 1360; baseline -0.011 -7"><span class='ocrx_word' id='word_1_380' title='bbox 967 1325 1088 1360; x_wconf 85' lang='lat' dir='ltr'><strong>bantque</strong></span> <span class='ocrx_word' id='word_1_381' title='bbox 1100 1325 1251 1359; x_wconf 87' lang='lat' dir='ltr'><strong>episcopos.</strong></span> <span class='ocrx_word' id='word_1_382' title='bbox 1267 1323 1335 1351; x_wconf 82' lang='lat' dir='ltr'><strong>Hinc</strong></span> <span class='ocrx_word' id='word_1_383' title='bbox 1346 1323 1451 1358; x_wconf 81' lang='lat' dir='ltr'><strong>populis</strong></span> <span class='ocrx_word' id='word_1_384' title='bbox 1460 1321 1567 1357; x_wconf 81' lang='lat' dir='ltr'><strong>gravior</strong></span> <span class='ocrx_word' id='word_1_385' title='bbox 1580 1318 1693 1347; x_wconf 76' lang='lat' dir='ltr'><strong>emersit</strong></span> <span class='ocrx_word' id='word_1_386' title='bbox 1703 1324 1750 1345; x_wconf 78' lang='lat' dir='ltr'><strong>ca-</strong></span> 
     </span>
    </p>
   </div>
   <div class='ocr_carea' id='block_1_57' title="bbox 967 1364 1750 1403">
    <p class='ocr_par' dir='ltr' id='par_1_57' title="bbox 967 1364 1750 1403">
     <span class='ocr_line' id='line_1_57' title="bbox 967 1364 1750 1403; baseline -0.009 -6"><span class='ocrx_word' id='word_1_387' title='bbox 967 1369 1092 1403; x_wconf 81' lang='lat' dir='ltr'><strong>lamitas;</strong></span> <span class='ocrx_word' id='word_1_388' title='bbox 1117 1377 1177 1397; x_wconf 89' lang='lat' dir='ltr'><strong>cutn</strong></span> <span class='ocrx_word' id='word_1_389' title='bbox 1200 1369 1273 1397; x_wconf 91' lang='lat' dir='ltr'><strong>enim</strong></span> <span class='ocrx_word' id='word_1_390' title='bbox 1297 1368 1480 1396; x_wconf 79' lang='lat' dir='ltr'><strong>mercenaries</strong></span> <span class='ocrx_word' id='word_1_391' title='bbox 1508 1366 1568 1394; x_wconf 90' lang='lat' dir='ltr'><strong>illos</strong></span> <span class='ocrx_word' id='word_1_392' title='bbox 1595 1364 1750 1398; x_wconf 86' lang='lat' dir='ltr'><strong>alienosque</strong></span> 
     </span>
    </p>
   </div>
   <div class='ocr_carea' id='block_1_58' title="bbox 968 1409 1749 1448">
    <p class='ocr_par' dir='ltr' id='par_1_58' title="bbox 968 1409 1749 1448">
     <span class='ocr_line' id='line_1_58' title="bbox 968 1409 1749 1448; baseline -0.012 -4"><span class='ocrx_word' id='word_1_393' title='bbox 968 1416 1019 1444; x_wconf 84' lang='lat' dir='ltr'><strong>sibi</strong></span> <span class='ocrx_word' id='word_1_394' title='bbox 1034 1416 1107 1444; x_wconf 90' lang='lat' dir='ltr'><strong>viros</strong></span> <span class='ocrx_word' id='word_1_395' title='bbox 1121 1419 1322 1448; x_wconf 86' lang='lat' dir='ltr'><strong>aversarentur,</strong></span> <span class='ocrx_word' id='word_1_396' title='bbox 1346 1419 1410 1442; x_wconf 91' lang='lat' dir='ltr'><strong>tunc</strong></span> <span class='ocrx_word' id='word_1_397' title='bbox 1426 1412 1579 1445; x_wconf 85' lang='lat' dir='ltr'><strong>verberati,</strong></span> <span class='ocrx_word' id='word_1_398' title='bbox 1593 1409 1749 1446; x_wconf 86' lang='lat' dir='ltr'><strong>proscripti,</strong></span> 
     </span>
    </p>
   </div>
   <div class='ocr_carea' id='block_1_59' title="bbox 969 1455 1749 1498">
    <p class='ocr_par' dir='ltr' id='par_1_59' title="bbox 969 1455 1749 1498">
     <span class='ocr_line' id='line_1_59' title="bbox 969 1455 1749 1498; baseline -0.012 -8"><span class='ocrx_word' id='word_1_399' title='bbox 969 1463 1126 1498; x_wconf 80' lang='lat' dir='ltr'><strong>carcerique</strong></span> <span class='ocrx_word' id='word_1_400' title='bbox 1147 1470 1162 1489; x_wconf 90' lang='lat' dir='ltr'><strong>a</strong></span> <span class='ocrx_word' id='word_1_401' title='bbox 1178 1462 1246 1489; x_wconf 88' lang='lat' dir='ltr'><strong>duce</strong></span> <span class='ocrx_word' id='word_1_402' title='bbox 1262 1461 1400 1489; x_wconf 79' lang='lat' dir='ltr'><strong>exercitus</strong></span> <span class='ocrx_word' id='word_1_403' title='bbox 1417 1458 1562 1493; x_wconf 84' lang='lat' dir='ltr'><strong>mancipati</strong></span> <span class='ocrx_word' id='word_1_404' title='bbox 1583 1460 1653 1485; x_wconf 85' lang='lat' dir='ltr'><strong>sunt.</strong></span> <span class='ocrx_word' id='word_1_405' title='bbox 1673 1455 1749 1489; x_wconf 87' lang='lat' dir='ltr'><strong>Quod</strong></span> 
     </span>
    </p>
   </div>
   <div class='ocr_carea' id='block_1_60' title="bbox 131 1500 917 1549">
    <p class='ocr_par' dir='ltr' id='par_1_60' title="bbox 131 1506 917 1544">
     <span class='ocr_line' id='line_1_60' title="bbox 131 1506 917 1544; baseline -0.001 -10"><span class='ocrx_word' id='word_1_406' title='bbox 131 1507 206 1543; x_wconf 88' lang='grc' dir='ltr'><strong>παρά</strong></span> <span class='ocrx_word' id='word_1_407' title='bbox 219 1506 266 1534; x_wconf 74' lang='grc' dir='ltr'>τοῦ</span> <span class='ocrx_word' id='word_1_408' title='bbox 278 1507 471 1544; x_wconf 81' lang='grc' dir='ltr'>στρατηλάτου.</span> <span class='ocrx_word' id='word_1_409' title='bbox 491 1507 593 1534; x_wconf 84' lang='grc' dir='ltr'>Ἐποίει</span> <span class='ocrx_word' id='word_1_410' title='bbox 603 1507 656 1543; x_wconf 83' lang='grc' dir='ltr'>γὰρ</span> <span class='ocrx_word' id='word_1_411' title='bbox 673 1506 751 1535; x_wconf 82' lang='grc' dir='ltr'>τοῦτο</span> <span class='ocrx_word' id='word_1_412' title='bbox 769 1506 917 1544; x_wconf 83' lang='grc' dir='ltr'>προθύμως</span> 
     </span>
    </p>
   </div>
   <div class='ocr_carea' id='block_1_61' title="bbox 968 1500 1750 1549">
    <p class='ocr_par' dir='ltr' id='par_1_61' title="bbox 970 1500 1750 1544">
     <span class='ocr_line' id='line_1_61' title="bbox 970 1500 1750 1544; baseline -0.012 -7"><span class='ocrx_word' id='word_1_413' title='bbox 970 1509 1014 1537; x_wconf 86' lang='lat' dir='ltr'><strong>ille</strong></span> <span class='ocrx_word' id='word_1_414' title='bbox 1034 1512 1126 1544; x_wconf 84' lang='lat' dir='ltr'><strong>utpote</strong></span> <span class='ocrx_word' id='word_1_415' title='bbox 1147 1507 1312 1535; x_wconf 70' lang='lat' dir='ltr'><strong>Manichaaus</strong></span> <span class='ocrx_word' id='word_1_416' title='bbox 1331 1505 1509 1533; x_wconf 84' lang='lat' dir='ltr'><strong>libentissime</strong></span> <span class='ocrx_word' id='word_1_417' title='bbox 1525 1503 1622 1539; x_wconf 80' lang='lat' dir='ltr'><strong>agebat</strong></span> <span class='ocrx_word' id='word_1_418' title='bbox 1639 1511 1645 1530; x_wconf 88' lang='lat'><strong>:</strong></span> <span class='ocrx_word' id='word_1_419' title='bbox 1664 1509 1698 1530; x_wconf 90' lang='lat' dir='ltr'><strong>ne</strong></span> <span class='ocrx_word' id='word_1_420' title='bbox 1712 1500 1750 1528; x_wconf 90' lang='lat' dir='ltr'><strong>illi</strong></span> 
     </span>
    </p>
   </div>
   <div class='ocr_carea' id='block_1_62' title="bbox 131 1551 915 1587">
    <p class='ocr_par' dir='ltr' id='par_1_62' title="bbox 131 1551 915 1587">
     <span class='ocr_line' id='line_1_62' title="bbox 131 1551 915 1587; baseline -0.001 -8"><span class='ocrx_word' id='word_1_421' title='bbox 131 1552 278 1587; x_wconf 73' lang='grc' dir='ltr'>Μανιχαῖος</span> <span class='ocrx_word' id='word_1_422' title='bbox 296 1551 350 1578; x_wconf 81' lang='grc' dir='ltr'><strong>ὢν·</strong></span> <span class='ocrx_word' id='word_1_423' title='bbox 373 1552 416 1579; x_wconf 79' lang='grc' dir='ltr'>ἵνα</span> <span class='ocrx_word' id='word_1_424' title='bbox 432 1552 494 1583; x_wconf 81' lang='grc' dir='ltr'>τοὺς</span> <span class='ocrx_word' id='word_1_425' title='bbox 514 1552 563 1586; x_wconf 80' lang='grc' dir='ltr'>μὲν</span> <span class='ocrx_word' id='word_1_426' title='bbox 583 1551 664 1583; x_wconf 86' lang='grc' dir='ltr'>ίδίους</span> <span class='ocrx_word' id='word_1_427' title='bbox 682 1551 719 1587; x_wconf 86' lang='grc' dir='ltr'>μὴ</span> <span class='ocrx_word' id='word_1_428' title='bbox 741 1551 915 1587; x_wconf 75' lang='grc' dir='ltr'>ἐπιζητῶσιν,</span> 
     </span>
    </p>
   </div>
   <div class='ocr_carea' id='block_1_63' title="bbox 131 1596 917 1632">
    <p class='ocr_par' dir='ltr' id='par_1_63' title="bbox 131 1596 917 1632">
     <span class='ocr_line' id='line_1_63' title="bbox 131 1596 917 1632; baseline -0.003 -8"><span class='ocrx_word' id='word_1_429' title='bbox 131 1597 177 1629; x_wconf 75' lang='grc' dir='ltr'>οὓς</span> <span class='ocrx_word' id='word_1_430' title='bbox 204 1596 232 1624; x_wconf 82' lang='grc' dir='ltr'><strong>δέ</strong></span> <span class='ocrx_word' id='word_1_431' title='bbox 259 1597 476 1632; x_wconf 81' lang='grc' dir='ltr'>ἀπεστρέφοντο,</span> <span class='ocrx_word' id='word_1_432' title='bbox 503 1596 634 1632; x_wconf 73' lang='grc' dir='ltr'>δέχωνται</span> <span class='ocrx_word' id='word_1_433' title='bbox 663 1597 731 1629; x_wconf 69' lang='grc'>(72),</span> <span class='ocrx_word' id='word_1_434' title='bbox 757 1596 917 1632; x_wconf 83' lang='grc' dir='ltr'>ἀνθρώπους</span> 
     </span>
    </p>
   </div>
   <div class='ocr_carea' id='block_1_64' title="bbox 132 1638 918 1678">
    <p class='ocr_par' dir='ltr' id='par_1_64' title="bbox 132 1638 918 1678">
     <span class='ocr_line' id='line_1_64' title="bbox 132 1638 918 1678; baseline 0 -10"><span class='ocrx_word' id='word_1_435' title='bbox 132 1641 242 1669; x_wconf 81' lang='grc' dir='ltr'>τοιαῦτα</span> <span class='ocrx_word' id='word_1_436' title='bbox 256 1642 434 1678; x_wconf 85' lang='grc' dir='ltr'>πράττοντας,</span> <span class='ocrx_word' id='word_1_437' title='bbox 445 1638 489 1668; x_wconf 73' lang='grc' dir='ltr'>οἷα</span> <span class='ocrx_word' id='word_1_438' title='bbox 502 1642 548 1668; x_wconf 80' lang='grc' dir='ltr'>καὶ</span> <span class='ocrx_word' id='word_1_439' title='bbox 563 1641 616 1676; x_wconf 76' lang='grc' dir='ltr'><strong>πρὸ</strong></span> <span class='ocrx_word' id='word_1_440' title='bbox 628 1641 722 1669; x_wconf 85' lang='grc' dir='ltr'>τούτου</span> <span class='ocrx_word' id='word_1_441' title='bbox 735 1643 764 1668; x_wconf 80' lang='grc' dir='ltr'><strong>ἐν</strong></span> <span class='ocrx_word' id='word_1_442' title='bbox 777 1643 833 1674; x_wconf 79' lang='grc' dir='ltr'>τοῖς</span> <span class='ocrx_word' id='word_1_443' title='bbox 844 1641 918 1669; x_wconf 75' lang='grc' dir='ltr'>εἰδώ-</span> 
     </span>
    </p>
   </div>
   <div class='ocr_carea' id='block_1_65' title="bbox 133 1687 324 1720">
    <p class='ocr_par' dir='ltr' id='par_1_65' title="bbox 133 1687 324 1720">
     <span class='ocr_line' id='line_1_65' title="bbox 133 1687 324 1720; baseline 0 -6"><span class='ocrx_word' id='word_1_444' title='bbox 133 1687 189 1719; x_wconf 83' lang='grc' dir='ltr'>λοις</span> <span class='ocrx_word' id='word_1_445' title='bbox 202 1687 324 1720; x_wconf 77' lang='grc' dir='ltr'>ἔπαιζον.</span> 
     </span>
    </p>
   </div>
   <div class='ocr_carea' id='block_1_66' title="bbox 170 1729 918 1768">
    <p class='ocr_par' dir='ltr' id='par_1_66' title="bbox 170 1729 918 1768">
     <span class='ocr_line' id='line_1_66' title="bbox 170 1729 918 1768; baseline -0.001 -9"><span class='ocrx_word' id='word_1_446' title='bbox 170 1731 212 1759; x_wconf 74' lang='grc' dir='ltr'>Ἠ.</span> <span class='ocrx_word' id='word_1_447' title='bbox 234 1733 282 1764; x_wconf 88' lang='grc' dir='ltr'>Τίς</span> <span class='ocrx_word' id='word_1_448' title='bbox 294 1729 341 1759; x_wconf 78' lang='grc' dir='ltr'>οὖν</span> <span class='ocrx_word' id='word_1_449' title='bbox 351 1731 437 1759; x_wconf 83' lang='grc' dir='ltr'>ταῦτα</span> <span class='ocrx_word' id='word_1_450' title='bbox 450 1731 555 1766; x_wconf 85' lang='grc' dir='ltr'>βλέπων</span> <span class='ocrx_word' id='word_1_451' title='bbox 568 1732 584 1768; x_wconf 80' lang='grc' dir='ltr'>ἢ</span> <span class='ocrx_word' id='word_1_452' title='bbox 599 1731 715 1764; x_wconf 78' lang='grc' dir='ltr'>ἀκούων,</span> <span class='ocrx_word' id='word_1_453' title='bbox 729 1732 771 1764; x_wconf 87' lang='grc' dir='ltr'><strong>τίς</strong></span> <span class='ocrx_word' id='word_1_454' title='bbox 786 1731 856 1767; x_wconf 81' lang='grc' dir='ltr'>ὁρῶν</span> <span class='ocrx_word' id='word_1_455' title='bbox 869 1731 918 1767; x_wconf 80' lang='grc' dir='ltr'>τὴν</span> 
     </span>
    </p>
   </div>
   <div class='ocr_carea' id='block_1_67' title="bbox 133 1776 919 1812">
    <p class='ocr_par' dir='ltr' id='par_1_67' title="bbox 133 1776 919 1812">
     <span class='ocr_line' id='line_1_67' title="bbox 133 1776 919 1812; baseline -0.003 -7"><span class='ocrx_word' id='word_1_456' title='bbox 133 1777 290 1810; x_wconf 75' lang='grc' dir='ltr'>ἀλαζονείαν</span> <span class='ocrx_word' id='word_1_457' title='bbox 307 1777 360 1804; x_wconf 84' lang='grc' dir='ltr'><strong>τῶν</strong></span> <span class='ocrx_word' id='word_1_458' title='bbox 384 1777 504 1810; x_wconf 86' lang='grc' dir='ltr'>ἀσεϐῶν,</span> <span class='ocrx_word' id='word_1_459' title='bbox 522 1777 569 1804; x_wconf 74' lang='grc' dir='ltr'>καὶ</span> <span class='ocrx_word' id='word_1_460' title='bbox 593 1776 724 1812; x_wconf 86' lang='grc' dir='ltr'>τοσαύτην</span> <span class='ocrx_word' id='word_1_461' title='bbox 746 1777 868 1808; x_wconf 86' lang='grc' dir='ltr'>ἀδικίαν,</span> <span class='ocrx_word' id='word_1_462' title='bbox 894 1777 919 1803; x_wconf 84' lang='grc' dir='ltr'>εἰ</span> 
     </span>
    </p>
   </div>
   <div class='ocr_carea' id='block_1_68' title="bbox 134 1821 920 1858">
    <p class='ocr_par' dir='ltr' id='par_1_68' title="bbox 134 1821 920 1858">
     <span class='ocr_line' id='line_1_68' title="bbox 134 1821 920 1858; baseline 0 -8"><span class='ocrx_word' id='word_1_463' title='bbox 134 1822 236 1855; x_wconf 81' lang='grc' dir='ltr'>δίκαιός</span> <span class='ocrx_word' id='word_1_464' title='bbox 259 1823 342 1855; x_wconf 86' lang='grc' dir='ltr'>ἐστιν,</span> <span class='ocrx_word' id='word_1_465' title='bbox 359 1822 389 1849; x_wconf 74' lang='grc' dir='ltr'>οὐ</span> <span class='ocrx_word' id='word_1_466' title='bbox 412 1821 579 1856; x_wconf 80' lang='grc' dir='ltr'>στενάξειεν;</span> <span class='ocrx_word' id='word_1_467' title='bbox 604 1823 653 1850; x_wconf 82' lang='grc' dir='ltr'><strong>Ἐν</strong></span> <span class='ocrx_word' id='word_1_468' title='bbox 668 1822 769 1856; x_wconf 85' lang='grc' dir='ltr'>τόποις</span> <span class='ocrx_word' id='word_1_469' title='bbox 785 1822 840 1858; x_wconf 81' lang='grc' dir='ltr'>γὰρ</span> <span class='ocrx_word' id='word_1_470' title='bbox 851 1823 920 1850; x_wconf 84' lang='grc' dir='ltr'>ἀσε-</span> 
     </span>
    </p>
   </div>
   <div class='ocr_carea' id='block_1_69' title="bbox 136 1867 920 1904">
    <p class='ocr_par' dir='ltr' id='par_1_69' title="bbox 136 1867 920 1904">
     <span class='ocr_line' id='line_1_69' title="bbox 136 1867 920 1904; baseline 0 -9"><span class='ocrx_word' id='word_1_471' title='bbox 136 1867 195 1895; x_wconf 79' lang='grc' dir='ltr'><strong>ϐῶν</strong></span> <span class='ocrx_word' id='word_1_472' title='bbox 221 1868 364 1896; x_wconf 79' lang='grc' dir='ltr'>στένουσι</span> <span class='ocrx_word' id='word_1_473' title='bbox 388 1868 505 1896; x_wconf 85' lang='grc' dir='ltr'>δίκαιοι.</span> <span class='ocrx_word' id='word_1_474' title='bbox 533 1868 598 1903; x_wconf 83' lang='grc' dir='ltr'>Τίς,</span> <span class='ocrx_word' id='word_1_475' title='bbox 623 1868 724 1895; x_wconf 87' lang='grc' dir='ltr'>τούτων</span> <span class='ocrx_word' id='word_1_476' title='bbox 752 1869 920 1904; x_wconf 86' lang='grc' dir='ltr'>γιγνομένων</span> 
     </span>
    </p>
   </div>
   <div class='ocr_carea' id='block_1_70' title="bbox 135 1913 918 1950">
    <p class='ocr_par' dir='ltr' id='par_1_70' title="bbox 135 1913 918 1950">
     <span class='ocr_line' id='line_1_70' title="bbox 135 1913 918 1950; baseline 0 -9"><span class='ocrx_word' id='word_1_477' title='bbox 135 1914 182 1941; x_wconf 78' lang='grc' dir='ltr'>καὶ</span> <span class='ocrx_word' id='word_1_478' title='bbox 199 1914 249 1950; x_wconf 87' lang='grc' dir='ltr'>τῆς</span> <span class='ocrx_word' id='word_1_479' title='bbox 267 1913 393 1946; x_wconf 89' lang='grc' dir='ltr'>ἀσεϐείας</span> <span class='ocrx_word' id='word_1_480' title='bbox 408 1914 542 1950; x_wconf 75' lang='grc' dir='ltr'>τοσαύτην</span> <span class='ocrx_word' id='word_1_481' title='bbox 558 1915 751 1950; x_wconf 87' lang='grc' dir='ltr'>ἀναισχυντίαν</span> <span class='ocrx_word' id='word_1_482' title='bbox 772 1914 918 1950; x_wconf 81' lang='grc' dir='ltr'>λαϐούσης,</span> 
     </span>
    </p>
   </div>
   <div class='ocr_carea' id='block_1_71' title="bbox 135 1960 919 1996">
    <p class='ocr_par' dir='ltr' id='par_1_71' title="bbox 135 1960 919 1996">
     <span class='ocr_line' id='line_1_71' title="bbox 135 1960 919 1996; baseline 0 -9"><span class='ocrx_word' id='word_1_483' title='bbox 135 1960 175 1987; x_wconf 66' lang='grc' dir='ltr'>ἔτι</span> <span class='ocrx_word' id='word_1_484' title='bbox 188 1960 274 1996; x_wconf 80' lang='grc' dir='ltr'>τολμᾷ</span> <span class='ocrx_word' id='word_1_485' title='bbox 287 1960 377 1994; x_wconf 80' lang='grc' dir='ltr'>λέγειν</span> <span class='ocrx_word' id='word_1_486' title='bbox 391 1960 554 1987; x_wconf 81' lang='grc' dir='ltr'>Κοστύλλιον</span> <span class='ocrx_word' id='word_1_487' title='bbox 570 1960 731 1996; x_wconf 74' lang='grc' dir='ltr'>Χριστιανὸν</span> <span class='ocrx_word' id='word_1_488' title='bbox 746 1960 813 1996; x_wconf 74' lang='grc'><strong>(75).</strong></span> <span class='ocrx_word' id='word_1_489' title='bbox 831 1961 878 1987; x_wconf 74' lang='grc' dir='ltr'>καὶ</span> <span class='ocrx_word' id='word_1_490' title='bbox 889 1961 919 1987; x_wconf 82' lang='grc' dir='ltr'>οὺ</span> 
     </span>
    </p>
   </div>
   <div class='ocr_carea' id='block_1_72' title="bbox 136 2005 920 2042">
    <p class='ocr_par' dir='ltr' id='par_1_72' title="bbox 136 2005 920 2042">
     <span class='ocr_line' id='line_1_72' title="bbox 136 2005 920 2042; baseline 0.001 -10"><span class='ocrx_word' id='word_1_491' title='bbox 136 2005 235 2042; x_wconf 80' lang='grc' dir='ltr'>μᾶλλον</span> <span class='ocrx_word' id='word_1_492' title='bbox 253 2006 437 2042; x_wconf 80' lang='grc' dir='ltr'>Ἀντιχριστου</span> <span class='ocrx_word' id='word_1_493' title='bbox 456 2005 505 2042; x_wconf 85' lang='grc' dir='ltr'><strong>τὴν</strong></span> <span class='ocrx_word' id='word_1_494' title='bbox 521 2006 628 2039; x_wconf 55' lang='lat' dir='ltr'><strong>stativa;</strong></span> <span class='ocrx_word' id='word_1_495' title='bbox 643 2006 676 2033; x_wconf 91' lang='grc' dir='ltr'><strong>Τί</strong></span> <span class='ocrx_word' id='word_1_496' title='bbox 690 2005 744 2042; x_wconf 83' lang='grc' dir='ltr'>γὰρ</span> <span class='ocrx_word' id='word_1_497' title='bbox 757 2006 811 2033; x_wconf 86' lang='grc' dir='ltr'>τῶν</span> <span class='ocrx_word' id='word_1_498' title='bbox 826 2006 920 2033; x_wconf 88' lang='grc' dir='ltr'>τούτου</span> 
     </span>
    </p>
   </div>
   <div class='ocr_carea' id='block_1_73' title="bbox 134 2050 921 2088">
    <p class='ocr_par' dir='ltr' id='par_1_73' title="bbox 134 2050 921 2088">
     <span class='ocr_line' id='line_1_73' title="bbox 134 2050 921 2088; baseline 0.001 -11"><span class='ocrx_word' id='word_1_499' title='bbox 134 2051 331 2086; x_wconf 81' lang='grc' dir='ltr'>γνωρισμάτων</span> <span class='ocrx_word' id='word_1_500' title='bbox 348 2051 564 2087; x_wconf 77' lang='grc' dir='ltr'>παραλέλοιπεν;</span> <span class='ocrx_word' id='word_1_501' title='bbox 587 2052 617 2078; x_wconf 85' lang='grc' dir='ltr'><em>Ἡ</em></span> <span class='ocrx_word' id='word_1_502' title='bbox 633 2050 691 2083; x_wconf 85' lang='grc' dir='ltr'><strong>πῶς</strong></span> <span class='ocrx_word' id='word_1_503' title='bbox 705 2051 736 2078; x_wconf 74' lang='grc' dir='ltr'>οὐ</span> <span class='ocrx_word' id='word_1_504' title='bbox 753 2051 921 2088; x_wconf 78' lang='grc' dir='ltr'>πανταχόθεν</span> 
     </span>
    </p>
   </div>
   <div class='ocr_carea' id='block_1_74' title="bbox 135 2093 921 2134">
    <p class='ocr_par' dir='ltr' id='par_1_74' title="bbox 135 2093 921 2134">
     <span class='ocr_line' id='line_1_74' title="bbox 135 2093 921 2134; baseline 0.001 -11"><span class='ocrx_word' id='word_1_505' title='bbox 135 2093 212 2128; x_wconf 75' lang='grc' dir='ltr'>οὗτος</span> <span class='ocrx_word' id='word_1_506' title='bbox 227 2098 329 2129; x_wconf 86' lang='grc' dir='ltr'>ἐκεῖνος</span> <span class='ocrx_word' id='word_1_507' title='bbox 346 2095 415 2124; x_wconf 73' lang='grc' dir='ltr'>εἶναι</span> <span class='ocrx_word' id='word_1_508' title='bbox 429 2097 634 2134; x_wconf 81' lang='grc' dir='ltr'>νομισθήσεται,</span> <span class='ocrx_word' id='word_1_509' title='bbox 658 2098 783 2129; x_wconf 85' lang='grc' dir='ltr'>κάκεῖνος</span> <span class='ocrx_word' id='word_1_510' title='bbox 803 2097 921 2129; x_wconf 80' lang='grc' dir='ltr'>τοιοῦτος</span> 
     </span>
    </p>
   </div>
   <div class='ocr_carea' id='block_1_75' title="bbox 136 2141 920 2179">
    <p class='ocr_par' dir='ltr' id='par_1_75' title="bbox 136 2141 920 2179">
     <span class='ocr_line' id='line_1_75' title="bbox 136 2141 920 2179; baseline 0 -9"><span class='ocrx_word' id='word_1_511' title='bbox 136 2143 170 2170; x_wconf 76' lang='grc' dir='ltr'>ἂν</span> <span class='ocrx_word' id='word_1_512' title='bbox 183 2143 342 2178; x_wconf 83' lang='grc' dir='ltr'>ύπονοηθείη</span> <span class='ocrx_word' id='word_1_513' title='bbox 353 2163 360 2175; x_wconf 90' lang='grc'><strong>,</strong></span> <span class='ocrx_word' id='word_1_514' title='bbox 379 2141 435 2176; x_wconf 81' lang='grc' dir='ltr'>οἶός</span> <span class='ocrx_word' id='word_1_515' title='bbox 451 2145 524 2170; x_wconf 85' lang='grc' dir='ltr'>ἐστιν</span> <span class='ocrx_word' id='word_1_516' title='bbox 546 2142 622 2176; x_wconf 77' lang='grc' dir='ltr'>οὗτος</span> <span class='ocrx_word' id='word_1_517' title='bbox 645 2143 716 2179; x_wconf 73' lang='grc' dir='ltr'><strong>(7ι);</strong></span> <span class='ocrx_word' id='word_1_518' title='bbox 731 2144 769 2171; x_wconf 80' lang='grc' dir='ltr'><strong>Οὐ</strong></span> <span class='ocrx_word' id='word_1_519' title='bbox 783 2143 830 2175; x_wconf 84' lang='grc' dir='ltr'>τὰς</span> <span class='ocrx_word' id='word_1_520' title='bbox 845 2145 874 2170; x_wconf 82' lang='grc' dir='ltr'><strong>ἐν</strong></span> <span class='ocrx_word' id='word_1_521' title='bbox 887 2145 920 2179; x_wconf 84' lang='grc' dir='ltr'>τῇ</span> 
     </span>
    </p>
   </div>
   <div class='ocr_carea' id='block_1_76' title="bbox 967 1550 1750 1590">
    <p class='ocr_par' dir='ltr' id='par_1_76' title="bbox 967 1550 1750 1590">
     <span class='ocr_line' id='line_1_76' title="bbox 967 1550 1750 1590; baseline -0.009 -8"><span class='ocrx_word' id='word_1_522' title='bbox 967 1563 1030 1583; x_wconf 89' lang='lat' dir='ltr'><strong>suos</strong></span> <span class='ocrx_word' id='word_1_523' title='bbox 1043 1554 1230 1590; x_wconf 90' lang='lat' dir='ltr'><strong>perquirerent</strong></span> <span class='ocrx_word' id='word_1_524' title='bbox 1244 1553 1387 1589; x_wconf 87' lang='lat' dir='ltr'><strong>episcopos</strong></span> <span class='ocrx_word' id='word_1_525' title='bbox 1397 1572 1404 1584; x_wconf 86' lang='lat'><strong>,</strong></span> <span class='ocrx_word' id='word_1_526' title='bbox 1417 1557 1444 1579; x_wconf 88' lang='lat' dir='ltr'><strong>et</strong></span> <span class='ocrx_word' id='word_1_527' title='bbox 1464 1555 1494 1578; x_wconf 86' lang='lat' dir='ltr'><strong>ut</strong></span> <span class='ocrx_word' id='word_1_528' title='bbox 1513 1550 1665 1584; x_wconf 85' lang='lat' dir='ltr'><strong>reciperent</strong></span> <span class='ocrx_word' id='word_1_529' title='bbox 1681 1555 1750 1583; x_wconf 90' lang='lat' dir='ltr'><strong>quos</strong></span> 
     </span>
    </p>
   </div>
   <div class='ocr_carea' id='block_1_77' title="bbox 967 1596 1750 1633">
    <p class='ocr_par' dir='ltr' id='par_1_77' title="bbox 967 1596 1750 1633">
     <span class='ocr_line' id='line_1_77' title="bbox 967 1596 1750 1633; baseline -0.011 -4"><span class='ocrx_word' id='word_1_530' title='bbox 967 1601 1174 1633; x_wconf 86' lang='lat' dir='ltr'><strong>aversabantur,</strong></span> <span class='ocrx_word' id='word_1_531' title='bbox 1196 1600 1320 1627; x_wconf 88' lang='lat' dir='ltr'><strong>homines</strong></span> <span class='ocrx_word' id='word_1_532' title='bbox 1342 1606 1407 1627; x_wconf 86' lang='lat' dir='ltr'><strong>sane</strong></span> <span class='ocrx_word' id='word_1_533' title='bbox 1422 1597 1467 1633; x_wconf 86' lang='lat' dir='ltr'><strong>qui</strong></span> <span class='ocrx_word' id='word_1_534' title='bbox 1487 1596 1552 1624; x_wconf 89' lang='lat' dir='ltr'><strong>talia</strong></span> <span class='ocrx_word' id='word_1_535' title='bbox 1573 1600 1665 1631; x_wconf 80' lang='lat' dir='ltr'><strong>agunt,</strong></span> <span class='ocrx_word' id='word_1_536' title='bbox 1682 1601 1750 1630; x_wconf 83' lang='lat' dir='ltr'><strong>qua-</strong></span> 
     </span>
    </p>
   </div>
   <div class='ocr_carea' id='block_1_78' title="bbox 968 1643 1574 1681">
    <p class='ocr_par' dir='ltr' id='par_1_78' title="bbox 968 1643 1574 1681">
     <span class='ocr_line' id='line_1_78' title="bbox 968 1643 1574 1681; baseline -0.008 -7"><span class='ocrx_word' id='word_1_537' title='bbox 968 1647 1002 1674; x_wconf 89' lang='lat' dir='ltr'><strong>lia</strong></span> <span class='ocrx_word' id='word_1_538' title='bbox 1026 1654 1077 1674; x_wconf 94' lang='lat' dir='ltr'><strong>non</strong></span> <span class='ocrx_word' id='word_1_539' title='bbox 1095 1646 1131 1674; x_wconf 86' lang='lat' dir='ltr'><strong>ita</strong></span> <span class='ocrx_word' id='word_1_540' title='bbox 1147 1646 1250 1681; x_wconf 82' lang='lat' dir='ltr'><strong>pridem</strong></span> <span class='ocrx_word' id='word_1_541' title='bbox 1265 1645 1336 1672; x_wconf 87' lang='lat' dir='ltr'><strong>inter</strong></span> <span class='ocrx_word' id='word_1_542' title='bbox 1357 1643 1427 1673; x_wconf 87' lang='lat' dir='ltr'><strong>idola</strong></span> <span class='ocrx_word' id='word_1_543' title='bbox 1443 1643 1574 1671; x_wconf 83' lang='lat' dir='ltr'><strong>luserant.</strong></span> 
     </span>
    </p>
   </div>
   <div class='ocr_carea' id='block_1_79' title="bbox 1005 1732 1751 1770">
    <p class='ocr_par' dir='ltr' id='par_1_79' title="bbox 1005 1732 1751 1770">
     <span class='ocr_line' id='line_1_79' title="bbox 1005 1732 1751 1770; baseline -0.007 -6"><span class='ocrx_word' id='word_1_544' title='bbox 1005 1737 1048 1764; x_wconf 75' lang='grc'><strong>74.</strong></span> <span class='ocrx_word' id='word_1_545' title='bbox 1068 1735 1198 1770; x_wconf 83' lang='lat' dir='ltr'><strong>Quisnam</strong></span> <span class='ocrx_word' id='word_1_546' title='bbox 1226 1735 1270 1763; x_wconf 87' lang='lat' dir='ltr'><strong>his</strong></span> <span class='ocrx_word' id='word_1_547' title='bbox 1299 1734 1451 1770; x_wconf 85' lang='lat' dir='ltr'><strong>conspectis</strong></span> <span class='ocrx_word' id='word_1_548' title='bbox 1475 1733 1518 1761; x_wconf 81' lang='lat' dir='ltr'><strong>vel</strong></span> <span class='ocrx_word' id='word_1_549' title='bbox 1548 1732 1751 1767; x_wconf 86' lang='lat' dir='ltr'><strong>auditis,quis.</strong></span> 
     </span>
    </p>
   </div>
   <div class='ocr_carea' id='block_1_80' title="bbox 969 1778 1751 1817">
    <p class='ocr_par' dir='ltr' id='par_1_80' title="bbox 969 1778 1751 1817">
     <span class='ocr_line' id='line_1_80' title="bbox 969 1778 1751 1817; baseline -0.009 -6"><span class='ocrx_word' id='word_1_550' title='bbox 969 1783 1154 1811; x_wconf 82' lang='lat' dir='ltr'><strong>animadversa</strong></span> <span class='ocrx_word' id='word_1_551' title='bbox 1168 1782 1310 1817; x_wconf 92' lang='lat' dir='ltr'><strong>impiorum</strong></span> <span class='ocrx_word' id='word_1_552' title='bbox 1330 1780 1479 1816; x_wconf 90' lang='lat' dir='ltr'><strong>petulantia</strong></span> <span class='ocrx_word' id='word_1_553' title='bbox 1496 1783 1624 1815; x_wconf 87' lang='lat' dir='ltr'><strong>tantaque</strong></span> <span class='ocrx_word' id='word_1_554' title='bbox 1640 1778 1751 1813; x_wconf 83' lang='lat' dir='ltr'><strong>injuria.</strong></span> 
     </span>
    </p>
   </div>
   <div class='ocr_carea' id='block_1_81' title="bbox 969 1824 1752 1864">
    <p class='ocr_par' dir='ltr' id='par_1_81' title="bbox 969 1824 1752 1864">
     <span class='ocr_line' id='line_1_81' title="bbox 969 1824 1752 1864; baseline -0.008 -8"><span class='ocrx_word' id='word_1_555' title='bbox 969 1828 991 1857; x_wconf 84' lang='lat' dir='ltr'><strong>si</strong></span> <span class='ocrx_word' id='word_1_556' title='bbox 1009 1837 1102 1863; x_wconf 72' lang='lat' dir='ltr'><strong>aequus</strong></span> <span class='ocrx_word' id='word_1_557' title='bbox 1122 1828 1179 1864; x_wconf 85' lang='lat' dir='ltr'><strong>ipse</strong></span> <span class='ocrx_word' id='word_1_558' title='bbox 1193 1827 1245 1859; x_wconf 88' lang='lat' dir='ltr'><strong>sit,</strong></span> <span class='ocrx_word' id='word_1_559' title='bbox 1267 1835 1318 1854; x_wconf 91' lang='lat' dir='ltr'><strong>non</strong></span> <span class='ocrx_word' id='word_1_560' title='bbox 1348 1825 1527 1860; x_wconf 75' lang='lat' dir='ltr'><strong>ingemiscat?</strong></span> <span class='ocrx_word' id='word_1_561' title='bbox 1546 1831 1606 1852; x_wconf 88' lang='lat' dir='ltr'><strong>nam</strong></span> <span class='ocrx_word' id='word_1_562' title='bbox 1635 1824 1662 1851; x_wconf 80' lang='lat' dir='ltr'><strong>in</strong></span> <span class='ocrx_word' id='word_1_563' title='bbox 1689 1824 1752 1851; x_wconf 69' lang='lat' dir='ltr'><strong>locis</strong></span> 
     </span>
    </p>
   </div>
   <div class='ocr_carea' id='block_1_82' title="bbox 970 1870 1752 1910">
    <p class='ocr_par' dir='ltr' id='par_1_82' title="bbox 970 1870 1752 1910">
     <span class='ocr_line' id='line_1_82' title="bbox 970 1870 1752 1910; baseline -0.006 -8"><span class='ocrx_word' id='word_1_564' title='bbox 970 1875 1111 1910; x_wconf 83' lang='lat' dir='ltr'><strong>impiorum</strong></span> <span class='ocrx_word' id='word_1_565' title='bbox 1135 1874 1215 1910; x_wconf 79' lang='lat'><strong>307</strong></span> <span class='ocrx_word' id='word_1_566' title='bbox 1240 1873 1308 1908; x_wconf 79' lang='lat' dir='ltr'><strong>justi</strong></span> <span class='ocrx_word' id='word_1_567' title='bbox 1334 1873 1512 1899; x_wconf 76' lang='lat' dir='ltr'><strong>lamentantur</strong></span> <span class='ocrx_word' id='word_1_568' title='bbox 1528 1871 1560 1897; x_wconf 82' lang='lat'><strong>&quot;.</strong></span> <span class='ocrx_word' id='word_1_569' title='bbox 1594 1870 1660 1904; x_wconf 89' lang='lat' dir='ltr'><strong>Quis</strong></span> <span class='ocrx_word' id='word_1_570' title='bbox 1691 1878 1752 1897; x_wconf 91' lang='lat' dir='ltr'><strong>cum</strong></span> 
     </span>
    </p>
   </div>
   <div class='ocr_carea' id='block_1_83' title="bbox 969 1915 1754 1954">
    <p class='ocr_par' dir='ltr' id='par_1_83' title="bbox 969 1915 1754 1954">
     <span class='ocr_line' id='line_1_83' title="bbox 969 1915 1754 1954; baseline -0.009 -7"><span class='ocrx_word' id='word_1_571' title='bbox 969 1919 1100 1954; x_wconf 89' lang='lat' dir='ltr'><strong>ejusmodi</strong></span> <span class='ocrx_word' id='word_1_572' title='bbox 1120 1924 1195 1954; x_wconf 81' lang='lat' dir='ltr'><strong>gesta</strong></span> <span class='ocrx_word' id='word_1_573' title='bbox 1212 1919 1278 1951; x_wconf 85' lang='lat' dir='ltr'><strong>sint,</strong></span> <span class='ocrx_word' id='word_1_574' title='bbox 1299 1925 1360 1945; x_wconf 93' lang='lat' dir='ltr'><strong>cum</strong></span> <span class='ocrx_word' id='word_1_575' title='bbox 1377 1916 1502 1951; x_wconf 85' lang='lat' dir='ltr'><strong>impietas</strong></span> <span class='ocrx_word' id='word_1_576' title='bbox 1522 1921 1625 1943; x_wconf 84' lang='lat' dir='ltr'><strong>tantam</strong></span> <span class='ocrx_word' id='word_1_577' title='bbox 1640 1916 1690 1943; x_wconf 88' lang='lat' dir='ltr'><strong>sibi</strong></span> <span class='ocrx_word' id='word_1_578' title='bbox 1704 1915 1754 1942; x_wconf 80' lang='lat' dir='ltr'><strong>int-</strong></span> 
     </span>
    </p>
   </div>
   <div class='ocr_carea' id='block_1_84' title="bbox 969 1959 1753 2000">
    <p class='ocr_par' dir='ltr' id='par_1_84' title="bbox 969 1959 1753 2000">
     <span class='ocr_line' id='line_1_84' title="bbox 969 1959 1753 2000; baseline -0.005 -9"><span class='ocrx_word' id='word_1_579' title='bbox 969 1963 1126 2000; x_wconf 87' lang='lat' dir='ltr'><strong>pudentiam</strong></span> <span class='ocrx_word' id='word_1_580' title='bbox 1151 1963 1296 1997; x_wconf 82' lang='lat' dir='ltr'><strong>arrogarlt,</strong></span> <span class='ocrx_word' id='word_1_581' title='bbox 1310 1962 1468 1997; x_wconf 82' lang='lat' dir='ltr'><strong>Coslylliutn</strong></span> <span class='ocrx_word' id='word_1_582' title='bbox 1483 1960 1667 1988; x_wconf 82' lang='lat' dir='ltr'><strong>Christianum</strong></span> <span class='ocrx_word' id='word_1_583' title='bbox 1682 1959 1753 1988; x_wconf 82' lang='lat' dir='ltr'><strong>ultra</strong></span> 
     </span>
    </p>
   </div>
   <div class='ocr_carea' id='block_1_85' title="bbox 971 2005 1754 2041">
    <p class='ocr_par' dir='ltr' id='par_1_85' title="bbox 971 2005 1754 2041">
     <span class='ocr_line' id='line_1_85' title="bbox 971 2005 1754 2041; baseline -0.008 -3"><span class='ocrx_word' id='word_1_584' title='bbox 971 2017 1068 2038; x_wconf 88' lang='lat' dir='ltr'><strong>vocare</strong></span> <span class='ocrx_word' id='word_1_585' title='bbox 1089 2017 1171 2038; x_wconf 90' lang='lat' dir='ltr'><strong>ausus</strong></span> <span class='ocrx_word' id='word_1_586' title='bbox 1186 2008 1278 2041; x_wconf 78' lang='lat' dir='ltr'><strong>fuerit,</strong></span> <span class='ocrx_word' id='word_1_587' title='bbox 1293 2013 1320 2035; x_wconf 91' lang='lat' dir='ltr'><strong>et</strong></span> <span class='ocrx_word' id='word_1_588' title='bbox 1336 2015 1387 2035; x_wconf 91' lang='lat' dir='ltr'><strong>non</strong></span> <span class='ocrx_word' id='word_1_589' title='bbox 1406 2007 1496 2041; x_wconf 89' lang='lat' dir='ltr'><strong>potius</strong></span> <span class='ocrx_word' id='word_1_590' title='bbox 1511 2005 1671 2033; x_wconf 79' lang='lat' dir='ltr'><strong>Antichristi</strong></span> <span class='ocrx_word' id='word_1_591' title='bbox 1690 2006 1754 2033; x_wconf 78' lang='lat' dir='ltr'><strong>ima-</strong></span> 
     </span>
    </p>
   </div>
   <div class='ocr_carea' id='block_1_86' title="bbox 971 2052 1754 2091">
    <p class='ocr_par' dir='ltr' id='par_1_86' title="bbox 971 2052 1754 2091">
     <span class='ocr_line' id='line_1_86' title="bbox 971 2052 1754 2091; baseline -0.005 -8"><span class='ocrx_word' id='word_1_592' title='bbox 971 2056 1081 2091; x_wconf 77' lang='lat' dir='ltr'><strong>ginem?</strong></span> <span class='ocrx_word' id='word_1_593' title='bbox 1107 2055 1234 2089; x_wconf 84' lang='lat' dir='ltr'><strong>Quaenam</strong></span> <span class='ocrx_word' id='word_1_594' title='bbox 1255 2062 1289 2081; x_wconf 76' lang='lat' dir='ltr'><strong>ex</strong></span> <span class='ocrx_word' id='word_1_595' title='bbox 1310 2053 1469 2081; x_wconf 77' lang='lat' dir='ltr'><strong>Antichristi</strong></span> <span class='ocrx_word' id='word_1_596' title='bbox 1495 2053 1566 2080; x_wconf 85' lang='lat' dir='ltr'><strong>notis</strong></span> <span class='ocrx_word' id='word_1_597' title='bbox 1590 2052 1641 2087; x_wconf 87' lang='lat' dir='ltr'><strong>ipsi</strong></span> <span class='ocrx_word' id='word_1_598' title='bbox 1660 2052 1754 2080; x_wconf 71' lang='lat' dir='ltr'><strong>deest?</strong></span> 
     </span>
    </p>
   </div>
   <div class='ocr_carea' id='block_1_87' title="bbox 971 2100 1753 2137">
    <p class='ocr_par' dir='ltr' id='par_1_87' title="bbox 971 2100 1753 2137">
     <span class='ocr_line' id='line_1_87' title="bbox 971 2100 1753 2137; baseline -0.006 -7"><span class='ocrx_word' id='word_1_599' title='bbox 971 2103 1026 2130; x_wconf 81' lang='lat' dir='ltr'><strong>Aut</strong></span> <span class='ocrx_word' id='word_1_600' title='bbox 1042 2103 1107 2137; x_wconf 87' lang='lat' dir='ltr'><strong>quid</strong></span> <span class='ocrx_word' id='word_1_601' title='bbox 1126 2106 1178 2134; x_wconf 88' lang='lat' dir='ltr'><strong>est,</strong></span> <span class='ocrx_word' id='word_1_602' title='bbox 1193 2109 1241 2128; x_wconf 89' lang='lat' dir='ltr'><strong>cur</strong></span> <span class='ocrx_word' id='word_1_603' title='bbox 1261 2108 1314 2128; x_wconf 92' lang='lat' dir='ltr'><strong>non</strong></span> <span class='ocrx_word' id='word_1_604' title='bbox 1336 2100 1407 2127; x_wconf 83' lang='lat' dir='ltr'><strong>hunc</strong></span> <span class='ocrx_word' id='word_1_605' title='bbox 1423 2100 1498 2127; x_wconf 87' lang='lat' dir='ltr'><strong>illuttt</strong></span> <span class='ocrx_word' id='word_1_606' title='bbox 1519 2100 1606 2134; x_wconf 88' lang='lat' dir='ltr'><strong>ipsum</strong></span> <span class='ocrx_word' id='word_1_607' title='bbox 1629 2106 1690 2126; x_wconf 80' lang='lat' dir='ltr'><strong>esse</strong></span> <span class='ocrx_word' id='word_1_608' title='bbox 1709 2105 1753 2124; x_wconf 82' lang='lat' dir='ltr'><strong>ar-</strong></span> 
     </span>
    </p>
   </div>
   <div class='ocr_carea' id='block_1_88' title="bbox 972 2139 1755 2178">
    <p class='ocr_par' dir='ltr' id='par_1_88' title="bbox 972 2139 1755 2178">
     <span class='ocr_line' id='line_1_88' title="bbox 972 2139 1755 2178; baseline -0.008 -6"><span class='ocrx_word' id='word_1_609' title='bbox 972 2144 1112 2176; x_wconf 86' lang='lat' dir='ltr'><strong>bitremur,</strong></span> <span class='ocrx_word' id='word_1_610' title='bbox 1146 2144 1274 2178; x_wconf 88' lang='lat' dir='ltr'><strong>illumque</strong></span> <span class='ocrx_word' id='word_1_611' title='bbox 1304 2143 1366 2169; x_wconf 87' lang='lat' dir='ltr'><strong>huic</strong></span> <span class='ocrx_word' id='word_1_612' title='bbox 1396 2141 1512 2169; x_wconf 82' lang='lat' dir='ltr'><strong>similem</strong></span> <span class='ocrx_word' id='word_1_613' title='bbox 1545 2139 1755 2168; x_wconf 83' lang='lat' dir='ltr'><strong>existimemus?</strong></span> 
     </span>
    </p>
   </div>
   <div class='ocr_carea' id='block_1_89' title="bbox 138 2181 917 2226">
    <p class='ocr_par' dir='ltr' id='par_1_89' title="bbox 138 2187 917 2226">
     <span class='ocr_line' id='line_1_89' title="bbox 138 2187 917 2226; baseline 0 -10"><span class='ocrx_word' id='word_1_614' title='bbox 138 2187 242 2226; x_wconf 75' lang='grc' dir='ltr'>μεγάλῃ</span> <span class='ocrx_word' id='word_1_615' title='bbox 265 2189 406 2224; x_wconf 72' lang='grc' dir='ltr'>ἐκκλησίᾳ,</span> <span class='ocrx_word' id='word_1_616' title='bbox 421 2191 454 2225; x_wconf 82' lang='grc' dir='ltr'><strong>τῇ</strong></span> <span class='ocrx_word' id='word_1_617' title='bbox 481 2191 510 2217; x_wconf 83' lang='grc' dir='ltr'><strong>ἐν</strong></span> <span class='ocrx_word' id='word_1_618' title='bbox 534 2190 572 2225; x_wconf 85' lang='grc' dir='ltr'>τῷ</span> <span class='ocrx_word' id='word_1_619' title='bbox 587 2190 756 2226; x_wconf 84' lang='grc' dir='ltr'>Καισαρείῳ,</span> <span class='ocrx_word' id='word_1_620' title='bbox 777 2190 917 2225; x_wconf 85' lang='grc' dir='ltr'>γινομένας</span> 
     </span>
    </p>
   </div>
   <div class='ocr_carea' id='block_1_90' title="bbox 968 2181 1754 2226">
    <p class='ocr_par' dir='ltr' id='par_1_90' title="bbox 973 2181 1754 2222">
     <span class='ocr_line' id='line_1_90' title="bbox 973 2181 1754 2222; baseline -0.009 -7"><span class='ocrx_word' id='word_1_621' title='bbox 973 2187 1066 2215; x_wconf 81' lang='lat' dir='ltr'><strong>Nonne</strong></span> <span class='ocrx_word' id='word_1_622' title='bbox 1080 2187 1106 2214; x_wconf 92' lang='lat' dir='ltr'><strong>in</strong></span> <span class='ocrx_word' id='word_1_623' title='bbox 1122 2194 1216 2222; x_wconf 88' lang='lat' dir='ltr'><strong>tnagna</strong></span> <span class='ocrx_word' id='word_1_624' title='bbox 1230 2185 1357 2217; x_wconf 83' lang='lat' dir='ltr'><strong>ecclesia,</strong></span> <span class='ocrx_word' id='word_1_625' title='bbox 1372 2193 1432 2220; x_wconf 77' lang='lat' dir='ltr'><strong>qua:</strong></span> <span class='ocrx_word' id='word_1_626' title='bbox 1456 2184 1483 2211; x_wconf 92' lang='lat' dir='ltr'><strong>in</strong></span> <span class='ocrx_word' id='word_1_627' title='bbox 1503 2183 1626 2211; x_wconf 67' lang='lat' dir='ltr'><strong>Caesareo</strong></span> <span class='ocrx_word' id='word_1_628' title='bbox 1639 2181 1690 2209; x_wconf 85' lang='lat' dir='ltr'><strong>sita</strong></span> <span class='ocrx_word' id='word_1_629' title='bbox 1703 2185 1754 2213; x_wconf 81' lang='lat' dir='ltr'><strong>est.</strong></span> 
     </span>
    </p>
   </div>
   <div class='ocr_carea' id='block_1_91' title="bbox 138 2235 922 2272">
    <p class='ocr_par' dir='ltr' id='par_1_91' title="bbox 138 2235 922 2272">
     <span class='ocr_line' id='line_1_91' title="bbox 138 2235 922 2272; baseline 0 -10"><span class='ocrx_word' id='word_1_630' title='bbox 138 2235 242 2267; x_wconf 83' lang='grc' dir='ltr'>θυσίας,</span> <span class='ocrx_word' id='word_1_631' title='bbox 258 2236 304 2262; x_wconf 69' lang='grc' dir='ltr'>καὶ</span> <span class='ocrx_word' id='word_1_632' title='bbox 320 2235 389 2263; x_wconf 85' lang='grc' dir='ltr'>κατὰ</span> <span class='ocrx_word' id='word_1_633' title='bbox 410 2236 527 2272; x_wconf 75' lang='grc' dir='ltr'>Χριστοῦ</span> <span class='ocrx_word' id='word_1_634' title='bbox 550 2236 736 2272; x_wconf 71' lang='grc' dir='ltr'>βλασφημίας,</span> <span class='ocrx_word' id='word_1_635' title='bbox 752 2235 789 2268; x_wconf 85' lang='grc' dir='ltr'>ὡς</span> <span class='ocrx_word' id='word_1_636' title='bbox 805 2235 834 2267; x_wconf 79' lang='grc' dir='ltr'>ἐξ</span> <span class='ocrx_word' id='word_1_637' title='bbox 849 2237 922 2263; x_wconf 80' lang='grc' dir='ltr'>ἐντο-</span> 
     </span>
    </p>
   </div>
   <div class='ocr_carea' id='block_1_92' title="bbox 99 2280 919 2321">
    <p class='ocr_par' dir='ltr' id='par_1_92' title="bbox 99 2280 919 2321">
     <span class='ocr_line' id='line_1_92' title="bbox 99 2280 919 2321; baseline 0.001 -14"><span class='ocrx_word' id='word_1_638' title='bbox 99 2318 101 2321; x_wconf 36' lang='lat'>.</span> <span class='ocrx_word' id='word_1_639' title='bbox 137 2281 185 2317; x_wconf 86' lang='grc' dir='ltr'>λῆς</span> <span class='ocrx_word' id='word_1_640' title='bbox 206 2280 287 2308; x_wconf 74' lang='grc' dir='ltr'>αὐτοῦ</span> <span class='ocrx_word' id='word_1_641' title='bbox 309 2281 489 2317; x_wconf 76' lang='grc' dir='ltr'>πεποιήκασιν</span> <span class='ocrx_word' id='word_1_642' title='bbox 513 2282 645 2318; x_wconf 82' lang='grc' dir='ltr'>Ἀρειανοί</span> <span class='ocrx_word' id='word_1_643' title='bbox 661 2290 689 2309; x_wconf 89' lang='grc' dir='ltr'><strong>τε</strong></span> <span class='ocrx_word' id='word_1_644' title='bbox 709 2282 756 2309; x_wconf 78' lang='grc' dir='ltr'>καὶ</span> <span class='ocrx_word' id='word_1_645' title='bbox 776 2282 919 2317; x_wconf 57' lang='grc' dir='ltr'>Ἕλληνες</span> 
     </span>
    </p>
   </div>
   <div class='ocr_carea' id='block_1_93' title="bbox 137 2326 923 2363">
    <p class='ocr_par' dir='ltr' id='par_1_93' title="bbox 137 2326 923 2363">
     <span class='ocr_line' id='line_1_93' title="bbox 137 2326 923 2363; baseline 0.001 -10"><span class='ocrx_word' id='word_1_646' title='bbox 137 2327 217 2363; x_wconf 80' lang='grc' dir='ltr'><strong>οὺχὴ</strong></span> <span class='ocrx_word' id='word_1_647' title='bbox 238 2327 330 2363; x_wconf 74' lang='grc' dir='ltr'>ὅρασις</span> <span class='ocrx_word' id='word_1_648' title='bbox 347 2326 394 2354; x_wconf 78' lang='grc' dir='ltr'>τοῦ</span> <span class='ocrx_word' id='word_1_649' title='bbox 415 2328 512 2363; x_wconf 80' lang='grc' dir='ltr'>Δανιὴλ</span> <span class='ocrx_word' id='word_1_650' title='bbox 528 2327 598 2354; x_wconf 76' lang='grc' dir='ltr'>οὕτω</span> <span class='ocrx_word' id='word_1_651' title='bbox 619 2328 745 2363; x_wconf 88' lang='grc' dir='ltr'>σημαίνει</span> <span class='ocrx_word' id='word_1_652' title='bbox 776 2327 821 2354; x_wconf 80' lang='grc' dir='ltr'>τὸν</span> <span class='ocrx_word' id='word_1_653' title='bbox 839 2327 923 2354; x_wconf 79' lang='grc' dir='ltr'>Ἀντί-</span> 
     </span>
    </p>
   </div>
   <div class='ocr_carea' id='block_1_94' title="bbox 138 2371 924 2408">
    <p class='ocr_par' dir='ltr' id='par_1_94' title="bbox 138 2371 924 2408">
     <span class='ocr_line' id='line_1_94' title="bbox 138 2371 924 2408; baseline 0 -10"><span class='ocrx_word' id='word_1_654' title='bbox 138 2380 257 2407; x_wconf 88' lang='grc' dir='ltr'>χριστον,</span> <span class='ocrx_word' id='word_1_655' title='bbox 277 2372 317 2398; x_wconf 80' lang='grc' dir='ltr'>ὅτι</span> <span class='ocrx_word' id='word_1_656' title='bbox 339 2371 446 2406; x_wconf 80' lang='grc' dir='ltr'>ποιήσει</span> <span class='ocrx_word' id='word_1_657' title='bbox 470 2372 586 2408; x_wconf 85' lang='grc' dir='ltr'>πόλεμον</span> <span class='ocrx_word' id='word_1_658' title='bbox 606 2372 674 2406; x_wconf 87' lang='grc' dir='ltr'><strong>μετά</strong></span> <span class='ocrx_word' id='word_1_659' title='bbox 687 2372 741 2399; x_wconf 85' lang='grc' dir='ltr'>τῶν</span> <span class='ocrx_word' id='word_1_660' title='bbox 764 2372 860 2406; x_wconf 87' lang='grc' dir='ltr'>ἀγίων,</span> <span class='ocrx_word' id='word_1_661' title='bbox 875 2373 924 2399; x_wconf 71' lang='grc' dir='ltr'>καὶ</span> 
     </span>
    </p>
   </div>
   <div class='ocr_carea' id='block_1_95' title="bbox 137 2415 923 2452">
    <p class='ocr_par' dir='ltr' id='par_1_95' title="bbox 137 2415 923 2452">
     <span class='ocr_line' id='line_1_95' title="bbox 137 2415 923 2452; baseline 0.003 -10"><span class='ocrx_word' id='word_1_662' title='bbox 137 2415 242 2451; x_wconf 72' lang='grc' dir='ltr'>ίσχύσει</span> <span class='ocrx_word' id='word_1_663' title='bbox 255 2416 323 2452; x_wconf 84' lang='grc' dir='ltr'>πρὸς</span> <span class='ocrx_word' id='word_1_664' title='bbox 336 2417 445 2448; x_wconf 76' lang='grc' dir='ltr'>αὐτοὺς,</span> <span class='ocrx_word' id='word_1_665' title='bbox 458 2418 504 2443; x_wconf 70' lang='grc' dir='ltr'>καὶ</span> <span class='ocrx_word' id='word_1_666' title='bbox 516 2417 653 2452; x_wconf 84' lang='grc' dir='ltr'>ὑπεροίσει</span> <span class='ocrx_word' id='word_1_667' title='bbox 666 2418 695 2443; x_wconf 87' lang='grc' dir='ltr'><strong>ἐν</strong></span> <span class='ocrx_word' id='word_1_668' title='bbox 710 2419 804 2449; x_wconf 82' lang='grc' dir='ltr'>κακοῖς</span> <span class='ocrx_word' id='word_1_669' title='bbox 819 2417 923 2449; x_wconf 83' lang='grc' dir='ltr'>πάντας</span> 
     </span>
    </p>
   </div>
   <div class='ocr_carea' id='block_1_96' title="bbox 139 2462 923 2498">
    <p class='ocr_par' dir='ltr' id='par_1_96' title="bbox 139 2462 923 2498">
     <span class='ocr_line' id='line_1_96' title="bbox 139 2462 923 2498; baseline 0.001 -10"><span class='ocrx_word' id='word_1_670' title='bbox 139 2462 202 2494; x_wconf 77' lang='grc' dir='ltr'>τοὺς</span> <span class='ocrx_word' id='word_1_671' title='bbox 223 2462 385 2498; x_wconf 74' lang='grc' dir='ltr'>ἔμπροσθεν,</span> <span class='ocrx_word' id='word_1_672' title='bbox 402 2463 448 2489; x_wconf 80' lang='grc' dir='ltr'>καὶ</span> <span class='ocrx_word' id='word_1_673' title='bbox 460 2464 533 2498; x_wconf 85' lang='grc' dir='ltr'>τρεῖς</span> <span class='ocrx_word' id='word_1_674' title='bbox 551 2462 668 2497; x_wconf 70' lang='grc' dir='ltr'>βασιλεῖς</span> <span class='ocrx_word' id='word_1_675' title='bbox 687 2463 858 2494; x_wconf 87' lang='grc' dir='ltr'>ταπεινώσει,</span> <span class='ocrx_word' id='word_1_676' title='bbox 875 2463 923 2490; x_wconf 78' lang='grc' dir='ltr'>καὶ</span> 
     </span>
    </p>
   </div>
   <div class='ocr_carea' id='block_1_97' title="bbox 140 2508 923 2544">
    <p class='ocr_par' dir='ltr' id='par_1_97' title="bbox 140 2508 923 2544">
     <span class='ocr_line' id='line_1_97' title="bbox 140 2508 923 2544; baseline 0.001 -10"><span class='ocrx_word' id='word_1_677' title='bbox 140 2508 234 2542; x_wconf 87' lang='grc' dir='ltr'>λόγους</span> <span class='ocrx_word' id='word_1_678' title='bbox 246 2509 314 2544; x_wconf 74' lang='grc' dir='ltr'>πρὸς</span> <span class='ocrx_word' id='word_1_679' title='bbox 324 2509 369 2535; x_wconf 82' lang='grc' dir='ltr'>τὸν</span> <span class='ocrx_word' id='word_1_680' title='bbox 383 2508 512 2543; x_wconf 74' lang='grc' dir='ltr'>Ὕψιστον</span> <span class='ocrx_word' id='word_1_681' title='bbox 529 2508 649 2544; x_wconf 82' lang='grc' dir='ltr'>λαλήσει,</span> <span class='ocrx_word' id='word_1_682' title='bbox 661 2509 706 2536; x_wconf 72' lang='grc' dir='ltr'>καὶ</span> <span class='ocrx_word' id='word_1_683' title='bbox 719 2509 863 2544; x_wconf 83' lang='grc' dir='ltr'>ὑπονοήσει</span> <span class='ocrx_word' id='word_1_684' title='bbox 876 2508 923 2535; x_wconf 80' lang='grc' dir='ltr'>τοῦ</span> 
     </span>
    </p>
   </div>
   <div class='ocr_carea' id='block_1_98' title="bbox 177 2574 953 2609">
    <p class='ocr_par' dir='ltr' id='par_1_98' title="bbox 177 2574 953 2609">
     <span class='ocr_line' id='line_1_98' title="bbox 177 2574 953 2609; baseline 0 -6"><span class='ocrx_word' id='word_1_685' title='bbox 177 2575 288 2603; x_wconf 78' lang='lat' dir='ltr'><strong>“Prov.</strong></span> <span class='ocrx_word' id='word_1_686' title='bbox 309 2584 402 2609; x_wconf 80' lang='lat' dir='ltr'><strong>xxvm,</strong></span> <span class='ocrx_word' id='word_1_687' title='bbox 422 2575 467 2606; x_wconf 75' lang='lat'><strong>28,</strong></span> <span class='ocrx_word' id='word_1_688' title='bbox 484 2576 511 2601; x_wconf 87' lang='lat' dir='ltr'><strong>in</strong></span> <span class='ocrx_word' id='word_1_689' title='bbox 527 2574 573 2602; x_wconf 78' lang='lat' dir='ltr'><strong>Gr.</strong></span> <span class='ocrx_word' id='word_1_690' title='bbox 589 2580 672 2603; x_wconf 69' lang='lat' dir='ltr'><strong>testu.</strong></span> <span class='ocrx_word' id='word_1_691' title='bbox 710 2576 732 2591; x_wconf 69' lang='grc' dir='ltr'><strong>δ’</strong></span> <span class='ocrx_word' id='word_1_692' title='bbox 752 2575 817 2603; x_wconf 90' lang='lat' dir='ltr'><strong>Dan.</strong></span> <span class='ocrx_word' id='word_1_693' title='bbox 840 2584 886 2608; x_wconf 77' lang='lat' dir='ltr'><strong>vlt.</strong></span> <span class='ocrx_word' id='word_1_694' title='bbox 907 2575 953 2603; x_wconf 62' lang='lat' dir='ltr'><strong>Q5.</strong></span> 
     </span>
    </p>
   </div>
   <div class='ocr_carea' id='block_1_99' title="bbox 178 2653 924 2689">
    <p class='ocr_par' dir='ltr' id='par_1_99' title="bbox 178 2653 924 2689">
     <span class='ocr_line' id='line_1_99' title="bbox 178 2653 924 2689; baseline 0 -10"><span class='ocrx_word' id='word_1_695' title='bbox 178 2653 234 2689; x_wconf 74' lang='grc' dir='ltr'><strong>(Ἡ)</strong></span> <span class='ocrx_word' id='word_1_696' title='bbox 246 2653 343 2689; x_wconf 69' lang='lat' dir='ltr'><strong>[tegius</strong></span> <span class='ocrx_word' id='word_1_697' title='bbox 353 2653 436 2681; x_wconf 73' lang='lat' dir='ltr'><strong>codex</strong></span> <span class='ocrx_word' id='word_1_698' title='bbox 448 2653 674 2689; x_wconf 80' lang='grc' dir='ltr'>καταπελμάτων,</span> <span class='ocrx_word' id='word_1_699' title='bbox 685 2654 762 2680; x_wconf 83' lang='lat' dir='ltr'><strong>unica</strong></span> <span class='ocrx_word' id='word_1_700' title='bbox 771 2660 844 2681; x_wconf 80' lang='lat' dir='ltr'><strong>voce.</strong></span> <span class='ocrx_word' id='word_1_701' title='bbox 854 2653 924 2680; x_wconf 77' lang='lat' dir='ltr'><strong>Editi</strong></span> 
     </span>
    </p>
   </div>
   <div class='ocr_carea' id='block_1_100' title="bbox 142 2687 374 2723">
    <p class='ocr_par' dir='ltr' id='par_1_100' title="bbox 142 2687 374 2723">
     <span class='ocr_line' id='line_1_100' title="bbox 142 2687 374 2723; baseline 0 -9"><span class='ocrx_word' id='word_1_702' title='bbox 142 2687 212 2723; x_wconf 72' lang='grc' dir='ltr'>κατᾲ</span> <span class='ocrx_word' id='word_1_703' title='bbox 221 2687 374 2723; x_wconf 74' lang='grc' dir='ltr'>πελμάτων.</span> 
     </span>
    </p>
   </div>
   <div class='ocr_carea' id='block_1_101' title="bbox 141 2722 924 2784">
    <p class='ocr_par' dir='ltr' id='par_1_101' title="bbox 141 2722 924 2784">
     <span class='ocr_line' id='line_1_101' title="bbox 141 2722 924 2784; baseline 0.001 -36"><span class='ocrx_word' id='word_1_704' title='bbox 141 2722 233 2784; x_wconf 46' lang='grc' dir='ltr'><strong>ἄνθη)</strong></span> <span class='ocrx_word' id='word_1_705' title='bbox 246 2722 312 2757; x_wconf 73' lang='lat' dir='ltr'><strong>Reg.</strong></span> <span class='ocrx_word' id='word_1_706' title='bbox 323 2723 454 2758; x_wconf 80' lang='grc' dir='ltr'>δέχονται.</span> <span class='ocrx_word' id='word_1_707' title='bbox 471 2723 570 2751; x_wconf 84' lang='lat' dir='ltr'><strong>Ibidem</strong></span> <span class='ocrx_word' id='word_1_708' title='bbox 585 2724 647 2759; x_wconf 71' lang='lat' dir='ltr'><strong>lteg.</strong></span> <span class='ocrx_word' id='word_1_709' title='bbox 662 2722 831 2758; x_wconf 82' lang='grc' dir='ltr'>ἀνθρώπους.</span> <span class='ocrx_word' id='word_1_710' title='bbox 843 2723 924 2755; x_wconf 81' lang='lat' dir='ltr'><strong>Edili,</strong></span> 
     </span>
     <span class='ocr_line' id='line_1_102' title="bbox 193 2765 465 2784; baseline 0 0"><span class='ocrx_word' id='word_1_711' title='bbox 193 2766 304 2784; x_wconf 77' lang='grc' dir='ltr'>οωποιε.</span> <span class='ocrx_word' id='word_1_712' title='bbox 316 2765 465 2784; x_wconf 79' lang='lat' dir='ltr'><strong>nerneram.</strong></span> 
     </span>
    </p>
   </div>
   <div class='ocr_carea' id='block_1_102' title="bbox 211 2765 465 2792">
    <p class='ocr_par' dir='ltr' id='par_1_102' title="bbox 211 2765 465 2792">
     <span class='ocr_line' id='line_1_103' title="bbox 211 2765 465 2792; baseline 0.004 -9"><span class='ocrx_word' id='word_1_713' title='bbox 211 2766 304 2790; x_wconf 80' lang='grc' dir='ltr'>ωποις,</span> <span class='ocrx_word' id='word_1_714' title='bbox 316 2765 465 2792; x_wconf 78' lang='lat' dir='ltr'><strong>perperam.</strong></span> 
     </span>
    </p>
   </div>
   <div class='ocr_carea' id='block_1_103' title="bbox 178 2792 923 2828">
    <p class='ocr_par' dir='ltr' id='par_1_103' title="bbox 178 2792 923 2828">
     <span class='ocr_line' id='line_1_104' title="bbox 178 2792 923 2828; baseline 0.001 -10"><span class='ocrx_word' id='word_1_715' title='bbox 178 2792 234 2826; x_wconf 81' lang='grc'><strong>(75)</strong></span> <span class='ocrx_word' id='word_1_716' title='bbox 247 2792 282 2819; x_wconf 78' lang='lat' dir='ltr'><strong>Ita</strong></span> <span class='ocrx_word' id='word_1_717' title='bbox 298 2793 362 2828; x_wconf 83' lang='lat' dir='ltr'><strong>Reg.</strong></span> <span class='ocrx_word' id='word_1_718' title='bbox 375 2798 403 2820; x_wconf 90' lang='lat' dir='ltr'><strong>et</strong></span> <span class='ocrx_word' id='word_1_719' title='bbox 415 2794 454 2820; x_wconf 79' lang='lat' dir='ltr'><strong>sit:</strong></span> <span class='ocrx_word' id='word_1_720' title='bbox 468 2793 538 2820; x_wconf 79' lang='lat' dir='ltr'><strong>infra</strong></span> <span class='ocrx_word' id='word_1_721' title='bbox 557 2798 636 2820; x_wconf 86' lang='lat' dir='ltr'><strong>vocat</strong></span> <span class='ocrx_word' id='word_1_722' title='bbox 651 2793 835 2828; x_wconf 77' lang='lat' dir='ltr'><strong>Constantium</strong></span> <span class='ocrx_word' id='word_1_723' title='bbox 855 2793 923 2820; x_wconf 86' lang='lat' dir='ltr'><strong>deri-</strong></span> 
     </span>
    </p>
   </div>
   <div class='ocr_carea' id='block_1_104' title="bbox 141 2827 922 2862">
    <p class='ocr_par' dir='ltr' id='par_1_104' title="bbox 141 2827 922 2862">
     <span class='ocr_line' id='line_1_105' title="bbox 141 2827 922 2862; baseline 0 -8"><span class='ocrx_word' id='word_1_724' title='bbox 141 2828 230 2856; x_wconf 77' lang='lat' dir='ltr'><strong>denda</strong></span> <span class='ocrx_word' id='word_1_725' title='bbox 239 2827 358 2856; x_wconf 68' lang='lat' dir='ltr'><strong>scilicet:</strong></span> <span class='ocrx_word' id='word_1_726' title='bbox 372 2828 453 2861; x_wconf 84' lang='lat' dir='ltr'><strong>editi,</strong></span> <span class='ocrx_word' id='word_1_727' title='bbox 473 2829 669 2861; x_wconf 77' lang='grc' dir='ltr'>Κωνστάντιος,</span> <span class='ocrx_word' id='word_1_728' title='bbox 691 2828 763 2862; x_wconf 83' lang='lat' dir='ltr'><strong>prior</strong></span> <span class='ocrx_word' id='word_1_729' title='bbox 776 2827 856 2855; x_wconf 68' lang='lat' dir='ltr'><strong>i‘ectio</strong></span> <span class='ocrx_word' id='word_1_730' title='bbox 871 2828 922 2854; x_wconf 87' lang='lat' dir='ltr'><strong>edi-</strong></span> 
     </span>
    </p>
   </div>
   <div class='ocr_carea' id='block_1_105' title="bbox 973 2227 1754 2268">
    <p class='ocr_par' dir='ltr' id='par_1_105' title="bbox 973 2227 1754 2268">
     <span class='ocr_line' id='line_1_106' title="bbox 973 2227 1754 2268; baseline -0.01 -7"><span class='ocrx_word' id='word_1_731' title='bbox 973 2242 1007 2261; x_wconf 83' lang='lat' dir='ltr'><strong>ex</strong></span> <span class='ocrx_word' id='word_1_732' title='bbox 1033 2233 1091 2268; x_wconf 91' lang='lat' dir='ltr'><strong>ejus</strong></span> <span class='ocrx_word' id='word_1_733' title='bbox 1105 2232 1180 2267; x_wconf 85' lang='lat' dir='ltr'><strong>jussu</strong></span> <span class='ocrx_word' id='word_1_734' title='bbox 1207 2230 1340 2258; x_wconf 83' lang='lat' dir='ltr'><strong>sacriﬁcia</strong></span> <span class='ocrx_word' id='word_1_735' title='bbox 1362 2230 1462 2260; x_wconf 83' lang='lat' dir='ltr'><strong>oblata.</strong></span> <span class='ocrx_word' id='word_1_736' title='bbox 1481 2227 1705 2263; x_wconf 65' lang='lat' dir='ltr'><strong>blaspltemiaeque</strong></span> <span class='ocrx_word' id='word_1_737' title='bbox 1728 2227 1754 2253; x_wconf 92' lang='lat' dir='ltr'><strong>in</strong></span> 
     </span>
    </p>
   </div>
   <div class='ocr_carea' id='block_1_106' title="bbox 973 2272 1757 2308">
    <p class='ocr_par' dir='ltr' id='par_1_106' title="bbox 973 2272 1757 2308">
     <span class='ocr_line' id='line_1_107' title="bbox 973 2272 1757 2308; baseline -0.009 -2"><span class='ocrx_word' id='word_1_738' title='bbox 973 2279 1110 2307; x_wconf 87' lang='lat' dir='ltr'><strong>Christum</strong></span> <span class='ocrx_word' id='word_1_739' title='bbox 1140 2278 1217 2305; x_wconf 66' lang='lat' dir='ltr'><strong>dictae</strong></span> <span class='ocrx_word' id='word_1_740' title='bbox 1245 2281 1308 2304; x_wconf 88' lang='lat' dir='ltr'><strong>sttnt</strong></span> <span class='ocrx_word' id='word_1_741' title='bbox 1339 2275 1372 2302; x_wconf 82' lang='lat' dir='ltr'><strong>ab</strong></span> <span class='ocrx_word' id='word_1_742' title='bbox 1401 2274 1507 2302; x_wconf 75' lang='lat' dir='ltr'><strong>Arionis</strong></span> <span class='ocrx_word' id='word_1_743' title='bbox 1529 2278 1556 2300; x_wconf 88' lang='lat' dir='ltr'><strong>et</strong></span> <span class='ocrx_word' id='word_1_744' title='bbox 1591 2272 1757 2308; x_wconf 78' lang='lat' dir='ltr'><strong>gentilibus?</strong></span> 
     </span>
    </p>
   </div>
   <div class='ocr_carea' id='block_1_107' title="bbox 977 2319 1756 2353">
    <p class='ocr_par' dir='ltr' id='par_1_107' title="bbox 977 2319 1756 2353">
     <span class='ocr_line' id='line_1_108' title="bbox 977 2319 1756 2353; baseline -0.01 0"><span class='ocrx_word' id='word_1_745' title='bbox 977 2325 1071 2353; x_wconf 82' lang='lat' dir='ltr'><strong>Nonne</strong></span> <span class='ocrx_word' id='word_1_746' title='bbox 1093 2324 1161 2352; x_wconf 86' lang='lat' dir='ltr'><strong>visio</strong></span> <span class='ocrx_word' id='word_1_747' title='bbox 1179 2323 1296 2351; x_wconf 85' lang='lat' dir='ltr'><strong>Danielis</strong></span> <span class='ocrx_word' id='word_1_748' title='bbox 1311 2323 1354 2350; x_wconf 90' lang='lat' dir='ltr'><strong>his</strong></span> <span class='ocrx_word' id='word_1_749' title='bbox 1380 2322 1485 2349; x_wconf 83' lang='lat' dir='ltr'><strong>indiciis</strong></span> <span class='ocrx_word' id='word_1_750' title='bbox 1500 2320 1695 2348; x_wconf 83' lang='lat' dir='ltr'><strong>Antichrislum</strong></span> <span class='ocrx_word' id='word_1_751' title='bbox 1719 2319 1756 2346; x_wconf 84' lang='lat' dir='ltr'><strong>si-</strong></span> 
     </span>
    </p>
   </div>
   <div class='ocr_carea' id='block_1_108' title="bbox 976 2365 1753 2407">
    <p class='ocr_par' dir='ltr' id='par_1_108' title="bbox 976 2365 1753 2407">
     <span class='ocr_line' id='line_1_109' title="bbox 976 2365 1753 2407; baseline -0.01 -8"><span class='ocrx_word' id='word_1_752' title='bbox 976 2371 1115 2407; x_wconf 75' lang='lat' dir='ltr'><strong>gniﬁcat“</strong></span> <span class='ocrx_word' id='word_1_753' title='bbox 1128 2378 1135 2397; x_wconf 89' lang='lat'>:</span> <span class='ocrx_word' id='word_1_754' title='bbox 1148 2370 1218 2405; x_wconf 88' lang='lat' dir='ltr'><strong>quod</strong></span> <span class='ocrx_word' id='word_1_755' title='bbox 1234 2369 1337 2396; x_wconf 88' lang='lat' dir='ltr'><strong>scilicet</strong></span> <span class='ocrx_word' id='word_1_756' title='bbox 1349 2367 1446 2395; x_wconf 80' lang='lat' dir='ltr'><strong>bellant</strong></span> <span class='ocrx_word' id='word_1_757' title='bbox 1456 2366 1557 2394; x_wconf 87' lang='lat' dir='ltr'><strong>sanctis</strong></span> <span class='ocrx_word' id='word_1_758' title='bbox 1569 2365 1693 2392; x_wconf 89' lang='lat' dir='ltr'><strong>illaturus</strong></span> <span class='ocrx_word' id='word_1_759' title='bbox 1703 2369 1753 2395; x_wconf 86' lang='lat' dir='ltr'><strong>est,</strong></span> 
     </span>
    </p>
   </div>
   <div class='ocr_carea' id='block_1_109' title="bbox 976 2410 1757 2451">
    <p class='ocr_par' dir='ltr' id='par_1_109' title="bbox 976 2410 1757 2451">
     <span class='ocr_line' id='line_1_110' title="bbox 976 2410 1757 2451; baseline -0.01 -7"><span class='ocrx_word' id='word_1_760' title='bbox 976 2418 1159 2451; x_wconf 83' lang='lat' dir='ltr'><strong>adversusque</strong></span> <span class='ocrx_word' id='word_1_761' title='bbox 1184 2415 1244 2442; x_wconf 86' lang='lat' dir='ltr'><strong>illos</strong></span> <span class='ocrx_word' id='word_1_762' title='bbox 1268 2413 1422 2449; x_wconf 69' lang='lat' dir='ltr'><strong>prmvalebit</strong></span> <span class='ocrx_word' id='word_1_763' title='bbox 1437 2423 1444 2440; x_wconf 83' lang='lat'><strong>:</strong></span> <span class='ocrx_word' id='word_1_764' title='bbox 1461 2419 1555 2440; x_wconf 88' lang='lat' dir='ltr'><strong>omnes</strong></span> <span class='ocrx_word' id='word_1_765' title='bbox 1576 2410 1622 2446; x_wconf 86' lang='lat' dir='ltr'><strong>qui</strong></span> <span class='ocrx_word' id='word_1_766' title='bbox 1642 2415 1704 2437; x_wconf 88' lang='lat' dir='ltr'><strong>ante</strong></span> <span class='ocrx_word' id='word_1_767' title='bbox 1727 2417 1757 2437; x_wconf 81' lang='lat' dir='ltr'><strong>sa</strong></span> 
     </span>
    </p>
   </div>
   <div class='ocr_carea' id='block_1_110' title="bbox 976 2453 1755 2494">
    <p class='ocr_par' dir='ltr' id='par_1_110' title="bbox 976 2453 1755 2494">
     <span class='ocr_line' id='line_1_111' title="bbox 976 2453 1755 2494; baseline -0.012 -6"><span class='ocrx_word' id='word_1_768' title='bbox 976 2461 1077 2488; x_wconf 78' lang='lat' dir='ltr'><strong>fuerint</strong></span> <span class='ocrx_word' id='word_1_769' title='bbox 1103 2460 1268 2494; x_wconf 84' lang='lat' dir='ltr'><strong>malignitate</strong></span> <span class='ocrx_word' id='word_1_770' title='bbox 1291 2457 1446 2494; x_wconf 85' lang='lat' dir='ltr'><strong>superabit:</strong></span> <span class='ocrx_word' id='word_1_771' title='bbox 1467 2461 1521 2484; x_wconf 88' lang='lat' dir='ltr'><strong>tres</strong></span> <span class='ocrx_word' id='word_1_772' title='bbox 1538 2463 1613 2490; x_wconf 80' lang='lat' dir='ltr'><strong>rcges</strong></span> <span class='ocrx_word' id='word_1_773' title='bbox 1632 2453 1755 2483; x_wconf 82' lang='lat' dir='ltr'><strong>humilia-</strong></span> 
     </span>
    </p>
   </div>
   <div class='ocr_carea' id='block_1_111' title="bbox 977 2501 1756 2538">
    <p class='ocr_par' dir='ltr' id='par_1_111' title="bbox 977 2501 1756 2538">
     <span class='ocr_line' id='line_1_112' title="bbox 977 2501 1756 2538; baseline -0.01 -4"><span class='ocrx_word' id='word_1_774' title='bbox 977 2507 1038 2534; x_wconf 90' lang='lat' dir='ltr'><strong>bit:</strong></span> <span class='ocrx_word' id='word_1_775' title='bbox 1054 2511 1147 2534; x_wconf 88' lang='lat' dir='ltr'><strong>contra</strong></span> <span class='ocrx_word' id='word_1_776' title='bbox 1167 2505 1334 2532; x_wconf 74' lang='lat' dir='ltr'><strong>Altissimunt</strong></span> <span class='ocrx_word' id='word_1_777' title='bbox 1355 2504 1436 2531; x_wconf 64' lang='lat' dir='ltr'><strong>verba</strong></span> <span class='ocrx_word' id='word_1_778' title='bbox 1456 2502 1573 2538; x_wconf 80' lang='lat' dir='ltr'><strong>proferet</strong></span> <span class='ocrx_word' id='word_1_779' title='bbox 1587 2511 1594 2529; x_wconf 93' lang='lat'><strong>:</strong></span> <span class='ocrx_word' id='word_1_780' title='bbox 1611 2501 1713 2536; x_wconf 84' lang='lat' dir='ltr'><strong>putabit</strong></span> <span class='ocrx_word' id='word_1_781' title='bbox 1727 2508 1756 2527; x_wconf 82' lang='lat' dir='ltr'><strong>se</strong></span> 
     </span>
    </p>
   </div>
   <div class='ocr_carea' id='block_1_112' title="bbox 978 2650 1757 2685">
    <p class='ocr_par' dir='ltr' id='par_1_112' title="bbox 978 2650 1757 2685">
     <span class='ocr_line' id='line_1_113' title="bbox 978 2650 1757 2685; baseline -0.003 -6"><span class='ocrx_word' id='word_1_782' title='bbox 978 2652 1081 2680; x_wconf 86' lang='lat' dir='ltr'><strong>toribus</strong></span> <span class='ocrx_word' id='word_1_783' title='bbox 1101 2659 1228 2679; x_wconf 76' lang='lat' dir='ltr'><strong>mendosa</strong></span> <span class='ocrx_word' id='word_1_784' title='bbox 1245 2652 1301 2679; x_wconf 86' lang='lat' dir='ltr'><strong>visa</strong></span> <span class='ocrx_word' id='word_1_785' title='bbox 1328 2651 1388 2683; x_wconf 84' lang='lat' dir='ltr'><strong>fuit,</strong></span> <span class='ocrx_word' id='word_1_786' title='bbox 1407 2651 1523 2685; x_wconf 77' lang='lat' dir='ltr'><strong>ideoque</strong></span> <span class='ocrx_word' id='word_1_787' title='bbox 1538 2655 1688 2678; x_wconf 83' lang='lat' dir='ltr'><strong>tmmutata.</strong></span> <span class='ocrx_word' id='word_1_788' title='bbox 1711 2650 1757 2677; x_wconf 84' lang='lat' dir='ltr'><strong>sed</strong></span> 
     </span>
    </p>
   </div>
   <div class='ocr_carea' id='block_1_113' title="bbox 978 2686 1757 2727">
    <p class='ocr_par' dir='ltr' id='par_1_113' title="bbox 978 2686 1757 2727">
     <span class='ocr_line' id='line_1_114' title="bbox 978 2686 1757 2727; baseline -0.003 -13"><span class='ocrx_word' id='word_1_789' title='bbox 978 2692 1052 2727; x_wconf 83' lang='lat' dir='ltr'><strong>recte</strong></span> <span class='ocrx_word' id='word_1_790' title='bbox 1076 2687 1176 2727; x_wconf 72' lang='lat' dir='ltr'><strong>habere</strong></span> <span class='ocrx_word' id='word_1_791' title='bbox 1192 2692 1316 2727; x_wconf 60' lang='lat' dir='ltr'><strong>putamus</strong></span> <span class='ocrx_word' id='word_1_792' title='bbox 1335 2695 1342 2713; x_wconf 90' lang='lat'><strong>:</strong></span> <span class='ocrx_word' id='word_1_793' title='bbox 1359 2693 1420 2714; x_wconf 89' lang='lat' dir='ltr'><strong>nam</strong></span> <span class='ocrx_word' id='word_1_794' title='bbox 1431 2687 1525 2713; x_wconf 86' lang='lat' dir='ltr'><strong>eodem</strong></span> <span class='ocrx_word' id='word_1_795' title='bbox 1535 2686 1580 2713; x_wconf 89' lang='lat' dir='ltr'><strong>ille</strong></span> <span class='ocrx_word' id='word_1_796' title='bbox 1595 2686 1674 2713; x_wconf 90' lang='lat' dir='ltr'><strong>modo</strong></span> <span class='ocrx_word' id='word_1_797' title='bbox 1689 2693 1757 2712; x_wconf 87' lang='lat' dir='ltr'><strong>nun-</strong></span> 
     </span>
    </p>
   </div>
   <div class='ocr_carea' id='block_1_114' title="bbox 975 2721 1756 2792">
    <p class='ocr_par' dir='ltr' id='par_1_114' title="bbox 975 2721 1756 2792">
     <span class='ocr_line' id='line_1_115' title="bbox 975 2721 1742 2762; baseline -0.003 -12"><span class='ocrx_word' id='word_1_798' title='bbox 975 2726 1088 2756; x_wconf 85' lang='lat' dir='ltr'><strong>cupatur</strong></span> <span class='ocrx_word' id='word_1_799' title='bbox 1099 2722 1166 2748; x_wconf 90' lang='lat' dir='ltr'><strong>inl&#39;ra</strong></span> <span class='ocrx_word' id='word_1_800' title='bbox 1182 2729 1255 2748; x_wconf 90' lang='lat' dir='ltr'><strong>num.</strong></span> <span class='ocrx_word' id='word_1_801' title='bbox 1272 2721 1318 2750; x_wconf 90' lang='lat'><strong>80.</strong></span> <span class='ocrx_word' id='word_1_802' title='bbox 1378 2755 1384 2762; x_wconf 54' lang='grc'><strong><em>.</em></strong></span> <span class='ocrx_word' id='word_1_803' title='bbox 1626 2755 1630 2761; x_wconf 35' lang='grc' dir='ltr'><strong><em>ι</em></strong></span> <span class='ocrx_word' id='word_1_804' title='bbox 1715 2755 1720 2761; x_wconf 79' lang='lat'><em>_</em></span> <span class='ocrx_word' id='word_1_805' title='bbox 1737 2755 1742 2761; x_wconf 79' lang='lat'><em>_</em></span> 
     </span>
     <span class='ocr_line' id='line_1_116' title="bbox 1010 2755 1756 2792; baseline 0 -9"><span class='ocrx_word' id='word_1_806' title='bbox 1010 2757 1065 2792; x_wconf 63' lang='grc'><strong>(74)</strong></span> <span class='ocrx_word' id='word_1_807' title='bbox 1077 2756 1143 2791; x_wconf 74' lang='lat' dir='ltr'><strong>Reg.</strong></span> <span class='ocrx_word' id='word_1_808' title='bbox 1161 2756 1226 2791; x_wconf 77' lang='grc' dir='ltr'>ἧῶς</span> <span class='ocrx_word' id='word_1_809' title='bbox 1242 2757 1322 2783; x_wconf 81' lang='grc' dir='ltr'>ἐστιν.</span> <span class='ocrx_word' id='word_1_810' title='bbox 1349 2755 1447 2784; x_wconf 82' lang='lat' dir='ltr'><strong>Ibidem</strong></span> <span class='ocrx_word' id='word_1_811' title='bbox 1469 2755 1534 2790; x_wconf 77' lang='lat' dir='ltr'><strong>Reg.</strong></span> <span class='ocrx_word' id='word_1_812' title='bbox 1548 2755 1578 2781; x_wconf 71' lang='grc' dir='ltr'>οὔ</span> <span class='ocrx_word' id='word_1_813' title='bbox 1602 2763 1659 2786; x_wconf 59' lang='grc' dir='ltr'><strong>τας</strong></span> <span class='ocrx_word' id='word_1_814' title='bbox 1679 2755 1756 2788; x_wconf 80' lang='lat' dir='ltr'><strong>edm,</strong></span> 
     </span>
    </p>
   </div>
   <div class='ocr_carea' id='block_1_115' title="bbox 973 2791 1046 2818">
    <p class='ocr_par' dir='ltr' id='par_1_115' title="bbox 973 2791 1046 2818">
     <span class='ocr_line' id='line_1_117' title="bbox 973 2791 1046 2818; baseline 0 0"><span class='ocrx_word' id='word_1_815' title='bbox 973 2791 1046 2818; x_wconf 68' lang='grc' dir='ltr'>οὔτε.</span> 
     </span>
    </p>
   </div>
  </div>
