2007 3044
270 143 321 172 783

553 141 583 170 3.
601 137 788 168 ATHANASII
805 134 883 166 OPP.
906 133 996 164 PARS
1015 131 1037 161 l.
1057 149 1091 155 —
1112 130 1297 161 HISTORICA
1318 129 1362 160 ET
1379 130 1588 161 DOGMATXCA.

1837 125 1891 154 τοι

269 206 375 236 tempus
397 203 477 233 atque
501 204 585 233 legem
611 202 716 225 mutare
736 194 830 231 posse?
848 193 914 228 Quis
937 200 1052 228 unquam

1106 190 1248 217 ἀλλοιῶσαι
1263 189 1319 225 (75)
1334 188 1428 225 καιρὸν
1446 189 1493 216 καὶ
1507 188 1604 224 νόμον;
1624 187 1671 219 τίς
1683 183 1729 214 οὖν
1743 185 1821 217 ἄλλος
1833 183 1892 211 πώ-

269 243 340 271 alius
355 241 484 276 ejusmodi
500 249 544 268 res
562 248 643 276 agere
658 246 741 268 ausus
763 243 818 270 est,
845 243 943 274 praeter
965 237 1052 266 solum

268 287 477 316 Constantium?
499 286 634 321 Ejusmodi
655 286 755 321 quippe
772 285 816 312 hic
833 289 875 312 est
890 283 978 319 qualis
1000 291 1052 310 un.

269 340 350 368 quam
366 332 411 360 ille
429 331 520 359 fuerit.
545 331 632 359 Verba
657 337 774 365 namque
799 329 903 364 profert
925 328 1053 355 adversus

268 377 447 410 ditissimum,
469 377 532 404 dum
550 376 638 411 impia:
658 375 752 403 hteresi
778 373 984 410 patrocinatur:
1003 372 1051 399 ad-

269 430 364 451 versus
386 428 495 450 sanctos
513 422 611 450 bellum
634 422 714 456 gerit,
735 420 798 448 dum
817 421 957 454 episcopos
979 417 1053 453 pellit

270 469 296 495 in
312 467 455 501 exsilium;
474 467 581 495 tametsi
598 468 630 494 ad
649 468 731 494 breve
756 470 859 501 tempus
879 465 907 509 iu
922 469 1053 498 suamque

270 515 418 548 perniciem
434 521 465 541 ea
482 513 582 541 fruitur
595 516 740 548 potestate.
754 511 819 539 Nam
836 511 881 539 ille
896 517 989 538 onmes
1005 510 1051 545 qui

268 559 384 586 antehac
397 559 526 587 exstitere
539 558 642 586 malitia
655 558 805 592 superavit,
817 563 886 584 nova
900 556 1051 592 excogitata

268 605 464 639 persecutionis
479 605 605 632 ratione:
621 609 650 632 et
663 612 724 632 cum
741 609 796 631 tres
810 609 886 638 reges
906 601 1052 630 Vetranio-

268 656 341 682 nent,
364 649 544 685 Magnentium
568 655 595 678 et
619 650 725 678 Gallum
746 649 860 684 imperio
881 649 1051 680 abdicasset.

268 695 398 723 continuo
413 696 560 729 impietatis
572 696 750 731 patrocinium
772 695 890 730 suscepit
908 701 914 722 :
933 702 965 722 ac
982 693 1053 722 velut

269 738 345 773 gigas
373 739 505 767 adversus
528 739 700 767 Altissimum
727 744 888 775 arroganter
912 740 1053 775 insurgere

268 788 309 811 est
322 791 414 812 ausus.
435 784 484 812 Hic
501 785 668 813 existimavit
681 793 710 813 se
733 785 817 821 legem
834 786 1050 819 immutaturum,

267 827 332 856 dum
357 833 456 857 statuta
485 830 588 858 Domini
615 838 663 866 per
684 831 820 866 apostolos
845 831 943 860 tradita
965 832 1051 859 viola-

1102 245 1168 263 ποτε
1188 235 1299 264 τοιαῦτα
1314 236 1475 272 ἐπεχείρησε
1492 235 1594 271 πρᾶξαι
1612 234 1629 269 ἢ
1647 233 1727 269 μόνος
1743 231 1890 259 Κωνστάν-

1102 290 1174 314 τιος;
1187 279 1270 314 Οὗτος
1284 282 1339 318 τὰρ
1356 281 1475 313 τοιοῦτός
1495 281 1580 312 ἐστιν,
1595 277 1652 312 οἷος
1672 279 1705 306 ἂν
1725 279 1828 310 ἐκεῖνος
1842 276 1891 311 γε.

1103 337 1183 355 νοιτο.
1209 327 1291 354 Δαλεῖ
1309 328 1362 364 γὰρ
1388 326 1443 362 (76)
1465 327 1559 362 λόγους
1585 325 1653 362 πρὸς
1677 324 1722 351 τὸν
1748 323 1889 358 Ὕψιστον,

1103 374 1300 410 προϊστάμενος
1317 375 1366 410 τῆς
1386 373 1502 406 ἀσεϐοῦς
1515 373 1662 409 αἱρέσεως·
1679 371 1725 398 καὶ
1739 369 1808 406 πρὸς
1826 369 1890 400 τοὺς

1102 421 1196 455 ἁγίους
1215 423 1286 448 ποιεῖ
1300 420 1428 456 πόλεμον,
1442 420 1570 456 ὲξορίζων
1585 419 1647 450 τοὺς
1668 417 1846 448 ἐπισκόπους·
1865 415 1889 442 ει

1103 466 1150 493 καὶ
1163 467 1230 503 πρὸς
1242 466 1331 501 ὀλίγον
1349 466 1395 493 ἐπὶ
1410 467 1442 502 τῇ
1460 465 1558 493 ἑαυτοῦ
1576 465 1632 500 (77)
1648 463 1771 499 ἀπωλείᾳ
1787 462 1890 498 ταύτην

1101 513 1151 548 τὴν
1162 512 1286 545 ἐξουσίαν
1300 512 1366 548 ἔχει.
1386 512 1440 539 Καὶ
1454 512 1509 548 γὰρ
1521 507 1597 543 οὗτος
1609 511 1671 543 τοὺς
1685 510 1737 545 πρὸ
1751 508 1832 536 αὑτοῦ
1846 517 1891 536 vs.

1102 559 1212 594 νίκηκεν
1227 559 1257 585 ὲν
1270 558 1363 594 κακίᾳ,
1379 558 1472 586 καινὸν
1485 559 1630 594 ἐπινοήσας
1659 556 1758 592 τρόπον
1777 554 1825 582 τοῦ
1848 554 1890 581 δι-

1102 604 1206 640 ωγμοῦ·
1224 604 1271 632 καὶ
1286 606 1359 640 τρεῖς
1367 604 1494 640 βασιλεῖς,
1505 603 1683 640 Βρετανίωνα,
1699 602 1746 628 καὶ
1763 601 1905 641 Μαγνένη

1102 658 1174 682 τιον,
1193 651 1238 677 καὶ
1257 651 1358 678 Γάλλον
1371 650 1502 683 καθελὼν,
1515 650 1596 681 εὐθὺς
1613 648 1731 684 προέστη
1755 647 1806 682 τῆς
1824 647 1890 674 ἀσε-

1102 696 1193 729 6είας¹
1212 697 1260 724 καὶ
1275 697 1313 729 ὡς
1339 697 1418 732 γίγας
1436 696 1503 733 πρὸς
1524 696 1570 723 τὸν
1592 695 1721 729 Ὕψιστον
1742 693 1890 728 ἐτόλμησεν

1102 742 1253 778 ἐπαρθῆναι
1270 744 1303 778 τῇ
1318 741 1467 777 ἀλαζονείᾳ.
1482 738 1565 772 Οὗτος
1578 739 1726 775 ὑπενόησεν
1744 738 1890 766 ἀλλοιῶσαι

1102 788 1193 824 νόμον,
1210 787 1356 823 παραλύων
1368 788 1417 823 τὴν
1440 787 1490 823 μὲν
1509 786 1559 813 eoi
1580 786 1682 821 Κυρίου
1701 784 1745 811 διὰ
1755 783 1807 810 τῶν
1821 784 1891 810 ἁπο-

1103 834 1203 861 στόλων
1224 833 1361 866 διάταξιν,
1383 833 1417 861 τὰ
1437 833 1465 860 δὲ
1487 832 1536 868 τῆς
1563 830 1726 866 Ἐκκλησίας
1750 829 1892 856 ἀλλάττων

268 875 325 902 vit:
344 874 473 904 Ecclesiae
489 884 577 905 mores
595 877 718 909 invertit,
740 884 893 912 novumque
911 877 1050 905 adinvenit

1104 879 1158 915 ἔθη,
1174 879 1221 906 καὶ⁵
1237 879 1329 906 καινδν
1351 878 1432 910 αὐτὸς
1446 877 1562 905 ὲπινοῶν
1575 877 1675 912 τρόπον
1689 877 1742 904 τῶν
1756 875 1891 902 καταστά-

267 921 467 949 ordinationum
491 930 587 958 genus.
610 922 648 950 Ex
673 923 734 950 aliis
757 923 856 958 quippe
878 922 954 955 locis,
970 923 1052 950 etiam

268 967 460 1003 quinquaginta
486 968 671 996 mansionibus
693 969 805 1002 dissitis,
820 968 960 1004 episcopos
979 968 1052 996 mili-

266 1013 340 1041 tibus
357 1015 471 1050 stipatos
497 1016 530 1043 ad
550 1016 648 1043 invitos
667 1016 781 1051 populos
806 1015 964 1043 transmittit
981 1026 986 1042 :
1007 1015 1051 1049 qui

268 1063 297 1084 οι
310 1059 414 1093 populis
431 1061 663 1093 comntendentttr,
679 1060 799 1096 ipsisque
815 1061 871 1087 noti
886 1060 950 1087 liam
966 1060 1052 1087 minas

268 1103 385 1132 all‘erunt
409 1105 565 1141 litterasque
585 1107 620 1134 ad
642 1107 760 1142 judices.
779 1105 817 1133 ita
835 1106 996 1141 Gregorium
1019 1112 1053 1133 ει

267 1149 436 1185 Cappadocia
470 1152 544 1180 misit
569 1152 761 1180 Alexandriam
786 1161 794 1180 :
822 1152 858 1178 ita
884 1150 1052 1179 Germinium

267 1196 365 1231 Cyzico
391 1197 521 1226 Sirmium
547 1199 721 1226 transmisit:
739 1198 778 1225 sic
802 1197 963 1232 Cecropium
983 1196 1054 1223 Lao-

267 1243 342 1270 dicea
357 1243 552 1271 Nicomediam.

303 1330 348 1359 75.
365 1331 528 1360 Auxentium
544 1340 607 1361 vero
623 1333 767 1368 quemdam
786 1333 950 1368 litigatorem
965 1333 1052 1368 magis

267 1383 348 1411 quam
377 1377 581 1412 Christianum,
610 1386 644 1406 ex
673 1378 842 1414 Cappadocia
872 1379 1051 1407 Mediolanum

267 1423 430 1457 transmisit.
448 1429 478 1451 ut
495 1429 636 1460 postquam
653 1425 812 1462 Dionysium
825 1425 991 1462 episcopum,
1008 1433 1052 1452 re-

267 1467 396 1503 iigiosum
416 1469 564 1503 hominem,
582 1471 617 1498 ob
630 1478 706 1498 suam
723 1478 787 1506 erga
807 1471 946 1498 Christum
963 1471 1053 1506 pieta-

268 1519 323 1542 tem
352 1515 529 1551 relegaverat,
555 1517 628 1545 hunc
650 1517 685 1545 ibi
707 1517 896 1550 constitueret,
915 1518 1051 1545 hominem

1106 933 1184 952 θεων.
1204 925 1249 957 Ἐξ
1263 924 1348 951 ἄλλων
1361 924 1415 960 γὰρ
1428 923 1518 950 τόπων
1532 924 1578 950 καὶ
1592 923 1644 959 πρὸ
1656 922 1823 958 πεντήκοντα
1834 920 1890 956 (78)

1107 971 1194 1006 μονῶν
1208 970 1277 1007 μετὰ
1289 970 1460 1006 στρατιωτῶν
1475 970 1639 1001 ἐπισκόπους
1652 968 1808 996 ἀποστέλλει
1821 967 1891 1003 πρὸς

1105 1017 1167 1048 τοὺς
1182 1017 1218 1052 μὴ
1232 1016 1357 1048 θέλοντας
1371 1015 1451 1048 λαούς
1461 1025 1468 1030 ·
1484 1015 1531 1043 καλΙ
1547 1015 1608 1042 ἀντὶ
1621 1014 1746 1049 γνώσεως
1760 1014 1809 1048 τῆς
1823 1012 1891 1048 πρὸς

1105 1062 1270 1094 τοὺς¹λαοὺς,
1282 1062 1380 1088 ἐκεῖνοι
1394 1061 1505 1096 φέρουσι
1518 1060 1566 1092 τὰς
1582 1059 1705 1092 ἀπειλὰς,
1720 1059 1766 1086 καὶ
1775 1059 1809 1085 τὰ
1822 1058 1892 1093 πρὸς

1106 1108 1168 1140 τοὺς
1178 1107 1308 1140 δικαστὰς
1322 1108 1482 1144 γράμματα.
1495 1107 1572 1134 Οὕτω
1586 1107 1733 1143 Γρηγόριον
1745 1105 1798 1133 ἀπὸ
1812 1106 1891 1132 Καπ-

1107 1153 1237 1185 παδοκίας
1250 1153 1372 1188 ἐπεμψεν
1387 1154 1427 1184 εἰς
1447 1152 1648 1188 Ἀλεξάνδρειαν
1658 1161 1664 1167 ·
1679 1151 1726 1179 καὶ
1742 1151 1780 1182 εἰς
1797 1150 1846 1186 μὲν
1861 1149 1892 1176 τὺ

1106 1199 1216 1235 Σίρμιον
1235 1198 1288 1226 ἀπὸ
1305 1199 1426 1231 Κυζίκου
1451 1197 1643 1234 μετεπέμψατο
1659 1197 1814 1233 Γερμίνιον·
1836 1194 1891 1222 ἀπὺ

1105 1245 1133 1272 δὲ
1149 1246 1198 1281 τῆς
1216 1244 1375 1276 Λαοδικείας
1398 1245 1552 1280 Κεκρόπιον
1573 1245 1614 1276 είς
1634 1243 1682 1279 τὴν
1708 1241 1892 1278 Νικομήδειαν

1105 1289 1273 1318 ἀπέστειλεν.

1140 1334 1184 1363 75.
1201 1336 1255 1362 Καὶ
1269 1333 1410 1367 acetiam
1428 1335 1477 1370 μέν
1493 1344 1552 1362 τινα
1565 1334 1772 1370 φιλοπράγμονα
1792 1332 1892 1369 μᾶλλον

1105 1381 1121 1416 ἢ
1137 1382 1298 1418 Χριστιανὸν
1307 1381 1361 1408 ἀπὸ
1382 1381 1580 1413 Καππαδοκίας
1594 1382 1634 1413 si;
1649 1380 1810 1408 Μεδιόλανον
1827 1389 1893 1415 μετ-

1105 1428 1256 1454 εστείλατο·
1288 1428 1330 1459 ἵν’,
1356 1428 1448 1464 ἐπειδὴ
1477 1427 1522 1455 τὸν
1538 1426 1684 1454 ἐπίσκοπον
1701 1427 1745 1454 τὸν
1760 1428 1818 1453 ὲκεϊ
1830 1427 1891 1453 Διο-

1106 1473 1205 1506 νύσιον,
1220 1473 1362 1510 ἄνθρωπον
1377 1474 1489 1509 εὐλαϐῆ,
1507 1474 1551 1501 διὰ
1569 1473 1618 1509 τὴν
1631 1474 1671 1505 είς
1683 1472 1800 1507 Χριστὸν
1815 1472 1889 1499 εὐσέ-

1105 1519 1182 1546 6ειαν
1195 1518 1318 1555 ἐξώρισε,
1334 1518 1427 1546 τοῦτον
1443 1520 1502 1545 ἐκεῖ
1521 1518 1636 1554 κελεύσῃ
1651 1516 1734 1544 εἶναι’
1748 1517 1891 1554 ἄνθρωπον

268 1561 383 1589 necdum
401 1561 504 1590 Latina
528 1563 638 1599 linguae,
654 1563 700 1591 sed
717 1563 801 1591 solius
817 1564 964 1599 impietatis
978 1563 1050 1598 peri~

1106 1566 1188 1601 μήπω
1203 1565 1269 1600 μηδὲ
1283 1564 1332 1600 τὴν
1354 1564 1511 1599 Ῥωμαϊκὴν
1528 1562 1616 1591 είδότα
1630 1563 1762 1598 γλῶτταν,
1776 1562 1792 1597 ἢ
1811 1561 1892 1597 μόνον

269 1611 336 1635 tum.
353 1607 429 1636 Nunc
444 1613 534 1636 autem
549 1609 693 1644 Georgium
708 1610 852 1644 quemdam
865 1610 1050 1645 Cappadocem

269 1652 416 1685 hominem,
436 1653 481 1688 qui
504 1653 737 1690 Constantinopoli
761 1656 952 1690 penuariorum
970 1663 1051 1683 cxce-

269 1703 330 1733 ptor
344 1704 414 1732 erat,
431 1700 530 1735 quique
545 1701 671 1735 pecunias
686 1708 780 1728 omnes
801 1701 987 1736 depeculatus,
1010 1708 1052 1728 re-

267 1744 447 1779 petundarum
472 1753 542 1777 reus,
569 1746 722 1782 aufugerat,
745 1746 827 1781 jussit
852 1753 914 1775 cum
941 1746 1051 1774 militari

270 1796 379 1826 pompa,
399 1792 530 1827 ducisque
548 1793 710 1820 auctoritate
726 1792 918 1820 Alexandriam
937 1792 1050 1826 ingredi.

269 1836 371 1865 Deinde
389 1844 524 1873 repertum
540 1839 684 1873 quemdam
706 1838 857 1874 Epictetum
876 1838 1052 1874 neophytum,

269 1883 454 1919 audacemque
474 1884 682 1918 adolescentem,
701 1885 772 1920 quod
789 1885 822 1912 ad
843 1884 933 1912 omnia
950 1885 1052 1912 scelera

269 1935 392 1964 paratum
415 1937 550 1965 cerneret,
575 1931 600 1959 in
624 1931 719 1959 amicis
739 1931 945 1965 habuit:cujus
971 1937 1052 1966 opera

271 1975 368 2009 quibus
383 1981 459 2012 optat
473 1977 607 2012 episcopis
621 1976 762 2004 insidiatur
776 1981 937 2012 :promptus
955 1977 1054 2011 quippe

269 2026 314 2050 est
325 2023 368 2050 ille
382 2023 415 2050 ad
425 2023 515 2050 omnia
528 2031 587 2058 qua:
602 2023 707 2058 placent
721 2023 876 2058 imperatori
889 2023 1052 2058 peragenda.

270 2068 327 2096 lloc
353 2069 446 2104 itaque
470 2076 535 2096 usus
555 2070 690 2102 ministro,
712 2077 770 2096 rem
794 2069 872 2104 plane
893 2069 1052 2104 stupendum

271 2115 362 2142 ltomte
378 2116 554 2150 perpetravit,
570 2122 630 2150 qua
644 2123 736 2143 revera
752 2115 909 2143 Antichristi
927 2115 1052 2149 maligni-

270 2165 352 2188 tatem
365 2168 420 2196 pra:
435 2169 464 2189 se
479 2161 560 2189 ferat.
585 2161 724 2189 Adornalo
747 2168 864 2196 namque
886 2161 912 2188 in
934 2160 1054 2188 ecclesiae

269 2206 357 2234 locum
370 2207 479 2242 palatio,
493 2215 565 2240 cum,
576 2207 734 2242 populorum
744 2207 813 2240 vice,
823 2212 878 2234 tres
887 2207 938 2234 sibi
949 2211 1052 2234 castra-

269 2258 311 2280 tos
326 2253 422 2280 adesse
433 2252 570 2287 jussisset,
586 2253 693 2280 demum
711 2252 850 2288 improbos
865 2258 920 2280 tres
931 2257 1051 2280 catasco-

269 2305 328 2333 pos,
341 2298 366 2325 id
379 2304 422 2326 est
435 2299 630 2333 exploratores,
645 2299 715 2326 haud
730 2299 800 2326 enim
815 2298 933 2334 episcopi
951 2305 1056 2326 nuncu-

270 2343 362 2377 pandi,
381 2344 471 2378 adegit
487 2349 516 2371 ut
533 2343 649 2372 Felicem
667 2344 810 2379 quemdam
829 2344 948 2379 ipsorum
969 2343 1053 2371 mori—

269 2388 320 2415 bus
344 2389 453 2423 dignum
483 2389 631 2422 hominem,
660 2389 816 2424 episcopum
845 2389 1004 2416 ordinarent
1026 2388 1053 2415 in

269 2435 378 2469 palatio.
390 2434 483 2470 Populi
495 2435 567 2462 enim
579 2435 767 2462 animadversa
782 2435 968 2462 haereticorum
983 2441 1054 2469 prte-

271 2479 446 2512 varicatione,
463 2480 545 2516 308
562 2487 614 2507 non
630 2484 822 2507 concesserunt
839 2484 868 2506 ut
883 2479 908 2506 in
927 2480 1054 2507 ecclesias

271 2525 307 2552 illi
327 2526 547 2560 ingrederentur,
563 2526 609 2553 sed
624 2525 718 2560 procul
734 2525 787 2552 illis
803 2525 1004 2553 abscesserunt.

305 2616 364 2652 (75)
380 2617 417 2643 Ila
437 2616 504 2651 Reg.
522 2617 593 2644 Ε(ίίιί
604 2617 794 2652 ἀλλοτριῶσαι.

374 2652 585 2693 ’δίεέὶεεηχᾴρ
601 2653 676 2679 deest
687 2651 712 2693 in
726 2653 817 2691 editis.

303 2686 361 2722 (77)
373 2687 410 2713 Ita
430 2687 496 2721 Heg.
510 2686 580 2714 Ειιῑιί
598 2695 663 2714 vero
681 2686 774 2715 αὐτοῦ.

305 2723 363 2757 (78)
377 2723 434 2758 Πρὸ
460 2723 628 2758 πεντήκοντα
645 2723 744 2757 μονῶν,
775 2721 855 2758 vertit
871 2721 991 2748 Nannius
1006 2730 1013 2748 :
1032 2726 1057 2748 et

269 2757 460 2792 qumquaginta
483 2757 584 2784 aedium
605 2758 738 2792 episcopos
757 2765 765 2783 :
788 2757 836 2785 sed
847 2765 909 2784 vera
923 2758 1056 2784 sententia

269 2798 401 2826 estquam
420 2792 606 2827 exprimimus.
625 2792 690 2820 Vide
706 2793 730 2819 in
748 2793 824 2826 Apol.
842 2797 932 2818 contra
944 2792 1057 2818 Λιίιιηοι

269 2827 469 2892 μξῆθθηιῖυηε
508 2861 655 2897 Georgium
688 2862 834 2899 Gregorius
871 2861 1000 2889 Nalinnz.
1031 2861 1057 2890 in

1101 1611 1225 1637 ἀσεϐεῖν
1248 1610 1295 1638 νῦν
1317 1610 1345 1637 δὲ
1368 1610 1448 1637 πάλιν
1470 1609 1606 1645 Γεώργιόν
1621 1617 1683 1636 τινα
1704 1608 1891 1642 Καππαδόκην

1102 1656 1255 1693 ἄνθρωπον,
1279 1656 1430 1691 ὑποδέκτην
1451 1657 1479 1682 ὲν
1496 1655 1777 1683 Κωνσταντινουπόλει
1789 1662 1891 1690 ταμια-

1102 1702 1158 1729 κῶν
1172 1702 1316 1738 γενόμενον
1324 1702 1391 1738 (79),
1417 1703 1464 1729 καὶ
1486 1702 1715 1737 σφετερισάμενον
1732 1700 1830 1731 πάντα,
1844 1699 1892 1726 καὶ

1101 1747 1135 1775 δι’
1146 1748 1211 1775 αὐτὸ
1223 1748 1302 1774 τοῦτο
1316 1747 1446 1783 φυγόντα,
1459 1746 1623 1783 προσέταξεν
1634 1747 1673 1778 εὶς
1690 1744 1893 1781 Ἀλεξάνδρειαν

1103 1794 1232 1820 εἰσελθεῖν
1249 1793 1318 1829 μετὰ
1335 1793 1530 1829 στρατιωτικῆς
1545 1791 1703 1828 φαντασίας,
1719 1792 1766 1818 καὶ
1782 1791 1832 1826 τῆς
1844 1790 1893 1818 τοῦ

1104 1839 1287 1875 στρατηλάτου
1306 1838 1438 1871 ἐξουσίας.
1455 1835 1522 1865 Εἶτα
1546 1836 1633 1874 εὑρὼν
1654 1837 1814 1872 Ἑπίκτητόν
1830 1845 1892 1863 τινα

1103 1885 1241 1920 νεόφυτον,
1257 1884 1304 1911 καὶ
1319 1884 1450 1920 νεώτερον
1463 1883 1575 1921 θρασὺν,
1591 1884 1743 1920 ἠγάπησεν,
1758 1883 1830 1919 ὀρῶν
1841 1883 1892 1910 αὺ-

1103 1930 1147 1958 τὸν
1162 1931 1269 1967 ἕτοιμον
1283 1932 1323 1963 εἰς
1337 1931 1436 1959 κακίαν
1447 1931 1518 1965 (80)·
1541 1931 1587 1958 καὶ
1603 1931 1637 1958 δι’
1652 1930 1734 1957 αὐτοῦ
1748 1928 1788 1962 οἷς
1805 1930 1893 1958 ἐθέλοι

1103 1978 1195 2005 λοιπὸν
1210 1978 1369 2010 ἐπισκόποις
1391 1977 1573 2005 ἐπιϐουλεύει·
1589 1977 1696 2013 ἓτοιμος
1712 1977 1766 2013 γὰρ
1787 1977 1892 2008 ἐκεῖνός

1103 2023 1160 2050 ἐστι
1184 2023 1271 2051 πάντα
1290 2024 1375 2050 ποιεῖν
1394 2023 1412 2050 ἃ
1428 2023 1550 2058 βούλεται
1568 2022 1701 2058 βασιλεύς.
1717 2022 1810 2058 Τούτῳ
1826 2020 1894 2056 γοῦν

1104 2068 1226 2104 ὑπηρέτῃ
1242 2068 1390 2105 χρώμενος,
1410 2069 1457 2095 καὶ
1476 2070 1506 2094 ὲν
1528 2070 1560 2104 τῇ
1583 2067 1676 2104 Ῥώμῃ
1690 2068 1822 2103 πεποίηκε
1841 2076 1894 2094 πα-

1105 2114 1278 2151 ράδοξον,καὶ
1293 2114 1400 2150 ἀληθῶς
1411 2114 1536 2149 ὁμοίωμα
1551 2113 1600 2148 τῆς
1613 2113 1795 2148 ’Δντιχρίστου
1809 2121 1894 2140 κακο-

1104 2161 1176 2192 νοίας
1190 2169 1196 2175 ·
1212 2161 1272 2187 ἀντὶ
1302 2161 1357 2196 γαρ
1377 2161 1426 2196 τῆς
1451 2160 1596 2196 ἐκκλησίας
1612 2160 1642 2187 τὸ
1659 2160 1787 2187 παλάτιον
1801 2168 1892 2194 παρα-

1106 2206 1251 2239 σκευάσας,
1262 2207 1308 2233 καὶ
1317 2207 1377 2233 ἀντὶ
1393 2207 1446 2234 τῶν
1462 2206 1534 2234 λαῶν
1549 2207 1625 2242 τρεῖς
1642 2214 1692 2232 που
1708 2205 1818 2237 θλαδίας
1830 2206 1893 2232 ἑαυ-

1103 2252 1150 2279 τοῦ
1167 2253 1300 2288 πεποίηκε
1325 2254 1466 2288 παρεῖναι·
1488 2253 1534 2279 καὶ
1556 2252 1648 2279 λοιπὸν
1663 2252 1803 2287 ἠνάγκασε
1817 2252 1892 2286 τρεῖς

1103 2298 1250 2334 κακοήθεις
1273 2299 1463 2330 κατασκόπους
1480 2299 1520 2332 (οὺ
1544 2299 1598 2334 γὰρ
1619 2298 1651 2326 ἄν
1667 2307 1708 2330 τις
1726 2298 1894 2329 ἐπισκόπους
1904 2311 1913 2315 υ

1104 2344 1202 2380 εἷπον)
1221 2345 1389 2381 καταστῆσαι
1406 2345 1485 2381 δῆθεν
1506 2345 1654 2372 ἐπίσκοπον
1668 2346 1696 2371 ὲν
1713 2344 1752 2379 τῷ
1769 2343 1892 2378 παλατίῳ

1107 2388 1274 2424 Φήλικά(8ί)
1287 2398 1346 2416 τινα
1366 2389 1439 2421 ἄξιον
1455 2388 1567 2416 ἑαυτῶν.
1586 2390 1617 2416 οἱ
1638 2389 1691 2424 γὰρ
1709 2389 1768 2415 λαοὶ
1781 2389 1890 2420 πάντες.

1107 2434 1207 2466 εἰδότες
1229 2434 1278 2470 τὴν
1301 2436 1473 2471 παρανομίαν
1498 2436 1553 2463 τῶν
1569 2436 1722 2472 αἱρετικῶν,
1741 2434 1802 2461 οὒτε
1831 2443 1892 2460 συν.

1108 2479 1250 2515 εχώρησαν
1265 2479 1357 2511 αὐτοῖς
1373 2480 1412 2512 εἰς
1434 2480 1483 2512 τὰς
1507 2480 1653 2516 ἐκκλησίας
1668 2479 1808 2511 εἰσελθεῖν,
1825 2478 1892 2505 ἀλλὰ

1109 2527 1218 2562 μακρὰν
1233 2527 1280 2554 ἀπ’
1297 2527 1385 2554 αὐτῶν
1401 2527 1586 2563 ἀνεχώρησαν.

1105 2621 1173 2643 orat.
1191 2616 1236 2653 2i,
1259 2617 1296 2643 ait
1319 2618 1400 2644 fuisse
1416 2616 1496 2643 ὑείων
1510 2617 1598 2653 κρεῶν
1613 2616 1892 2653 ὑωδοχέα,ηεπερίοσ

1105 2659 1158 2677 rem
1177 2652 1293 2678 auiih‘um
1307 2654 1438 2684 carnium,
1452 2650 1549 2686 quibus
1571 2650 1712 2679 alebantur
1731 2651 1839 2686 milites.
1856 2650 1893 2686 De

1103 2686 1211 2720 Georgii
1235 2687 1312 2722 hujus
1325 2695 1433 2720 genere,
1458 2685 1561 2722 patria,
1577 2688 1766 2720 moribusque,
1786 2685 1844 2712 fuse
1863 2685 1890 2712 in

1105 2721 1243 2747 Athanasii
1268 2721 1337 2749 Vita.

1107 2755 1202 2816 mgf:
1227 2755 1292 2792 Reg.
1310 2757 1419 2792 μανίαν.
1444 2757 1503 2785 Mox
1527 2757 1596 2784 idem
1616 2757 1680 2791 Reg.
1694 2755 1788 2783 ἐθέλει.
1808 2754 1879 2782 Etiiti

1138 2799 1202 2818 ελοι.

1142 2825 1197 2859 (Si)
1225 2825 1291 2859 Reg.
1312 2827 1417 2855 Φίλικα.
1438 2827 1474 2856 Dc
1500 2828 1589 2856 Felice
1614 2832 1701 2856 actum
1726 2825 1780 2861 jam
1805 2829 1847 2853 est
1863 2824 1893 2853 in

1104 2860 1240 2888 Athanasii
1259 2861 1327 2889 Ytta.
