2007 3044
157 137 210 168 ⁸185

668 140 817 169 IIS'I'ORIA
838 141 1044 171 ARIANOBUM
1064 142 1109 170 AD
1130 141 1326 171 MONACHOS.

1731 142 1783 171 786

192 195 235 224 76.
253 197 286 223 Τί
300 193 346 223 οὖν
364 195 441 229 οὒτος
457 197 503 224 τοῦ
520 199 704 234 ’Λντιχρίστου
729 199 941 234 παραλέλοιπενς

1034 199 1076 228 76.
1099 200 1167 234 Quid
1192 199 1274 235 igitur
1300 200 1351 227 iste
1375 199 1447 234 quod
1472 199 1639 228 Antichristo
1653 206 1783 236 congruat

156 242 174 277 ἢ
191 241 217 268 τί
232 241 312 268 πλέον
332 243 434 274 ἐκεῖνος
450 242 535 270 έλθὼν
550 243 645 270 τούτου
661 245 813 280 ποιήσειεν;
833 245 868 271 Ἢ
886 245 945 277 πῶς

157 288 260 320 ὶκεῖνος
283 287 367 315 ἐλθὼν
391 289 440 324 οὐχ
469 289 579 325 εὑρήσει
607 289 674 325 πρὸς
703 290 810 326 ἀπάτην
835 290 944 318 εὔκολον

156 334 418 369 προετοιμασθεῖσαν
435 335 510 370 αὑτῷ
526 335 601 371 παρὰ
617 336 711 363 τούτου
731 337 780 372 τὴν
798 337 873 368 ὀδόν;
890 337 945 364 Καὶ

160 380 211 415 γὰρ
226 379 307 407 πάλιν
323 381 383 407 ἀντ)¹
407 381 461 407 τῶν
477 382 628 417 ἐκκλησιῶν
641 383 681 415 είς
695 383 729 410 τὰ
744 382 862 410 παλάτια
875 383 945 419 πρὸς

157 427 249 453 ἑαυτὸν
264 426 313 458 τὰς
328 427 432 463 κρίσεις
446 428 631 463 προκαλεῖται.
647 429 702 456 Καὶ
713 429 815 456 τούτων
832 430 881 465 μὲν
893 430 944 457 αὺ-

155 471 201 503 τὺς
225 472 349 508 ιξάρχει·
367 473 397 500 τὸ
419 473 446 500 δὲ
472 473 638 509 θαυμαστὸν,
662 475 714 506 ὃτι,
743 475 792 502 κᾶν
818 475 943 512 θεωρήσῃ

155 518 218 550 τοὺς
240 519 409 554 κατηγόρους
426 520 605 555 ἀποροῦντας,
626 520 707 553 αὐτὸς
723 522 880 557 ἀναδέχεται
895 522 944 558 τὴν

156 564 335 599 κατηγορίαν·
357 565 400 591 ῖνα
423 565 490 600 μηδὲ
514 566 704 600 ἀπολογεῖσθαι
717 567 773 602 (8'2)
789 568 882 595 λοιπὸν
896 568 942 604 ἐξῇ

124 634 129 640 ,
155 610 210 641 τοῖς
223 609 407 645 ἀδικουμένοις
421 611 465 638 διὰ
476 611 525 646 τὴν
537 613 601 647 παρ’
615 612 698 639 αὑτοῦ
715 613 784 648 βίαν.
798 614 853 641 Καὶ
865 613 944 641 τοῦτο

155 656 304 690 πεποίηκεν
318 657 346 683 ὲν
360 657 417 688 τοῖς
433 658 503 684 κατὰ
528 657 684 685 Ἀθανασίου
694 668 700 674 ·
714 659 763 694 τὴν
777 660 829 696 γὰρ
845 661 945 687 Παυλί-

155 709 210 733 νου,
236 702 283 728 καὶ
306 701 484 738 Λουκιιρέρου,
510 705 556 730 καὶ
578 704 719 737 Εὐσεὸίου,
737 707 784 733 καὶ
806 707 943 734 Διονυσίου

154 747 207 774 τῶν
226 747 382 775 ἐπισκόπων
403 750 560 785 παρρησίαν
577 749 694 785 βλέπων,
713 751 759 778 καὶ
780 752 818 784 ὡς
840 753 871 780 ἐκ
894 753 945 788 τῆς

156 794 298 828 μετανοίας
305 794 455 830 Οὐρσακίου
464 795 511 822 καὶ
519 795 664 828 Οὐάλεντος
670 796 725 832 (85)
736 797 875 833 διήλεγχον
882 799 945 831 τοὺς

155 839 225 866 κατὰ
255 841 301 866 τοῦ
325 841 474 867 ἐπισκόπου
499 841 644 875 λέγοντας,
680 842 726 870 καὶ
757 843 944 872 συνεῦούλευον

994 246 1239 280 ιητειεηηίεἰιιουι
1249 245 1312 281 quid
1327 246 1444 282 amplius
1457 246 1512 278 ille,
1524 253 1586 274 cum
1597 247 1782 281 veniet,actu-

995 299 1040 318 rus
1050 291 1111 319 est?
1127 291 1183 318 lmo
1202 292 1291 326 potius
1306 299 1395 320 nonne
1410 291 1454 319 ille
1468 292 1494 319 in
1509 299 1559 320 suo
1573 293 1700 326 adventu,
1712 301 1781 328 prae-

994 341 1116 370 paratam
1132 337 1183 364 sibi
1206 343 1221 363 a
1243 337 1403 364 Constantio
1420 337 1493 364 viam
1510 337 1646 367 inveniet?
1660 337 1781 373 Namque

995 381 1051 414 ille,
1076 381 1251 409 ecclesiarum
1275 382 1344 415 vice,
1372 382 1398 409 itt
1423 382 1551 418 palatium
1573 383 1676 417 judicia
1700 384 1732 410 ad
1751 391 1781 410 se

995 427 1122 455 transfert
1135 428 1330 461 ecclesiastica,
1347 428 1446 464 quibus
1463 429 1520 462 ipse
1535 429 1670 464 praesidet.
1689 429 1780 462 Quod-

994 479 1045 508 que
1068 474 1215 508 permirum
1243 473 1383 506 habeatur,
1406 474 1428 500 si
1445 475 1552 508 quando
1572 475 1704 502 ltmrentcs
1718 482 1780 506 con-

993 519 1111 554 spexerit
1126 524 1310 552 accusatores,
1329 521 1475 547 accusandi
1492 529 1590 547 munus
1604 520 1704 555 excipit
1720 520 1778 552 ille,

995 569 1024 591 ut
1038 572 1072 591 ne
1087 565 1186 598 injuria
1202 565 1306 593 allectis
1320 565 1401 593 liceat
1415 565 1621 594 criminationes
1635 566 1779 600 depellere,

994 611 1052 646 ejus
1066 619 1162 646 nempe
1174 611 1298 639 violentia
1313 611 1466 646 prohibitis.
1481 612 1600 647 ldipsum
1617 611 1672 646 egit
1685 613 1780 639 adver-

994 665 1041 685 sus
1056 658 1234 684 Athanasium
1248 666 1255 684 :
1270 662 1414 692 conspecta
1429 658 1527 692 quippe
1540 658 1656 688 Paulini,
1672 657 1779 685 Lucife-

994 703 1027 736 ri,
1039 703 1145 730 Eusebii
1161 709 1186 729 et
1197 704 1315 738 Dionysii
1329 703 1518 739 episcoporunt
1533 704 1657 739 loquendi
1671 704 1780 737 ﬁducia,

994 755 1023 776 et
1036 756 1088 783 qua
1111 749 1217 776 ratione
1239 749 1276 776 illi
1294 757 1327 776 ex
1346 748 1449 776 Ursacii
1465 755 1492 776 et
1514 748 1632 777 Valentis
1646 750 1781 784 poeniten-

997 797 1042 828 tia,
1057 797 1130 824 viros
1147 796 1192 831 qui
1207 797 1363 832 episcopum
1379 797 1584 829 insimulabant,
1606 796 1664 824 falsi
1681 803 1779 832 argue-

996 847 1067 875 rent,
1084 843 1284 878 suaderentque
1300 850 1353 870 non
1369 842 1438 870 ultra
1456 843 1535 870 ﬁdetn
1550 843 1655 870 Valenti
1669 844 1780 870 sociove

155 886 253 920 μηκέτι
277 886 375 922 χρῆναι
400 886 575 914 πιστεύεσθαι
597 889 659 919 τοὺς
675 889 737 924 περὶ
749 888 884 916 Οὐάλεντα
895 899 941 925 με-

996 890 1147 917 habendam
1169 897 1237 922 esse,
1254 897 1321 925 qttos
1343 894 1405 916 ante
1420 890 1590 924 pmuituisset
1605 897 1699 916 eorum
1717 896 1777 924 quin

152 932 299 965 ταγνόντας
315 933 358 967 ἐφ’
372 931 412 965 οἷς
428 933 536 968 λέγουσι
548 933 606 964 νῦν,
623 934 703 966 εὐθὺς
717 935 836 967 ἀναστὰς
851 934 941 964 εἶπεν·

159 978 230 1012 Ἐγὼ
242 979 394 1014 κατήγορός
406 980 462 1014 ειμι
476 979 522 1006 νῦν
544 979 713 1012 Ἀθανασίου,
726 981 821 1017 δι”ὲμὲ
833 983 943 1010 πιστεύ-

154 1031 218 1050 σατε
232 1022 272 1056 οἷς
286 1024 332 1051 ἐὰν
348 1024 462 1060 λέγωσιν
476 1023 557 1052 οὗτοι.
577 1024 652 1058 Εἶτα,
671 1027 782 1054 ἐκείνων
797 1027 941 1062 λεγόντων,

153 1069 211 1101 πῶς
225 1069 338 1097 δύνασαι
350 1071 502 1107 κατήγορος
516 1070 595 1104 εἶναι,
610 1073 647 1108 μὴ
661 1073 791 1108 παρόντος
819 1074 866 1100 τοῦ
880 1083 943 1101 κατ-

127 1129 132 1134 -
151 1115 354 1150 ηγορουμένου;
377 1117 401 1143 ει
415 1116 470 1152 γὰρ
484 1117 516 1143 σὺ
533 1118 686 1153 κατήγορος
711 1116 745 1150 εἷ,
767 1119 825 1145 ἀλλ’
840 1121 943 1152 ἐκεῖνος

154 1160 191 1196 μὴ
204 1161 308 1196 παρὼν,
323 1162 353 1188 οὐ
370 1161 481 1189 δύναται
505 1163 656 1198 κρίνεσθαι.
675 1165 712 1191 Οὐ
726 1165 780 1201 γὰρ
801 1166 941 1202 Ῥωμαῖκή

152 1207 226 1234 ἐστιν
241 1207 257 1243 ή
273 1207 373 1243 κρίσις,
386 1208 418 1234 ἵν’
429 1207 466 1239 ὡς
491 1208 617 1243 βασιλεὺς
630 1210 786 1246 πιστευθῇς,
799 1211 866 1238 ἀλλὰ
878 1212 942 1248 περὶ

152 1253 301 1279 ἐπισκόπου
324 1254 381 1280 ἐστὶ
403 1253 432 1280 τὸ
455 1255 554 1290 κρῖμα·
579 1256 626 1282 καὶ
649 1256 689 1282 δεῖ
705 1256 756 1292 τὴν
778 1257 867 1293 κρίσιν
881 1258 942 1294 ῖσην

151 1296 219 1325 εἶναι
234 1298 273 1334 τῷ
290 1299 485 1334 κατηγοροῦντι
501 1301 547 1327 καὶ
562 1300 601 1336 τῷ
611 1302 772 1337 κρινομένῳ.
785 1303 847 1336 Πῶς
856 1304 884 1330 δὲ
895 1304 942 1331 καὶ

152 1345 330 1380 κατηγορεῖς;
350 1345 469 1371 συνεῖναι
490 1344 544 1380 γὰρ
568 1345 617 1372 οὐκ
639 1346 755 1381 ὴδύνασο
771 1347 808 1382 τῷ
833 1349 941 1384 μακράν

152 1396 198 1416 σου
215 1390 373 1425 τυγχάνοντι
385 1399 392 1405 ·
410 1391 434 1416 εί
448 1391 477 1417 δὲ
493 1391 567 1426 παρὰ
588 1392 690 1419 τούτων
706 1393 826 1425 ἀκούσας
842 1394 940 1429 λέγεις,

150 1435 253 1462 δίκαιόν
279 1436 337 1463 ἐστί
362 1444 391 1462 σε
413 1436 509 1463 καὶτὰ
530 1438 595 1472 παρ’
626 1438 730 1465 ἐκείνου
746 1438 878 1475 λεγόμενα
897 1449 942 1467 πι-

152 1481 256 1508 στεύειν
265 1490 271 1497 ·
287 1483 312 1509 εἰ
327 1482 356 1508 δὲ
371 1482 408 1517 μὴ
421 1481 559 1514 πιστεύεις
572 1483 680 1518 ἐκείνῳ,
694 1484 831 1517 πιστεύεις
842 1485 870 1512 δὲ
878 1486 940 1512 τού-

150 1536 216 1560 τοις,
232 1528 371 1562 φαίνονται
389 1527 488 1562 μᾶλλον
504 1525 575 1555 οὗτοι
596 1529 640 1556 διὰ
661 1530 690 1556 σὲ
704 1530 830 1565 λέγοντες
842 1531 937 1564 ταῦτα,
954 1543 975 1572 c

151 1573 198 1599 tul
212 1574 251 1604 εἰς
268 1573 316 1608 σὴν
332 1573 410 1608 χάριν
428 1574 642 1610 κατηγοροῦντες
662 1575 829 1604 Ἀθανασίου.
846 1577 938 1605 Ταῦτα

150 1617 280 1651 ἀκούσας,
296 1619 343 1645 καὶ
361 1619 476 1653 νομίσας
492 1618 570 1655 ὓϐριν
586 1619 655 1648 εἶναι
678 1622 709 1648 τό
724 1622 818 1658 λεχθὲν
838 1624 936 1660 ὀρθῶς,

150 1663 270 1696 ἐκείνους
290 1664 340 1700 μὲν
354 1664 466 1701 ἐξώρισε
476 1675 483 1681 ·
500 1666 620 1702 κινηθεὶς
635 1667 663 1694 δὲ
677 1668 748 1695 κατὰ
767 1669 936 1703 ’Δθανασίου,

151 1710 316 1745 ἀγριώτερον
334 1710 451 1747 ἔγραψεν
468 1712 547 1739 αὐτόν
569 1721 598 1739 τε
623 1713 719 1740 παθεῖν
734 1715 770 1742 τὰ
793 1717 936 1752 γενόμενα,

150 1756 264 1787 καὶτοῖς
283 1756 430 1792 Ἀρειανοῖς
443 1758 626 1793 παραδοθῆναι
650 1759 701 1791 τὰς
721 1761 877 1797 ἐκκλησίας,
891 1763 938 1790 καὶ

150 1799 253 1831 τούτοις
268 1798 366 1832 ἐξεῖναι
382 1801 510 1836 πράττειν
527 1802 544 1829 ἃ
561 1802 709 1837 βούλονται.

991 936 1047 971 jam
1070 936 1272 963 dicerentzille
1298 937 1389 964 statitu
1408 943 1567 970 exsurgens.
1592 935 1657 970 Ego,
1681 935 1778 970 inquit,

991 983 1047 1017 jam
1073 990 1131 1009 sum
1155 982 1295 1009 Athanasii
1322 986 1473 1015 accusator,
1499 982 1549 1009 mei
1575 981 1661 1017 gratia
1685 989 1779 1008 eorum

994 1027 1072 1054 dictis
1098 1027 1176 1054 ﬁdem
1204 1027 1342 1055 habetote.
1370 1028 1423 1055 Illis
1449 1027 1696 1062 respondcntibus,
1721 1027 1780 1060 Quo

993 1076 1072 1106 pacto
1082 1075 1223 1099 accusator
1234 1079 1294 1100 esse
1305 1077 1381 1107 potes
1397 1073 1509 1100 absente
1523 1080 1569 1099 reo
1581 1080 1657 1099 :natn
1673 1072 1778 1099 etiamsi

995 1121 1050 1144 tute
1063 1117 1101 1145 sis
1115 1121 1270 1150 accusator,
1285 1117 1445 1150 iudicandus
1458 1123 1545 1145 tamen
1566 1125 1618 1144 non
1633 1122 1674 1144 est
1694 1117 1738 1144 ille
1753 1117 1779 1144 in

996 1163 1037 1190 sui
1054 1163 1197 1190 absentia?
1212 1163 1269 1190 Non
1282 1163 1412 1198 judicium
1428 1164 1527 1199 quippe
1550 1163 1700 1191 Romanum
1722 1163 1779 1198 jam

994 1207 1155 1241 instituitur,
1186 1213 1214 1235 ut
1237 1208 1296 1242 tibi,
1319 1209 1443 1243 quamvis
1470 1209 1616 1243 imperator
1638 1208 1687 1240 sis,
1713 1208 1780 1235 ﬁdes

992 1253 1143 1287 habeatur;
1160 1254 1206 1281 sed
1226 1254 1260 1282 de
1283 1256 1408 1290 episcopo
1420 1254 1551 1290 judicium
1568 1255 1666 1288 agitur,
1681 1258 1709 1281 et
1723 1254 1779 1288 pari

990 1298 1051 1334 jure
1070 1307 1132 1326 cum
1156 1305 1315 1327 accusatore
1337 1304 1364 1327 et
1386 1304 1513 1328 accusato
1533 1299 1576 1334 agi
1596 1303 1713 1334 oportet.
1729 1297 1779 1331 Qui

993 1350 1082 1372 autem
1105 1352 1234 1372 accusare
1250 1350 1277 1372 tu
1302 1345 1397 1380 putes?
1420 1353 1472 1372 non
1495 1346 1567 1373 enim
1590 1351 1710 1379 prmsens
1733 1343 1779 1370 tibi

991 1390 1043 1418 fuit
1057 1390 1098 1417 vir
1111 1391 1156 1425 qui
1172 1390 1265 1425 procul
1282 1395 1308 1418 te
1329 1391 1507 1418 versabatur:
1522 1391 1594 1426 quod
1614 1390 1636 1417 si
1660 1396 1692 1416 ea
1714 1388 1781 1416 dicis

991 1443 1052 1471 quae
1064 1437 1182 1463 didicisti
1192 1436 1225 1463 ab
1237 1436 1300 1468 illis,
1311 1444 1417 1472 azquum
1431 1444 1497 1464 sane
1508 1436 1590 1463 fuerit
1604 1440 1629 1463 le
1641 1435 1699 1468 ejus
1711 1442 1780 1469 quo-

991 1489 1044 1516 que
1067 1482 1148 1510 dictis
1168 1481 1248 1509 ﬁdem
1268 1483 1398 1510 adhibere
1412 1491 1418 1508 :
1432 1483 1473 1510 sin
1490 1482 1526 1509 illi
1543 1482 1620 1508 ﬁdem
1638 1489 1690 1508 non
1705 1481 1780 1508 adhi-

992 1528 1068 1559 hens.
1094 1528 1137 1555 his
1162 1528 1285 1561 adhibes,
1309 1528 1437 1555 videntur
1454 1532 1528 1554 certe
1554 1527 1591 1554 illi
1617 1527 1674 1554 hmc
1697 1526 1779 1553 intui

993 1573 1105 1609 gratiam
1122 1572 1255 1608 proferre,
1280 1573 1307 1600 in
1330 1574 1367 1600 tui
1389 1574 1504 1608 gratiam
1521 1573 1584 1600 item
1601 1571 1779 1599 Athanasium

997 1637 1137 1658 accusare.
1159 1630 1206 1658 His
1229 1631 1273 1658 ille
1294 1630 1403 1661 auditis,
1429 1636 1504 1658 ratus
1529 1630 1586 1658 lucc
1610 1631 1703 1662 verba,
1720 1637 1780 1664 qua:

994 1678 1068 1701 recta
1091 1682 1156 1703 sane
1180 1679 1267 1707 erant,
1294 1676 1320 1702 in
1348 1683 1424 1702 suam
1452 1680 1558 1703 vertere
1575 1674 1778 1707 contumeliam,

990 1719 1065 1747 viros
1085 1721 1159 1748 misit
1181 1721 1206 1748 in
1230 1720 1355 1749 exsilium
1370 1730 1376 1748 :
1391 1726 1599 1756 comtnotusque
1615 1720 1640 1748 iu
1661 1720 1779 1748 Athana-

991 1766 1072 1801 sium,
1096 1767 1221 1796 efferatas
1236 1768 1308 1796 misit
1323 1768 1439 1800 litteras,
1451 1767 1552 1802 jubens
1572 1767 1647 1794 illum
1663 1767 1696 1794 iis
1709 1766 1778 1794 allici

991 1812 1070 1840 malis
1090 1813 1189 1848 quibus
1203 1813 1316 1842 aﬁ‘ectus
1333 1821 1433 1842 revera
1447 1818 1488 1842 est
1503 1823 1508 1841 :
1523 1813 1687 1848 Arianisquc
1709 1813 1778 1840 tradi

150 1845 287 1896 ecclesias,
311 1847 520 1896 facultatemque
546 1850 610 1884 ipsis
641 1851 710 1883 dari.
737 1853 808 1888 quod
835 1853 929 1883 liberet
944 1858 1075 1887 arbitratu
1090 1845 1140 1888 suo
1157 1863 1265 1896 agendi.

187 1890 231 1917 77.
248 1891 327 1918 Δεινὰ
341 1891 390 1927 μὲν
406 1890 452 1920 οὖν
477 1894 523 1921 καὶ
545 1894 617 1930 πέρα
641 1895 735 1923 δεινῶν
759 1896 793 1923 τὰ
809 1898 937 1927 τοιαῦτα·

93 1948 98 1951 -
151 1937 294 1973 πρέπουσα
307 1937 335 1964 δὲ
351 1938 450 1974 πρᾶξις
465 1939 538 1974 ὅμως
552 1940 591 1976 τῷ
605 1941 831 1979 σχηματιζομένῳ
846 1945 879 1972 τὰ
891 1945 939 1972 τοῦ

157 1983 350 2019 ’Δντιχρίστου.
368 1985 416 2016 Τίς
428 1984 492 2021 γὰρ,
511 1985 616 2021 βλέπων
629 1987 708 2014 αὑτὸν
722 1988 870 2024 ὲξάρχοντα
886 1992 940 2018 τῶν

151 2028 334 2064 νομιζομένων
349 2030 505 2058 ἐπισκόπων
525 2033 573 2058 καὶ
599 2032 806 2069 προκαθήμενον
824 2035 878 2062 τῶν
895 2037 940 2064 ὲκ-

1027 1904 1072 1931 77.
1090 1904 1188 1932 Gravia
1204 1905 1311 1940 quidem
1324 1909 1351 1933 et
1365 1905 1425 1939 plus
1436 1913 1518 1940 quam
1533 1905 1624 1939 gravia
1639 1909 1702 1931 sunt
1715 1904 1778 1936 ista,

992 1955 1172 1978 consentanea
1188 1956 1277 1978 tatnen
1293 1952 1316 1978 ei
1333 1951 1378 1986 qui
1394 1951 1552 1978 Antichristi
1567 1951 1680 1986 ﬁgurant
1696 1952 1776 1986 gerit.

993 1995 1058 2028 Quis
1079 1997 1151 2024 enim
1169 1996 1263 2024 videns
1292 1996 1366 2023 illum
1387 1997 1419 2024 iis
1441 1997 1486 2032 qui
1509 1997 1626 2032 episcopi
1649 2001 1779 2032 putantur

990 2040 1104 2074 praeﬁci,
1122 2041 1148 2068 in
1161 2041 1410 2076 ecclesiasticisque
1429 2042 1535 2076 iudiciis
1551 2043 1707 2076 praesidere,
1724 2050 1777 2069 non

151 2074 351 2109 κλησιαστικῶν
363 2075 489 2110 κρίσεων,
502 2077 552 2103 οὐκ
565 2077 720 2114 ᾲκολούοως
737 2079 770 2106 ἂν
781 2080 852 2107 εἴποι
866 2082 939 2108 τοῦτ’

992 2084 1047 2119 iure
1062 2086 1133 2114 dicat
1147 2086 1216 2114 hanc
1233 2095 1292 2114 esse
1306 2087 1378 2114 illam
1391 2094 1406 2114 a
1419 2087 1528 2114 Daniele
1542 2088 1697 2121 praedictam
1713 2087 1777 2115 abo-

151 2117 221 2146 εἷναι
235 2119 265 2146 τὸ
280 2119 324 2146 διὰ
337 2120 384 2146 τοῦ
395 2121 493 2156 Δανιὴλ
506 2122 649 2157 εἰρημένον
662 2123 800 2159 βδέλυγμα
813 2125 862 2160 τῆς
879 2126 939 2162 ἐρη-

990 2132 1164 2160 minutionem
1187 2133 1410 2160 desolationis”?
1434 2132 1644 2160 Christianismo
1675 2133 1775 2168 quippe

152 2164 281 2200 μώσεωςς
306 2165 357 2192 Τὸν
380 2167 434 2202 γὰρ
462 2168 673 2204 Χριστιανισμὺν
698 2170 937 2206 περιϐεϐλημένος,

992 2178 1107 2205 amictus
1133 2177 1189 2209 ille,
1206 2183 1233 2206 et
1257 2179 1283 2206 in
1308 2178 1364 2206 loca
1389 2183 1482 2206 sancta
1511 2178 1658 2213 ingressus,
1686 2178 1776 2212 ibique

151 2212 198 2239 καὶ
214 2213 253 2243 είς
262 2212 325 2244 τοὺς
340 2212 433 2246 ἁγίους
447 2213 545 2244 τόπους
559 2214 757 2250 είσερχόμενος,
772 2216 894 2251 ἑστηκώς
906 2226 937 2244 τε

150 2258 179 2284 ὲν
213 2257 314 2290 αὐτοῖς,
341 2258 439 2294 ἐρημοῖ
456 2258 506 2290 τὰς
526 2259 683 2295 ἐκκλησίας,
706 2260 852 2296 παραλύων
874 2263 937 2295 τοὺς

109 2303 117 2312 ⁸
149 2304 252 2330 τούτων
274 2303 398 2337 κανόνας,
425 2304 472 2331 καὶ
493 2305 528 2331 τὰ
555 2304 608 2331 ἴδια
633 2308 743 2340 κρατεῖν
769 2306 936 2343 βιαζόμενος.

149 2347 222 2385 Ἀρι
237 2349 277 2381 τίς
295 2349 334 2375 ἔτι
348 2350 434 2385 τολμᾷ
447 2350 534 2384 λέγειν
555 2351 601 2377 τὸν
617 2351 711 2386 καιρὸν
724 2352 816 2378 τοῦτον
832 2353 934 2389 εἰρηνι-

150 2394 196 2422 κὸν
210 2393 277 2421 εἶναι
299 2395 479 2431 Χριστιανῶν,
501 2396 547 2422 καὶ
569 2397 599 2422 οὺ
625 2396 722 2431 μᾶλλον
738 2397 872 2433 διωγμόν;
890 2398 936 2425 καὶ

148 2440 277 2476 διωγμὸν,
296 2437 352 2472 οἷος
372 2440 434 2467 οὔτε
455 2440 564 2468 πώποτε
588 2442 709 2477 γέγονεν,
734 2442 795 2470 οὗτε
811 2444 880 2479 τάχα
894 2453 937 2476 τις

149 2488 256 2522 ποιήσει
270 2487 335 2513 ποτὲ
348 2487 477 2519 τοιοῦτον,
490 2489 514 2515 εἰ
531 2489 567 2524 μὴ
580 2490 633 2526 ἄρα
645 2491 659 2516 ὁ
672 2490 728 2521 υἱὸς
748 2490 798 2525 τῆς
812 2491 934 2526 ἀνομίας,

148 2534 175 2559 οἱ
194 2533 378 2569 Χριστομάχοι
397 2534 563 2561 δεικνύουσιν
581 2535 646 2570 (84),
676 2537 936 2572 ἁναζωγραφοῦντες

148 2579 177 2605 ἐν
193 2579 284 2612 αὐτοῖς
307 2581 366 2616 ἠδη.
392 2582 437 2608 Διὸ
460 2583 506 2609 κα)¹
533 2583 649 2618 μάλιστα
672 2586 806 2620 προσήκει
831 2586 936 2621 νήφειν,

183 2660 207 2675 ⁸ο
223 2661 287 2688 Dan.
307 2669 345 2693 ιλ,
366 2661 410 2688 ‘27.

186 2739 241 2789 [sai
261 2739 306 2767 Sic
330 2739 396 2776 Reg.
423 2745 450 2769 et
481 2741 564 2770 Basil.
594 2743 665 2771 sum
694 2743 852 2770 ἀπολεῖσθαι
876 2753 937 2780 per-

150 2781 334 2851 l‘ezlggigum
362 2817 514 2851 sequuntur
534 2818 593 2851 post
608 2813 774 2851 Οὐάλεντος,
798 2822 882 2849 usque
902 2814 934 2841 ad

152 2845 215 2879 περὶ
231 2845 379 2878 Οὐάλεντα,
397 2845 493 2876 desunt
508 2845 541 2876 ἱιὶ
549 2849 629 2877 editis
652 2845 797 2884 prioribus,
822 2845 934 2885 eratque

990 2222 1154 2256 consistens,
1173 2223 1302 2251 ecclesias
1311 2228 1399 2251 vastat
1414 2232 1421 2250 :
1435 2230 1581 2256 earumque
1590 2222 1724 2257 abrogatis
1732 2229 1775 2249 ca-

989 2269 1117 2302 nonibus,
1136 2269 1161 2296 vi
1183 2270 1256 2305 cogit
1279 2275 1308 2297 ut
1333 2277 1384 2298 sua
1405 2269 1548 2297 obtineant
1564 2270 1687 2297 decreta.
1705 2268 1774 2296 Num

989 2314 1049 2348 quis
1065 2315 1136 2341 ausit
1161 2314 1251 2342 dicere
1269 2320 1374 2350 tcutpns
1388 2315 1463 2350 pacis
1483 2315 1645 2342 Christianis
1669 2315 1774 2346 adesse,

989 2366 1078 2387 nonne
1093 2361 1183 2395 potius
1196 2361 1430 2396 persecutionem?
1446 2361 1542 2388 Annon
1560 2361 1773 2396 persecutionem

989 2405 1077 2440 qualis
1099 2414 1235 2441 nunqttam
1252 2408 1366 2440 exstitit,
1380 2411 1408 2435 et
1432 2407 1547 2435 Iortasse
1566 2406 1672 2440 qttalem
1695 2413 1774 2434 nemo

990 2459 1107 2486 unquatn
1116 2453 1283 2480 excitaturus
1291 2458 1344 2485 est,
1355 2453 1406 2480 nisi
1420 2453 1490 2480 ﬁlius
1501 2452 1663 2486 iniquitatis,
1673 2451 1773 2480 Christi

988 2502 1187 2532 oppugnatores
1199 2498 1337 2533 exhibent,
1354 2499 1379 2526 in
1394 2499 1504 2533 suisque
1517 2498 1586 2525 actis
1601 2498 1774 2533 exprimunt?

989 2542 1158 2577 Quapropter
1173 2544 1250 2571 ttobis
1273 2552 1444 2579 summopere
1471 2544 1635 2579 vigilandqu
1663 2549 1715 2575 est.
1739 2552 1773 2570 ne

990 2589 1101 2617 ltazresis
1122 2590 1216 2618 istltaec
1229 2598 1288 2625 qua:
1306 2595 1378 2618 tanta
1396 2595 1437 2618 est
1452 2591 1627 2626 impudentia,
1639 2597 1699 2624 quae
1716 2590 1772 2616 ve!-

989 2751 1100 2784 prorsus
1118 2741 1211 2769 mutila
1229 2742 1360 2769 sententia
1380 2750 1386 2768 :
1413 2749 1493 2776 quant
1508 2749 1540 2770 ex
1559 2742 1622 2777 Heg.
1643 2747 1670 2770 et
1690 2742 1767 2771 Basil.

992 2783 1167 2806 reslttttimus.

1026 2814 1083 2848 (84)
1105 2812 1150 2840 Sic
1165 2811 1462 2848 Regitts_codex.F.tlit.
1488 2811 1591 2840 Comm.
1611 2812 1769 2841 ὁείκνουσιν.

989 2846 1130 2877 Basi'ietts.
1150 2853 1176 2875 et
1191 2846 1255 2875 edit.
1272 2846 1356 2876 Paris.
1371 2847 1515 2874 δείκνυσιν.
1669 2851 1673 2856 ’
