2007 3044
231 139 283 168 787

515 128 547 168 5..
565 138 751 169 ATilANASll
770 139 846 169 OPP.
866 138 959 168 PARS
979 139 998 167 I.
1020 152 1053 159 -ρ
1074 136 1263 167 IIISTORICA
1283 136 1328 166 ΕΤ
1347 136 1559 166 DOGMATICA.

1794 135 1858 163 .788

229 201 267 228 uti
284 204 396 227 ceraste
414 200 489 228 virus
504 200 672 233 dill'unditur,
687 205 716 228 ut
739 201 766 228 in
779 200 934 228 Proverbiis
947 199 1014 228 aeri-

1067 199 1165 234 μήπως
1178 199 1195 234 ἡ
1209 197 1314 233 αῐρεσις
1329 197 1409 233 αὕτη,
1425 195 1524 232 πολλὴν
1538 193 1728 232 ἀναισχυντίαν
1741 195 1852 230 ἔχουσα,

229 250 305 281 ptum
328 246 483 278 habetur",
499 252 614 281 qumque
634 246 795 273 sententiam
813 247 890 273 docet
906 245 1015 273 Christo

228 293 430 325 adversantem,
444 300 475 319 ea
492 292 550 326 ipsa
570 293 605 320 sit
626 293 772 328 apostasia,
787 297 848 328 post
859 300 940 328 quam
958 292 1013 324 ille.

230 338 334 365 scilicet
358 338 565 370 Antichrislns,
591 339 772 372 revelabitur,
798 338 938 374 praemisso
966 345 1016 365 suo

230 392 397 418 pra-cursore
409 384 578 413 Constantio.
591 385 698 421 Alioqui
717 393 767 413 cur
786 386 822 413 ita
839 390 934 413 contra
957 385 1014 420 pios

229 429 303 456 viros
315 428 398 456 furit?
417 436 502 464 quare
526 431 604 465 quasi
624 437 672 464 pro
693 438 740 458 sua
760 431 856 458 haeresi
882 431 1013 463 decertat,

228 482 343 510 eumque
358 482 436 502 suum
452 476 517 503 dicit
538 476 677 504 inimicum
696 477 742 511 qui
760 476 816 504 Arii
834 477 946 504 insaniat
960 485 1014 504 non

227 520 407 554 obtemperat.
421 521 510 554 Quare
521 528 581 556 qua:
598 529 614 548 a
631 522 732 549 Christi
749 521 873 549 hostibus
887 522 1015 549 dicuntur

228 565 404 593 libentissime
418 567 548 600 admittit,
569 568 690 603 talesque
707 576 740 596 ac
763 573 852 596 tantas
873 569 1012 603 vilipendit

227 612 364 647 synodos?
377 619 461 647 quare
470 612 550 648 jussit
563 613 693 641 ecclesias
708 614 777 641 tradi
791 614 912 646 Arianis,
924 622 1014 641 nonne

227 662 258 685 ut
271 657 316 686 ille
331 666 392 686 cum
405 659 522 691 venerit,
534 658 688 686 facultatem
702 659 803 687 habeat
817 661 844 687 iu
858 660 918 687 illas
933 659 1015 695 309

227 704 381 732 introeundi
402 713 408 732 :
433 705 657 741 amplexeturque
685 705 874 733 Constantium
900 707 946 741 qui
969 706 1013 734 illa

227 749 278 777 sibi
297 750 354 777 loca
376 750 556 786 praeparavit?
571 750 590 778 li
605 758 723 786 namque
746 751 793 786 qui
809 752 843 778 ab
859 751 1013 778 Alexandro

226 799 255 823 et
272 796 414 823 decessore
426 795 484 830 ejus
495 796 611 828 Achilla,
635 795 689 823 imo
709 795 789 830 hujus
807 796 950 823 decessore
962 795 1013 823 Pe-

227 846 268 868 tro
280 841 397 869 ordinati
414 840 533 874 fuerant,
553 848 632 869 senes
654 841 771 876 episcopi
791 841 860 876 pulsi
877 845 950 874 sunt,
971 841 1014 868 in-

227 887 349 922 trusique
373 887 391 914 li
412 894 481 921 quos
500 871 655 915 indicabant
671 871 731 922 lqui-
746 871 845 914 milites
862 871 1014 922 sequeban-
1028 871 1051 900 Β

227 939 294 961 tur:
310 933 464 961 indicarunt
484 939 574 961 autem
597 934 658 962 illos
679 933 725 969 qui
749 941 805 962 sua
823 933 880 962 fore
903 938 1014 962 senten-

226 979 271 1006 tia
282 979 487 1013 pollicerentur.

261 1069 308 1098 78.
329 1069 469 1097 Facillima
486 1076 529 1097 res
548 1073 608 1096 erat
624 1068 794 1097 Meletianis:
813 1076 929 1104 quorum
953 1071 1013 1104 plu-

226 1115 300 1148 rimi,
323 1115 376 1143 imo
391 1121 497 1148 omnes,
513 1121 686 1150 nequaquam
711 1114 834 1150 religiosa
847 1115 1015 1143 institutione

225 1162 333 1190 educati
355 1165 434 1194 sunt,
457 1169 546 1197 neque
570 1169 666 1190 sanam
683 1167 784 1189 norunt
798 1169 861 1196 erga
875 1161 1013 1189 Christum

225 1207 318 1240 ﬁdem,
338 1215 389 1235 nec
401 1208 466 1242 quid
483 1208 518 1235 sit
532 1207 760 1235 Christianismus
771 1228 779 1240 ,
797 1212 844 1235 aut
857 1214 919 1242 quas
937 1207 1014 1235 nobis

224 1253 389 1282 Christiania
403 1254 459 1281 sint
474 1253 634 1289 Scriptura.
651 1253 718 1281 Nam
735 1254 844 1289 quidam
859 1261 963 1285 eorum.
980 1261 1013 1281 ex

225 1301 322 1332 idolis,
339 1300 385 1327 alii
401 1307 434 1326 ex
455 1303 550 1326 senatu
565 1304 593 1326 et
606 1306 641 1326 ex
658 1300 794 1334 supremis
813 1299 1014 1334 magistratibus

225 1346 259 1373 ad
275 1352 324 1373 nos
339 1351 496 1376 acoessere.
514 1345 594 1378 idque
616 1349 646 1371 ut
671 1345 800 1372 miseram
819 1345 1013 1372 immunitatem

225 1396 254 1420 et
278 1391 459 1427 patrocinium
474 1396 688 1425 asaequerentur
701 1399 709 1418 :
727 1398 758 1419 ac
772 1391 970 1425 antiquioribus
984 1398 1015 1419 se

226 1438 378 1467 Ileletianis
407 1438 521 1472 pecunia
543 1437 678 1472 corruptis
693 1456 701 1469 .
721 1437 754 1464 ad
779 1444 839 1465 eam
866 1445 1014 1472 pervenere

224 1485 385 1520 dignitatem
415 1484 492 1519 prius
518 1491 598 1518 quam
624 1483 830 1510 instituerentur
854 1484 910 1518 (85)
931 1493 940 1512 :
967 1483 1014 1511 sed

225 1530 330 1558 etiamsi
357 1530 475 1557 instituti
497 1534 603 1563 essent,
624 1529 726 1564 qualis,
754 1536 867 1563 qmeso,
891 1529 1012 1557 doctrina
1027 1542 1048 1571 α

225 1577 298 1611 apt:
313 1575 492 1603 Meletianos?
517 1580 634 1602 attamen
650 1583 684 1602 ne
701 1575 791 1610 specie
806 1575 915 1609 quidem
933 1575 1012 1603 insti-

224 1623 277 1652 tuti
289 1643 297 1656 ,
321 1623 467 1658 derepente
487 1628 663 1650 accesserunt
682 1631 689 1650 :
708 1630 739 1650 ac
760 1623 850 1650 statim
863 1644 870 1655 ,
890 1627 1012 1658 accepto,

225 1669 302 1703 quasi
328 1668 465 1701 infantes,
489 1669 619 1700 nomine,
642 1668 759 1704 episcopi
785 1669 912 1704 appellati
938 1673 1010 1696 sunt.

226 1713 342 1749 Ideoque
355 1713 486 1748 ejusmodi
500 1721 561 1741 cum
575 1714 641 1746 sint,
659 1721 716 1741 rem
732 1713 803 1740 illam
818 1713 894 1741 nihili
911 1713 1010 1747 fecere,

226 1768 314 1795 neque
337 1765 467 1796 putarunt
490 1760 617 1795 pietatem
636 1759 671 1788 ab
693 1761 831 1796 impictate
847 1760 1011 1795 discrepare.

226 1806 354 1834 Libenter
378 1806 461 1843 igitur
485 1806 665 1846 protinusque
693 1814 726 1835 ex
746 1806 898 1835 Meletianis
917 1807 1011 1835 Ariani

225 1851 313 1880 effecti
332 1857 404 1880 sunt.
429 1853 506 1886 Quod
522 1853 544 1881 si
560 1854 698 1888 quidpiam
714 1853 786 1881 aliud
804 1852 916 1887 jusserit
929 1854 1013 1888 impe-

214 1899 312 1929 'rator.
338 1897 364 1924 in
389 1897 454 1925 illud
475 1905 535 1925 sese
559 1903 665 1926 vertere
691 1903 753 1926 sunt
777 1899 873 1933 parati.
901 1898 1013 1927 Pietatis

226 1943 327 1978 quippe
340 1943 493 1978 ignorantia
514 1951 594 1978 quam
616 1944 747 1972 citissime
768 1945 828 1972 illos
850 1944 883 1972 ad
899 1952 1013 1974 consue-

226 1992 282 2014 tam
313 1992 340 2014 ct
368 1988 506 2022 priorem,
532 1995 613 2023 quam
643 1989 731 2016 edocti
760 1988 846 2022 fuere,
869 1989 1012 2017 stultitiam

226 2033 347 2067 conjicit.
370 2033 516 2061 Enimvero
537 2042 585 2069 pro
606 2034 689 2062 nihilo
713 2039 754 2062 est
774 2035 829 2062 illis
843 2036 916 2063 omni
933 2040 1014 2064 vento

227 2083 254 2106 et
276 2078 358 2106 ﬂuctu
385 2079 554 2108 circumferri
568 2101 575 2113 ,
596 2081 658 2107 dum
682 2081 815 2108 immunes
839 2082 894 2109 sint
915 2086 942 2110 et
963 2082 1014 2109 hn-

228 2131 308 2151 mano
325 2123 451 2152 fruantur
462 2126 614 2161 patrocinio
631 2135 638 2153 :
658 2135 707 2161 pro
722 2127 807 2154 nihilo
823 2127 875 2154 illis
894 2133 936 2155 est
954 2135 1015 2155 sese

228 2171 391 2205 immutare,
409 2171 530 2205 talesque
545 2172 602 2199 ﬁeri
620 2173 713 2207 quales
736 2178 814 2200 antea
837 2178 932 2206 erant,
959 2174 1014 2202 imo

1065 245 1112 271 καὶ
1125 243 1303 279 διαχυνομινη
1311 243 1349 275 ὡς
1360 243 1397 274 loc
1409 242 1554 278 κεράστου,
1565 241 1656 273 καθὼς
1670 242 1698 268 ὲν
1711 243 1769 269 ταῖς
1781 241 1852 277 Παρ-

1063 290 1168 325 οιμίαις
1184 290 1349 325 γέγραπται,
1373 289 1536 316 διδάσκουσα
1550 297 1579 315 τε
1599 289 1670 316 κατὰ
1684 287 1742 328 τοῦι
1760 288 1852 323 Σωτῆ-

1066 343 1112 371 ρος
1125 336 1244 370 φρονεῖν,
1255 334 1324 370 αὕτη
1337 335 1370 362 ἂν
1380 335 1423 370 εἴη
1436 336 1452 370 ἡ
1467 334 1619 361 ἀποστασία
1634 334 1693 369 μεθ’
1705 335 1738 369 ἢν
1750 334 1853 365 ἐκεῖνος

1064 382 1332 418 ἀποκαλυφθήσεται,
1349 382 1457 413 πάντως
1471 381 1540 416 ἔχων
1558 381 1602 408 τὸν
1619 381 1770 417 πρόδρομον
1787 381 1852 408 ἔαυ-

1064 427 1111 454 τοῦ
1129 428 1327 455 Κωνατάντιον.
1349 428 1426 455 Ἐπεὶ
1441 427 1486 455 διὰ
1500 427 1527 454 τί
1540 422 1626 458 οὕτως
1644 427 1768 462 μαίνεται
1783 425 1853 453 κατὰ

1063 472 1117 499 τῶν
1131 473 1266 505 εὐσεῧῶνς
1281 473 1324 500 διὰ
1339 473 1366 499 τί
1381 473 1419 504 ὡς
1443 472 1512 508 ὑπὲρ
1531 472 1597 504 ἰδίας
1613 472 1742 508 αἱρέσεως
1754 471 1854 505 ἀγωνί-

1064 518 1159 551 ζεται;
1176 519 1224 545 καὶ
1237 518 1333 554 ἐχθρὸν
1349 518 1398 554 μὲν
1412 518 1476 545 [διον
1487 518 1560 552 λέγει
1576 519 1622 545 τὸν
1639 518 1676 554 μὴ
1693 518 1854 553 πειθόμενον

1063 566 1096 601 τῇ
1117 564 1221 600 Ἀρείου
1245 564 1338 599 μανίᾳ,
1355 564 1389 590 τὰ
1407 563 1435 590 δὲ
1450 564 1525 599 παρὰ
1539 563 1593 590 τῶν
1608 563 1802 599 Χριστομάχων
1813 563 1854 590 λε-

1064 611 1166 646 γόμενα
1180 610 1353 646 καταθυμίως
1366 610 1482 645 δέχεται,
1495 610 1543 636 κα).
1557 609 1683 641 τοιαύτας
1697 610 1744 636 καὶ
1756 608 1854 636 τοσαύ-

1063 665 1114 688 τας
1128 657 1253 689 συνόδους
1275 657 1419 692 ἀτιμάζει;
1442 656 1486 683 διὰ
1510 657 1536 684 τι
1553 656 1609 691 (86)
1623 657 1678 688 τοῖς
1705 656 1852 691 ’Δρειανοίς

1063 701 1189 730 ἐκέλευσε
1220 703 1271 735 τὰς
1310 702 1458 738 ἐκκλησίας
1494 702 1706 739 παραδίδοσθαι;
1734 703 1784 738 οὐχ
1807 703 1851 729 ἵνα

1063 749 1166 781 ἐκεῖνος
1178 749 1263 776 ἐλθὼν
1275 749 1354 786 εὕρῃ,
1366 748 1424 781 πῶς
1436 750 1476 781 είς
1488 749 1574 781 αὑτὰς
1587 748 1705 785 εἰσέλθῃ,
1723 749 1770 775 καὶ
1784 749 1854 775 ἀπο-

1062 795 1171 831 δέξηται
1195 795 1290 822 τοῦτον
1312 795 1495 831 ὲτοιμάσαντα
1513 795 1577 827 τοὺς
1600 795 1700 827 τόπους
1712 794 1802 830 αὑτῷ;
1819 795 1852 821 οἰ

1066 840 1115 876 μὲν
1124 841 1179 877 γὰρ
1188 841 1242 868 ἀπὸ
1258 840 1443 877 Ἀλεξάνδρου,
1454 841 1502 868 κα),
1513 841 1559 868 τοῦ
1572 841 1625 878 πρὸ
1633 841 1715 878 αὐτοῦ
1731 840 1851 876 Ἀχιλλᾶ,

1064 886 1112 913 καὶ
1128 887 1208 914 πάλιν
1224 886 1270 914 τοῦ
1287 887 1341 923 πρὸ
1359 887 1454 914 τούτου
1471 887 1586 923 Πέτρου,
1603 887 1731 922 γέροντες
1743 886 1855 913 ἐπίσκοο

1063 941 1110 960 ποι
1122 933 1309 966 ἐξεϐάλλοντοο
1328 933 1426 960 ὲκεῐνοι
1440 932 1469 959 δὲ
1481 934 1633 969 εἰσήγοντο,
1653 932 1699 964 οὓς
1713 931 1746 959 ἃν
1760 932 1855 966 ελεγον

1063 980 1089 1006 οι
1098 979 1306 1011 ἀκολουθοῦντες
1319 980 1375 1011 τοῖς
1388 979 1567 1015 στρατιώταις
1575 987 1582 994 ·
1595 979 1688 1013 ελεγον
1702 978 1732 1006 δὲ
1745 978 1809 1010 τοὺς
1820 977 1856 1005 τὰ

1064 1025 1153 1052 αὐτῶν
1170 1026 1278 1060 φρονεῖν
1295 1025 1555 1061 ἐπαγγελλομένους.

1099 1071 1142 1099 78.
1156 1071 1273 1098 Εὕκολον
1287 1071 1316 1097 δὲ
1329 1071 1406 1098 τοῦτο
1420 1071 1591 1103 Μελιτιανοϊς
1605 1068 1639 1106 ἦν
1651 1070 1682 1097 τὺ
1694 1070 1852 1106 πρόϐλημα·

1063 1121 1089 1147 οι
1102 1120 1158 1155 γὰρ
1171 1119 1302 1149 πλεῖστοι,
1319 1117 1419 1153 μᾶλλον
1431 1118 1459 1144 δὲ
1473 1118 1499 1144 οι
1512 1118 1622 1149 πάντες,
1633 1117 1683 1144 οὐκ
1694 1117 1749 1144 ἀπὸ
1761 1116 1854 1144 θεοσε-

1064 1165 1128 1198 ϐοῦς
1141 1165 1253 1200 ἀγωγῆς
1267 1165 1346 1196 εἰσιν,
1363 1164 1424 1191 οὐδὲ
1440 1163 1602 1197 γινώσκουσι
1620 1163 1669 1198 τὴν
1685 1163 1724 1194 εις
1738 1161 1855 1199 Χριστὸν

1064 1210 1236 1245 ὑγιαίνουσαν
1259 1210 1361 1242 πίστιν,
1383 1209 1436 1236 οὐδ’
1461 1209 1529 1240 ὅλως
1562 1209 1589 1235 τί
1618 1209 1677 1235 ἐστι
1707 1207 1763 1243 (87)
1785 1208 1855 1244 Χρι-

1065 1255 1231 1291 στιανισμὸς,
1246 1256 1263 1292 ἢ
1282 1256 1361 1287 ποίας
1377 1255 1474 1291 ἔχομεν
1484 1256 1565 1290 ἡμεῖς
1574 1254 1599 1281 οἱ
1612 1253 1769 1290 Χριστιανοὶ
1787 1254 1857 1289 Γρα-

1064 1303 1125 1337 φάς.
1150 1303 1182 1329 Οἱ
1200 1302 1249 1337 μὲν
1265 1302 1319 1337 γὰρ
1335 1301 1425 1329 αὐτῶν
1451 1301 1482 1334 ἐξ
1500 1300 1617 1328 εἰδώλων
1637 1300 1769 1332 ἐλθόντες,
1787 1301 1811 1326 οἱ
1826 1300 1856 1327 δὲ

1063 1347 1096 1372 ὲκ
1110 1346 1156 1373 τοῦ
1180 1347 1371 1382 βουλευτηρίου
1390 1347 1436 1373 καὶ
1456 1346 1506 1382 τῆς
1528 1345 1639 1382 πρώτης
1658 1345 1794 1377 πολιτείας
1809 1344 1856 1371 διὰ

1062 1391 1112 1428 τὴν
1123 1392 1293 1428 ταλαίπωρον
1302 1392 1527 1428 ἀλειτουργησίαν
1539 1392 1585 1419 κα).
1599 1392 1765 1427 προστασίαν
1775 1399 1784 1406 ·
1795 1392 1857 1417 πεί-

1065 1438 1161 1470 σαντές
1179 1447 1209 1465 τε
1226 1439 1349 1474 χρήμασι
1366 1439 1430 1470 τοὺς
1444 1437 1497 1474 πρὸ
1511 1437 1600 1465 αὐτῶν
1613 1437 1801 1470 Μελιτιανοὺς.
1815 1438 1856 1469 είς

1062 1484 1142 1511 τοῦτο
1168 1484 1317 1520 παρῆλθον,
1342 1484 1390 1511 κα).
1409 1484 1474 1520 πρὶν
1500 1483 1701 1519 ητηχηθῶσιν.
1718 1484 1750 1510 El.
1764 1483 1792 1510 δὲ
1807 1483 1856 1510 καὶ

1064 1530 1166 1563 ἔδοξαν,
1181 1529 1244 1556 ποία
1255 1529 1408 1565 κατήχησις
1418 1529 1494 1565 παρὰ
1500 1528 1671 1560 Μελιτιανοίς
1681 1529 1768 1560 ἐστινς
1780 1529 1858 1564 ὅμως

1065 1576 1125 1602 οὐδὲ
1143 1575 1268 1609 δόξαντες
1290 1574 1478 1610 κατηχείσθαι,
1500 1572 1582 1610 ἦλθον
1603 1575 1675 1610 ᾶμα-
1693 1575 1741 1601 καὶ
1763 1573 1857 1606 εὐθὺς,

1064 1622 1159 1657 ὥσπερ
1173 1621 1266 1653 παῖδες
1281 1621 1367 1656 ὄνομα
1379 1620 1515 1654 λαϐόντες,
1534 1620 1687 1656 ἐκλήθησαν
1699 1621 1854 1647 ἐπίσκοποι.

1065 1668 1121 1695 Καὶ
1138 1667 1183 1695 διὰ
1206 1667 1294 1699 τοῦτο,
1316 1666 1431 1694 τοιοῦτοι
1454 1666 1539 1698 ὅντες,
1563 1667 1639 1694 οὐδὲν
1665 1667 1800 1702 ἡγήσαντο
1824 1667 1859 1693 τὸ

1066 1715 1192 1750 πρᾶγμα,
1201 1714 1261 1741 οὐδὲ
1269 1713 1406 1748 διαφέρειν
1420 1713 1560 1740 εὐσέϐειαν
1575 1712 1701 1744 ἀσεϐείας
1715 1713 1855 1748 ὲνόμισαν.

1066 1762 1216 1798 Προθύμως
1230 1762 1296 1797 γοῦν
1311 1763 1359 1789 καὶ
1372 1761 1476 1797 ταχέως
1490 1761 1522 1788 ὲκ
1536 1760 1705 1788 Μελιτιανῶν
1723 1759 1858 1796 ’Δρειανοὶ

1065 1808 1218 1842 γεγόνασιν.
1236 1809 1284 1834 Ἂν
1300 1807 1328 1834 δὲ
1345 1807 1392 1834 καὶ
1407 1806 1500 1841 ἕτερόν
1522 1814 1549 1832 τι
1567 1805 1706 1842 προστάξῃ
1719 1805 1856 1840 βασιλεὺς.

1066 1854 1113 1880 καὶ
1127 1854 1167 1885 εἰς
1182 1853 1260 1880 τοῦτο
1271 1853 1352 1880 πάλιν
1368 1853 1436 1879 εἰσὶν
1452 1851 1555 1887 ἕτοιμοι
1576 1851 1800 1887 μεταϐάλλεσθαι,
1824 1850 1858 1878 Ἡ

1066 1900 1119 1936 γὰρ
1125 1901 1173 1935 τῆς
1180 1898 1318 1930 εὐσεϐείας
1326 1899 1421 1933 ἄγνοια
1429 1897 1532 1932 ταχέως
1539 1897 1585 1923 ἐπὶ
1590 1897 1638 1932 τὴν
1646 1896 1745 1932 συνήθη
1753 1897 1800 1923 κα).
1806 1896 1858 1930 τὴν

1066 1945 1096 1978 ἐξ
1109 1945 1206 1982 ἀρχῆς,
1217 1945 1251 1980 ἣν
1265 1945 1455 1980 μεμαθήκασιν
1466 1943 1531 1979 (88),
1543 1943 1697 1978 ἀφροσύνην
1708 1941 1857 1977 καταφέρει

1065 1992 1185 2024 τούτους.
1201 1991 1255 2018 Καὶ
1273 1991 1328 2027 γὰρ
1350 1991 1427 2018 οὐδέν
1450 1991 1524 2017 ἐστιν
1545 1990 1635 2021 αὺτοῖς
1658 1988 1752 2024 ἀνέμῳ
1774 1987 1858 2015 παντὶ

1066 2037 1113 2064 καὶ
1129 2036 1241 2063 κλύδωνι
1256 2035 1462 2071 περιφέρεσθαι.
1475 2034 1527 2066 ἕως
1543 2034 1621 2069 μόνον
1633 2034 1701 2060 εἰσὶν
1718 2032 1857 2068 ἀλειτούρ-

1066 2091 1154 2118 γητοι,
1171 2082 1218 2109 καὶ
1235 2081 1401 2117 προστασίαν
1411 2080 1583 2116 ἀνθρωπίνην
1598 2079 1688 2115 ἔχουσι
1698 2078 1770 2114 (89)·
1784 2077 1856 2112 τάχα

1066 2129 1094 2155 δὲ
1118 2128 1178 2155 οὐδὲ
1203 2127 1429 2162 μεταϐάλλεσθαι,
1451 2125 1502 2154 οἷοι
1519 2127 1564 2153 καὶ
1587 2126 1639 2162 πρὸ
1659 2126 1754 2152 τούτου
1775 2122 1855 2160 ἦσαν,

1067 2174 1114 2201 καὶ
1127 2172 1178 2200 οἷοι
1193 2171 1264 2209 ἦσαν
1284 2174 1328 2200 ὅτε
1352 2173 1433 2200 πάλιν
1450 2173 1578 2207 ’Έλληνες
1593 2172 1749 2206 ἐτύγχανον.
1774 2170 1856 2205 Ἀμέ-

228 2216 321 2250 quales
340 2221 418 2243 erant
443 2216 505 2243 dum
529 2217 630 2245 ethnici
649 2223 750 2245 essent.
776 2217 822 2245 Nae
840 2219 877 2245 illi
894 2226 955 2246 cum
977 2220 1014 2246 ita

1065 2220 1116 2252 λει,
1132 2220 1247 2248 τοιοῦτοι
1263 2220 1308 2247 τὸν
1322 2220 1421 2256 τρόπον
1434 2220 1509 2250 ὄντες
1519 2218 1634 2248 εὔκολοι,
1643 2218 1690 2245 κα).
1701 2217 1857 2252 νομίζοντες

229 2261 349 2290 moribus
364 2262 505 2290 versatiles
528 2268 635 2295 essent,
662 2264 713 2291 rati
739 2264 887 2292 Ecclesiam
906 2264 1012 2292 civilem

228 2315 288 2334 esse
304 2313 427 2335 senatum
444 2318 450 2336 :
468 2317 583 2344 cumque
605 2309 705 2337 cultum
728 2310 860 2339 idolorum
877 2316 1012 2346 saperent.

228 2357 320 2388 utpote
340 2354 442 2382 ethnici
455 2375 462 2385 .
489 2360 618 2389 usurpato
635 2360 724 2384 tamen
745 2357 876 2392 prmclaro
892 2357 1012 2384 Salvato-

230 2401 267 2428 ris
281 2401 399 2434 nomine,
418 2406 500 2428 totam
527 2403 778 2431 contaminaverunt
790 2403 946 2439 Egyptum,
968 2405 1011 2431 ubi

228 2447 356 2474 Arianam
381 2447 505 2474 haeresim
529 2447 571 2475 vel
591 2448 726 2476 nominari
750 2449 776 2476 in
804 2449 847 2475 illa
872 2454 1010 2477 curarunt.

229 2492 364 2520 llactenus
389 2493 460 2520 enim
479 2493 505 2521 in
530 2493 585 2521 sola
599 2493 716 2530 Egyptn
732 2493 814 2522 libera
839 2495 939 2529 ubique
966 2495 1015 2522 fuit

229 2546 302 2566 same
318 2538 379 2566 fidei
394 2538 526 2573 professio
542 2548 549 2566 :
574 2544 738 2574 quapropter
761 2539 889 2567 invidiam
905 2539 929 2567 ei
947 2547 1014 2574 quo-

229 2592 282 2619 que
298 2584 415 2613 conﬂare
439 2586 513 2621 impii
533 2585 570 2613 illi
587 2586 675 2614 conati
690 2591 772 2613 sunt:
790 2585 845 2613 imo
856 2607 864 2620 ,
881 2591 910 2613 ut
924 2586 1015 2614 verius

229 2630 351 2662 dicatur,
370 2638 422 2658 non
450 2631 508 2663 illi,
535 2631 582 2659 sed
605 2631 651 2665 qui
675 2638 723 2658 eos
745 2631 897 2658 concitarat
921 2631 1014 2659 diabo-

230 2675 291 2708 lus;
315 2681 345 2704 ut
366 2684 427 2704 cum
442 2676 545 2704 venerit
566 2676 624 2710 ejus
643 2683 730 2711 praeco
744 2676 944 2710 Antichristus,
968 2677 1011 2704 in-

264 2733 286 2752 ι¹
300 2732 379 2761 Prov.
400 2739 477 2764 mn,
496 2732 541 2760 32.

266 2789 366 2825 (85)](1
378 2794 430 2825 est,
442 2789 600 2825 priusquam
620 2788 810 2825 catechumeni
822 2793 922 2825 essent.

265 2823 375 2857 (86)Sic
388 2823 454 2859 Regi.
467 2833 518 2852 una
527 2823 607 2852 voce.
621 2825 689 2852 Editi
702 2833 763 2853 vero
775 2823 817 2851 διὰ
834 2824 869 2851 τί.

268 2859 324 2894 (87)
336 2859 373 2887 Ita
387 2859 454 2893 Res.
472 2859 542 2887 Editi
557 2859 596 2892 τίς
610 2861 676 2886 ἔστι.

1066 2265 1203 2293 πολιτείαν
1220 2265 1316 2300 βουλῆς
1340 2262 1473 2300 εἶναιτὴν
1495 2263 1667 2299 Ἐκκλησίαν,
1691 2263 1737 2290 κα).
1757 2261 1790 2288 τὰ
1800 2261 1857 2287 τῶν

1066 2311 1182 2338 εἰδώλων
1198 2311 1370 2347 φρονοῦντες,
1387 2309 1482 2345 ὥσπερ
1497 2309 1571 2345 ἔθνη,
1592 2308 1757 2340 εἰσελθόντες
1772 2308 1812 2339 εἰς
1825 2306 1857 2333 τὺ

1066 2358 1146 2385 καλὸν
1160 2357 1244 2393 δνομα
1254 2356 1301 2384 τοῦ
1315 2357 1450 2392 Σωτῆρος,
1465 2355 1579 2391 ἐμίαναν
1592 2356 1641 2392 τὴν
1653 2354 1788 2389 Αἴγυπτον
1802 2354 1856 2380 πᾶ.-

1066 2413 1116 2432 σαν
1126 2412 1132 2420 ·
1150 2405 1314 2439 ποιήσαντες
1329 2403 1379 2430 κᾶν
1394 2402 1462 2434 ὅλως
1475 2401 1657 2438 ὀνομασθῆναι
1674 2400 1721 2436 τὴν
1750 2400 1857 2435 Ἀρεια-

1066 2451 1114 2487 νὴν
1131 2451 1234 2486 αἰρεσιν
1257 2452 1286 2477 ἐν
1309 2450 1390 2484 αὐτῇ.
1418 2449 1478 2475 Ἔτι
1497 2448 1551 2484 γὰρ
1574 2449 1603 2475 ὲν
1626 2447 1765 2483 ὁλοκλήρῳ
1787 2447 1857 2483 μόνῃ

1063 2497 1096 2532 τῇ
1115 2496 1244 2531 Αἰγύπτῳ
1262 2494 1403 2531 παρρησία
1428 2494 1477 2529 τῆς
1498 2493 1652 2529 ὁρθοδοξίας
1675 2491 1724 2528 ἦν·
1742 2493 1789 2519 καὶ
1810 2491 1856 2518 διὰ

1065 2541 1136 2569 τοῦτ’
1159 2541 1329 2569 ἐσπούδασαν
1353 2540 1399 2567 καὶ
1423 2539 1510 2575 ταύτῃ
1533 2539 1628 2574 φθόνον
1652 2539 1802 2572 ἐπαγαγεῖν
1829 2538 1856 2564 οι

1065 2586 1214 2618 δυσσεδεῖς,
1234 2586 1332 2621 μᾶλλον
1350 2585 1378 2611 δὲ
1399 2585 1450 2612 οὐκ
1464 2585 1550 2616 αὐτοὶ.
1573 2584 1631 2611 ἀλλ’
1644 2584 1658 2610 ὸ
1673 2584 1787 2619 κινήσας
1807 2584 1858 2610 αὐ-

1066 2631 1128 2663 τοὺς
1140 2631 1270 2662 διάὸολος·
1289 2631 1322 2657 ἵν’
1337 2630 1420 2657 ἐλθὼν
1430 2631 1444 2658 ὁ
1458 2630 1551 2657 τούτου
1566 2629 1654 2666 κῆρυξ
1673 2629 1857 2669 ’Δντίχριστος

1067 2677 1134 2713 εὕρῃ
1150 2677 1196 2704 κα).
1217 2678 1285 2712 ὲντῇ
1305 2676 1434 2711 Αἰγύπτῳ
1453 2677 1502 2707 τὰς
1523 2675 1669 2711 ἐκκλησίας
1686 2674 1782 2702 ἑαυτοῦ
1799 2675 1855 2709 (90)

1104 2787 1161 2856 (88)
1173 2787 1209 2815 Ita
1222 2787 1289 2822 Reg.
1299 2787 1368 2815 Editi
1382 2795 1486 2818 omnes.
1505 2788 1715 2823 μεμαθήκασιν.

1104 2823 1149 2854 (89
1174 2822 1273 2856 Regius
1284 2823 1378 2854 codex,
1394 2822 1486 2856 ἔχωσι.

1104 2822 1160 2856 (89)
1174 2822 1273 2857 Regius
1284 2823 1378 2854 codex,
1394 2822 1486 2857 ἔχωσι.

1100 2859 1156 2894 (90)
1172 2858 1209 2886 Ita
1225 2857 1292 2893 Reg.
1310 2858 1380 2886 Editi
1395 2863 1471 2891 vero;
1483 2857 1576 2887 αὑτοῦ.
