  <div class='ocr_page' id='page_1' title='image "/cluster/home/n/w/nwhite01/storage/ocr_20150623/25/njp.32101010944591/680.png"; bbox 0 0 2007 3044; ppageno 0'>
   <div class='ocr_carea' id='block_1_1' title="bbox 201 100 254 134">
    <p class='ocr_par' dir='ltr' id='par_1_1' title="bbox 201 100 254 134">
     <span class='ocr_line' id='line_1_1' title="bbox 201 100 254 134; baseline 0.019 -1"><span class='ocrx_word' id='word_1_1' title='bbox 201 100 254 134; x_wconf 73' lang='grc'><strong>789</strong></span> 
     </span>
    </p>
   </div>
   <div class='ocr_carea' id='block_1_2' title="bbox 657 108 1352 141">
    <p class='ocr_par' dir='ltr' id='par_1_2' title="bbox 657 108 1352 141">
     <span class='ocr_line' id='line_1_2' title="bbox 657 108 1352 141; baseline -0.001 -2"><span class='ocrx_word' id='word_1_2' title='bbox 657 108 820 140; x_wconf 70' lang='lat' dir='ltr'><strong>HISTORIA</strong></span> <span class='ocrx_word' id='word_1_3' title='bbox 846 108 1054 140; x_wconf 74' lang='lat' dir='ltr'><strong>ARIANORUM</strong></span> <span class='ocrx_word' id='word_1_4' title='bbox 1080 110 1127 139; x_wconf 81' lang='grc' dir='ltr'><strong>ΔΙ)</strong></span> <span class='ocrx_word' id='word_1_5' title='bbox 1155 111 1352 141; x_wconf 74' lang='lat' dir='ltr'><strong>HONACHOS.</strong></span> 
     </span>
    </p>
   </div>
   <div class='ocr_carea' id='block_1_3' title="bbox 1776 109 1830 138">
    <p class='ocr_par' dir='ltr' id='par_1_3' title="bbox 1776 109 1830 138">
     <span class='ocr_line' id='line_1_3' title="bbox 1776 109 1830 138; baseline 0 0"><span class='ocrx_word' id='word_1_6' title='bbox 1776 109 1830 138; x_wconf 81' lang='lat'><strong>790</strong></span> 
     </span>
    </p>
   </div>
   <div class='ocr_carea' id='block_1_4' title="bbox 201 163 978 206">
    <p class='ocr_par' dir='ltr' id='par_1_4' title="bbox 201 163 978 206">
     <span class='ocr_line' id='line_1_4' title="bbox 201 163 978 206; baseline 0.009 -16"><span class='ocrx_word' id='word_1_7' title='bbox 201 163 360 199; x_wconf 78' lang='grc' dir='ltr'><strong>γινομένας,</strong></span> <span class='ocrx_word' id='word_1_8' title='bbox 394 164 457 197; x_wconf 87' lang='grc' dir='ltr'><strong>τούς</strong></span> <span class='ocrx_word' id='word_1_9' title='bbox 485 172 514 193; x_wconf 78' lang='grc' dir='ltr'><strong>τε</strong></span> <span class='ocrx_word' id='word_1_10' title='bbox 534 167 713 201; x_wconf 77' lang='grc' dir='ltr'><strong>Μελιτιανοὺς</strong></span> <span class='ocrx_word' id='word_1_11' title='bbox 729 169 978 206; x_wconf 68' lang='grc' dir='ltr'><strong>προκατηχηθένται</strong></span> 
     </span>
    </p>
   </div>
   <div class='ocr_carea' id='block_1_5' title="bbox 1031 163 1829 206">
    <p class='ocr_par' dir='ltr' id='par_1_5' title="bbox 1039 166 1829 206">
     <span class='ocr_line' id='line_1_5' title="bbox 1039 166 1829 206; baseline -0.001 -9"><span class='ocrx_word' id='word_1_12' title='bbox 1039 171 1131 198; x_wconf 83' lang='lat' dir='ltr'><strong>veniat</strong></span> <span class='ocrx_word' id='word_1_13' title='bbox 1155 171 1181 198; x_wconf 91' lang='lat' dir='ltr'><strong>in</strong></span> <span class='ocrx_word' id='word_1_14' title='bbox 1195 170 1312 206; x_wconf 67' lang='lat' dir='ltr'><strong>Egypto</strong></span> <span class='ocrx_word' id='word_1_15' title='bbox 1334 169 1464 198; x_wconf 76' lang='lat' dir='ltr'><strong>ecclesias</strong></span> <span class='ocrx_word' id='word_1_16' title='bbox 1486 169 1541 205; x_wconf 70' lang='lat' dir='ltr'><strong>iam</strong></span> <span class='ocrx_word' id='word_1_17' title='bbox 1568 177 1648 203; x_wconf 78' lang='lat' dir='ltr'><strong>suas,</strong></span> <span class='ocrx_word' id='word_1_18' title='bbox 1671 166 1829 197; x_wconf 64' lang='lat' dir='ltr'><strong>leletianos</strong></span> 
     </span>
    </p>
   </div>
   <div class='ocr_carea' id='block_1_6' title="bbox 199 209 981 252">
    <p class='ocr_par' dir='ltr' id='par_1_6' title="bbox 199 209 981 252">
     <span class='ocr_line' id='line_1_6' title="bbox 199 209 981 252; baseline 0.01 -17"><span class='ocrx_word' id='word_1_19' title='bbox 199 209 248 246; x_wconf 71' lang='grc' dir='ltr'><strong>ἤδη</strong></span> <span class='ocrx_word' id='word_1_20' title='bbox 273 209 307 237; x_wconf 82' lang='grc' dir='ltr'><strong>τὰ</strong></span> <span class='ocrx_word' id='word_1_21' title='bbox 330 210 444 244; x_wconf 81' lang='grc' dir='ltr'><strong>ἐκείνου,</strong></span> <span class='ocrx_word' id='word_1_22' title='bbox 466 212 515 239; x_wconf 74' lang='grc' dir='ltr'><strong>καὶ</strong></span> <span class='ocrx_word' id='word_1_23' title='bbox 535 213 639 250; x_wconf 73' lang='grc' dir='ltr'><strong>ἐπιγνῷ</strong></span> <span class='ocrx_word' id='word_1_24' title='bbox 655 215 750 243; x_wconf 78' lang='grc' dir='ltr'><strong>ἑαυτὸν</strong></span> <span class='ocrx_word' id='word_1_25' title='bbox 763 216 791 242; x_wconf 77' lang='grc' dir='ltr'><strong>ἑν</strong></span> <span class='ocrx_word' id='word_1_26' title='bbox 807 216 919 248; x_wconf 65' lang='grc' dir='ltr'><strong>ὶκείνοις</strong></span> <span class='ocrx_word' id='word_1_27' title='bbox 932 216 981 252; x_wconf 76' lang='grc' dir='ltr'><strong>ήδη</strong></span> 
     </span>
    </p>
   </div>
   <div class='ocr_carea' id='block_1_7' title="bbox 200 256 388 292">
    <p class='ocr_par' dir='ltr' id='par_1_7' title="bbox 200 256 388 292">
     <span class='ocr_line' id='line_1_7' title="bbox 200 256 388 292; baseline 0.005 -9"><span class='ocrx_word' id='word_1_28' title='bbox 200 256 388 292; x_wconf 66' lang='grc' dir='ltr'><strong>μορφωθέντα.</strong></span> 
     </span>
    </p>
   </div>
   <div class='ocr_carea' id='block_1_8' title="bbox 233 302 989 342">
    <p class='ocr_par' dir='ltr' id='par_1_8' title="bbox 233 302 989 342">
     <span class='ocr_line' id='line_1_8' title="bbox 233 302 989 342; baseline 0.007 -13"><span class='ocrx_word' id='word_1_29' title='bbox 233 302 278 330; x_wconf 89' lang='lat'><strong>79.</strong></span> <span class='ocrx_word' id='word_1_30' title='bbox 293 303 419 331; x_wconf 81' lang='grc' dir='ltr'><strong>Τοιοῦτον</strong></span> <span class='ocrx_word' id='word_1_31' title='bbox 435 305 484 340; x_wconf 84' lang='grc' dir='ltr'><strong>μὲν</strong></span> <span class='ocrx_word' id='word_1_32' title='bbox 497 302 543 332; x_wconf 80' lang='grc' dir='ltr'><strong>οὖν</strong></span> <span class='ocrx_word' id='word_1_33' title='bbox 560 305 619 332; x_wconf 60' lang='grc' dir='ltr'><strong>ἔστι</strong></span> <span class='ocrx_word' id='word_1_34' title='bbox 641 307 672 333; x_wconf 83' lang='grc' dir='ltr'><strong>τὸ</strong></span> <span class='ocrx_word' id='word_1_35' title='bbox 686 306 794 339; x_wconf 67' lang='grc' dir='ltr'><strong>ἐξελθὸν</strong></span> <span class='ocrx_word' id='word_1_36' title='bbox 822 306 897 342; x_wconf 79' lang='grc' dir='ltr'><strong>ποιρά</strong></span> <span class='ocrx_word' id='word_1_37' title='bbox 911 308 989 334; x_wconf 84' lang='grc' dir='ltr'><strong>Κων-</strong></span> 
     </span>
    </p>
   </div>
   <div class='ocr_carea' id='block_1_9' title="bbox 198 348 989 389">
    <p class='ocr_par' dir='ltr' id='par_1_9' title="bbox 198 348 989 389">
     <span class='ocr_line' id='line_1_9' title="bbox 198 348 989 389; baseline 0.006 -14"><span class='ocrx_word' id='word_1_38' title='bbox 198 348 321 376; x_wconf 84' lang='grc' dir='ltr'><strong>σταντίσυ</strong></span> <span class='ocrx_word' id='word_1_39' title='bbox 335 351 491 386; x_wconf 61' lang='grc' dir='ltr'><strong>παράνομα)</strong></span> <span class='ocrx_word' id='word_1_40' title='bbox 502 350 666 388; x_wconf 76' lang='grc' dir='ltr'><strong>πρόσταγμα</strong></span> <span class='ocrx_word' id='word_1_41' title='bbox 675 360 682 367; x_wconf 76' lang='grc'><em>’</em></span> <span class='ocrx_word' id='word_1_42' title='bbox 697 352 751 379; x_wconf 86' lang='grc' dir='ltr'><strong>τῶν</strong></span> <span class='ocrx_word' id='word_1_43' title='bbox 764 353 792 379; x_wconf 78' lang='grc' dir='ltr'><strong>δὲ</strong></span> <span class='ocrx_word' id='word_1_44' title='bbox 804 352 875 380; x_wconf 80' lang='grc' dir='ltr'><strong>λαῶν</strong></span> <span class='ocrx_word' id='word_1_45' title='bbox 889 353 989 389; x_wconf 82' lang='grc' dir='ltr'><strong>προθυ-</strong></span> 
     </span>
    </p>
   </div>
   <div class='ocr_carea' id='block_1_10' title="bbox 199 392 988 434">
    <p class='ocr_par' dir='ltr' id='par_1_10' title="bbox 199 392 988 434">
     <span class='ocr_line' id='line_1_10' title="bbox 199 392 988 434; baseline 0.008 -15"><span class='ocrx_word' id='word_1_46' title='bbox 199 393 248 428; x_wconf 86' lang='grc' dir='ltr'><strong>μία</strong></span> <span class='ocrx_word' id='word_1_47' title='bbox 264 394 312 429; x_wconf 82' lang='grc' dir='ltr'><strong>μὲν</strong></span> <span class='ocrx_word' id='word_1_48' title='bbox 325 392 359 431; x_wconf 87' lang='grc' dir='ltr'><strong>ἦν</strong></span> <span class='ocrx_word' id='word_1_49' title='bbox 373 397 412 427; x_wconf 87' lang='grc' dir='ltr'><strong>εῐς</strong></span> <span class='ocrx_word' id='word_1_50' title='bbox 427 395 585 432; x_wconf 82' lang='grc' dir='ltr'><strong>μαρτύριον,</strong></span> <span class='ocrx_word' id='word_1_51' title='bbox 599 397 645 424; x_wconf 76' lang='grc' dir='ltr'><strong>καὶ</strong></span> <span class='ocrx_word' id='word_1_52' title='bbox 658 396 757 433; x_wconf 81' lang='grc' dir='ltr'><strong>μᾶλλον</strong></span> <span class='ocrx_word' id='word_1_53' title='bbox 770 399 846 433; x_wconf 84' lang='grc' dir='ltr'><strong>μῖσος</strong></span> <span class='ocrx_word' id='word_1_54' title='bbox 859 398 928 425; x_wconf 80' lang='grc' dir='ltr'><strong>κατὰ</strong></span> <span class='ocrx_word' id='word_1_55' title='bbox 939 398 988 434; x_wconf 87' lang='grc' dir='ltr'><strong>τῆς</strong></span> 
     </span>
    </p>
   </div>
   <div class='ocr_carea' id='block_1_11' title="bbox 197 441 988 478">
    <p class='ocr_par' dir='ltr' id='par_1_11' title="bbox 197 441 988 478">
     <span class='ocr_line' id='line_1_11' title="bbox 197 441 988 478; baseline 0.004 -11"><span class='ocrx_word' id='word_1_56' title='bbox 197 441 381 477; x_wconf 79' lang='grc' dir='ltr'><strong>άσεϐεστάτης</strong></span> <span class='ocrx_word' id='word_1_57' title='bbox 395 442 536 477; x_wconf 69' lang='grc' dir='ltr'><strong>αἱρέσεως,</strong></span> <span class='ocrx_word' id='word_1_58' title='bbox 561 443 657 475; x_wconf 80' lang='grc' dir='ltr'><strong>πένθος</strong></span> <span class='ocrx_word' id='word_1_59' title='bbox 672 443 700 470; x_wconf 80' lang='grc' dir='ltr'><strong>δὲ</strong></span> <span class='ocrx_word' id='word_1_60' title='bbox 717 443 791 478; x_wconf 79' lang='grc' dir='ltr'><strong>ὅμως</strong></span> <span class='ocrx_word' id='word_1_61' title='bbox 807 443 851 470; x_wconf 81' lang='grc' dir='ltr'><strong>διὰ</strong></span> <span class='ocrx_word' id='word_1_62' title='bbox 864 444 914 476; x_wconf 86' lang='grc' dir='ltr'><strong>τὰς</strong></span> <span class='ocrx_word' id='word_1_63' title='bbox 928 445 988 471; x_wconf 73' lang='grc' dir='ltr'><strong>Ἐκ-</strong></span> 
     </span>
    </p>
   </div>
   <div class='ocr_carea' id='block_1_12' title="bbox 196 486 987 525">
    <p class='ocr_par' dir='ltr' id='par_1_12' title="bbox 196 486 987 525">
     <span class='ocr_line' id='line_1_12' title="bbox 196 486 987 525; baseline 0.001 -11"><span class='ocrx_word' id='word_1_64' title='bbox 196 486 319 522; x_wconf 67' lang='grc' dir='ltr'><strong>πλησίας,</strong></span> <span class='ocrx_word' id='word_1_65' title='bbox 333 487 380 514; x_wconf 78' lang='grc' dir='ltr'><strong>καὶ</strong></span> <span class='ocrx_word' id='word_1_66' title='bbox 396 487 545 523; x_wconf 83' lang='grc' dir='ltr'><strong>στεναγμὸς</strong></span> <span class='ocrx_word' id='word_1_67' title='bbox 559 488 634 524; x_wconf 83' lang='grc' dir='ltr'><strong>παρὰ</strong></span> <span class='ocrx_word' id='word_1_68' title='bbox 648 488 766 521; x_wconf 64' lang='lat' dir='ltr'><strong>ardui-raw,</strong></span> <span class='ocrx_word' id='word_1_69' title='bbox 784 487 906 523; x_wconf 71' lang='grc' dir='ltr'><strong>βοιῖιντων</strong></span> <span class='ocrx_word' id='word_1_70' title='bbox 919 489 987 525; x_wconf 76' lang='grc' dir='ltr'><strong>πρὸς</strong></span> 
     </span>
    </p>
   </div>
   <div class='ocr_carea' id='block_1_13' title="bbox 195 531 985 569">
    <p class='ocr_par' dir='ltr' id='par_1_13' title="bbox 195 531 985 569">
     <span class='ocr_line' id='line_1_13' title="bbox 195 531 985 569; baseline 0.004 -11"><span class='ocrx_word' id='word_1_71' title='bbox 195 532 241 559; x_wconf 71' lang='grc' dir='ltr'><strong>τὸν</strong></span> <span class='ocrx_word' id='word_1_72' title='bbox 256 531 356 568; x_wconf 87' lang='grc' dir='ltr'><strong>Κύριον</strong></span> <span class='ocrx_word' id='word_1_73' title='bbox 368 540 374 547; x_wconf 94' lang='grc'><strong>·</strong></span> <span class='ocrx_word' id='word_1_74' title='bbox 395 532 509 564; x_wconf 78' lang='grc' dir='ltr'><strong>Φεῖσαι,</strong></span> <span class='ocrx_word' id='word_1_75' title='bbox 525 533 624 567; x_wconf 82' lang='grc' dir='ltr'><strong>Κύριε,</strong></span> <span class='ocrx_word' id='word_1_76' title='bbox 639 533 692 559; x_wconf 84' lang='grc' dir='ltr'><strong>τοῦ</strong></span> <span class='ocrx_word' id='word_1_77' title='bbox 704 533 781 560; x_wconf 73' lang='grc' dir='ltr'><strong>λαοῦ</strong></span> <span class='ocrx_word' id='word_1_78' title='bbox 797 542 866 566; x_wconf 87' lang='grc' dir='ltr'><strong>σου,</strong></span> <span class='ocrx_word' id='word_1_79' title='bbox 884 534 933 561; x_wconf 73' lang='grc' dir='ltr'><strong>καὶ</strong></span> <span class='ocrx_word' id='word_1_80' title='bbox 942 534 985 569; x_wconf 81' lang='grc' dir='ltr'><strong>μὴ</strong></span> 
     </span>
    </p>
   </div>
   <div class='ocr_carea' id='block_1_14' title="bbox 196 577 986 615">
    <p class='ocr_par' dir='ltr' id='par_1_14' title="bbox 196 577 986 615">
     <span class='ocr_line' id='line_1_14' title="bbox 196 577 986 615; baseline 0.003 -10"><span class='ocrx_word' id='word_1_81' title='bbox 196 577 255 612; x_wconf 78' lang='grc' dir='ltr'><strong>δῷς</strong></span> <span class='ocrx_word' id='word_1_82' title='bbox 270 578 328 612; x_wconf 83' lang='grc' dir='ltr'><strong>τὴν</strong></span> <span class='ocrx_word' id='word_1_83' title='bbox 339 579 542 614; x_wconf 71' lang='grc' dir='ltr'><strong>κληρονομίαν</strong></span> <span class='ocrx_word' id='word_1_84' title='bbox 551 586 609 606; x_wconf 85' lang='grc' dir='ltr'><strong>σου</strong></span> <span class='ocrx_word' id='word_1_85' title='bbox 618 580 662 612; x_wconf 82' lang='grc' dir='ltr'><strong>είς</strong></span> <span class='ocrx_word' id='word_1_86' title='bbox 672 579 787 613; x_wconf 80' lang='grc' dir='ltr'><strong>ὄνειδος</strong></span> <span class='ocrx_word' id='word_1_87' title='bbox 798 580 859 613; x_wconf 84' lang='grc' dir='ltr'><strong>τοῖς</strong></span> <span class='ocrx_word' id='word_1_88' title='bbox 870 580 986 615; x_wconf 82' lang='grc' dir='ltr'><strong>ἐχθροῖς</strong></span> 
     </span>
    </p>
   </div>
   <div class='ocr_carea' id='block_1_15' title="bbox 194 625 986 663">
    <p class='ocr_par' dir='ltr' id='par_1_15' title="bbox 194 625 986 663">
     <span class='ocr_line' id='line_1_15' title="bbox 194 625 986 663; baseline 0.003 -11"><span class='ocrx_word' id='word_1_89' title='bbox 194 632 254 652; x_wconf 86' lang='grc' dir='ltr'><strong>σου</strong></span> <span class='ocrx_word' id='word_1_90' title='bbox 262 632 270 640; x_wconf 85' lang='grc'>⁶</span> <span class='ocrx_word' id='word_1_91' title='bbox 287 625 354 652; x_wconf 80' lang='grc' dir='ltr'><strong>ἀλλὰ</strong></span> <span class='ocrx_word' id='word_1_92' title='bbox 366 626 412 652; x_wconf 79' lang='grc' dir='ltr'><strong>καὶ</strong></span> <span class='ocrx_word' id='word_1_93' title='bbox 423 625 537 661; x_wconf 85' lang='grc' dir='ltr'><strong>τάχυνον</strong></span> <span class='ocrx_word' id='word_1_94' title='bbox 552 625 599 652; x_wconf 76' lang='grc' dir='ltr'><strong>τοῦ</strong></span> <span class='ocrx_word' id='word_1_95' title='bbox 615 625 753 660; x_wconf 67' lang='grc' dir='ltr'><strong>ἐξελέσθαι</strong></span> <span class='ocrx_word' id='word_1_96' title='bbox 767 627 840 662; x_wconf 78' lang='grc' dir='ltr'><strong>ἡμᾶς</strong></span> <span class='ocrx_word' id='word_1_97' title='bbox 852 627 884 653; x_wconf 82' lang='grc' dir='ltr'><strong>ὲκ</strong></span> <span class='ocrx_word' id='word_1_98' title='bbox 894 627 986 663; x_wconf 80' lang='grc' dir='ltr'><strong>χειρὸς</strong></span> 
     </span>
    </p>
   </div>
   <div class='ocr_carea' id='block_1_16' title="bbox 195 671 986 709">
    <p class='ocr_par' dir='ltr' id='par_1_16' title="bbox 195 671 986 709">
     <span class='ocr_line' id='line_1_16' title="bbox 195 671 986 709; baseline 0.005 -12"><span class='ocrx_word' id='word_1_99' title='bbox 195 671 313 706; x_wconf 83' lang='grc' dir='ltr'><strong>ἀνόμων.</strong></span> <span class='ocrx_word' id='word_1_100' title='bbox 334 671 399 698; x_wconf 82' lang='grc' dir='ltr'><strong>Ἰδοὺ</strong></span> <span class='ocrx_word' id='word_1_101' title='bbox 415 671 469 706; x_wconf 76' lang='grc' dir='ltr'><strong>γὰρ</strong></span> <span class='ocrx_word' id='word_1_102' title='bbox 478 671 533 698; x_wconf 84' lang='grc' dir='ltr'><strong>τῶν</strong></span> <span class='ocrx_word' id='word_1_103' title='bbox 547 672 597 708; x_wconf 88' lang='grc' dir='ltr'><strong>μέν</strong></span> <span class='ocrx_word' id='word_1_104' title='bbox 610 681 657 699; x_wconf 86' lang='grc' dir='ltr'><strong>σου</strong></span> <span class='ocrx_word' id='word_1_105' title='bbox 668 672 840 709; x_wconf 81' lang='grc' dir='ltr'><strong>θεραπόντων</strong></span> <span class='ocrx_word' id='word_1_106' title='bbox 852 674 902 701; x_wconf 77' lang='grc' dir='ltr'><strong>οὐκ</strong></span> <span class='ocrx_word' id='word_1_107' title='bbox 915 674 986 709; x_wconf 65' lang='grc' dir='ltr'><strong>ὲφείυ</strong></span> 
     </span>
    </p>
   </div>
   <div class='ocr_carea' id='block_1_17' title="bbox 195 717 982 755">
    <p class='ocr_par' dir='ltr' id='par_1_17' title="bbox 195 717 982 755">
     <span class='ocr_line' id='line_1_17' title="bbox 195 717 982 755; baseline 0.003 -11"><span class='ocrx_word' id='word_1_108' title='bbox 195 723 286 750; x_wconf 70' lang='grc' dir='ltr'><strong>σαντο,</strong></span> <span class='ocrx_word' id='word_1_109' title='bbox 301 717 339 753; x_wconf 81' lang='grc' dir='ltr'><strong>τῷ</strong></span> <span class='ocrx_word' id='word_1_110' title='bbox 355 717 383 745; x_wconf 72' lang='grc' dir='ltr'><strong>δὲ</strong></span> <span class='ocrx_word' id='word_1_111' title='bbox 397 718 573 754; x_wconf 74' lang='grc' dir='ltr'><strong>’Δντιχρίπῳ</strong></span> <span class='ocrx_word' id='word_1_112' title='bbox 582 719 633 755; x_wconf 83' lang='grc' dir='ltr'><strong>τὴν</strong></span> <span class='ocrx_word' id='word_1_113' title='bbox 644 718 703 746; x_wconf 76' lang='grc' dir='ltr'><strong>ὁδὸν</strong></span> <span class='ocrx_word' id='word_1_114' title='bbox 718 718 982 755; x_wconf 78' lang='grc' dir='ltr'><strong>παρασκευάζουσιν.</strong></span> 
     </span>
    </p>
   </div>
   <div class='ocr_carea' id='block_1_18' title="bbox 194 763 984 800">
    <p class='ocr_par' dir='ltr' id='par_1_18' title="bbox 194 763 984 800">
     <span class='ocr_line' id='line_1_18' title="bbox 194 763 984 800; baseline 0.003 -10"><span class='ocrx_word' id='word_1_115' title='bbox 194 763 232 790; x_wconf 84' lang='grc' dir='ltr'><strong>υΰ</strong></span> <span class='ocrx_word' id='word_1_116' title='bbox 247 763 302 799; x_wconf 80' lang='grc' dir='ltr'><strong>γὰρ</strong></span> <span class='ocrx_word' id='word_1_117' title='bbox 321 764 527 799; x_wconf 77' lang='grc' dir='ltr'><strong>ἀντιστήσονται</strong></span> <span class='ocrx_word' id='word_1_118' title='bbox 551 771 618 791; x_wconf 82' lang='grc' dir='ltr'><strong>ποτε</strong></span> <span class='ocrx_word' id='word_1_119' title='bbox 643 765 799 791; x_wconf 82' lang='grc' dir='ltr'><strong>Μελιτιανοὶ</strong></span> <span class='ocrx_word' id='word_1_120' title='bbox 811 764 909 800; x_wconf 82' lang='grc' dir='ltr'><strong>τούτῳ,</strong></span> <span class='ocrx_word' id='word_1_121' title='bbox 924 765 984 793; x_wconf 77' lang='grc' dir='ltr'><strong>οὐδὲ</strong></span> 
     </span>
    </p>
   </div>
   <div class='ocr_carea' id='block_1_19' title="bbox 194 810 983 850">
    <p class='ocr_par' dir='ltr' id='par_1_19' title="bbox 194 810 983 850">
     <span class='ocr_line' id='line_1_19' title="bbox 194 810 983 850; baseline 0.003 -14"><span class='ocrx_word' id='word_1_122' title='bbox 194 811 365 846; x_wconf 79' lang='grc' dir='ltr'><strong>φροντίσουσι</strong></span> <span class='ocrx_word' id='word_1_123' title='bbox 391 811 457 846; x_wconf 78' lang='grc' dir='ltr'><strong>περὶ</strong></span> <span class='ocrx_word' id='word_1_124' title='bbox 487 810 625 846; x_wconf 80' lang='grc' dir='ltr'><strong>ἀληθείας,</strong></span> <span class='ocrx_word' id='word_1_125' title='bbox 649 810 710 837; x_wconf 79' lang='grc' dir='ltr'><strong>οὐδὲ</strong></span> <span class='ocrx_word' id='word_1_126' title='bbox 736 811 906 850; x_wconf 72' lang='grc' dir='ltr'><strong>ἀρνήσασθαι</strong></span> <span class='ocrx_word' id='word_1_127' title='bbox 938 812 983 838; x_wconf 83' lang='grc' dir='ltr'><strong>τὸν</strong></span> 
     </span>
    </p>
   </div>
   <div class='ocr_carea' id='block_1_20' title="bbox 1042 214 1829 250">
    <p class='ocr_par' dir='ltr' id='par_1_20' title="bbox 1042 214 1829 250">
     <span class='ocr_line' id='line_1_20' title="bbox 1042 214 1829 250; baseline -0.004 -6"><span class='ocrx_word' id='word_1_128' title='bbox 1042 224 1092 244; x_wconf 77' lang='lat' dir='ltr'><strong>sua</strong></span> <span class='ocrx_word' id='word_1_129' title='bbox 1118 216 1241 244; x_wconf 73' lang='lat' dir='ltr'><strong>doctrina</strong></span> <span class='ocrx_word' id='word_1_130' title='bbox 1262 216 1418 248; x_wconf 81' lang='lat' dir='ltr'><strong>institutos,</strong></span> <span class='ocrx_word' id='word_1_131' title='bbox 1444 222 1528 250; x_wconf 77' lang='lat' dir='ltr'><strong>seque</strong></span> <span class='ocrx_word' id='word_1_132' title='bbox 1553 215 1580 242; x_wconf 92' lang='lat' dir='ltr'><strong>itt</strong></span> <span class='ocrx_word' id='word_1_133' title='bbox 1610 215 1663 243; x_wconf 87' lang='lat' dir='ltr'><strong>illis</strong></span> <span class='ocrx_word' id='word_1_134' title='bbox 1684 214 1742 249; x_wconf 80' lang='lat' dir='ltr'><strong>jam</strong></span> <span class='ocrx_word' id='word_1_135' title='bbox 1762 214 1829 242; x_wconf 89' lang='lat' dir='ltr'><strong>deli-</strong></span> 
     </span>
    </p>
   </div>
   <div class='ocr_carea' id='block_1_21' title="bbox 1042 266 1304 297">
    <p class='ocr_par' dir='ltr' id='par_1_21' title="bbox 1042 266 1304 297">
     <span class='ocr_line' id='line_1_21' title="bbox 1042 266 1304 297; baseline -0.004 -7"><span class='ocrx_word' id='word_1_136' title='bbox 1042 266 1150 290; x_wconf 74' lang='lat' dir='ltr'><strong>nestum</strong></span> <span class='ocrx_word' id='word_1_137' title='bbox 1166 266 1304 297; x_wconf 74' lang='lat' dir='ltr'><strong>agnoscat.</strong></span> 
     </span>
    </p>
   </div>
   <div class='ocr_carea' id='block_1_22' title="bbox 1076 306 1828 342">
    <p class='ocr_par' dir='ltr' id='par_1_22' title="bbox 1076 306 1828 342">
     <span class='ocr_line' id='line_1_22' title="bbox 1076 306 1828 342; baseline -0.003 -8"><span class='ocrx_word' id='word_1_138' title='bbox 1076 307 1120 335; x_wconf 87' lang='lat'><strong>79.</strong></span> <span class='ocrx_word' id='word_1_139' title='bbox 1138 306 1275 337; x_wconf 87' lang='lat' dir='ltr'><strong>Eiusmodi</strong></span> <span class='ocrx_word' id='word_1_140' title='bbox 1288 311 1330 335; x_wconf 88' lang='lat' dir='ltr'><strong>est</strong></span> <span class='ocrx_word' id='word_1_141' title='bbox 1345 307 1457 342; x_wconf 86' lang='lat' dir='ltr'><strong>imptum</strong></span> <span class='ocrx_word' id='word_1_142' title='bbox 1476 313 1528 334; x_wconf 88' lang='lat' dir='ltr'><strong>noc</strong></span> <span class='ocrx_word' id='word_1_143' title='bbox 1541 311 1658 334; x_wconf 85' lang='lat' dir='ltr'><strong>eutctum</strong></span> <span class='ocrx_word' id='word_1_144' title='bbox 1671 312 1687 333; x_wconf 94' lang='lat' dir='ltr'><strong>a</strong></span> <span class='ocrx_word' id='word_1_145' title='bbox 1698 310 1828 333; x_wconf 66' lang='lat' dir='ltr'><strong>constan-</strong></span> 
     </span>
    </p>
   </div>
   <div class='ocr_carea' id='block_1_23' title="bbox 1042 350 1828 388">
    <p class='ocr_par' dir='ltr' id='par_1_23' title="bbox 1042 350 1828 388">
     <span class='ocr_line' id='line_1_23' title="bbox 1042 350 1828 388; baseline -0.005 -8"><span class='ocrx_word' id='word_1_146' title='bbox 1042 353 1080 380; x_wconf 92' lang='lat' dir='ltr'><strong>tio</strong></span> <span class='ocrx_word' id='word_1_147' title='bbox 1105 352 1220 380; x_wconf 87' lang='lat' dir='ltr'><strong>datum:</strong></span> <span class='ocrx_word' id='word_1_148' title='bbox 1237 353 1285 380; x_wconf 86' lang='lat' dir='ltr'><strong>sed</strong></span> <span class='ocrx_word' id='word_1_149' title='bbox 1312 353 1471 388; x_wconf 88' lang='lat' dir='ltr'><strong>populorum</strong></span> <span class='ocrx_word' id='word_1_150' title='bbox 1495 359 1592 387; x_wconf 73' lang='lat' dir='ltr'><strong>magna</strong></span> <span class='ocrx_word' id='word_1_151' title='bbox 1616 355 1675 379; x_wconf 84' lang='lat' dir='ltr'><strong>erat</strong></span> <span class='ocrx_word' id='word_1_152' title='bbox 1701 350 1828 378; x_wconf 77' lang='lat' dir='ltr'><strong>alacritas</strong></span> 
     </span>
    </p>
   </div>
   <div class='ocr_carea' id='block_1_24' title="bbox 1041 395 1828 433">
    <p class='ocr_par' dir='ltr' id='par_1_24' title="bbox 1041 395 1828 433">
     <span class='ocr_line' id='line_1_24' title="bbox 1041 395 1828 433; baseline -0.003 -8"><span class='ocrx_word' id='word_1_153' title='bbox 1041 398 1164 433; x_wconf 88' lang='lat' dir='ltr'><strong>martyrii</strong></span> <span class='ocrx_word' id='word_1_154' title='bbox 1182 395 1335 432; x_wconf 68' lang='lat' dir='ltr'><strong>subeundi&#39;,</strong></span> <span class='ocrx_word' id='word_1_155' title='bbox 1348 399 1511 433; x_wconf 72' lang='lat' dir='ltr'><strong>graviusque</strong></span> <span class='ocrx_word' id='word_1_156' title='bbox 1528 398 1554 425; x_wconf 90' lang='lat' dir='ltr'><strong>in</strong></span> <span class='ocrx_word' id='word_1_157' title='bbox 1572 396 1757 432; x_wconf 73' lang='lat' dir='ltr'><strong>impiissimum</strong></span> <span class='ocrx_word' id='word_1_158' title='bbox 1774 395 1828 423; x_wconf 64' lang='lat' dir='ltr'><strong>ha-</strong></span> 
     </span>
    </p>
   </div>
   <div class='ocr_carea' id='block_1_25' title="bbox 1041 442 1828 478">
    <p class='ocr_par' dir='ltr' id='par_1_25' title="bbox 1041 442 1828 478">
     <span class='ocr_line' id='line_1_25' title="bbox 1041 442 1828 478; baseline -0.001 -8"><span class='ocrx_word' id='word_1_159' title='bbox 1041 444 1123 471; x_wconf 82' lang='lat' dir='ltr'><strong>resim</strong></span> <span class='ocrx_word' id='word_1_160' title='bbox 1146 443 1237 471; x_wconf 89' lang='lat' dir='ltr'><strong>odittm</strong></span> <span class='ocrx_word' id='word_1_161' title='bbox 1263 444 1457 472; x_wconf 77' lang='lat' dir='ltr'><strong>incendebatur</strong></span> <span class='ocrx_word' id='word_1_162' title='bbox 1477 453 1483 471; x_wconf 92' lang='lat'><strong>:</strong></span> <span class='ocrx_word' id='word_1_163' title='bbox 1501 443 1590 471; x_wconf 86' lang='lat' dir='ltr'><strong>luctus</strong></span> <span class='ocrx_word' id='word_1_164' title='bbox 1615 449 1705 470; x_wconf 86' lang='lat' dir='ltr'><strong>tamen</strong></span> <span class='ocrx_word' id='word_1_165' title='bbox 1727 442 1828 478; x_wconf 83' lang='lat' dir='ltr'><strong>ubique</strong></span> 
     </span>
    </p>
   </div>
   <div class='ocr_carea' id='block_1_26' title="bbox 1041 487 1826 524">
    <p class='ocr_par' dir='ltr' id='par_1_26' title="bbox 1041 487 1826 524">
     <span class='ocr_line' id='line_1_26' title="bbox 1041 487 1826 524; baseline 0 -9"><span class='ocrx_word' id='word_1_166' title='bbox 1041 488 1067 515; x_wconf 94' lang='lat' dir='ltr'><strong>in</strong></span> <span class='ocrx_word' id='word_1_167' title='bbox 1083 487 1228 521; x_wconf 85' lang='lat' dir='ltr'><strong>Ecclesiis.</strong></span> <span class='ocrx_word' id='word_1_168' title='bbox 1250 489 1421 524; x_wconf 73' lang='lat' dir='ltr'><strong>gementibus</strong></span> <span class='ocrx_word' id='word_1_169' title='bbox 1441 489 1566 516; x_wconf 90' lang='lat' dir='ltr'><strong>omnibus</strong></span> <span class='ocrx_word' id='word_1_170' title='bbox 1580 489 1615 516; x_wconf 85' lang='lat' dir='ltr'><strong>ad</strong></span> <span class='ocrx_word' id='word_1_171' title='bbox 1631 488 1826 522; x_wconf 80' lang='lat' dir='ltr'><strong>Dominamque</strong></span> 
     </span>
    </p>
   </div>
   <div class='ocr_carea' id='block_1_27' title="bbox 1040 533 1826 570">
    <p class='ocr_par' dir='ltr' id='par_1_27' title="bbox 1040 533 1826 570">
     <span class='ocr_line' id='line_1_27' title="bbox 1040 533 1826 570; baseline 0 -10"><span class='ocrx_word' id='word_1_172' title='bbox 1040 533 1220 561; x_wconf 78' lang='lat' dir='ltr'><strong>clamantibus</strong></span> <span class='ocrx_word' id='word_1_173' title='bbox 1238 543 1245 561; x_wconf 83' lang='lat'><strong>:</strong></span> <span class='ocrx_word' id='word_1_174' title='bbox 1263 533 1367 567; x_wconf 82' lang='lat' dir='ltr'><strong>Parce,</strong></span> <span class='ocrx_word' id='word_1_175' title='bbox 1396 535 1518 565; x_wconf 83' lang='lat' dir='ltr'><strong>Domine.</strong></span> <span class='ocrx_word' id='word_1_176' title='bbox 1540 534 1636 570; x_wconf 78' lang='lat' dir='ltr'><strong>populo</strong></span> <span class='ocrx_word' id='word_1_177' title='bbox 1659 539 1723 565; x_wconf 81' lang='lat' dir='ltr'><strong>tuo.</strong></span> <span class='ocrx_word' id='word_1_178' title='bbox 1747 538 1771 560; x_wconf 82' lang='grc' dir='ltr'><strong>ιι</strong></span> <span class='ocrx_word' id='word_1_179' title='bbox 1794 542 1826 561; x_wconf 74' lang='grc' dir='ltr'><strong>ιιι</strong></span> 
     </span>
    </p>
   </div>
   <div class='ocr_carea' id='block_1_28' title="bbox 1038 578 1824 615">
    <p class='ocr_par' dir='ltr' id='par_1_28' title="bbox 1038 578 1824 615">
     <span class='ocr_line' id='line_1_28' title="bbox 1038 578 1824 615; baseline 0 -9"><span class='ocrx_word' id='word_1_180' title='bbox 1038 581 1084 606; x_wconf 81' lang='lat' dir='ltr'><strong>du</strong></span> <span class='ocrx_word' id='word_1_181' title='bbox 1097 580 1276 607; x_wconf 61' lang='lat' dir='ltr'><strong>Itaeredt&#39;tat’em</strong></span> <span class='ocrx_word' id='word_1_182' title='bbox 1289 585 1359 607; x_wconf 85' lang='lat' dir='ltr'><strong>tuam</strong></span> <span class='ocrx_word' id='word_1_183' title='bbox 1374 581 1402 608; x_wconf 81' lang='lat' dir='ltr'><strong>in</strong></span> <span class='ocrx_word' id='word_1_184' title='bbox 1415 581 1582 615; x_wconf 82' lang='lat' dir='ltr'><strong>opprobrium</strong></span> <span class='ocrx_word' id='word_1_185' title='bbox 1595 579 1708 607; x_wconf 77' lang='lat' dir='ltr'><strong>inimicis</strong></span> <span class='ocrx_word' id='word_1_186' title='bbox 1722 579 1772 605; x_wconf 75' lang='lat' dir='ltr'><strong>tati:</strong></span> <span class='ocrx_word' id='word_1_187' title='bbox 1784 578 1824 606; x_wconf 84' lang='lat'><strong>“:</strong></span> 
     </span>
    </p>
   </div>
   <div class='ocr_carea' id='block_1_29' title="bbox 1037 624 1824 660">
    <p class='ocr_par' dir='ltr' id='par_1_29' title="bbox 1037 624 1824 660">
     <span class='ocr_line' id='line_1_29' title="bbox 1037 624 1824 660; baseline 0 -9"><span class='ocrx_word' id='word_1_188' title='bbox 1037 625 1086 651; x_wconf 85' lang='lat' dir='ltr'><strong>sed</strong></span> <span class='ocrx_word' id='word_1_189' title='bbox 1110 624 1218 658; x_wconf 79' lang='lat' dir='ltr'><strong>festina,</strong></span> <span class='ocrx_word' id='word_1_190' title='bbox 1245 629 1274 652; x_wconf 88' lang='lat' dir='ltr'><strong>ttt</strong></span> <span class='ocrx_word' id='word_1_191' title='bbox 1297 625 1398 660; x_wconf 84' lang='lat' dir='ltr'><strong>eripias</strong></span> <span class='ocrx_word' id='word_1_192' title='bbox 1425 633 1476 653; x_wconf 89' lang='lat' dir='ltr'><strong>nos</strong></span> <span class='ocrx_word' id='word_1_193' title='bbox 1501 626 1535 653; x_wconf 87' lang='lat' dir='ltr'><strong>de</strong></span> <span class='ocrx_word' id='word_1_194' title='bbox 1554 633 1634 653; x_wconf 84' lang='lat' dir='ltr'><strong>manu</strong></span> <span class='ocrx_word' id='word_1_195' title='bbox 1659 625 1824 660; x_wconf 88' lang='lat' dir='ltr'><strong>iniquorum.</strong></span> 
     </span>
    </p>
   </div>
   <div class='ocr_carea' id='block_1_30' title="bbox 1037 668 1825 705">
    <p class='ocr_par' dir='ltr' id='par_1_30' title="bbox 1037 668 1825 705">
     <span class='ocr_line' id='line_1_30' title="bbox 1037 668 1825 705; baseline 0.001 -9"><span class='ocrx_word' id='word_1_196' title='bbox 1037 668 1106 697; x_wconf 80' lang='lat' dir='ltr'><strong>Nam</strong></span> <span class='ocrx_word' id='word_1_197' title='bbox 1125 668 1233 697; x_wconf 76' lang='lat' dir='ltr'><strong>famulis</strong></span> <span class='ocrx_word' id='word_1_198' title='bbox 1256 677 1320 698; x_wconf 82' lang='lat' dir='ltr'><strong>ecce</strong></span> <span class='ocrx_word' id='word_1_199' title='bbox 1339 671 1392 698; x_wconf 88' lang='lat' dir='ltr'><strong>tuis</strong></span> <span class='ocrx_word' id='word_1_200' title='bbox 1414 677 1467 698; x_wconf 87' lang='lat' dir='ltr'><strong>non</strong></span> <span class='ocrx_word' id='word_1_201' title='bbox 1488 674 1677 705; x_wconf 82' lang='lat' dir='ltr'><strong>pepercerunt,</strong></span> <span class='ocrx_word' id='word_1_202' title='bbox 1699 670 1825 704; x_wconf 82' lang='lat' dir='ltr'><strong>viamque</strong></span> 
     </span>
    </p>
   </div>
   <div class='ocr_carea' id='block_1_31' title="bbox 1039 715 1824 750">
    <p class='ocr_par' dir='ltr' id='par_1_31' title="bbox 1039 715 1824 750">
     <span class='ocr_line' id='line_1_31' title="bbox 1039 715 1824 750; baseline 0.001 -9"><span class='ocrx_word' id='word_1_203' title='bbox 1039 715 1166 742; x_wconf 86' lang='lat' dir='ltr'><strong>muniunt</strong></span> <span class='ocrx_word' id='word_1_204' title='bbox 1178 715 1355 743; x_wconf 85' lang='lat' dir='ltr'><strong>Antichristo.</strong></span> <span class='ocrx_word' id='word_1_205' title='bbox 1373 715 1440 743; x_wconf 88' lang='lat' dir='ltr'><strong>Huic</strong></span> <span class='ocrx_word' id='word_1_206' title='bbox 1453 715 1526 744; x_wconf 89' lang='lat' dir='ltr'><strong>enim</strong></span> <span class='ocrx_word' id='word_1_207' title='bbox 1541 722 1677 750; x_wconf 89' lang='lat' dir='ltr'><strong>nunquam</strong></span> <span class='ocrx_word' id='word_1_208' title='bbox 1691 715 1824 744; x_wconf 89' lang='lat' dir='ltr'><strong>obsistent</strong></span> 
     </span>
    </p>
   </div>
   <div class='ocr_carea' id='block_1_32' title="bbox 1039 759 1824 796">
    <p class='ocr_par' dir='ltr' id='par_1_32' title="bbox 1039 759 1824 796">
     <span class='ocr_line' id='line_1_32' title="bbox 1039 759 1824 796; baseline 0.001 -8"><span class='ocrx_word' id='word_1_209' title='bbox 1039 759 1188 794; x_wconf 75' lang='lat' dir='ltr'><strong>Meletiani,</strong></span> <span class='ocrx_word' id='word_1_210' title='bbox 1206 761 1278 788; x_wconf 90' lang='lat' dir='ltr'><strong>nulla</strong></span> <span class='ocrx_word' id='word_1_211' title='bbox 1295 761 1348 789; x_wconf 87' lang='lat' dir='ltr'><strong>erit</strong></span> <span class='ocrx_word' id='word_1_212' title='bbox 1362 761 1402 789; x_wconf 83' lang='lat' dir='ltr'><strong>eis</strong></span> <span class='ocrx_word' id='word_1_213' title='bbox 1414 761 1538 789; x_wconf 83' lang='lat' dir='ltr'><strong>veritatis</strong></span> <span class='ocrx_word' id='word_1_214' title='bbox 1554 768 1633 793; x_wconf 82' lang='lat' dir='ltr'><strong>cura.</strong></span> <span class='ocrx_word' id='word_1_215' title='bbox 1650 768 1737 796; x_wconf 86' lang='lat' dir='ltr'><strong>neque</strong></span> <span class='ocrx_word' id='word_1_216' title='bbox 1748 761 1824 789; x_wconf 80' lang='lat' dir='ltr'><strong>nefa-</strong></span> 
     </span>
    </p>
   </div>
   <div class='ocr_carea' id='block_1_33' title="bbox 1037 807 1824 842">
    <p class='ocr_par' dir='ltr' id='par_1_33' title="bbox 1037 807 1824 842">
     <span class='ocr_line' id='line_1_33' title="bbox 1037 807 1824 842; baseline 0.001 -8"><span class='ocrx_word' id='word_1_217' title='bbox 1037 807 1105 841; x_wconf 67' lang='lat' dir='ltr'><strong>riam</strong></span> <span class='ocrx_word' id='word_1_218' title='bbox 1130 814 1189 834; x_wconf 87' lang='lat' dir='ltr'><strong>rem</strong></span> <span class='ocrx_word' id='word_1_219' title='bbox 1209 807 1343 842; x_wconf 87' lang='lat' dir='ltr'><strong>putabunt</strong></span> <span class='ocrx_word' id='word_1_220' title='bbox 1355 807 1493 835; x_wconf 77' lang='lat' dir='ltr'><strong>Christum</strong></span> <span class='ocrx_word' id='word_1_221' title='bbox 1516 807 1652 842; x_wconf 76' lang='lat' dir='ltr'><strong>abnegare</strong></span> <span class='ocrx_word' id='word_1_222' title='bbox 1669 819 1676 836; x_wconf 84' lang='grc'>;</span> <span class='ocrx_word' id='word_1_223' title='bbox 1701 808 1824 836; x_wconf 78' lang='lat' dir='ltr'><strong>homines</strong></span> 
     </span>
    </p>
   </div>
   <div class='ocr_carea' id='block_1_34' title="bbox 192 852 978 893">
    <p class='ocr_par' dir='ltr' id='par_1_34' title="bbox 192 852 978 893">
     <span class='ocr_line' id='line_1_34' title="bbox 192 852 978 893; baseline 0.001 -10"><span class='ocrx_word' id='word_1_224' title='bbox 192 852 311 892; x_wconf 74' lang='grc' dir='ltr'><strong>Χριστὸν</strong></span> <span class='ocrx_word' id='word_1_225' title='bbox 335 856 435 892; x_wconf 78' lang='grc' dir='ltr'><strong>φαῦλον</strong></span> <span class='ocrx_word' id='word_1_226' title='bbox 456 857 618 892; x_wconf 76' lang='grc' dir='ltr'><strong>ἡγήσονται·</strong></span> <span class='ocrx_word' id='word_1_227' title='bbox 634 856 772 892; x_wconf 79' lang='grc' dir='ltr'><strong>ἄνθρωποι</strong></span> <span class='ocrx_word' id='word_1_228' title='bbox 787 857 908 893; x_wconf 81' lang='grc' dir='ltr'><strong>μηδὸλως</strong></span> <span class='ocrx_word' id='word_1_229' title='bbox 922 865 978 893; x_wconf 86' lang='grc' dir='ltr'><strong>γνη-</strong></span> 
     </span>
    </p>
   </div>
   <div class='ocr_carea' id='block_1_35' title="bbox 1031 852 1825 893">
    <p class='ocr_par' dir='ltr' id='par_1_35' title="bbox 1036 853 1825 888">
     <span class='ocr_line' id='line_1_35' title="bbox 1036 853 1825 888; baseline 0.003 -8"><span class='ocrx_word' id='word_1_230' title='bbox 1036 860 1103 880; x_wconf 83' lang='lat' dir='ltr'><strong>sane</strong></span> <span class='ocrx_word' id='word_1_231' title='bbox 1119 853 1165 888; x_wconf 88' lang='lat' dir='ltr'><strong>qui</strong></span> <span class='ocrx_word' id='word_1_232' title='bbox 1186 861 1239 881; x_wconf 89' lang='lat' dir='ltr'><strong>non</strong></span> <span class='ocrx_word' id='word_1_233' title='bbox 1265 853 1373 882; x_wconf 87' lang='lat' dir='ltr'><strong>sincero</strong></span> <span class='ocrx_word' id='word_1_234' title='bbox 1395 853 1488 881; x_wconf 91' lang='lat' dir='ltr'><strong>animo</strong></span> <span class='ocrx_word' id='word_1_235' title='bbox 1510 854 1543 881; x_wconf 91' lang='lat' dir='ltr'><strong>ad</strong></span> <span class='ocrx_word' id='word_1_236' title='bbox 1566 854 1679 881; x_wconf 86' lang='lat' dir='ltr'><strong>verbum</strong></span> <span class='ocrx_word' id='word_1_237' title='bbox 1702 861 1825 882; x_wconf 78' lang='lat' dir='ltr'><strong>accesse—</strong></span> 
     </span>
    </p>
   </div>
   <div class='ocr_carea' id='block_1_36' title="bbox 193 900 983 937">
    <p class='ocr_par' dir='ltr' id='par_1_36' title="bbox 193 900 983 937">
     <span class='ocr_line' id='line_1_36' title="bbox 193 900 983 937; baseline 0.001 -9"><span class='ocrx_word' id='word_1_238' title='bbox 193 900 258 933; x_wconf 84' lang='grc' dir='ltr'><strong>σίως</strong></span> <span class='ocrx_word' id='word_1_239' title='bbox 269 901 463 937; x_wconf 84' lang='grc' dir='ltr'><strong>προσελθόντες</strong></span> <span class='ocrx_word' id='word_1_240' title='bbox 477 901 516 936; x_wconf 86' lang='grc' dir='ltr'><strong>τῷ</strong></span> <span class='ocrx_word' id='word_1_241' title='bbox 540 902 630 937; x_wconf 82' lang='grc' dir='ltr'><strong>Λόγῳ,</strong></span> <span class='ocrx_word' id='word_1_242' title='bbox 653 902 721 937; x_wconf 80' lang='grc' dir='ltr'><strong>πρὸς</strong></span> <span class='ocrx_word' id='word_1_243' title='bbox 742 902 831 929; x_wconf 83' lang='grc' dir='ltr'><strong>πάντα</strong></span> <span class='ocrx_word' id='word_1_244' title='bbox 851 902 922 929; x_wconf 84' lang='grc' dir='ltr'><strong>κατά</strong></span> <span class='ocrx_word' id='word_1_245' title='bbox 937 902 983 929; x_wconf 84' lang='grc' dir='ltr'><strong>τὸν</strong></span> 
     </span>
    </p>
   </div>
   <div class='ocr_carea' id='block_1_37' title="bbox 191 946 983 984">
    <p class='ocr_par' dir='ltr' id='par_1_37' title="bbox 191 946 983 984">
     <span class='ocr_line' id='line_1_37' title="bbox 191 946 983 984; baseline 0.001 -11"><span class='ocrx_word' id='word_1_246' title='bbox 191 946 373 982; x_wconf 82' lang='grc' dir='ltr'><strong>χαμαιλέοντα</strong></span> <span class='ocrx_word' id='word_1_247' title='bbox 385 947 621 983; x_wconf 67' lang='grc' dir='ltr'><strong>σχηματιζόμενος.</strong></span> <span class='ocrx_word' id='word_1_248' title='bbox 633 948 678 975; x_wconf 83' lang='grc' dir='ltr'><strong>καὶ</strong></span> <span class='ocrx_word' id='word_1_249' title='bbox 687 947 816 984; x_wconf 80' lang='grc' dir='ltr'><strong>μισθωτοὶ</strong></span> <span class='ocrx_word' id='word_1_250' title='bbox 825 947 879 975; x_wconf 85' lang='grc' dir='ltr'><strong>τῶν</strong></span> <span class='ocrx_word' id='word_1_251' title='bbox 889 948 983 975; x_wconf 81' lang='grc' dir='ltr'>ἀνυόν-</span> 
     </span>
    </p>
   </div>
   <div class='ocr_carea' id='block_1_38' title="bbox 190 992 982 1030">
    <p class='ocr_par' dir='ltr' id='par_1_38' title="bbox 190 992 982 1030">
     <span class='ocr_line' id='line_1_38' title="bbox 190 992 982 1030; baseline 0.001 -11"><span class='ocrx_word' id='word_1_252' title='bbox 190 999 245 1020; x_wconf 84' lang='grc' dir='ltr'><strong>των</strong></span> <span class='ocrx_word' id='word_1_253' title='bbox 259 992 349 1020; x_wconf 78' lang='grc' dir='ltr'><strong>αὐτῶν</strong></span> <span class='ocrx_word' id='word_1_254' title='bbox 363 993 411 1029; x_wconf 85' lang='grc' dir='ltr'><strong>τὴν</strong></span> <span class='ocrx_word' id='word_1_255' title='bbox 429 993 523 1029; x_wconf 79' lang='grc' dir='ltr'><strong>χρείαν</strong></span> <span class='ocrx_word' id='word_1_256' title='bbox 537 993 703 1029; x_wconf 85' lang='grc' dir='ltr'><strong>γιγνόμενοι.</strong></span> <span class='ocrx_word' id='word_1_257' title='bbox 721 994 759 1020; x_wconf 86' lang='grc' dir='ltr'><strong>οὐ</strong></span> <span class='ocrx_word' id='word_1_258' title='bbox 773 993 828 1030; x_wconf 85' lang='grc' dir='ltr'><strong>γὰρ</strong></span> <span class='ocrx_word' id='word_1_259' title='bbox 845 993 914 1029; x_wconf 81' lang='grc' dir='ltr'><strong>πρὸς</strong></span> <span class='ocrx_word' id='word_1_260' title='bbox 933 994 982 1029; x_wconf 83' lang='grc' dir='ltr'><strong>τὴν</strong></span> 
     </span>
    </p>
   </div>
   <div class='ocr_carea' id='block_1_39' title="bbox 189 1038 982 1076">
    <p class='ocr_par' dir='ltr' id='par_1_39' title="bbox 189 1038 982 1076">
     <span class='ocr_line' id='line_1_39' title="bbox 189 1038 982 1076; baseline 0 -10"><span class='ocrx_word' id='word_1_261' title='bbox 189 1038 318 1076; x_wconf 72' lang='grc' dir='ltr'><strong>ἀλήθειαν</strong></span> <span class='ocrx_word' id='word_1_262' title='bbox 333 1039 424 1075; x_wconf 75' lang='grc' dir='ltr'><strong>ἔχουσι</strong></span> <span class='ocrx_word' id='word_1_263' title='bbox 447 1039 493 1066; x_wconf 73' lang='grc' dir='ltr'><strong>τὸν</strong></span> <span class='ocrx_word' id='word_1_264' title='bbox 514 1040 623 1072; x_wconf 75' lang='grc' dir='ltr'><strong>σκοπὸν,</strong></span> <span class='ocrx_word' id='word_1_265' title='bbox 637 1039 706 1067; x_wconf 84' lang='grc' dir='ltr'><strong>ἀλλὰ</strong></span> <span class='ocrx_word' id='word_1_266' title='bbox 720 1039 824 1076; x_wconf 80' lang='grc' dir='ltr'><strong>ταύτης</strong></span> <span class='ocrx_word' id='word_1_267' title='bbox 836 1039 887 1076; x_wconf 85' lang='grc' dir='ltr'><strong>τὴν</strong></span> <span class='ocrx_word' id='word_1_268' title='bbox 911 1047 982 1074; x_wconf 85' lang='grc' dir='ltr'><strong>παρ-</strong></span> 
     </span>
    </p>
   </div>
   <div class='ocr_carea' id='block_1_40' title="bbox 190 1085 980 1122">
    <p class='ocr_par' dir='ltr' id='par_1_40' title="bbox 190 1085 980 1122">
     <span class='ocr_line' id='line_1_40' title="bbox 190 1085 980 1122; baseline -0.001 -10"><span class='ocrx_word' id='word_1_269' title='bbox 190 1085 290 1112; x_wconf 79' lang='grc' dir='ltr'><strong>αυτίκα</strong></span> <span class='ocrx_word' id='word_1_270' title='bbox 319 1085 511 1121; x_wconf 82' lang='grc' dir='ltr'>προκρίνουσιν</span> <span class='ocrx_word' id='word_1_271' title='bbox 534 1085 649 1122; x_wconf 79' lang='grc' dir='ltr'><strong>ἡδονήν·</strong></span> <span class='ocrx_word' id='word_1_272' title='bbox 673 1085 719 1112; x_wconf 83' lang='grc' dir='ltr'><strong>καὶ</strong></span> <span class='ocrx_word' id='word_1_273' title='bbox 751 1085 831 1121; x_wconf 88' lang='grc' dir='ltr'>μόνον</span> <span class='ocrx_word' id='word_1_274' title='bbox 854 1085 980 1119; x_wconf 71' lang='grc' dir='ltr'><strong>λέγουσι’</strong></span> 
     </span>
    </p>
   </div>
   <div class='ocr_carea' id='block_1_41' title="bbox 190 1129 979 1167">
    <p class='ocr_par' dir='ltr' id='par_1_41' title="bbox 190 1129 979 1167">
     <span class='ocr_line' id='line_1_41' title="bbox 190 1129 979 1167; baseline 0.001 -11"><span class='ocrx_word' id='word_1_275' title='bbox 190 1129 332 1164; x_wconf 69' lang='grc' dir='ltr'><strong>Φάγωμεν</strong></span> <span class='ocrx_word' id='word_1_276' title='bbox 347 1131 396 1158; x_wconf 76' lang='grc' dir='ltr'><strong>καὶ</strong></span> <span class='ocrx_word' id='word_1_277' title='bbox 410 1131 536 1166; x_wconf 79' lang='grc' dir='ltr'><strong>πίωμεν·</strong></span> <span class='ocrx_word' id='word_1_278' title='bbox 553 1131 658 1166; x_wconf 78' lang='grc' dir='ltr'><strong>αὔριον</strong></span> <span class='ocrx_word' id='word_1_279' title='bbox 669 1131 723 1167; x_wconf 75' lang='grc' dir='ltr'><strong>γὰρ</strong></span> <span class='ocrx_word' id='word_1_280' title='bbox 737 1130 979 1165; x_wconf 78' lang='grc' dir='ltr'><strong>ἀποθνήσκομεν.</strong></span> 
     </span>
    </p>
   </div>
   <div class='ocr_carea' id='block_1_42' title="bbox 190 1174 981 1214">
    <p class='ocr_par' dir='ltr' id='par_1_42' title="bbox 190 1174 981 1214">
     <span class='ocr_line' id='line_1_42' title="bbox 190 1174 981 1214; baseline 0.003 -13"><span class='ocrx_word' id='word_1_281' title='bbox 190 1174 250 1202; x_wconf 85' lang='grc' dir='ltr'>Τῶν</span> <span class='ocrx_word' id='word_1_282' title='bbox 263 1175 312 1211; x_wconf 81' lang='grc' dir='ltr'><strong>μὲν</strong></span> <span class='ocrx_word' id='word_1_283' title='bbox 320 1174 367 1204; x_wconf 80' lang='grc' dir='ltr'><strong>οὖν</strong></span> <span class='ocrx_word' id='word_1_284' title='bbox 377 1177 804 1214; x_wconf 77' lang='grc' dir='ltr'><strong>ὑποκριτῶν(91)Ἑπικριτιανῶν</strong></span> <span class='ocrx_word' id='word_1_285' title='bbox 821 1178 881 1204; x_wconf 83' lang='grc' dir='ltr'><strong>ἀντὶ</strong></span> <span class='ocrx_word' id='word_1_286' title='bbox 897 1177 981 1204; x_wconf 84' lang='grc' dir='ltr'><strong>Μελι-</strong></span> 
     </span>
    </p>
   </div>
   <div class='ocr_carea' id='block_1_43' title="bbox 189 1221 978 1260">
    <p class='ocr_par' dir='ltr' id='par_1_43' title="bbox 189 1221 978 1260">
     <span class='ocr_line' id='line_1_43' title="bbox 189 1221 978 1260; baseline 0.003 -12"><span class='ocrx_word' id='word_1_287' title='bbox 189 1221 290 1248; x_wconf 82' lang='grc' dir='ltr'><strong>τιανῶν</strong></span> <span class='ocrx_word' id='word_1_288' title='bbox 311 1223 328 1258; x_wconf 78' lang='grc' dir='ltr'><strong>ἡ</strong></span> <span class='ocrx_word' id='word_1_289' title='bbox 356 1223 484 1258; x_wconf 86' lang='grc' dir='ltr'><strong>πρόθεσις</strong></span> <span class='ocrx_word' id='word_1_290' title='bbox 498 1223 620 1258; x_wconf 81' lang='grc' dir='ltr'><strong>τοιαύτη,</strong></span> <span class='ocrx_word' id='word_1_291' title='bbox 638 1223 685 1250; x_wconf 71' lang='grc' dir='ltr'><strong>καὶ</strong></span> <span class='ocrx_word' id='word_1_292' title='bbox 701 1225 715 1250; x_wconf 83' lang='grc' dir='ltr'><strong>ό</strong></span> <span class='ocrx_word' id='word_1_293' title='bbox 730 1223 830 1260; x_wconf 85' lang='grc' dir='ltr'><strong>τρόπος</strong></span> <span class='ocrx_word' id='word_1_294' title='bbox 847 1223 961 1255; x_wconf 75' lang='grc' dir='ltr'><strong>ἄπιστος</strong></span> <span class='ocrx_word' id='word_1_295' title='bbox 971 1231 978 1237; x_wconf 85' lang='grc'><strong>·</strong></span> 
     </span>
    </p>
   </div>
   <div class='ocr_carea' id='block_1_44' title="bbox 187 1267 980 1305">
    <p class='ocr_par' dir='ltr' id='par_1_44' title="bbox 187 1267 980 1305">
     <span class='ocr_line' id='line_1_44' title="bbox 187 1267 980 1305; baseline 0.001 -11"><span class='ocrx_word' id='word_1_296' title='bbox 187 1267 214 1294; x_wconf 73' lang='grc' dir='ltr'><strong>οἱ</strong></span> <span class='ocrx_word' id='word_1_297' title='bbox 227 1267 256 1294; x_wconf 81' lang='grc' dir='ltr'><strong>δὲ</strong></span> <span class='ocrx_word' id='word_1_298' title='bbox 272 1269 362 1295; x_wconf 68' lang='grc' dir='ltr'><strong>πιστοὶ</strong></span> <span class='ocrx_word' id='word_1_299' title='bbox 383 1268 470 1295; x_wconf 74' lang='grc' dir='ltr'><strong>δοῦλοι</strong></span> <span class='ocrx_word' id='word_1_300' title='bbox 484 1269 531 1295; x_wconf 81' lang='grc' dir='ltr'><strong>τοῦ</strong></span> <span class='ocrx_word' id='word_1_301' title='bbox 546 1269 671 1305; x_wconf 82' lang='grc' dir='ltr'><strong>Σωτῆρος</strong></span> <span class='ocrx_word' id='word_1_302' title='bbox 689 1269 734 1296; x_wconf 78' lang='grc' dir='ltr'><strong>καὶ</strong></span> <span class='ocrx_word' id='word_1_303' title='bbox 750 1269 857 1305; x_wconf 84' lang='grc' dir='ltr'><strong>ἀληθῶς</strong></span> <span class='ocrx_word' id='word_1_304' title='bbox 874 1269 980 1295; x_wconf 75' lang='grc' dir='ltr'><strong>ἐπίσκο-</strong></span> 
     </span>
    </p>
   </div>
   <div class='ocr_carea' id='block_1_45' title="bbox 189 1313 980 1351">
    <p class='ocr_par' dir='ltr' id='par_1_45' title="bbox 189 1313 980 1351">
     <span class='ocr_line' id='line_1_45' title="bbox 189 1313 980 1351; baseline 0.004 -12"><span class='ocrx_word' id='word_1_305' title='bbox 189 1321 246 1345; x_wconf 86' lang='grc' dir='ltr'><strong>ποι,</strong></span> <span class='ocrx_word' id='word_1_306' title='bbox 262 1314 287 1340; x_wconf 83' lang='grc' dir='ltr'><strong>οἰ</strong></span> <span class='ocrx_word' id='word_1_307' title='bbox 301 1314 420 1349; x_wconf 86' lang='grc' dir='ltr'><strong>γνησίως</strong></span> <span class='ocrx_word' id='word_1_308' title='bbox 433 1314 636 1347; x_wconf 81' lang='grc' dir='ltr'><strong>πιστεύσαντες,</strong></span> <span class='ocrx_word' id='word_1_309' title='bbox 652 1316 699 1342; x_wconf 77' lang='grc' dir='ltr'><strong>καὶ</strong></span> <span class='ocrx_word' id='word_1_310' title='bbox 719 1315 756 1351; x_wconf 78' lang='grc' dir='ltr'><strong>μὴ</strong></span> <span class='ocrx_word' id='word_1_311' title='bbox 779 1313 894 1347; x_wconf 75' lang='grc' dir='ltr'><strong>ἑαυτοῖς.</strong></span> <span class='ocrx_word' id='word_1_312' title='bbox 912 1315 980 1342; x_wconf 86' lang='grc' dir='ltr'><strong>ἀλλά</strong></span> 
     </span>
    </p>
   </div>
   <div class='ocr_carea' id='block_1_46' title="bbox 188 1358 978 1395">
    <p class='ocr_par' dir='ltr' id='par_1_46' title="bbox 188 1358 978 1395">
     <span class='ocr_line' id='line_1_46' title="bbox 188 1358 978 1395; baseline 0.004 -10"><span class='ocrx_word' id='word_1_313' title='bbox 188 1358 228 1395; x_wconf 74' lang='grc' dir='ltr'><strong>τῷ</strong></span> <span class='ocrx_word' id='word_1_314' title='bbox 244 1359 339 1395; x_wconf 83' lang='grc' dir='ltr'><strong>Κυρίῳ</strong></span> <span class='ocrx_word' id='word_1_315' title='bbox 353 1359 462 1392; x_wconf 80' lang='grc' dir='ltr'><strong>ζῶντες,</strong></span> <span class='ocrx_word' id='word_1_316' title='bbox 477 1358 560 1392; x_wconf 74' lang='grc' dir='ltr'><strong>οὗτοι,</strong></span> <span class='ocrx_word' id='word_1_317' title='bbox 577 1361 680 1392; x_wconf 81' lang='grc' dir='ltr'><strong>πιστῶς</strong></span> <span class='ocrx_word' id='word_1_318' title='bbox 696 1361 870 1393; x_wconf 76' lang='grc' dir='ltr'><strong>εὐσεϐοῦντες</strong></span> <span class='ocrx_word' id='word_1_319' title='bbox 880 1361 922 1393; x_wconf 79' lang='grc' dir='ltr'><strong>είς</strong></span> <span class='ocrx_word' id='word_1_320' title='bbox 933 1361 978 1388; x_wconf 79' lang='grc' dir='ltr'><strong>τὸν</strong></span> 
     </span>
    </p>
   </div>
   <div class='ocr_carea' id='block_1_47' title="bbox 186 1404 977 1442">
    <p class='ocr_par' dir='ltr' id='par_1_47' title="bbox 186 1404 977 1442">
     <span class='ocr_line' id='line_1_47' title="bbox 186 1404 977 1442; baseline 0.004 -11"><span class='ocrx_word' id='word_1_321' title='bbox 186 1404 290 1441; x_wconf 79' lang='grc' dir='ltr'>Κύριον</span> <span class='ocrx_word' id='word_1_322' title='bbox 302 1406 379 1441; x_wconf 80' lang='grc' dir='ltr'><strong>ἡμῶν</strong></span> <span class='ocrx_word' id='word_1_323' title='bbox 397 1405 500 1441; x_wconf 82' lang='grc' dir='ltr'><strong>Ἰησοῦν</strong></span> <span class='ocrx_word' id='word_1_324' title='bbox 511 1407 637 1442; x_wconf 79' lang='grc' dir='ltr'><strong>Χριστὸν,</strong></span> <span class='ocrx_word' id='word_1_325' title='bbox 649 1407 697 1434; x_wconf 75' lang='grc' dir='ltr'><strong>καὶ</strong></span> <span class='ocrx_word' id='word_1_326' title='bbox 706 1407 894 1441; x_wconf 85' lang='grc' dir='ltr'><strong>γινώσκοντες,</strong></span> <span class='ocrx_word' id='word_1_327' title='bbox 906 1407 977 1434; x_wconf 84' lang='grc' dir='ltr'><strong>καθά</strong></span> 
     </span>
    </p>
   </div>
   <div class='ocr_carea' id='block_1_48' title="bbox 187 1452 978 1489">
    <p class='ocr_par' dir='ltr' id='par_1_48' title="bbox 187 1452 978 1489">
     <span class='ocr_line' id='line_1_48' title="bbox 187 1452 978 1489; baseline 0.001 -11"><span class='ocrx_word' id='word_1_328' title='bbox 187 1453 328 1487; x_wconf 81' lang='grc' dir='ltr'><strong>προεῖπον,</strong></span> <span class='ocrx_word' id='word_1_329' title='bbox 343 1452 380 1484; x_wconf 89' lang='grc' dir='ltr'><strong>ὡς</strong></span> <span class='ocrx_word' id='word_1_330' title='bbox 395 1452 465 1479; x_wconf 84' lang='grc' dir='ltr'><strong>κατὰ</strong></span> <span class='ocrx_word' id='word_1_331' title='bbox 480 1453 530 1488; x_wconf 82' lang='grc' dir='ltr'><strong>τῆς</strong></span> <span class='ocrx_word' id='word_1_332' title='bbox 543 1452 670 1488; x_wconf 81' lang='grc' dir='ltr'><strong>ἀληθείας</strong></span> <span class='ocrx_word' id='word_1_333' title='bbox 681 1453 832 1489; x_wconf 73' lang='grc' dir='ltr'><strong>προφάσεις</strong></span> <span class='ocrx_word' id='word_1_334' title='bbox 845 1452 899 1479; x_wconf 74' lang='grc' dir='ltr'><strong>εἰσὶ</strong></span> <span class='ocrx_word' id='word_1_335' title='bbox 911 1452 978 1488; x_wconf 82' lang='grc' dir='ltr'><strong>ψευ-</strong></span> 
     </span>
    </p>
   </div>
   <div class='ocr_carea' id='block_1_49' title="bbox 186 1496 975 1535">
    <p class='ocr_par' dir='ltr' id='par_1_49' title="bbox 186 1496 975 1535">
     <span class='ocr_line' id='line_1_49' title="bbox 186 1496 975 1535; baseline 0.004 -13"><span class='ocrx_word' id='word_1_336' title='bbox 186 1496 251 1529; x_wconf 84' lang='grc' dir='ltr'><strong>δεῖς,</strong></span> <span class='ocrx_word' id='word_1_337' title='bbox 277 1498 323 1524; x_wconf 65' lang='grc' dir='ltr'><strong>καὶ</strong></span> <span class='ocrx_word' id='word_1_338' title='bbox 348 1497 473 1533; x_wconf 82' lang='grc' dir='ltr'><strong>φανερῶς</strong></span> <span class='ocrx_word' id='word_1_339' title='bbox 496 1497 668 1533; x_wconf 80' lang='grc' dir='ltr'><strong>ὲπλάσθησαν</strong></span> <span class='ocrx_word' id='word_1_340' title='bbox 693 1498 738 1524; x_wconf 82' lang='grc' dir='ltr'><strong>διὰ</strong></span> <span class='ocrx_word' id='word_1_341' title='bbox 762 1497 811 1534; x_wconf 85' lang='grc' dir='ltr'><strong>τὴν</strong></span> <span class='ocrx_word' id='word_1_342' title='bbox 833 1498 975 1535; x_wconf 82' lang='grc' dir='ltr'><strong>Ἀρειανὴν</strong></span> 
     </span>
    </p>
   </div>
   <div class='ocr_carea' id='block_1_50' title="bbox 187 1541 977 1578">
    <p class='ocr_par' dir='ltr' id='par_1_50' title="bbox 187 1541 977 1578">
     <span class='ocr_line' id='line_1_50' title="bbox 187 1541 977 1578; baseline 0.004 -11"><span class='ocrx_word' id='word_1_343' title='bbox 187 1541 293 1577; x_wconf 78' lang='grc' dir='ltr'><strong>αἵρεσιν</strong></span> <span class='ocrx_word' id='word_1_344' title='bbox 304 1550 312 1557; x_wconf 82' lang='grc' dir='ltr'><strong>ο</strong></span> <span class='ocrx_word' id='word_1_345' title='bbox 330 1542 376 1568; x_wconf 80' lang='grc' dir='ltr'><strong>καὶ</strong></span> <span class='ocrx_word' id='word_1_346' title='bbox 392 1541 447 1577; x_wconf 84' lang='grc' dir='ltr'><strong>γὰρ</strong></span> <span class='ocrx_word' id='word_1_347' title='bbox 472 1543 504 1568; x_wconf 83' lang='grc' dir='ltr'><strong>ὲκ</strong></span> <span class='ocrx_word' id='word_1_348' title='bbox 523 1542 573 1577; x_wconf 86' lang='grc' dir='ltr'><strong>τῆς</strong></span> <span class='ocrx_word' id='word_1_349' title='bbox 595 1543 748 1578; x_wconf 75' lang='grc' dir='ltr'><strong>Οὺρσακίου</strong></span> <span class='ocrx_word' id='word_1_350' title='bbox 766 1542 813 1569; x_wconf 70' lang='grc' dir='ltr'><strong>καὶ</strong></span> <span class='ocrx_word' id='word_1_351' title='bbox 828 1542 977 1576; x_wconf 80' lang='grc' dir='ltr'><strong>Οὐάλεντος</strong></span> 
     </span>
    </p>
   </div>
   <div class='ocr_carea' id='block_1_51' title="bbox 188 1587 978 1623">
    <p class='ocr_par' dir='ltr' id='par_1_51' title="bbox 188 1587 978 1623">
     <span class='ocr_line' id='line_1_51' title="bbox 188 1587 978 1623; baseline 0.001 -9"><span class='ocrx_word' id='word_1_352' title='bbox 188 1588 333 1623; x_wconf 81' lang='grc' dir='ltr'><strong>μετανοίας</strong></span> <span class='ocrx_word' id='word_1_353' title='bbox 353 1587 557 1623; x_wconf 78' lang='grc' dir='ltr'><strong>κατεμάνθανον</strong></span> <span class='ocrx_word' id='word_1_354' title='bbox 576 1587 624 1623; x_wconf 82' lang='grc' dir='ltr'><strong>τὴν</strong></span> <span class='ocrx_word' id='word_1_355' title='bbox 639 1588 710 1615; x_wconf 81' lang='grc' dir='ltr'><strong>κατά</strong></span> <span class='ocrx_word' id='word_1_356' title='bbox 731 1587 889 1616; x_wconf 81' lang='grc' dir='ltr'><strong>’Δθανασίου</strong></span> <span class='ocrx_word' id='word_1_357' title='bbox 914 1597 978 1616; x_wconf 87' lang='grc' dir='ltr'><strong>συν-</strong></span> 
     </span>
    </p>
   </div>
   <div class='ocr_carea' id='block_1_52' title="bbox 186 1634 976 1670">
    <p class='ocr_par' dir='ltr' id='par_1_52' title="bbox 186 1634 976 1670">
     <span class='ocr_line' id='line_1_52' title="bbox 186 1634 976 1670; baseline 0 -8"><span class='ocrx_word' id='word_1_358' title='bbox 186 1635 310 1662; x_wconf 80' lang='grc' dir='ltr'><strong>τεθεῖσαν</strong></span> <span class='ocrx_word' id='word_1_359' title='bbox 323 1634 518 1668; x_wconf 82' lang='grc' dir='ltr'><strong>συκοφαντίαν·</strong></span> <span class='ocrx_word' id='word_1_360' title='bbox 530 1635 574 1662; x_wconf 78' lang='grc' dir='ltr'><strong>ἵνα</strong></span> <span class='ocrx_word' id='word_1_361' title='bbox 589 1634 670 1662; x_wconf 80' lang='grc' dir='ltr'><strong>αὑτὸν</strong></span> <span class='ocrx_word' id='word_1_362' title='bbox 683 1635 732 1670; x_wconf 87' lang='grc' dir='ltr'><strong>μὲν</strong></span> <span class='ocrx_word' id='word_1_363' title='bbox 743 1634 864 1662; x_wconf 73' lang='grc' dir='ltr'><strong>ἐκποδὼν</strong></span> <span class='ocrx_word' id='word_1_364' title='bbox 877 1635 976 1670; x_wconf 70' lang='grc' dir='ltr'><strong>ἄρωσι,</strong></span> 
     </span>
    </p>
   </div>
   <div class='ocr_carea' id='block_1_53' title="bbox 184 1679 975 1716">
    <p class='ocr_par' dir='ltr' id='par_1_53' title="bbox 184 1679 975 1716">
     <span class='ocr_line' id='line_1_53' title="bbox 184 1679 975 1716; baseline 0 -10"><span class='ocrx_word' id='word_1_365' title='bbox 184 1679 234 1714; x_wconf 80' lang='grc' dir='ltr'><strong>τὴν</strong></span> <span class='ocrx_word' id='word_1_366' title='bbox 250 1680 278 1709; x_wconf 82' lang='grc' dir='ltr'><strong>δὲ</strong></span> <span class='ocrx_word' id='word_1_367' title='bbox 295 1679 421 1706; x_wconf 77' lang='grc' dir='ltr'><strong>ἀσέϐειαν</strong></span> <span class='ocrx_word' id='word_1_368' title='bbox 444 1679 498 1706; x_wconf 84' lang='grc' dir='ltr'><strong>τῶν</strong></span> <span class='ocrx_word' id='word_1_369' title='bbox 513 1680 712 1716; x_wconf 82' lang='grc' dir='ltr'><strong>Χριστομάχων</strong></span> <span class='ocrx_word' id='word_1_370' title='bbox 729 1680 769 1712; x_wconf 83' lang='grc' dir='ltr'><strong>είς</strong></span> <span class='ocrx_word' id='word_1_371' title='bbox 790 1680 840 1712; x_wconf 81' lang='grc' dir='ltr'><strong>τὰς</strong></span> <span class='ocrx_word' id='word_1_372' title='bbox 860 1680 975 1716; x_wconf 78' lang='grc' dir='ltr'><strong>Ἐκκλη-</strong></span> 
     </span>
    </p>
   </div>
   <div class='ocr_carea' id='block_1_54' title="bbox 185 1725 978 1762">
    <p class='ocr_par' dir='ltr' id='par_1_54' title="bbox 185 1725 978 1762">
     <span class='ocr_line' id='line_1_54' title="bbox 185 1725 978 1762; baseline 0.003 -10"><span class='ocrx_word' id='word_1_373' title='bbox 185 1725 247 1757; x_wconf 84' lang='grc' dir='ltr'><strong>σίας</strong></span> <span class='ocrx_word' id='word_1_374' title='bbox 262 1725 390 1757; x_wconf 80' lang='grc' dir='ltr'><strong>είσάξωσι</strong></span> <span class='ocrx_word' id='word_1_375' title='bbox 402 1734 408 1740; x_wconf 88' lang='grc'><strong>·</strong></span> <span class='ocrx_word' id='word_1_376' title='bbox 424 1725 509 1752; x_wconf 86' lang='grc' dir='ltr'><strong>ταῦτα</strong></span> <span class='ocrx_word' id='word_1_377' title='bbox 523 1726 697 1762; x_wconf 77' lang='grc' dir='ltr'><strong>συνορῶντες,</strong></span> <span class='ocrx_word' id='word_1_378' title='bbox 711 1726 749 1758; x_wconf 85' lang='grc' dir='ltr'><strong>ὡς</strong></span> <span class='ocrx_word' id='word_1_379' title='bbox 760 1726 888 1762; x_wconf 80' lang='grc' dir='ltr'><strong>ἀληθείας</strong></span> <span class='ocrx_word' id='word_1_380' title='bbox 901 1727 978 1760; x_wconf 71' lang='grc' dir='ltr'><strong>ὅντες</strong></span> 
     </span>
    </p>
   </div>
   <div class='ocr_carea' id='block_1_55' title="bbox 184 1771 976 1809">
    <p class='ocr_par' dir='ltr' id='par_1_55' title="bbox 184 1771 976 1809">
     <span class='ocr_line' id='line_1_55' title="bbox 184 1771 976 1809; baseline 0.004 -11"><span class='ocrx_word' id='word_1_381' title='bbox 184 1771 337 1807; x_wconf 73' lang='grc' dir='ltr'><strong>ὑπὲρμαχοι</strong></span> <span class='ocrx_word' id='word_1_382' title='bbox 357 1772 404 1798; x_wconf 78' lang='grc' dir='ltr'><strong>καὶ</strong></span> <span class='ocrx_word' id='word_1_383' title='bbox 421 1772 549 1808; x_wconf 82' lang='grc' dir='ltr'><strong>κήρυκες,</strong></span> <span class='ocrx_word' id='word_1_384' title='bbox 567 1772 727 1808; x_wconf 77' lang='grc' dir='ltr'><strong>ὑϐρισθῆναι</strong></span> <span class='ocrx_word' id='word_1_385' title='bbox 742 1774 789 1801; x_wconf 80' lang='grc' dir='ltr'><strong>καὶ</strong></span> <span class='ocrx_word' id='word_1_386' title='bbox 804 1773 976 1809; x_wconf 72' lang='grc' dir='ltr'><strong>ἐξορισθῆναι</strong></span> 
     </span>
    </p>
   </div>
   <div class='ocr_carea' id='block_1_56' title="bbox 187 1817 976 1856">
    <p class='ocr_par' dir='ltr' id='par_1_56' title="bbox 187 1817 976 1856">
     <span class='ocr_line' id='line_1_56' title="bbox 187 1817 976 1856; baseline 0.004 -12"><span class='ocrx_word' id='word_1_387' title='bbox 187 1817 286 1852; x_wconf 78' lang='grc' dir='ltr'><strong>μᾶλλον</strong></span> <span class='ocrx_word' id='word_1_388' title='bbox 299 1817 410 1849; x_wconf 81' lang='grc' dir='ltr'><strong>εἴλοντο,</strong></span> <span class='ocrx_word' id='word_1_389' title='bbox 423 1819 470 1845; x_wconf 74' lang='grc' dir='ltr'><strong>καὶ</strong></span> <span class='ocrx_word' id='word_1_390' title='bbox 481 1818 640 1853; x_wconf 83' lang='grc' dir='ltr'><strong>ὑπέμειναν,</strong></span> <span class='ocrx_word' id='word_1_391' title='bbox 654 1818 670 1853; x_wconf 84' lang='grc' dir='ltr'>ἢ</span> <span class='ocrx_word' id='word_1_392' title='bbox 687 1819 747 1845; x_wconf 83' lang='grc' dir='ltr'><strong>κατ’</strong></span> <span class='ocrx_word' id='word_1_393' title='bbox 759 1819 841 1846; x_wconf 78' lang='grc' dir='ltr'><strong>αὑτοῦ</strong></span> <span class='ocrx_word' id='word_1_394' title='bbox 855 1819 976 1856; x_wconf 74' lang='grc' dir='ltr'><strong>ὑπογράο</strong></span> 
     </span>
    </p>
   </div>
   <div class='ocr_carea' id='block_1_57' title="bbox 183 1863 976 1902">
    <p class='ocr_par' dir='ltr' id='par_1_57' title="bbox 183 1863 976 1902">
     <span class='ocr_line' id='line_1_57' title="bbox 183 1863 976 1902; baseline 0.004 -12"><span class='ocrx_word' id='word_1_395' title='bbox 183 1863 244 1898; x_wconf 70' lang='grc' dir='ltr'><strong>ψαι,</strong></span> <span class='ocrx_word' id='word_1_396' title='bbox 271 1864 317 1891; x_wconf 82' lang='grc' dir='ltr'><strong>καὶ</strong></span> <span class='ocrx_word' id='word_1_397' title='bbox 346 1865 401 1896; x_wconf 88' lang='grc' dir='ltr'><strong>τοῖς</strong></span> <span class='ocrx_word' id='word_1_398' title='bbox 423 1864 639 1899; x_wconf 84' lang='grc' dir='ltr'><strong>Ἀρειομανίταις</strong></span> <span class='ocrx_word' id='word_1_399' title='bbox 656 1865 830 1900; x_wconf 80' lang='grc' dir='ltr'><strong>κοινωνῆσαι.</strong></span> <span class='ocrx_word' id='word_1_400' title='bbox 856 1865 895 1892; x_wconf 84' lang='grc' dir='ltr'><strong>Οὐ</strong></span> <span class='ocrx_word' id='word_1_401' title='bbox 921 1866 976 1902; x_wconf 89' lang='grc' dir='ltr'><strong>γάρ</strong></span> 
     </span>
    </p>
   </div>
   <div class='ocr_carea' id='block_1_58' title="bbox 183 1909 974 1946">
    <p class='ocr_par' dir='ltr' id='par_1_58' title="bbox 183 1909 974 1946">
     <span class='ocr_line' id='line_1_58' title="bbox 183 1909 974 1946; baseline 0.004 -11"><span class='ocrx_word' id='word_1_402' title='bbox 183 1909 355 1944; x_wconf 72' lang='grc' dir='ltr'><strong>ἐπελάθοντο,</strong></span> <span class='ocrx_word' id='word_1_403' title='bbox 370 1909 388 1937; x_wconf 78' lang='grc' dir='ltr'>ἃ</span> <span class='ocrx_word' id='word_1_404' title='bbox 402 1910 538 1943; x_wconf 79' lang='grc' dir='ltr'><strong>ἐδίδαξαν·</strong></span> <span class='ocrx_word' id='word_1_405' title='bbox 553 1909 622 1936; x_wconf 80' lang='grc' dir='ltr'><strong>ἀλλὰ</strong></span> <span class='ocrx_word' id='word_1_406' title='bbox 638 1911 685 1937; x_wconf 77' lang='grc' dir='ltr'><strong>καὶ</strong></span> <span class='ocrx_word' id='word_1_407' title='bbox 698 1911 797 1946; x_wconf 84' lang='grc' dir='ltr'><strong>μᾶλλον</strong></span> <span class='ocrx_word' id='word_1_408' title='bbox 809 1911 863 1944; x_wconf 74' lang='grc'>(92)</span> <span class='ocrx_word' id='word_1_409' title='bbox 874 1911 974 1946; x_wconf 85' lang='grc' dir='ltr'><strong>γιγνώ-</strong></span> 
     </span>
    </p>
   </div>
   <div class='ocr_carea' id='block_1_59' title="bbox 184 1956 975 1993">
    <p class='ocr_par' dir='ltr' id='par_1_59' title="bbox 184 1956 975 1993">
     <span class='ocr_line' id='line_1_59' title="bbox 184 1956 975 1993; baseline 0.003 -11"><span class='ocrx_word' id='word_1_410' title='bbox 184 1964 305 1989; x_wconf 78' lang='grc' dir='ltr'><strong>σκουσιν,</strong></span> <span class='ocrx_word' id='word_1_411' title='bbox 323 1957 361 1988; x_wconf 85' lang='grc' dir='ltr'><strong>ὡς</strong></span> <span class='ocrx_word' id='word_1_412' title='bbox 377 1957 433 1988; x_wconf 83' lang='grc' dir='ltr'><strong>τοῖς</strong></span> <span class='ocrx_word' id='word_1_413' title='bbox 457 1956 506 1992; x_wconf 82' lang='grc' dir='ltr'><strong>μὲν</strong></span> <span class='ocrx_word' id='word_1_414' title='bbox 522 1956 666 1990; x_wconf 84' lang='grc' dir='ltr'><strong>προδόταις</strong></span> <span class='ocrx_word' id='word_1_415' title='bbox 689 1956 785 1992; x_wconf 85' lang='grc' dir='ltr'><strong>ἀτιμία</strong></span> <span class='ocrx_word' id='word_1_416' title='bbox 805 1957 899 1993; x_wconf 81' lang='grc' dir='ltr'><strong>πολλὴ,</strong></span> <span class='ocrx_word' id='word_1_417' title='bbox 919 1959 975 1989; x_wconf 81' lang='grc' dir='ltr'><strong>τοῖς</strong></span> 
     </span>
    </p>
   </div>
   <div class='ocr_carea' id='block_1_60' title="bbox 183 2001 976 2039">
    <p class='ocr_par' dir='ltr' id='par_1_60' title="bbox 183 2001 976 2039">
     <span class='ocr_line' id='line_1_60' title="bbox 183 2001 976 2039; baseline 0.001 -10"><span class='ocrx_word' id='word_1_418' title='bbox 183 2003 211 2029; x_wconf 77' lang='grc' dir='ltr'><strong>δὲ</strong></span> <span class='ocrx_word' id='word_1_419' title='bbox 227 2002 385 2038; x_wconf 81' lang='grc' dir='ltr'><strong>ὁμολογοῦσι</strong></span> <span class='ocrx_word' id='word_1_420' title='bbox 401 2002 451 2038; x_wconf 82' lang='grc' dir='ltr'><strong>τὴν</strong></span> <span class='ocrx_word' id='word_1_421' title='bbox 472 2001 609 2038; x_wconf 76' lang='grc' dir='ltr'><strong>ἀλήθειαν,</strong></span> <span class='ocrx_word' id='word_1_422' title='bbox 626 2002 748 2037; x_wconf 85' lang='grc' dir='ltr'><strong>βασιλεία</strong></span> <span class='ocrx_word' id='word_1_423' title='bbox 762 2003 884 2039; x_wconf 78' lang='grc' dir='ltr'><strong>οὐρανῶν</strong></span> <span class='ocrx_word' id='word_1_424' title='bbox 896 2013 902 2019; x_wconf 94' lang='grc'>·</span> <span class='ocrx_word' id='word_1_425' title='bbox 927 2004 976 2032; x_wconf 75' lang='grc' dir='ltr'><strong>καὶ</strong></span> 
     </span>
    </p>
   </div>
   <div class='ocr_carea' id='block_1_61' title="bbox 182 2048 974 2084">
    <p class='ocr_par' dir='ltr' id='par_1_61' title="bbox 182 2048 974 2084">
     <span class='ocr_line' id='line_1_61' title="bbox 182 2048 974 2084; baseline 0.005 -10"><span class='ocrx_word' id='word_1_426' title='bbox 182 2049 239 2079; x_wconf 86' lang='grc' dir='ltr'><strong>τοῖς</strong></span> <span class='ocrx_word' id='word_1_427' title='bbox 257 2048 305 2083; x_wconf 82' lang='grc' dir='ltr'><strong>μὲν</strong></span> <span class='ocrx_word' id='word_1_428' title='bbox 321 2048 462 2084; x_wconf 77' lang='grc' dir='ltr'><strong>ὁλιγὼροις</strong></span> <span class='ocrx_word' id='word_1_429' title='bbox 478 2048 525 2075; x_wconf 75' lang='grc' dir='ltr'><strong>καὶ</strong></span> <span class='ocrx_word' id='word_1_430' title='bbox 539 2048 679 2083; x_wconf 77' lang='grc' dir='ltr'><strong>φοῦηθεῖσι</strong></span> <span class='ocrx_word' id='word_1_431' title='bbox 695 2050 883 2077; x_wconf 82' lang='grc' dir='ltr'><strong>Κωνστάντιον</strong></span> <span class='ocrx_word' id='word_1_432' title='bbox 899 2050 974 2079; x_wconf 84' lang='grc' dir='ltr'><strong>οὐδὲν</strong></span> 
     </span>
    </p>
   </div>
   <div class='ocr_carea' id='block_1_62' title="bbox 184 2093 972 2132">
    <p class='ocr_par' dir='ltr' id='par_1_62' title="bbox 184 2093 972 2132">
     <span class='ocr_line' id='line_1_62' title="bbox 184 2093 972 2132; baseline 0.004 -12"><span class='ocrx_word' id='word_1_433' title='bbox 184 2093 260 2120; x_wconf 74' lang='grc' dir='ltr'><strong>ἔσται</strong></span> <span class='ocrx_word' id='word_1_434' title='bbox 275 2094 375 2129; x_wconf 84' lang='grc' dir='ltr'><strong>ἀγαθόν</strong></span> <span class='ocrx_word' id='word_1_435' title='bbox 386 2103 394 2110; x_wconf 93' lang='grc'><strong>·</strong></span> <span class='ocrx_word' id='word_1_436' title='bbox 409 2096 464 2126; x_wconf 86' lang='grc' dir='ltr'><strong>τοῖς</strong></span> <span class='ocrx_word' id='word_1_437' title='bbox 480 2095 508 2121; x_wconf 80' lang='grc' dir='ltr'><strong>δὲ</strong></span> <span class='ocrx_word' id='word_1_438' title='bbox 535 2095 696 2131; x_wconf 78' lang='grc' dir='ltr'><strong>ὑπομείνασι</strong></span> <span class='ocrx_word' id='word_1_439' title='bbox 711 2095 761 2128; x_wconf 87' lang='grc' dir='ltr'><strong>τὰς</strong></span> <span class='ocrx_word' id='word_1_440' title='bbox 784 2093 836 2123; x_wconf 82' lang='grc' dir='ltr'><strong>ὦδε</strong></span> <span class='ocrx_word' id='word_1_441' title='bbox 859 2097 972 2132; x_wconf 78' lang='grc' dir='ltr'><strong>θλίψεις,</strong></span> 
     </span>
    </p>
   </div>
   <div class='ocr_carea' id='block_1_63' title="bbox 183 2141 974 2180">
    <p class='ocr_par' dir='ltr' id='par_1_63' title="bbox 183 2141 974 2180">
     <span class='ocr_line' id='line_1_63' title="bbox 183 2141 974 2180; baseline 0.005 -14"><span class='ocrx_word' id='word_1_442' title='bbox 183 2141 222 2172; x_wconf 82' lang='grc' dir='ltr'><strong>ὼς</strong></span> <span class='ocrx_word' id='word_1_443' title='bbox 235 2141 266 2167; x_wconf 80' lang='grc' dir='ltr'><strong>ἐκ</strong></span> <span class='ocrx_word' id='word_1_444' title='bbox 285 2141 340 2177; x_wconf 81' lang='grc'><strong>(95)</strong></span> <span class='ocrx_word' id='word_1_445' title='bbox 361 2141 493 2177; x_wconf 82' lang='grc' dir='ltr'><strong>χειμῶνος</strong></span> <span class='ocrx_word' id='word_1_446' title='bbox 509 2141 620 2174; x_wconf 85' lang='grc' dir='ltr'><strong>ναύταις</strong></span> <span class='ocrx_word' id='word_1_447' title='bbox 632 2142 718 2174; x_wconf 80' lang='grc' dir='ltr'><strong>εὔδιος</strong></span> <span class='ocrx_word' id='word_1_448' title='bbox 734 2143 826 2178; x_wconf 82' lang='grc' dir='ltr'><strong>λιμὴν,</strong></span> <span class='ocrx_word' id='word_1_449' title='bbox 841 2144 878 2175; x_wconf 81' lang='grc' dir='ltr'><strong>ὼς</strong></span> <span class='ocrx_word' id='word_1_450' title='bbox 892 2143 974 2180; x_wconf 85' lang='grc' dir='ltr'><strong>ἀθλη-</strong></span> 
     </span>
    </p>
   </div>
   <div class='ocr_carea' id='block_1_64' title="bbox 182 2186 1011 2235">
    <p class='ocr_par' dir='ltr' id='par_1_64' title="bbox 182 2186 1011 2235">
     <span class='ocr_line' id='line_1_64' title="bbox 182 2186 1011 2235; baseline 0.004 -22"><span class='ocrx_word' id='word_1_451' title='bbox 182 2187 241 2235; x_wconf 70' lang='grc' dir='ltr'><strong>ταῖς</strong></span> <span class='ocrx_word' id='word_1_452' title='bbox 257 2186 325 2222; x_wconf 83' lang='grc' dir='ltr'><strong>μετὰ</strong></span> <span class='ocrx_word' id='word_1_453' title='bbox 338 2187 382 2214; x_wconf 84' lang='grc' dir='ltr'><strong>τὸν</strong></span> <span class='ocrx_word' id='word_1_454' title='bbox 398 2188 491 2222; x_wconf 83' lang='grc' dir='ltr'><strong>ἀγῶνα</strong></span> <span class='ocrx_word' id='word_1_455' title='bbox 503 2188 645 2223; x_wconf 83' lang='grc' dir='ltr'><strong>στέφανος,</strong></span> <span class='ocrx_word' id='word_1_456' title='bbox 664 2188 735 2216; x_wconf 75' lang='grc' dir='ltr'><strong>οὕτω</strong></span> <span class='ocrx_word' id='word_1_457' title='bbox 748 2189 796 2215; x_wconf 79' lang='grc' dir='ltr'><strong>καὶ</strong></span> <span class='ocrx_word' id='word_1_458' title='bbox 817 2190 908 2221; x_wconf 84' lang='grc' dir='ltr'><strong>αὐτοῖς</strong></span> <span class='ocrx_word' id='word_1_459' title='bbox 924 2199 973 2225; x_wconf 85' lang='grc' dir='ltr'><strong>με-</strong></span> <span class='ocrx_word' id='word_1_460' title='bbox 990 2208 1011 2235; x_wconf 80' lang='lat' dir='ltr'><strong>D</strong></span> 
     </span>
    </p>
   </div>
   <div class='ocr_carea' id='block_1_65' title="bbox 181 2230 973 2270">
    <p class='ocr_par' dir='ltr' id='par_1_65' title="bbox 181 2230 973 2270">
     <span class='ocr_line' id='line_1_65' title="bbox 181 2230 973 2270; baseline 0.005 -13"><span class='ocrx_word' id='word_1_461' title='bbox 181 2230 252 2266; x_wconf 85' lang='grc' dir='ltr'><strong>γάλη</strong></span> <span class='ocrx_word' id='word_1_462' title='bbox 267 2232 314 2258; x_wconf 75' lang='grc' dir='ltr'><strong>καὶ</strong></span> <span class='ocrx_word' id='word_1_463' title='bbox 333 2231 440 2263; x_wconf 69' lang='grc' dir='ltr'><strong>αἰώνιος</strong></span> <span class='ocrx_word' id='word_1_464' title='bbox 457 2233 529 2268; x_wconf 85' lang='grc' dir='ltr'><strong>χαρά</strong></span> <span class='ocrx_word' id='word_1_465' title='bbox 545 2232 593 2259; x_wconf 77' lang='grc' dir='ltr'><strong>καὶ</strong></span> <span class='ocrx_word' id='word_1_466' title='bbox 608 2232 760 2269; x_wconf 83' lang='grc' dir='ltr'><strong>εὐφροσύνη</strong></span> <span class='ocrx_word' id='word_1_467' title='bbox 777 2234 806 2260; x_wconf 81' lang='grc' dir='ltr'><strong>ὲν</strong></span> <span class='ocrx_word' id='word_1_468' title='bbox 820 2234 876 2265; x_wconf 87' lang='grc' dir='ltr'><strong>τοῖς</strong></span> <span class='ocrx_word' id='word_1_469' title='bbox 891 2235 973 2270; x_wconf 81' lang='grc' dir='ltr'><strong>οὺραο</strong></span> 
     </span>
    </p>
   </div>
   <div class='ocr_carea' id='block_1_66' title="bbox 182 2278 973 2315">
    <p class='ocr_par' dir='ltr' id='par_1_66' title="bbox 182 2278 973 2315">
     <span class='ocr_line' id='line_1_66' title="bbox 182 2278 973 2315; baseline 0.004 -12"><span class='ocrx_word' id='word_1_470' title='bbox 182 2279 238 2309; x_wconf 79' lang='grc' dir='ltr'><strong>νοῖς</strong></span> <span class='ocrx_word' id='word_1_471' title='bbox 255 2278 413 2313; x_wconf 79' lang='grc' dir='ltr'><strong>γενήσεται·</strong></span> <span class='ocrx_word' id='word_1_472' title='bbox 429 2278 487 2305; x_wconf 80' lang='grc' dir='ltr'><strong>οἵαν</strong></span> <span class='ocrx_word' id='word_1_473' title='bbox 498 2278 576 2313; x_wconf 75' lang='grc' dir='ltr'><strong>ἔσχεν</strong></span> <span class='ocrx_word' id='word_1_474' title='bbox 601 2279 700 2315; x_wconf 80' lang='grc' dir='ltr'>Ἰωσὴφ</span> <span class='ocrx_word' id='word_1_475' title='bbox 714 2278 783 2314; x_wconf 84' lang='grc' dir='ltr'><strong>μετὰ</strong></span> <span class='ocrx_word' id='word_1_476' title='bbox 804 2279 853 2311; x_wconf 86' lang='grc' dir='ltr'><strong>τὰς</strong></span> <span class='ocrx_word' id='word_1_477' title='bbox 869 2279 973 2314; x_wconf 77' lang='grc' dir='ltr'><strong>θλίψεις</strong></span> 
     </span>
    </p>
   </div>
   <div class='ocr_carea' id='block_1_67' title="bbox 181 2324 972 2361">
    <p class='ocr_par' dir='ltr' id='par_1_67' title="bbox 181 2324 972 2361">
     <span class='ocr_line' id='line_1_67' title="bbox 181 2324 972 2361; baseline 0.003 -11"><span class='ocrx_word' id='word_1_478' title='bbox 181 2324 304 2354; x_wconf 78' lang='grc' dir='ltr'><strong>ὲκείνας·</strong></span> <span class='ocrx_word' id='word_1_479' title='bbox 321 2324 379 2350; x_wconf 81' lang='grc' dir='ltr'><strong>οἵαν</strong></span> <span class='ocrx_word' id='word_1_480' title='bbox 396 2325 410 2350; x_wconf 79' lang='grc' dir='ltr'><strong>ὁ</strong></span> <span class='ocrx_word' id='word_1_481' title='bbox 426 2324 511 2359; x_wconf 80' lang='grc' dir='ltr'><strong>μέγας</strong></span> <span class='ocrx_word' id='word_1_482' title='bbox 525 2324 624 2359; x_wconf 82' lang='grc' dir='ltr'><strong>Δανιὴλ</strong></span> <span class='ocrx_word' id='word_1_483' title='bbox 642 2324 711 2360; x_wconf 83' lang='grc' dir='ltr'><strong>μετὰ</strong></span> <span class='ocrx_word' id='word_1_484' title='bbox 728 2325 792 2356; x_wconf 84' lang='grc' dir='ltr'><strong>τοὺς</strong></span> <span class='ocrx_word' id='word_1_485' title='bbox 805 2326 972 2361; x_wconf 81' lang='grc' dir='ltr'><strong>πειρασμοὺς</strong></span> 
     </span>
    </p>
   </div>
   <div class='ocr_carea' id='block_1_68' title="bbox 181 2369 972 2406">
    <p class='ocr_par' dir='ltr' id='par_1_68' title="bbox 181 2369 972 2406">
     <span class='ocr_line' id='line_1_68' title="bbox 181 2369 972 2406; baseline 0.003 -10"><span class='ocrx_word' id='word_1_486' title='bbox 181 2370 228 2396; x_wconf 73' lang='grc' dir='ltr'><strong>καὶ</strong></span> <span class='ocrx_word' id='word_1_487' title='bbox 242 2369 291 2401; x_wconf 87' lang='grc' dir='ltr'><strong>τὰς</strong></span> <span class='ocrx_word' id='word_1_488' title='bbox 308 2369 407 2401; x_wconf 83' lang='grc' dir='ltr'><strong>πολλὰς</strong></span> <span class='ocrx_word' id='word_1_489' title='bbox 423 2370 568 2402; x_wconf 75' lang='grc' dir='ltr'><strong>ἐπιϐουλὰς</strong></span> <span class='ocrx_word' id='word_1_490' title='bbox 582 2370 637 2397; x_wconf 82' lang='grc' dir='ltr'><strong>τῶν</strong></span> <span class='ocrx_word' id='word_1_491' title='bbox 659 2370 818 2405; x_wconf 87' lang='grc' dir='ltr'><strong>βασιλικῶν·</strong></span> <span class='ocrx_word' id='word_1_492' title='bbox 835 2371 892 2397; x_wconf 74' lang='grc' dir='ltr'><strong>οἵαν</strong></span> <span class='ocrx_word' id='word_1_493' title='bbox 915 2371 972 2406; x_wconf 76' lang='grc' dir='ltr'><strong>ἔχει</strong></span> 
     </span>
    </p>
   </div>
   <div class='ocr_carea' id='block_1_69' title="bbox 180 2415 970 2453">
    <p class='ocr_par' dir='ltr' id='par_1_69' title="bbox 180 2415 970 2453">
     <span class='ocr_line' id='line_1_69' title="bbox 180 2415 970 2453; baseline 0.004 -12"><span class='ocrx_word' id='word_1_494' title='bbox 180 2415 229 2442; x_wconf 76' lang='grc' dir='ltr'><strong>νῦν</strong></span> <span class='ocrx_word' id='word_1_495' title='bbox 246 2416 260 2441; x_wconf 80' lang='grc' dir='ltr'><strong><em>ὁ</em></strong></span> <span class='ocrx_word' id='word_1_496' title='bbox 278 2415 382 2447; x_wconf 81' lang='grc' dir='ltr'><strong>Παῦλος</strong></span> <span class='ocrx_word' id='word_1_497' title='bbox 397 2416 613 2451; x_wconf 77' lang='grc' dir='ltr'><strong>στεφανούμενος</strong></span> <span class='ocrx_word' id='word_1_498' title='bbox 629 2417 681 2443; x_wconf 78' lang='grc' dir='ltr'><strong>ὑπὸ</strong></span> <span class='ocrx_word' id='word_1_499' title='bbox 695 2416 742 2444; x_wconf 81' lang='grc' dir='ltr'><strong>τοῦ</strong></span> <span class='ocrx_word' id='word_1_500' title='bbox 756 2418 897 2453; x_wconf 85' lang='grc' dir='ltr'><strong>Σωτῆρος·</strong></span> <span class='ocrx_word' id='word_1_501' title='bbox 913 2418 970 2444; x_wconf 79' lang='grc' dir='ltr'><strong>οἵαν</strong></span> 
     </span>
    </p>
   </div>
   <div class='ocr_carea' id='block_1_70' title="bbox 180 2461 970 2498">
    <p class='ocr_par' dir='ltr' id='par_1_70' title="bbox 180 2461 970 2498">
     <span class='ocr_line' id='line_1_70' title="bbox 180 2461 970 2498; baseline 0.003 -11"><span class='ocrx_word' id='word_1_502' title='bbox 180 2461 384 2496; x_wconf 84' lang='grc' dir='ltr'><strong>προσδοκῶντες</strong></span> <span class='ocrx_word' id='word_1_503' title='bbox 397 2462 444 2488; x_wconf 73' lang='grc' dir='ltr'><strong>καὶ</strong></span> <span class='ocrx_word' id='word_1_504' title='bbox 458 2462 482 2488; x_wconf 82' lang='lat' dir='ltr'><strong>oi</strong></span> <span class='ocrx_word' id='word_1_505' title='bbox 497 2462 634 2498; x_wconf 83' lang='grc' dir='ltr'><strong>πανταχοῦ</strong></span> <span class='ocrx_word' id='word_1_506' title='bbox 649 2462 695 2489; x_wconf 83' lang='grc' dir='ltr'><strong>τοῦ</strong></span> <span class='ocrx_word' id='word_1_507' title='bbox 716 2462 784 2489; x_wconf 80' lang='grc' dir='ltr'><strong>Θεοῦ</strong></span> <span class='ocrx_word' id='word_1_508' title='bbox 798 2462 867 2495; x_wconf 76' lang='grc' dir='ltr'><strong>λαοὶ,</strong></span> <span class='ocrx_word' id='word_1_509' title='bbox 885 2463 970 2490; x_wconf 89' lang='grc' dir='ltr'><strong>ταῦτα</strong></span> 
     </span>
    </p>
   </div>
   <div class='ocr_carea' id='block_1_71' title="bbox 181 2506 971 2544">
    <p class='ocr_par' dir='ltr' id='par_1_71' title="bbox 181 2506 971 2544">
     <span class='ocr_line' id='line_1_71' title="bbox 181 2506 971 2544; baseline 0.004 -12"><span class='ocrx_word' id='word_1_510' title='bbox 181 2506 333 2540; x_wconf 83' lang='grc' dir='ltr'><strong>βλέποντες.</strong></span> <span class='ocrx_word' id='word_1_511' title='bbox 351 2507 401 2533; x_wconf 74' lang='grc' dir='ltr'><strong>οὐκ</strong></span> <span class='ocrx_word' id='word_1_512' title='bbox 415 2506 568 2542; x_wconf 77' lang='grc' dir='ltr'><strong>ὴσθὲνησαν</strong></span> <span class='ocrx_word' id='word_1_513' title='bbox 584 2510 615 2543; x_wconf 85' lang='grc' dir='ltr'><strong>τῇ</strong></span> <span class='ocrx_word' id='word_1_514' title='bbox 634 2509 803 2544; x_wconf 83' lang='grc' dir='ltr'><strong>προαιρέσει,</strong></span> <span class='ocrx_word' id='word_1_515' title='bbox 821 2508 888 2535; x_wconf 83' lang='grc' dir='ltr'><strong>ἀλλὰ</strong></span> <span class='ocrx_word' id='word_1_516' title='bbox 904 2509 971 2544; x_wconf 79' lang='grc' dir='ltr'><strong>μᾶλ-</strong></span> 
     </span>
    </p>
   </div>
   <div class='ocr_carea' id='block_1_72' title="bbox 179 2552 967 2590">
    <p class='ocr_par' dir='ltr' id='par_1_72' title="bbox 179 2552 967 2590">
     <span class='ocr_line' id='line_1_72' title="bbox 179 2552 967 2590; baseline 0.005 -13"><span class='ocrx_word' id='word_1_517' title='bbox 179 2552 224 2578; x_wconf 70' lang='grc' dir='ltr'><strong>λον</strong></span> <span class='ocrx_word' id='word_1_518' title='bbox 239 2552 480 2588; x_wconf 74' lang='grc' dir='ltr'><strong>ὲνεόυναμὼθησαν</strong></span> <span class='ocrx_word' id='word_1_519' title='bbox 501 2555 534 2590; x_wconf 83' lang='grc' dir='ltr'><strong>τῇ</strong></span> <span class='ocrx_word' id='word_1_520' title='bbox 558 2554 657 2586; x_wconf 84' lang='grc' dir='ltr'><strong>πίστει,</strong></span> <span class='ocrx_word' id='word_1_521' title='bbox 686 2554 733 2581; x_wconf 80' lang='grc' dir='ltr'><strong>καὶ</strong></span> <span class='ocrx_word' id='word_1_522' title='bbox 750 2554 830 2581; x_wconf 82' lang='grc' dir='ltr'><strong>πλέον</strong></span> <span class='ocrx_word' id='word_1_523' title='bbox 846 2554 967 2590; x_wconf 77' lang='grc' dir='ltr'><strong>ηὔξησαν</strong></span> 
     </span>
    </p>
   </div>
   <div class='ocr_carea' id='block_1_73' title="bbox 177 2597 968 2638">
    <p class='ocr_par' dir='ltr' id='par_1_73' title="bbox 177 2597 968 2638">
     <span class='ocr_line' id='line_1_73' title="bbox 177 2597 968 2638; baseline 0.005 -14"><span class='ocrx_word' id='word_1_524' title='bbox 177 2597 227 2634; x_wconf 77' lang='grc' dir='ltr'><strong>τὴν</strong></span> <span class='ocrx_word' id='word_1_525' title='bbox 243 2599 407 2635; x_wconf 79' lang='grc' dir='ltr'><strong>προθυμίαν.</strong></span> <span class='ocrx_word' id='word_1_526' title='bbox 422 2600 679 2636; x_wconf 76' lang='grc' dir='ltr'><strong>ΙΙληροφορηθέντες</strong></span> <span class='ocrx_word' id='word_1_527' title='bbox 694 2600 748 2637; x_wconf 78' lang='grc' dir='ltr'><strong>γὰρ</strong></span> <span class='ocrx_word' id='word_1_528' title='bbox 771 2602 841 2637; x_wconf 73' lang='grc' dir='ltr'><strong>ὑπὲρ</strong></span> <span class='ocrx_word' id='word_1_529' title='bbox 859 2603 908 2638; x_wconf 84' lang='grc' dir='ltr'><strong>τῆς</strong></span> <span class='ocrx_word' id='word_1_530' title='bbox 922 2610 968 2628; x_wconf 87' lang='grc' dir='ltr'><strong>συ-</strong></span> 
     </span>
    </p>
   </div>
   <div class='ocr_carea' id='block_1_74' title="bbox 214 2677 942 2713">
    <p class='ocr_par' dir='ltr' id='par_1_74' title="bbox 214 2677 942 2713">
     <span class='ocr_line' id='line_1_74' title="bbox 214 2677 942 2713; baseline 0.005 -10"><span class='ocrx_word' id='word_1_531' title='bbox 214 2677 236 2691; x_wconf 86' lang='lat'>&quot;</span> <span class='ocrx_word' id='word_1_532' title='bbox 254 2677 311 2704; x_wconf 76' lang='lat' dir='ltr'><strong>Joel</strong></span> <span class='ocrx_word' id='word_1_533' title='bbox 332 2684 361 2709; x_wconf 85' lang='lat' dir='ltr'><strong>tt,</strong></span> <span class='ocrx_word' id='word_1_534' title='bbox 384 2679 424 2706; x_wconf 89' lang='lat' dir='ltr'><strong>l7.</strong></span> <span class='ocrx_word' id='word_1_535' title='bbox 464 2679 485 2694; x_wconf 82' lang='grc'><strong>⁵³</strong></span> <span class='ocrx_word' id='word_1_536' title='bbox 504 2686 554 2706; x_wconf 87' lang='lat' dir='ltr'><strong>.sa.</strong></span> <span class='ocrx_word' id='word_1_537' title='bbox 573 2687 639 2712; x_wconf 65' lang='grc' dir='ltr'><strong>χιιι,</strong></span> <span class='ocrx_word' id='word_1_538' title='bbox 675 2688 710 2712; x_wconf 68' lang='lat' dir='ltr'><strong>a;</strong></span> <span class='ocrx_word' id='word_1_539' title='bbox 731 2679 739 2706; x_wconf 92' lang='grc' dir='ltr'><strong>Ι</strong></span> <span class='ocrx_word' id='word_1_540' title='bbox 757 2681 820 2708; x_wconf 85' lang='lat' dir='ltr'><strong>Cor.</strong></span> <span class='ocrx_word' id='word_1_541' title='bbox 837 2688 881 2713; x_wconf 82' lang='lat' dir='ltr'><strong>xv,</strong></span> <span class='ocrx_word' id='word_1_542' title='bbox 899 2680 942 2707; x_wconf 73' lang='lat'><strong>52.</strong></span> 
     </span>
    </p>
   </div>
   <div class='ocr_carea' id='block_1_75' title="bbox 187 2743 963 2783">
    <p class='ocr_par' dir='ltr' id='par_1_75' title="bbox 187 2743 963 2783">
     <span class='ocr_line' id='line_1_75' title="bbox 187 2743 963 2783; baseline 0.008 -13"><span class='ocrx_word' id='word_1_543' title='bbox 187 2743 271 2783; x_wconf 46' lang='lat' dir='ltr'><strong>:“(9l)</strong></span> <span class='ocrx_word' id='word_1_544' title='bbox 297 2744 374 2783; x_wconf 71' lang='lat' dir='ltr'><strong>Bcg._</strong></span> <span class='ocrx_word' id='word_1_545' title='bbox 390 2746 592 2783; x_wconf 61' lang='lat' dir='ltr'><strong>lltgtptztatvdw;</strong></span> <span class='ocrx_word' id='word_1_546' title='bbox 609 2747 690 2774; x_wconf 84' lang='lat' dir='ltr'><strong>Basil.</strong></span> <span class='ocrx_word' id='word_1_547' title='bbox 708 2748 873 2783; x_wconf 82' lang='grc' dir='ltr'><strong>Κριτιανῶν,</strong></span> <span class='ocrx_word' id='word_1_548' title='bbox 887 2748 963 2782; x_wconf 81' lang='lat' dir='ltr'><strong>editi,</strong></span> 
     </span>
    </p>
   </div>
   <div class='ocr_carea' id='block_1_76' title="bbox 186 2776 889 2819">
    <p class='ocr_par' dir='ltr' id='par_1_76' title="bbox 186 2776 889 2819">
     <span class='ocr_line' id='line_1_76' title="bbox 186 2776 889 2819; baseline 0.009 -15"><span class='ocrx_word' id='word_1_549' title='bbox 186 2776 406 2814; x_wconf 57' lang='grc' dir='ltr'><strong>Ἑπικριτιανῶν.</strong></span> <span class='ocrx_word' id='word_1_550' title='bbox 425 2776 483 2809; x_wconf 78' lang='grc' dir='ltr'><strong>Μ’οκ</strong></span> <span class='ocrx_word' id='word_1_551' title='bbox 500 2783 564 2817; x_wconf 79' lang='lat' dir='ltr'><strong>llcg.</strong></span> <span class='ocrx_word' id='word_1_552' title='bbox 582 2776 702 2818; x_wconf 70' lang='grc' dir='ltr'><strong>τοιαύτη.</strong></span> <span class='ocrx_word' id='word_1_553' title='bbox 716 2776 796 2816; x_wconf 62' lang='grc' dir='ltr'><strong>ΕἶΙὶιῖ,</strong></span> <span class='ocrx_word' id='word_1_554' title='bbox 810 2776 889 2819; x_wconf 69' lang='grc' dir='ltr'><strong>αθτή.</strong></span> 
     </span>
    </p>
   </div>
   <div class='ocr_carea' id='block_1_77' title="bbox 1037 899 1824 932">
    <p class='ocr_par' dir='ltr' id='par_1_77' title="bbox 1037 899 1824 932">
     <span class='ocr_line' id='line_1_77' title="bbox 1037 899 1824 932; baseline 0.001 -4"><span class='ocrx_word' id='word_1_555' title='bbox 1037 904 1110 932; x_wconf 91' lang='lat' dir='ltr'><strong>runt,</strong></span> <span class='ocrx_word' id='word_1_556' title='bbox 1127 899 1228 928; x_wconf 90' lang='lat' dir='ltr'><strong>nullam</strong></span> <span class='ocrx_word' id='word_1_557' title='bbox 1246 908 1311 932; x_wconf 85' lang='lat' dir='ltr'><strong>non,</strong></span> <span class='ocrx_word' id='word_1_558' title='bbox 1338 900 1424 928; x_wconf 83' lang='lat' dir='ltr'><strong>instar</strong></span> <span class='ocrx_word' id='word_1_559' title='bbox 1444 899 1652 932; x_wconf 70' lang='lat' dir='ltr'><strong>chamzeleonis.</strong></span> <span class='ocrx_word' id='word_1_560' title='bbox 1667 900 1752 928; x_wconf 91' lang='lat' dir='ltr'><strong>induti</strong></span> <span class='ocrx_word' id='word_1_561' title='bbox 1767 899 1824 929; x_wconf 79' lang='lat' dir='ltr'><strong>for-</strong></span> 
     </span>
    </p>
   </div>
   <div class='ocr_carea' id='block_1_78' title="bbox 1036 946 1821 982">
    <p class='ocr_par' dir='ltr' id='par_1_78' title="bbox 1036 946 1821 982">
     <span class='ocr_line' id='line_1_78' title="bbox 1036 946 1821 982; baseline 0.004 -10"><span class='ocrx_word' id='word_1_562' title='bbox 1036 953 1121 978; x_wconf 88' lang='lat' dir='ltr'><strong>mam,</strong></span> <span class='ocrx_word' id='word_1_563' title='bbox 1140 947 1356 981; x_wconf 83' lang='lat' dir='ltr'><strong>merccnariique</strong></span> <span class='ocrx_word' id='word_1_564' title='bbox 1369 954 1462 974; x_wconf 88' lang='lat' dir='ltr'><strong>eorttm</strong></span> <span class='ocrx_word' id='word_1_565' title='bbox 1475 946 1521 981; x_wconf 88' lang='lat' dir='ltr'><strong>qni</strong></span> <span class='ocrx_word' id='word_1_566' title='bbox 1536 954 1583 973; x_wconf 87' lang='lat' dir='ltr'><strong>sua</strong></span> <span class='ocrx_word' id='word_1_567' title='bbox 1600 950 1714 975; x_wconf 89' lang='lat' dir='ltr'><strong>utuntur</strong></span> <span class='ocrx_word' id='word_1_568' title='bbox 1728 955 1821 982; x_wconf 84' lang='lat' dir='ltr'><strong>opera.</strong></span> 
     </span>
    </p>
   </div>
   <div class='ocr_carea' id='block_1_79' title="bbox 1034 991 1821 1028">
    <p class='ocr_par' dir='ltr' id='par_1_79' title="bbox 1034 991 1821 1028">
     <span class='ocr_line' id='line_1_79' title="bbox 1034 991 1821 1028; baseline 0.005 -10"><span class='ocrx_word' id='word_1_569' title='bbox 1034 991 1211 1027; x_wconf 83' lang='lat' dir='ltr'><strong>Nequaquam</strong></span> <span class='ocrx_word' id='word_1_570' title='bbox 1235 992 1307 1019; x_wconf 88' lang='lat' dir='ltr'><strong>enim</strong></span> <span class='ocrx_word' id='word_1_571' title='bbox 1331 994 1473 1020; x_wconf 77' lang='lat' dir='ltr'><strong>veritatem</strong></span> <span class='ocrx_word' id='word_1_572' title='bbox 1497 997 1622 1028; x_wconf 77' lang='lat' dir='ltr'><strong>spectant</strong></span> <span class='ocrx_word' id='word_1_573' title='bbox 1648 993 1703 1025; x_wconf 87' lang='lat' dir='ltr'><strong>illi,</strong></span> <span class='ocrx_word' id='word_1_574' title='bbox 1728 994 1774 1022; x_wconf 83' lang='lat' dir='ltr'><strong>sed</strong></span> <span class='ocrx_word' id='word_1_575' title='bbox 1796 995 1821 1022; x_wconf 88' lang='lat' dir='ltr'><strong>ei</strong></span> 
     </span>
    </p>
   </div>
   <div class='ocr_carea' id='block_1_80' title="bbox 1035 1039 1821 1074">
    <p class='ocr_par' dir='ltr' id='par_1_80' title="bbox 1035 1039 1821 1074">
     <span class='ocr_line' id='line_1_80' title="bbox 1035 1039 1821 1074; baseline 0.003 -9"><span class='ocrx_word' id='word_1_576' title='bbox 1035 1043 1196 1073; x_wconf 71' lang='lat' dir='ltr'><strong>praesentem</strong></span> <span class='ocrx_word' id='word_1_577' title='bbox 1221 1043 1390 1073; x_wconf 86' lang='lat' dir='ltr'><strong>anteponunt</strong></span> <span class='ocrx_word' id='word_1_578' title='bbox 1408 1039 1587 1074; x_wconf 80' lang='lat' dir='ltr'><strong>voluptatem,</strong></span> <span class='ocrx_word' id='word_1_579' title='bbox 1611 1044 1639 1067; x_wconf 88' lang='lat' dir='ltr'><strong>et</strong></span> <span class='ocrx_word' id='word_1_580' title='bbox 1659 1040 1716 1067; x_wconf 70' lang='lat' dir='ltr'><strong>haec</strong></span> <span class='ocrx_word' id='word_1_581' title='bbox 1734 1045 1821 1067; x_wconf 71' lang='lat' dir='ltr'><strong>solum</strong></span> 
     </span>
    </p>
   </div>
   <div class='ocr_carea' id='block_1_81' title="bbox 1034 1084 1822 1114">
    <p class='ocr_par' dir='ltr' id='par_1_81' title="bbox 1034 1084 1822 1114">
     <span class='ocr_line' id='line_1_81' title="bbox 1034 1084 1822 1114; baseline 0.003 -3"><span class='ocrx_word' id='word_1_582' title='bbox 1034 1084 1111 1111; x_wconf 85' lang='lat' dir='ltr'><strong>aiunt</strong></span> <span class='ocrx_word' id='word_1_583' title='bbox 1127 1092 1135 1112; x_wconf 89' lang='lat'><strong>:</strong></span> <span class='ocrx_word' id='word_1_584' title='bbox 1152 1084 1326 1112; x_wconf 75' lang='lat' dir='ltr'><strong>Comedamtta</strong></span> <span class='ocrx_word' id='word_1_585' title='bbox 1346 1088 1372 1112; x_wconf 78' lang='lat' dir='ltr'><strong>et</strong></span> <span class='ocrx_word' id='word_1_586' title='bbox 1393 1084 1511 1112; x_wconf 72' lang='lat' dir='ltr'><strong>bibamus</strong></span> <span class='ocrx_word' id='word_1_587' title='bbox 1528 1092 1538 1111; x_wconf 89' lang='lat'><em>:</em></span> <span class='ocrx_word' id='word_1_588' title='bbox 1556 1093 1617 1112; x_wconf 69' lang='lat' dir='ltr'><strong>ora:</strong></span> <span class='ocrx_word' id='word_1_589' title='bbox 1639 1086 1709 1112; x_wconf 80' lang='lat' dir='ltr'><strong>enim</strong></span> <span class='ocrx_word' id='word_1_590' title='bbox 1728 1086 1822 1114; x_wconf 72' lang='lat' dir='ltr'><strong>morie-</strong></span> 
     </span>
    </p>
   </div>
   <div class='ocr_carea' id='block_1_82' title="bbox 1033 1129 1822 1167">
    <p class='ocr_par' dir='ltr' id='par_1_82' title="bbox 1033 1129 1822 1167">
     <span class='ocr_line' id='line_1_82' title="bbox 1033 1129 1822 1167; baseline 0.003 -10"><span class='ocrx_word' id='word_1_591' title='bbox 1033 1138 1094 1156; x_wconf 81' lang='lat' dir='ltr'><strong>mur</strong></span> <span class='ocrx_word' id='word_1_592' title='bbox 1106 1129 1140 1158; x_wconf 81' lang='grc'><strong>⁸³.</strong></span> <span class='ocrx_word' id='word_1_593' title='bbox 1167 1129 1333 1158; x_wconf 76' lang='lat' dir='ltr'><strong>Histrlonum</strong></span> <span class='ocrx_word' id='word_1_594' title='bbox 1358 1131 1707 1166; x_wconf 68' lang='lat' dir='ltr'><strong>igiturpricritianot-um,</strong></span> <span class='ocrx_word' id='word_1_595' title='bbox 1735 1133 1822 1167; x_wconf 68' lang='lat' dir='ltr'><strong>magis</strong></span> 
     </span>
    </p>
   </div>
   <div class='ocr_carea' id='block_1_83' title="bbox 1033 1173 1820 1211">
    <p class='ocr_par' dir='ltr' id='par_1_83' title="bbox 1033 1173 1820 1211">
     <span class='ocr_line' id='line_1_83' title="bbox 1033 1173 1820 1211; baseline 0.006 -12"><span class='ocrx_word' id='word_1_596' title='bbox 1033 1180 1116 1208; x_wconf 87' lang='lat' dir='ltr'><strong>quam</strong></span> <span class='ocrx_word' id='word_1_597' title='bbox 1147 1173 1358 1208; x_wconf 74' lang='lat' dir='ltr'><strong>leletiattorum;</strong></span> <span class='ocrx_word' id='word_1_598' title='bbox 1382 1179 1424 1202; x_wconf 82' lang='lat' dir='ltr'><strong>est</strong></span> <span class='ocrx_word' id='word_1_599' title='bbox 1456 1175 1608 1210; x_wconf 72' lang='lat' dir='ltr'><strong>huiusmodi</strong></span> <span class='ocrx_word' id='word_1_600' title='bbox 1641 1176 1820 1211; x_wconf 85' lang='lat' dir='ltr'><strong>propositum.</strong></span> 
     </span>
    </p>
   </div>
   <div class='ocr_carea' id='block_1_84' title="bbox 1033 1219 1820 1254">
    <p class='ocr_par' dir='ltr' id='par_1_84' title="bbox 1033 1219 1820 1254">
     <span class='ocr_line' id='line_1_84' title="bbox 1033 1219 1820 1254; baseline 0.004 -8"><span class='ocrx_word' id='word_1_601' title='bbox 1033 1219 1183 1254; x_wconf 78' lang='lat' dir='ltr'><strong>perlidique</strong></span> <span class='ocrx_word' id='word_1_602' title='bbox 1202 1227 1302 1247; x_wconf 90' lang='lat' dir='ltr'><strong>mores.</strong></span> <span class='ocrx_word' id='word_1_603' title='bbox 1326 1220 1432 1248; x_wconf 79' lang='lat' dir='ltr'><strong>Fideles</strong></span> <span class='ocrx_word' id='word_1_604' title='bbox 1447 1226 1535 1248; x_wconf 77' lang='lat' dir='ltr'><strong>autem</strong></span> <span class='ocrx_word' id='word_1_605' title='bbox 1551 1221 1701 1249; x_wconf 78' lang='lat' dir='ltr'><strong>Salvatoris</strong></span> <span class='ocrx_word' id='word_1_606' title='bbox 1715 1221 1820 1253; x_wconf 69' lang='lat' dir='ltr'><strong>tantuli.</strong></span> 
     </span>
    </p>
   </div>
   <div class='ocr_carea' id='block_1_85' title="bbox 1032 1265 1819 1300">
    <p class='ocr_par' dir='ltr' id='par_1_85' title="bbox 1032 1265 1819 1300">
     <span class='ocr_line' id='line_1_85' title="bbox 1032 1265 1819 1300; baseline 0.004 -8"><span class='ocrx_word' id='word_1_607' title='bbox 1032 1272 1064 1292; x_wconf 87' lang='lat' dir='ltr'><strong>ac</strong></span> <span class='ocrx_word' id='word_1_608' title='bbox 1075 1266 1131 1293; x_wconf 82' lang='lat' dir='ltr'><strong>veri</strong></span> <span class='ocrx_word' id='word_1_609' title='bbox 1145 1265 1284 1300; x_wconf 80' lang='lat' dir='ltr'><strong>episcopi,</strong></span> <span class='ocrx_word' id='word_1_610' title='bbox 1300 1267 1345 1300; x_wconf 87' lang='lat' dir='ltr'><strong>qui</strong></span> <span class='ocrx_word' id='word_1_611' title='bbox 1361 1267 1468 1294; x_wconf 86' lang='lat' dir='ltr'><strong>sincere</strong></span> <span class='ocrx_word' id='word_1_612' title='bbox 1482 1267 1596 1295; x_wconf 90' lang='lat' dir='ltr'><strong>credunt</strong></span> <span class='ocrx_word' id='word_1_613' title='bbox 1609 1287 1616 1300; x_wconf 89' lang='lat'><strong>,</strong></span> <span class='ocrx_word' id='word_1_614' title='bbox 1641 1272 1669 1295; x_wconf 89' lang='lat' dir='ltr'><strong>et</strong></span> <span class='ocrx_word' id='word_1_615' title='bbox 1692 1275 1744 1295; x_wconf 90' lang='lat' dir='ltr'><strong>non</strong></span> <span class='ocrx_word' id='word_1_616' title='bbox 1768 1268 1819 1295; x_wconf 80' lang='lat' dir='ltr'><strong>sibi</strong></span> 
     </span>
    </p>
   </div>
   <div class='ocr_carea' id='block_1_86' title="bbox 1031 1310 1819 1347">
    <p class='ocr_par' dir='ltr' id='par_1_86' title="bbox 1031 1310 1819 1347">
     <span class='ocr_line' id='line_1_86' title="bbox 1031 1310 1819 1347; baseline 0.003 -9"><span class='ocrx_word' id='word_1_617' title='bbox 1031 1311 1079 1338; x_wconf 82' lang='lat' dir='ltr'><strong>sed</strong></span> <span class='ocrx_word' id='word_1_618' title='bbox 1095 1310 1209 1338; x_wconf 87' lang='lat' dir='ltr'><strong>Domino</strong></span> <span class='ocrx_word' id='word_1_619' title='bbox 1226 1311 1336 1343; x_wconf 81' lang='lat' dir='ltr'><strong>vivunt,</strong></span> <span class='ocrx_word' id='word_1_620' title='bbox 1362 1312 1445 1347; x_wconf 80' lang='lat'><strong>310</strong></span> <span class='ocrx_word' id='word_1_621' title='bbox 1469 1313 1514 1347; x_wconf 89' lang='lat' dir='ltr'><strong>qui</strong></span> <span class='ocrx_word' id='word_1_622' title='bbox 1538 1313 1609 1347; x_wconf 83' lang='lat' dir='ltr'><strong>piam</strong></span> <span class='ocrx_word' id='word_1_623' title='bbox 1633 1312 1661 1339; x_wconf 94' lang='lat' dir='ltr'><strong>in</strong></span> <span class='ocrx_word' id='word_1_624' title='bbox 1678 1312 1819 1341; x_wconf 88' lang='lat' dir='ltr'><strong>Dominum</strong></span> 
     </span>
    </p>
   </div>
   <div class='ocr_carea' id='block_1_87' title="bbox 1032 1356 1820 1394">
    <p class='ocr_par' dir='ltr' id='par_1_87' title="bbox 1032 1356 1820 1394">
     <span class='ocr_line' id='line_1_87' title="bbox 1032 1356 1820 1394; baseline 0.005 -11"><span class='ocrx_word' id='word_1_625' title='bbox 1032 1360 1154 1384; x_wconf 87' lang='lat' dir='ltr'><strong>nostrum</strong></span> <span class='ocrx_word' id='word_1_626' title='bbox 1176 1356 1268 1386; x_wconf 84' lang='lat' dir='ltr'><strong>Jesum</strong></span> <span class='ocrx_word' id='word_1_627' title='bbox 1283 1358 1422 1385; x_wconf 79' lang='lat' dir='ltr'><strong>Christum</strong></span> <span class='ocrx_word' id='word_1_628' title='bbox 1439 1358 1518 1386; x_wconf 86' lang='lat' dir='ltr'><strong>tidem</strong></span> <span class='ocrx_word' id='word_1_629' title='bbox 1535 1363 1664 1392; x_wconf 82' lang='lat' dir='ltr'><strong>servant,</strong></span> <span class='ocrx_word' id='word_1_630' title='bbox 1683 1359 1820 1394; x_wconf 76' lang='lat' dir='ltr'><strong>probeque</strong></span> 
     </span>
    </p>
   </div>
   <div class='ocr_carea' id='block_1_88' title="bbox 1031 1402 1820 1432">
    <p class='ocr_par' dir='ltr' id='par_1_88' title="bbox 1031 1402 1820 1432">
     <span class='ocr_line' id='line_1_88' title="bbox 1031 1402 1820 1432; baseline 0.003 -3"><span class='ocrx_word' id='word_1_631' title='bbox 1031 1406 1147 1430; x_wconf 85' lang='lat' dir='ltr'><strong>noscunt</strong></span> <span class='ocrx_word' id='word_1_632' title='bbox 1162 1402 1246 1430; x_wconf 81' lang='lat' dir='ltr'><strong>falsas</strong></span> <span class='ocrx_word' id='word_1_633' title='bbox 1261 1410 1323 1431; x_wconf 85' lang='lat' dir='ltr'><strong>esse</strong></span> <span class='ocrx_word' id='word_1_634' title='bbox 1340 1403 1400 1431; x_wconf 86' lang='lat' dir='ltr'><strong>illas</strong></span> <span class='ocrx_word' id='word_1_635' title='bbox 1418 1409 1513 1432; x_wconf 87' lang='lat' dir='ltr'><strong>contra</strong></span> <span class='ocrx_word' id='word_1_636' title='bbox 1539 1405 1679 1432; x_wconf 85' lang='lat' dir='ltr'><strong>veritatem</strong></span> <span class='ocrx_word' id='word_1_637' title='bbox 1694 1405 1820 1432; x_wconf 79' lang='lat' dir='ltr'><strong>criminu-</strong></span> 
     </span>
    </p>
   </div>
   <div class='ocr_carea' id='block_1_89' title="bbox 1032 1447 1820 1484">
    <p class='ocr_par' dir='ltr' id='par_1_89' title="bbox 1032 1447 1820 1484">
     <span class='ocr_line' id='line_1_89' title="bbox 1032 1447 1820 1484; baseline 0.004 -10"><span class='ocrx_word' id='word_1_638' title='bbox 1032 1447 1130 1481; x_wconf 85' lang='lat' dir='ltr'><strong>tiones,</strong></span> <span class='ocrx_word' id='word_1_639' title='bbox 1156 1453 1301 1483; x_wconf 82' lang='lat' dir='ltr'><strong>aperteque</strong></span> <span class='ocrx_word' id='word_1_640' title='bbox 1322 1450 1452 1477; x_wconf 83' lang='lat' dir='ltr'><strong>conllctas</strong></span> <span class='ocrx_word' id='word_1_641' title='bbox 1472 1449 1498 1477; x_wconf 93' lang='lat' dir='ltr'><strong>in</strong></span> <span class='ocrx_word' id='word_1_642' title='bbox 1515 1450 1626 1484; x_wconf 80' lang='lat' dir='ltr'><strong>gratiam</strong></span> <span class='ocrx_word' id='word_1_643' title='bbox 1642 1450 1748 1477; x_wconf 66' lang='lat' dir='ltr'><strong>Arianae</strong></span> <span class='ocrx_word' id='word_1_644' title='bbox 1765 1450 1820 1478; x_wconf 74' lang='lat' dir='ltr'><strong>lue-</strong></span> 
     </span>
    </p>
   </div>
   <div class='ocr_carea' id='block_1_90' title="bbox 1033 1493 1816 1531">
    <p class='ocr_par' dir='ltr' id='par_1_90' title="bbox 1033 1493 1816 1531">
     <span class='ocr_line' id='line_1_90' title="bbox 1033 1493 1816 1531; baseline 0.001 -10"><span class='ocrx_word' id='word_1_645' title='bbox 1033 1502 1124 1522; x_wconf 85' lang='lat' dir='ltr'><strong>reseos</strong></span> <span class='ocrx_word' id='word_1_646' title='bbox 1156 1493 1230 1531; x_wconf 84' lang='lat' dir='ltr'><strong>(nam</strong></span> <span class='ocrx_word' id='word_1_647' title='bbox 1255 1502 1287 1522; x_wconf 80' lang='lat' dir='ltr'><strong>ex</strong></span> <span class='ocrx_word' id='word_1_648' title='bbox 1311 1494 1417 1523; x_wconf 87' lang='lat' dir='ltr'><strong>Ursacii</strong></span> <span class='ocrx_word' id='word_1_649' title='bbox 1443 1501 1471 1524; x_wconf 87' lang='lat' dir='ltr'><strong>et</strong></span> <span class='ocrx_word' id='word_1_650' title='bbox 1496 1495 1618 1523; x_wconf 81' lang='lat' dir='ltr'><strong>Valentis</strong></span> <span class='ocrx_word' id='word_1_651' title='bbox 1646 1496 1816 1530; x_wconf 81' lang='lat' dir='ltr'><strong>poenitentia,</strong></span> 
     </span>
    </p>
   </div>
   <div class='ocr_carea' id='block_1_91' title="bbox 991 1535 1817 1576">
    <p class='ocr_par' dir='ltr' id='par_1_91' title="bbox 991 1535 1817 1576">
     <span class='ocr_line' id='line_1_91' title="bbox 991 1535 1817 1576; baseline 0 -8"><span class='ocrx_word' id='word_1_652' title='bbox 991 1535 1013 1564; x_wconf 84' lang='lat' dir='ltr'><strong><em>C</em></strong></span> <span class='ocrx_word' id='word_1_653' title='bbox 1030 1540 1173 1569; x_wconf 78' lang='lat' dir='ltr'><strong>conﬂatam</strong></span> <span class='ocrx_word' id='word_1_654' title='bbox 1204 1541 1442 1576; x_wconf 84' lang='lat' dir='ltr'><strong>deprehenderunt</strong></span> <span class='ocrx_word' id='word_1_655' title='bbox 1478 1541 1609 1569; x_wconf 80' lang='lat' dir='ltr'><strong>adversus</strong></span> <span class='ocrx_word' id='word_1_656' title='bbox 1637 1541 1817 1569; x_wconf 73' lang='lat' dir='ltr'><strong>Athanasium</strong></span> 
     </span>
    </p>
   </div>
   <div class='ocr_carea' id='block_1_92' title="bbox 1029 1585 1818 1621">
    <p class='ocr_par' dir='ltr' id='par_1_92' title="bbox 1029 1585 1818 1621">
     <span class='ocr_line' id='line_1_92' title="bbox 1029 1585 1818 1621; baseline 0.001 -8"><span class='ocrx_word' id='word_1_657' title='bbox 1029 1585 1252 1621; x_wconf 80' lang='lat' dir='ltr'><strong>sycophantiam,</strong></span> <span class='ocrx_word' id='word_1_658' title='bbox 1282 1590 1312 1612; x_wconf 91' lang='lat' dir='ltr'><strong>ut</strong></span> <span class='ocrx_word' id='word_1_659' title='bbox 1337 1592 1398 1612; x_wconf 82' lang='lat' dir='ltr'><strong>eum</strong></span> <span class='ocrx_word' id='word_1_660' title='bbox 1425 1586 1459 1613; x_wconf 91' lang='lat' dir='ltr'><strong>de</strong></span> <span class='ocrx_word' id='word_1_661' title='bbox 1490 1586 1579 1613; x_wconf 85' lang='lat' dir='ltr'><strong>medio</strong></span> <span class='ocrx_word' id='word_1_662' title='bbox 1614 1586 1759 1619; x_wconf 86' lang='lat' dir='ltr'><strong>tollerent,</strong></span> <span class='ocrx_word' id='word_1_663' title='bbox 1790 1591 1818 1614; x_wconf 88' lang='lat' dir='ltr'><strong>et</strong></span> 
     </span>
    </p>
   </div>
   <div class='ocr_carea' id='block_1_93' title="bbox 1028 1630 1818 1666">
    <p class='ocr_par' dir='ltr' id='par_1_93' title="bbox 1028 1630 1818 1666">
     <span class='ocr_line' id='line_1_93' title="bbox 1028 1630 1818 1666; baseline 0 -8"><span class='ocrx_word' id='word_1_664' title='bbox 1028 1631 1130 1659; x_wconf 87' lang='lat' dir='ltr'><strong>Christi</strong></span> <span class='ocrx_word' id='word_1_665' title='bbox 1145 1631 1262 1659; x_wconf 88' lang='lat' dir='ltr'><strong>hostium</strong></span> <span class='ocrx_word' id='word_1_666' title='bbox 1280 1630 1445 1666; x_wconf 76' lang='lat' dir='ltr'><strong>impietatem</strong></span> <span class='ocrx_word' id='word_1_667' title='bbox 1464 1631 1667 1659; x_wconf 84' lang='lat' dir='ltr'><strong>introducerent</strong></span> <span class='ocrx_word' id='word_1_668' title='bbox 1684 1631 1710 1658; x_wconf 89' lang='lat' dir='ltr'><strong>in</strong></span> <span class='ocrx_word' id='word_1_669' title='bbox 1727 1630 1818 1658; x_wconf 84' lang='lat' dir='ltr'><strong>Eccle-</strong></span> 
     </span>
    </p>
   </div>
   <div class='ocr_carea' id='block_1_94' title="bbox 1028 1675 1816 1711">
    <p class='ocr_par' dir='ltr' id='par_1_94' title="bbox 1028 1675 1816 1711">
     <span class='ocr_line' id='line_1_94' title="bbox 1028 1675 1816 1711; baseline -0.001 -7"><span class='ocrx_word' id='word_1_670' title='bbox 1028 1676 1113 1711; x_wconf 74' lang='lat' dir='ltr'><strong>siae):</strong></span> <span class='ocrx_word' id='word_1_671' title='bbox 1139 1675 1190 1709; x_wconf 87' lang='lat' dir='ltr'><strong>illi,</strong></span> <span class='ocrx_word' id='word_1_672' title='bbox 1217 1675 1337 1710; x_wconf 88' lang='lat' dir='ltr'><strong>inquam,</strong></span> <span class='ocrx_word' id='word_1_673' title='bbox 1362 1675 1421 1704; x_wconf 70' lang='lat' dir='ltr'><strong>haec</strong></span> <span class='ocrx_word' id='word_1_674' title='bbox 1445 1676 1701 1711; x_wconf 75' lang='lat' dir='ltr'><strong>animadvertentes,</strong></span> <span class='ocrx_word' id='word_1_675' title='bbox 1725 1680 1816 1711; x_wconf 80' lang='lat' dir='ltr'><strong>utpote</strong></span> 
     </span>
    </p>
   </div>
   <div class='ocr_carea' id='block_1_95' title="bbox 1028 1721 1816 1757">
    <p class='ocr_par' dir='ltr' id='par_1_95' title="bbox 1028 1721 1816 1757">
     <span class='ocr_line' id='line_1_95' title="bbox 1028 1721 1816 1757; baseline -0.001 -8"><span class='ocrx_word' id='word_1_676' title='bbox 1028 1721 1149 1749; x_wconf 82' lang='lat' dir='ltr'><strong>veritatis</strong></span> <span class='ocrx_word' id='word_1_677' title='bbox 1174 1726 1389 1757; x_wconf 73' lang='lat' dir='ltr'><strong>propugnatores</strong></span> <span class='ocrx_word' id='word_1_678' title='bbox 1417 1727 1498 1756; x_wconf 86' lang='lat' dir='ltr'><strong>atque</strong></span> <span class='ocrx_word' id='word_1_679' title='bbox 1535 1729 1695 1756; x_wconf 80' lang='lat' dir='ltr'><strong>praecones,</strong></span> <span class='ocrx_word' id='word_1_680' title='bbox 1721 1726 1816 1749; x_wconf 90' lang='lat' dir='ltr'><strong>contu-</strong></span> 
     </span>
    </p>
   </div>
   <div class='ocr_carea' id='block_1_96' title="bbox 1027 1767 1816 1802">
    <p class='ocr_par' dir='ltr' id='par_1_96' title="bbox 1027 1767 1816 1802">
     <span class='ocr_line' id='line_1_96' title="bbox 1027 1767 1816 1802; baseline -0.003 -6"><span class='ocrx_word' id='word_1_681' title='bbox 1027 1767 1122 1796; x_wconf 85' lang='lat' dir='ltr'><strong>melias</strong></span> <span class='ocrx_word' id='word_1_682' title='bbox 1149 1772 1177 1796; x_wconf 82' lang='lat' dir='ltr'><strong>et</strong></span> <span class='ocrx_word' id='word_1_683' title='bbox 1205 1768 1330 1795; x_wconf 82' lang='lat' dir='ltr'><strong>exsilium</strong></span> <span class='ocrx_word' id='word_1_684' title='bbox 1355 1768 1426 1802; x_wconf 41' lang='lat' dir='ltr'><strong>&#39;pati</strong></span> <span class='ocrx_word' id='word_1_685' title='bbox 1457 1768 1597 1800; x_wconf 83' lang='lat' dir='ltr'><strong>maluere,</strong></span> <span class='ocrx_word' id='word_1_686' title='bbox 1625 1772 1653 1795; x_wconf 92' lang='lat' dir='ltr'><strong>et</strong></span> <span class='ocrx_word' id='word_1_687' title='bbox 1679 1767 1816 1802; x_wconf 86' lang='lat' dir='ltr'><strong>pertulere</strong></span> 
     </span>
    </p>
   </div>
   <div class='ocr_carea' id='block_1_97' title="bbox 1027 1813 1815 1849">
    <p class='ocr_par' dir='ltr' id='par_1_97' title="bbox 1027 1813 1815 1849">
     <span class='ocr_line' id='line_1_97' title="bbox 1027 1813 1815 1849; baseline -0.003 -7"><span class='ocrx_word' id='word_1_688' title='bbox 1027 1813 1126 1849; x_wconf 84' lang='lat' dir='ltr'><strong>reipsa.</strong></span> <span class='ocrx_word' id='word_1_689' title='bbox 1148 1821 1228 1848; x_wconf 88' lang='lat' dir='ltr'><strong>quam</strong></span> <span class='ocrx_word' id='word_1_690' title='bbox 1243 1815 1374 1841; x_wconf 84' lang='lat' dir='ltr'><strong>adversus</strong></span> <span class='ocrx_word' id='word_1_691' title='bbox 1392 1814 1569 1841; x_wconf 83' lang='lat' dir='ltr'><strong>Athanasium</strong></span> <span class='ocrx_word' id='word_1_692' title='bbox 1587 1814 1770 1845; x_wconf 85' lang='lat' dir='ltr'><strong>subscribere,</strong></span> <span class='ocrx_word' id='word_1_693' title='bbox 1786 1817 1815 1840; x_wconf 86' lang='lat' dir='ltr'><strong>et</strong></span> 
     </span>
    </p>
   </div>
   <div class='ocr_carea' id='block_1_98' title="bbox 1026 1859 1815 1894">
    <p class='ocr_par' dir='ltr' id='par_1_98' title="bbox 1026 1859 1815 1894">
     <span class='ocr_line' id='line_1_98' title="bbox 1026 1859 1815 1894; baseline -0.001 -7"><span class='ocrx_word' id='word_1_694' title='bbox 1026 1867 1087 1887; x_wconf 90' lang='lat' dir='ltr'><strong>cum</strong></span> <span class='ocrx_word' id='word_1_695' title='bbox 1113 1859 1221 1888; x_wconf 84' lang='lat' dir='ltr'><strong>Arianis</strong></span> <span class='ocrx_word' id='word_1_696' title='bbox 1240 1860 1451 1888; x_wconf 86' lang='lat' dir='ltr'><strong>communicare.</strong></span> <span class='ocrx_word' id='word_1_697' title='bbox 1476 1860 1576 1887; x_wconf 90' lang='lat' dir='ltr'><strong>Eorum</strong></span> <span class='ocrx_word' id='word_1_698' title='bbox 1596 1860 1667 1886; x_wconf 91' lang='lat' dir='ltr'><strong>enim</strong></span> <span class='ocrx_word' id='word_1_699' title='bbox 1691 1867 1750 1894; x_wconf 64' lang='lat' dir='ltr'><strong>qua;</strong></span> <span class='ocrx_word' id='word_1_700' title='bbox 1771 1859 1815 1886; x_wconf 85' lang='lat' dir='ltr'><strong>do-</strong></span> 
     </span>
    </p>
   </div>
   <div class='ocr_carea' id='block_1_99' title="bbox 1027 1904 1814 1940">
    <p class='ocr_par' dir='ltr' id='par_1_99' title="bbox 1027 1904 1814 1940">
     <span class='ocr_line' id='line_1_99' title="bbox 1027 1904 1814 1940; baseline -0.003 -7"><span class='ocrx_word' id='word_1_701' title='bbox 1027 1909 1143 1933; x_wconf 87' lang='lat' dir='ltr'><strong>cuerant</strong></span> <span class='ocrx_word' id='word_1_702' title='bbox 1166 1905 1237 1932; x_wconf 83' lang='lat' dir='ltr'><strong>haud</strong></span> <span class='ocrx_word' id='word_1_703' title='bbox 1260 1905 1433 1932; x_wconf 88' lang='lat' dir='ltr'><strong>immemores</strong></span> <span class='ocrx_word' id='word_1_704' title='bbox 1462 1904 1558 1938; x_wconf 81' lang='lat' dir='ltr'><strong>luere,</strong></span> <span class='ocrx_word' id='word_1_705' title='bbox 1589 1905 1708 1940; x_wconf 90' lang='lat' dir='ltr'><strong>quinimo</strong></span> <span class='ocrx_word' id='word_1_706' title='bbox 1732 1905 1814 1939; x_wconf 83' lang='lat' dir='ltr'><strong>prubo</strong></span> 
     </span>
    </p>
   </div>
   <div class='ocr_carea' id='block_1_100' title="bbox 1026 1950 1812 1985">
    <p class='ocr_par' dir='ltr' id='par_1_100' title="bbox 1026 1950 1812 1985">
     <span class='ocr_line' id='line_1_100' title="bbox 1026 1950 1812 1985; baseline 0 -8"><span class='ocrx_word' id='word_1_707' title='bbox 1026 1955 1145 1982; x_wconf 87' lang='lat' dir='ltr'><strong>norunt,</strong></span> <span class='ocrx_word' id='word_1_708' title='bbox 1171 1951 1354 1985; x_wconf 89' lang='lat' dir='ltr'><strong>proditoribus</strong></span> <span class='ocrx_word' id='word_1_709' title='bbox 1379 1950 1492 1978; x_wconf 92' lang='lat' dir='ltr'><strong>multum</strong></span> <span class='ocrx_word' id='word_1_710' title='bbox 1521 1951 1656 1983; x_wconf 85' lang='lat' dir='ltr'><strong>dedecus.</strong></span> <span class='ocrx_word' id='word_1_711' title='bbox 1671 1951 1812 1978; x_wconf 78' lang='lat' dir='ltr'><strong>veritatem</strong></span> 
     </span>
    </p>
   </div>
   <div class='ocr_carea' id='block_1_101' title="bbox 1026 1996 1812 2032">
    <p class='ocr_par' dir='ltr' id='par_1_101' title="bbox 1026 1996 1812 2032">
     <span class='ocr_line' id='line_1_101' title="bbox 1026 1996 1812 2032; baseline 0 -9"><span class='ocrx_word' id='word_1_712' title='bbox 1026 2000 1115 2024; x_wconf 84' lang='lat' dir='ltr'><strong>autem</strong></span> <span class='ocrx_word' id='word_1_713' title='bbox 1132 1996 1334 2029; x_wconf 81' lang='lat' dir='ltr'><strong>conﬁtentibus,</strong></span> <span class='ocrx_word' id='word_1_714' title='bbox 1349 2003 1461 2032; x_wconf 77' lang='lat' dir='ltr'><strong>regnum</strong></span> <span class='ocrx_word' id='word_1_715' title='bbox 1483 1996 1612 2024; x_wconf 70' lang='lat' dir='ltr'><strong>cmlorum</strong></span> <span class='ocrx_word' id='word_1_716' title='bbox 1634 1997 1812 2024; x_wconf 80' lang='lat' dir='ltr'><strong>obventurunt</strong></span> 
     </span>
    </p>
   </div>
   <div class='ocr_carea' id='block_1_102' title="bbox 1025 2043 1812 2071">
    <p class='ocr_par' dir='ltr' id='par_1_102' title="bbox 1025 2043 1812 2071">
     <span class='ocr_line' id='line_1_102' title="bbox 1025 2043 1812 2071; baseline -0.001 -1"><span class='ocrx_word' id='word_1_717' title='bbox 1025 2049 1105 2071; x_wconf 86' lang='lat' dir='ltr'><strong>esse:</strong></span> <span class='ocrx_word' id='word_1_718' title='bbox 1123 2043 1266 2070; x_wconf 86' lang='lat' dir='ltr'><strong>incuriosis</strong></span> <span class='ocrx_word' id='word_1_719' title='bbox 1285 2043 1350 2071; x_wconf 88' lang='lat' dir='ltr'><strong>item</strong></span> <span class='ocrx_word' id='word_1_720' title='bbox 1371 2048 1398 2070; x_wconf 88' lang='lat' dir='ltr'><strong>et</strong></span> <span class='ocrx_word' id='word_1_721' title='bbox 1418 2043 1609 2070; x_wconf 79' lang='lat' dir='ltr'><strong>Constantium</strong></span> <span class='ocrx_word' id='word_1_722' title='bbox 1635 2043 1812 2070; x_wconf 81' lang='lat' dir='ltr'><strong>reformidan-</strong></span> 
     </span>
    </p>
   </div>
   <div class='ocr_carea' id='block_1_103' title="bbox 1025 2087 1812 2123">
    <p class='ocr_par' dir='ltr' id='par_1_103' title="bbox 1025 2087 1812 2123">
     <span class='ocr_line' id='line_1_103' title="bbox 1025 2087 1812 2123; baseline -0.001 -8"><span class='ocrx_word' id='word_1_723' title='bbox 1025 2089 1107 2121; x_wconf 86' lang='lat' dir='ltr'><strong>tibus,</strong></span> <span class='ocrx_word' id='word_1_724' title='bbox 1134 2087 1202 2115; x_wconf 78' lang='lat' dir='ltr'><strong>nihil</strong></span> <span class='ocrx_word' id='word_1_725' title='bbox 1228 2088 1286 2116; x_wconf 85' lang='lat' dir='ltr'><strong>fore</strong></span> <span class='ocrx_word' id='word_1_726' title='bbox 1312 2089 1398 2122; x_wconf 85' lang='lat' dir='ltr'><strong>boni;</strong></span> <span class='ocrx_word' id='word_1_727' title='bbox 1432 2088 1465 2116; x_wconf 90' lang='lat' dir='ltr'><strong>iis</strong></span> <span class='ocrx_word' id='word_1_728' title='bbox 1494 2093 1583 2116; x_wconf 85' lang='lat' dir='ltr'><strong>autem</strong></span> <span class='ocrx_word' id='word_1_729' title='bbox 1611 2089 1655 2123; x_wconf 89' lang='lat' dir='ltr'><strong>qui</strong></span> <span class='ocrx_word' id='word_1_730' title='bbox 1679 2095 1812 2116; x_wconf 60' lang='lat' dir='ltr'><strong>erumnas</strong></span> 
     </span>
    </p>
   </div>
   <div class='ocr_carea' id='block_1_104' title="bbox 1024 2133 1812 2170">
    <p class='ocr_par' dir='ltr' id='par_1_104' title="bbox 1024 2133 1812 2170">
     <span class='ocr_line' id='line_1_104' title="bbox 1024 2133 1812 2170; baseline -0.001 -9"><span class='ocrx_word' id='word_1_731' title='bbox 1024 2133 1195 2169; x_wconf 82' lang='lat' dir='ltr'><strong>pertulerint,</strong></span> <span class='ocrx_word' id='word_1_732' title='bbox 1222 2138 1251 2160; x_wconf 87' lang='lat' dir='ltr'><strong>ut</strong></span> <span class='ocrx_word' id='word_1_733' title='bbox 1272 2135 1361 2162; x_wconf 80' lang='lat' dir='ltr'><strong>nautis</strong></span> <span class='ocrx_word' id='word_1_734' title='bbox 1378 2139 1439 2170; x_wconf 91' lang='lat' dir='ltr'><strong>post</strong></span> <span class='ocrx_word' id='word_1_735' title='bbox 1461 2139 1666 2170; x_wconf 85' lang='lat' dir='ltr'><strong>tempestatem,</strong></span> <span class='ocrx_word' id='word_1_736' title='bbox 1683 2134 1812 2168; x_wconf 84' lang='lat' dir='ltr'><strong>tranquil-</strong></span> 
     </span>
    </p>
   </div>
   <div class='ocr_carea' id='block_1_105' title="bbox 1027 2180 1811 2216">
    <p class='ocr_par' dir='ltr' id='par_1_105' title="bbox 1027 2180 1811 2216">
     <span class='ocr_line' id='line_1_105' title="bbox 1027 2180 1811 2216; baseline 0 -9"><span class='ocrx_word' id='word_1_737' title='bbox 1027 2180 1068 2208; x_wconf 84' lang='lat' dir='ltr'><strong>lus</strong></span> <span class='ocrx_word' id='word_1_738' title='bbox 1096 2185 1199 2216; x_wconf 88' lang='lat' dir='ltr'><strong>portus,</strong></span> <span class='ocrx_word' id='word_1_739' title='bbox 1226 2187 1258 2207; x_wconf 88' lang='lat' dir='ltr'><strong>ac</strong></span> <span class='ocrx_word' id='word_1_740' title='bbox 1282 2181 1353 2208; x_wconf 86' lang='lat' dir='ltr'><strong>sicut</strong></span> <span class='ocrx_word' id='word_1_741' title='bbox 1377 2180 1486 2207; x_wconf 85' lang='lat' dir='ltr'><strong>athletis</strong></span> <span class='ocrx_word' id='word_1_742' title='bbox 1505 2184 1566 2215; x_wconf 87' lang='lat' dir='ltr'><strong>post</strong></span> <span class='ocrx_word' id='word_1_743' title='bbox 1585 2184 1744 2212; x_wconf 87' lang='lat' dir='ltr'><strong>certamen,</strong></span> <span class='ocrx_word' id='word_1_744' title='bbox 1768 2188 1811 2207; x_wconf 46' lang='lat' dir='ltr'><strong>co.</strong></span> 
     </span>
    </p>
   </div>
   <div class='ocr_carea' id='block_1_106' title="bbox 1026 2225 1810 2261">
    <p class='ocr_par' dir='ltr' id='par_1_106' title="bbox 1026 2225 1810 2261">
     <span class='ocr_line' id='line_1_106' title="bbox 1026 2225 1810 2261; baseline -0.001 -8"><span class='ocrx_word' id='word_1_745' title='bbox 1026 2233 1092 2253; x_wconf 89' lang='lat' dir='ltr'><strong>rona</strong></span> <span class='ocrx_word' id='word_1_746' title='bbox 1109 2226 1208 2259; x_wconf 83' lang='lat' dir='ltr'><strong>datur;</strong></span> <span class='ocrx_word' id='word_1_747' title='bbox 1223 2227 1258 2253; x_wconf 82' lang='lat' dir='ltr'><strong>ita</strong></span> <span class='ocrx_word' id='word_1_748' title='bbox 1270 2231 1298 2254; x_wconf 88' lang='lat' dir='ltr'><strong>et</strong></span> <span class='ocrx_word' id='word_1_749' title='bbox 1308 2226 1362 2253; x_wconf 87' lang='lat' dir='ltr'><strong>illis</strong></span> <span class='ocrx_word' id='word_1_750' title='bbox 1377 2233 1502 2261; x_wconf 75' lang='lat' dir='ltr'><strong>magnum</strong></span> <span class='ocrx_word' id='word_1_751' title='bbox 1516 2231 1701 2260; x_wconf 70' lang='lat' dir='ltr'><strong>aeternumque</strong></span> <span class='ocrx_word' id='word_1_752' title='bbox 1716 2225 1742 2252; x_wconf 95' lang='lat' dir='ltr'><strong>in</strong></span> <span class='ocrx_word' id='word_1_753' title='bbox 1756 2232 1810 2252; x_wconf 70' lang='lat' dir='ltr'><strong>cm-</strong></span> 
     </span>
    </p>
   </div>
   <div class='ocr_carea' id='block_1_107' title="bbox 1025 2270 1809 2306">
    <p class='ocr_par' dir='ltr' id='par_1_107' title="bbox 1025 2270 1809 2306">
     <span class='ocr_line' id='line_1_107' title="bbox 1025 2270 1809 2306; baseline -0.001 -9"><span class='ocrx_word' id='word_1_754' title='bbox 1025 2270 1058 2298; x_wconf 87' lang='lat' dir='ltr'><strong>lis</strong></span> <span class='ocrx_word' id='word_1_755' title='bbox 1081 2270 1140 2298; x_wconf 82' lang='lat' dir='ltr'><strong>fore</strong></span> <span class='ocrx_word' id='word_1_756' title='bbox 1165 2271 1291 2306; x_wconf 76' lang='lat' dir='ltr'><strong>gaudium</strong></span> <span class='ocrx_word' id='word_1_757' title='bbox 1316 2270 1505 2304; x_wconf 64' lang='lat' dir='ltr'><strong>laetitiamque,</strong></span> <span class='ocrx_word' id='word_1_758' title='bbox 1528 2270 1633 2304; x_wconf 87' lang='lat' dir='ltr'><strong>qualem</strong></span> <span class='ocrx_word' id='word_1_759' title='bbox 1649 2270 1746 2304; x_wconf 79' lang='lat' dir='ltr'><strong>Juseph</strong></span> <span class='ocrx_word' id='word_1_760' title='bbox 1764 2270 1809 2296; x_wconf 83' lang='lat' dir='ltr'><strong>ha-</strong></span> 
     </span>
    </p>
   </div>
   <div class='ocr_carea' id='block_1_108' title="bbox 1025 2315 1808 2351">
    <p class='ocr_par' dir='ltr' id='par_1_108' title="bbox 1025 2315 1808 2351">
     <span class='ocr_line' id='line_1_108' title="bbox 1025 2315 1808 2351; baseline -0.003 -7"><span class='ocrx_word' id='word_1_761' title='bbox 1025 2316 1083 2344; x_wconf 88' lang='lat' dir='ltr'><strong>buit</strong></span> <span class='ocrx_word' id='word_1_762' title='bbox 1104 2321 1165 2351; x_wconf 88' lang='lat' dir='ltr'><strong>post</strong></span> <span class='ocrx_word' id='word_1_763' title='bbox 1189 2315 1249 2343; x_wconf 80' lang='lat' dir='ltr'><strong>illas</strong></span> <span class='ocrx_word' id='word_1_764' title='bbox 1273 2315 1465 2343; x_wconf 88' lang='lat' dir='ltr'><strong>calamitates:</strong></span> <span class='ocrx_word' id='word_1_765' title='bbox 1487 2315 1592 2350; x_wconf 85' lang='lat' dir='ltr'><strong>qualem</strong></span> <span class='ocrx_word' id='word_1_766' title='bbox 1620 2323 1732 2350; x_wconf 76' lang='lat' dir='ltr'><strong>magnus</strong></span> <span class='ocrx_word' id='word_1_767' title='bbox 1757 2315 1808 2342; x_wconf 83' lang='lat' dir='ltr'><strong>Da-</strong></span> 
     </span>
    </p>
   </div>
   <div class='ocr_carea' id='block_1_109' title="bbox 1024 2360 1809 2397">
    <p class='ocr_par' dir='ltr' id='par_1_109' title="bbox 1024 2360 1809 2397">
     <span class='ocr_line' id='line_1_109' title="bbox 1024 2360 1809 2397; baseline -0.003 -7"><span class='ocrx_word' id='word_1_768' title='bbox 1024 2362 1078 2390; x_wconf 87' lang='lat' dir='ltr'><strong>niel</strong></span> <span class='ocrx_word' id='word_1_769' title='bbox 1105 2367 1165 2397; x_wconf 79' lang='lat' dir='ltr'><strong>post</strong></span> <span class='ocrx_word' id='word_1_770' title='bbox 1193 2360 1367 2394; x_wconf 88' lang='lat' dir='ltr'><strong>tentationes,</strong></span> <span class='ocrx_word' id='word_1_771' title='bbox 1394 2361 1546 2396; x_wconf 88' lang='lat' dir='ltr'><strong>multasque</strong></span> <span class='ocrx_word' id='word_1_772' title='bbox 1571 2361 1717 2389; x_wconf 88' lang='lat' dir='ltr'><strong>aulicorum</strong></span> <span class='ocrx_word' id='word_1_773' title='bbox 1746 2362 1809 2389; x_wconf 86' lang='lat' dir='ltr'><strong>insi-</strong></span> 
     </span>
    </p>
   </div>
   <div class='ocr_carea' id='block_1_110' title="bbox 1024 2406 1810 2443">
    <p class='ocr_par' dir='ltr' id='par_1_110' title="bbox 1024 2406 1810 2443">
     <span class='ocr_line' id='line_1_110' title="bbox 1024 2406 1810 2443; baseline -0.001 -8"><span class='ocrx_word' id='word_1_774' title='bbox 1024 2409 1105 2436; x_wconf 85' lang='lat' dir='ltr'><strong>dias:</strong></span> <span class='ocrx_word' id='word_1_775' title='bbox 1122 2407 1229 2443; x_wconf 88' lang='lat' dir='ltr'><strong>qttalem</strong></span> <span class='ocrx_word' id='word_1_776' title='bbox 1254 2415 1326 2435; x_wconf 88' lang='lat' dir='ltr'><strong>nunc</strong></span> <span class='ocrx_word' id='word_1_777' title='bbox 1344 2407 1444 2435; x_wconf 84' lang='lat' dir='ltr'><strong>Paulus</strong></span> <span class='ocrx_word' id='word_1_778' title='bbox 1464 2408 1545 2435; x_wconf 85' lang='lat' dir='ltr'><strong>habet</strong></span> <span class='ocrx_word' id='word_1_779' title='bbox 1565 2415 1579 2434; x_wconf 83' lang='lat' dir='ltr'><strong>a</strong></span> <span class='ocrx_word' id='word_1_780' title='bbox 1602 2406 1741 2434; x_wconf 85' lang='lat' dir='ltr'><strong>Salvatore</strong></span> <span class='ocrx_word' id='word_1_781' title='bbox 1764 2415 1810 2434; x_wconf 86' lang='lat' dir='ltr'><strong>co-</strong></span> 
     </span>
    </p>
   </div>
   <div class='ocr_carea' id='block_1_111' title="bbox 1024 2452 1809 2489">
    <p class='ocr_par' dir='ltr' id='par_1_111' title="bbox 1024 2452 1809 2489">
     <span class='ocr_line' id='line_1_111' title="bbox 1024 2452 1809 2489; baseline -0.001 -8"><span class='ocrx_word' id='word_1_782' title='bbox 1024 2458 1135 2481; x_wconf 87' lang='lat' dir='ltr'><strong>ronatus</strong></span> <span class='ocrx_word' id='word_1_783' title='bbox 1152 2462 1159 2480; x_wconf 91' lang='lat'><strong>:</strong></span> <span class='ocrx_word' id='word_1_784' title='bbox 1176 2454 1285 2481; x_wconf 85' lang='lat' dir='ltr'><strong>aualcm</strong></span> <span class='ocrx_word' id='word_1_785' title='bbox 1309 2458 1498 2489; x_wconf 81' lang='lat' dir='ltr'><strong>exspectantes</strong></span> <span class='ocrx_word' id='word_1_786' title='bbox 1516 2460 1612 2480; x_wconf 89' lang='lat' dir='ltr'><strong>omnes</strong></span> <span class='ocrx_word' id='word_1_787' title='bbox 1635 2452 1734 2487; x_wconf 86' lang='lat' dir='ltr'><strong>ubique</strong></span> <span class='ocrx_word' id='word_1_788' title='bbox 1760 2460 1809 2487; x_wconf 87' lang='lat' dir='ltr'><strong>po-</strong></span> 
     </span>
    </p>
   </div>
   <div class='ocr_carea' id='block_1_112' title="bbox 1024 2497 1808 2533">
    <p class='ocr_par' dir='ltr' id='par_1_112' title="bbox 1024 2497 1808 2533">
     <span class='ocr_line' id='line_1_112' title="bbox 1024 2497 1808 2533; baseline -0.001 -8"><span class='ocrx_word' id='word_1_789' title='bbox 1024 2499 1079 2533; x_wconf 91' lang='lat' dir='ltr'><strong>puli</strong></span> <span class='ocrx_word' id='word_1_790' title='bbox 1110 2498 1178 2530; x_wconf 85' lang='lat' dir='ltr'><strong>Dei,</strong></span> <span class='ocrx_word' id='word_1_791' title='bbox 1208 2498 1266 2525; x_wconf 67' lang='lat' dir='ltr'><strong>haec</strong></span> <span class='ocrx_word' id='word_1_792' title='bbox 1292 2506 1354 2526; x_wconf 88' lang='lat' dir='ltr'><strong>cum</strong></span> <span class='ocrx_word' id='word_1_793' title='bbox 1379 2499 1502 2526; x_wconf 86' lang='lat' dir='ltr'><strong>viderent</strong></span> <span class='ocrx_word' id='word_1_794' title='bbox 1530 2498 1621 2525; x_wconf 86' lang='lat' dir='ltr'><strong>animo</strong></span> <span class='ocrx_word' id='word_1_795' title='bbox 1647 2497 1723 2525; x_wconf 88' lang='lat' dir='ltr'><strong>l‘racti</strong></span> <span class='ocrx_word' id='word_1_796' title='bbox 1756 2506 1808 2525; x_wconf 84' lang='lat' dir='ltr'><strong>non</strong></span> 
     </span>
    </p>
   </div>
   <div class='ocr_carea' id='block_1_113' title="bbox 1024 2545 1809 2580">
    <p class='ocr_par' dir='ltr' id='par_1_113' title="bbox 1024 2545 1809 2580">
     <span class='ocr_line' id='line_1_113' title="bbox 1024 2545 1809 2580; baseline -0.001 -7"><span class='ocrx_word' id='word_1_797' title='bbox 1024 2550 1104 2577; x_wconf 86' lang='lat' dir='ltr'><strong>sunt,</strong></span> <span class='ocrx_word' id='word_1_798' title='bbox 1129 2546 1193 2580; x_wconf 92' lang='lat' dir='ltr'><strong>quin</strong></span> <span class='ocrx_word' id='word_1_799' title='bbox 1218 2545 1308 2580; x_wconf 80' lang='lat' dir='ltr'><strong>potius</strong></span> <span class='ocrx_word' id='word_1_800' title='bbox 1333 2545 1359 2572; x_wconf 86' lang='lat' dir='ltr'><strong>in</strong></span> <span class='ocrx_word' id='word_1_801' title='bbox 1385 2545 1436 2572; x_wconf 76' lang='lat' dir='ltr'><strong>[ide</strong></span> <span class='ocrx_word' id='word_1_802' title='bbox 1461 2545 1599 2576; x_wconf 78' lang='lat' dir='ltr'><strong>ruborati,</strong></span> <span class='ocrx_word' id='word_1_803' title='bbox 1627 2553 1703 2572; x_wconf 87' lang='lat' dir='ltr'><strong>suam</strong></span> <span class='ocrx_word' id='word_1_804' title='bbox 1724 2546 1809 2580; x_wconf 75' lang='lat' dir='ltr'><strong>magis</strong></span> 
     </span>
    </p>
   </div>
   <div class='ocr_carea' id='block_1_114' title="bbox 1022 2590 1795 2625">
    <p class='ocr_par' dir='ltr' id='par_1_114' title="bbox 1022 2590 1795 2625">
     <span class='ocr_line' id='line_1_114' title="bbox 1022 2590 1795 2625; baseline -0.001 -7"><span class='ocrx_word' id='word_1_805' title='bbox 1022 2599 1125 2619; x_wconf 83' lang='lat' dir='ltr'><strong>auxere</strong></span> <span class='ocrx_word' id='word_1_806' title='bbox 1159 2591 1339 2619; x_wconf 80' lang='lat' dir='ltr'><strong>alacritatem.</strong></span> <span class='ocrx_word' id='word_1_807' title='bbox 1376 2590 1549 2625; x_wconf 75' lang='lat' dir='ltr'><strong>Deprehensa</strong></span> <span class='ocrx_word' id='word_1_808' title='bbox 1577 2590 1676 2625; x_wconf 89' lang='lat' dir='ltr'><strong>quippe</strong></span> <span class='ocrx_word' id='word_1_809' title='bbox 1702 2590 1795 2617; x_wconf 75' lang='lat' dir='ltr'><strong>luereti</strong></span> 
     </span>
    </p>
   </div>
   <div class='ocr_carea' id='block_1_115' title="bbox 1068 2745 1681 2783">
    <p class='ocr_par' dir='ltr' id='par_1_115' title="bbox 1068 2745 1681 2783">
     <span class='ocr_line' id='line_1_115' title="bbox 1068 2745 1681 2783; baseline 0 -8"><span class='ocrx_word' id='word_1_810' title='bbox 1068 2747 1114 2783; x_wconf 70' lang='lat'><strong>92)</strong></span> <span class='ocrx_word' id='word_1_811' title='bbox 1129 2748 1193 2782; x_wconf 78' lang='lat' dir='ltr'><strong>Reg.</strong></span> <span class='ocrx_word' id='word_1_812' title='bbox 1208 2746 1395 2783; x_wconf 56' lang='grc' dir='ltr'><strong>μᾶλλαλῇθιίἰ.</strong></span> <span class='ocrx_word' id='word_1_813' title='bbox 1410 2746 1481 2783; x_wconf 81' lang='grc' dir='ltr'><strong>μάλα</strong></span> <span class='ocrx_word' id='word_1_814' title='bbox 1493 2745 1681 2782; x_wconf 76' lang='grc' dir='ltr'><strong>γινώσκουσιν.</strong></span> 
     </span>
    </p>
   </div>
   <div class='ocr_carea' id='block_1_116' title="bbox 1055 2747 1383 2819">
    <p class='ocr_par' dir='ltr' id='par_1_116' title="bbox 1055 2747 1383 2819">
     <span class='ocr_line' id='line_1_116' title="bbox 1068 2747 1383 2783; baseline -0.006 -7"><span class='ocrx_word' id='word_1_815' title='bbox 1068 2747 1103 2776; x_wconf 69' lang='lat'><strong>92</strong></span> <span class='ocrx_word' id='word_1_816' title='bbox 1129 2748 1193 2782; x_wconf 78' lang='lat' dir='ltr'><strong>Reg.</strong></span> <span class='ocrx_word' id='word_1_817' title='bbox 1208 2747 1383 2783; x_wconf 71' lang='grc' dir='ltr'><strong>μᾶλλα.Β³ιί1</strong></span> 
     </span>
     <span class='ocr_line' id='line_1_117' title="bbox 1055 2747 1383 2819; baseline 0 -10"><span class='ocrx_word' id='word_1_818' title='bbox 1055 2747 1114 2819; x_wconf 46' lang='lat'><strong>£93}</strong></span> <span class='ocrx_word' id='word_1_819' title='bbox 1129 2783 1175 2810; x_wconf 79' lang='grc' dir='ltr'><strong>Ἐκ</strong></span> <span class='ocrx_word' id='word_1_820' title='bbox 1191 2784 1265 2811; x_wconf 61' lang='lat' dir='ltr'><strong>deest</strong></span> <span class='ocrx_word' id='word_1_821' title='bbox 1279 2783 1304 2811; x_wconf 84' lang='lat' dir='ltr'><strong>in</strong></span> <span class='ocrx_word' id='word_1_822' title='bbox 1317 2782 1383 2819; x_wconf 70' lang='lat' dir='ltr'><strong>Reg.</strong></span> 
     </span>
    </p>
   </div>
  </div>
