2007 3044
185 151 237 180 795

645 149 807 179 HISTORIA
838 150 1048 179 ARIANORUM
1081 150 1126 178 AD
1146 149 1345 180 MONACHOS.

1763 151 1813 181 794

185 209 314 245 αὐτῷ,ιῖ›ς
333 207 394 235 οὔτε
412 207 527 239 θορύϐου
549 208 775 247 γευομένουμιΰτε
790 208 861 240 τινὸς
872 208 966 235 ἀποθαι

1029 207 1152 240 mullum,
1171 208 1272 235 nullum
1288 207 1406 235 occisum
1426 208 1509 236 fuisse
1527 219 1533 236 :
1555 209 1626 244 quod
1641 216 1707 237 sane
1739 210 1813 237 haud

185 255 288 286 νόντος·
305 254 416 289 ἐλεγχος
427 254 456 280 δὲ
474 250 552 285 οὗτος
571 254 621 280 οὐκ
639 254 727 288 ὀλίγος
751 254 788 289 μὴ
812 254 973 290 γεγενῆσθαι

184 300 270 327 ταῦτα
285 300 355 327 κατὰ
376 299 490 334 γνώμην
515 299 563 326 τοῦ
596 299 856 334 φιλανθρωποτάτου
871 299 974 333 Αὐγού-

185 355 249 374 στου
263 346 461 374 Κωνσταντίου.
474 346 531 372 Οὐκ
541 346 572 373 ἂν
583 345 637 381 γὰρ
646 345 764 382 ἐφοόήθη
776 345 822 372 ἐπὶ
834 346 889 377 τοῖς
905 345 975 372 οὕτω

185 394 349 429 γενομένοις,
381 394 404 419 εί
431 394 464 419 ἐκ
485 392 658 428 προστάξεως
685 391 773 418 ταῦτα
800 392 972 428 ἐπεποιήκει.

185 441 241 467 Καὶ
273 440 326 476 γὰρ
349 441 396 467 καὶ
416 439 584 471 ἀπελθόντας
617 439 691 474 ἡμᾶς
716 439 783 473 πρὸς
803 438 895 472 αὑτὸν,
922 439 969 466 καὶ

184 486 326 518 ἀξιοῦντας
353 486 447 521 μηδενὶ
481 485 541 520 βίαν
567 486 665 517 ποιεῖν,
692 485 759 520 μηδὲ
786 485 924 521 ἀρνεῖσθαι
939 485 973 512 τὰ

183 533 326 568 γενόμενα,
344 532 483 563 ἐκέλευσε,
498 531 680 566 Χριστιανοὺς
693 532 768 566 ἡμᾶς
782 531 872 563 ὄντας,
887 540 973 558 κατα-

184 578 301 613 κοπῆναι
318 577 460 614 ροπάλοις⁴
481 577 588 609 δεικνὺς
605 576 653 603 καὶ
670 578 702 603 ὲκ
717 577 818 603 τούτων
833 577 879 604 τὸν
894 578 972 612 γενό-

185 633 264 661 μενον
288 624 384 656 νυκτδς
410 624 526 658 πόλεμον
551 623 622 650 κατὰ
653 623 702 658 τῆς
722 622 892 658 Ἐκκλησίας.
923 623 972 650 Διὰ

182 671 262 698 τοῦτο
276 671 323 698 καὶ
336 670 383 697 νῦν
398 670 484 697 ταῦτα
503 668 758 705 διαμαρτυρόμεθα,
775 669 825 704 ήδη
843 669 890 695 καὶ⁸
908 668 972 704 μελ-

182 719 281 746 λόντων
298 719 376 745 τινῶν
394 718 422 751 ἐξ
438 717 516 753 ἡμῶν
530 717 682 752 ἀποδημεῖν
704 717 779 752 παρὰ
798 717 842 744 τὸν
866 717 972 744 εὐσεϐέ-

183 774 278 792 στατον
295 764 456 799 Αὔγουστον.
478 763 640 800 Ὀρκὶζομεν
662 764 690 790 δὲ
711 763 782 790 κατὰ
804 763 850 790 τοῦ
872 772 970 790 παντο-

182 810 314 847 κράτορος
337 809 404 836 Θεοῦ
426 809 497 845 ὑπὲρ
509 809 561 845 τῆς
585 809 723 844 σωτηρίας
743 808 789 835 τοῦ
809 809 970 836 εὐσεϐεστά-

181 865 228 883 του
254 854 410 889 Αὐγούστου
430 854 631 886 Κωνσταντίου,
649 854 694 880 τόν
716 862 746 880 τε
775 853 894 889 ἔπαρχον
920 854 969 889 τῆς

181 901 319 935 Αἰγύπτου
335 900 461 936 Μάξιμον
477 900 524 927 καὶ
548 900 610 931 τοὺς
629 899 796 935 κουριώσους
814 900 970 934 ἀνενεγκεῖν

181 947 272 974 πάντα
295 947 341 973 ἐπὶ
363 946 412 982 τὴν
437 945 579 972 εὐσέϐειαν
609 944 655 971 τοῦ
680 944 906 979 Αύγούστου.καὶ
920 945 970 981 τὴν

180 991 305 1024 ἐξουσίαν
318 990 373 1018 τῶν
389 990 588 1026 λαμπροτάτων
608 989 746 1024 ἐπάρχων.
769 989 929 1025 Ὀρκίζομεν
941 990 970 1017 δὲ

187 1038 304 1069 καὶτοὺς
311 1036 478 1072 ναυκλήρους
486 1036 589 1067 πάντας
599 1034 717 1070 κηρύξαι
726 1035 812 1062 ταῦτα
819 1034 968 1071 πανταχοῦ,

180 1082 228 1109 καὶ
239 1084 278 1113 εις
285 1082 370 1114 ἀκοὰς
379 1081 425 1108 τοῦ
433 1079 628 1107 εὐσεϐεστάτου
637 1079 791 1114 Αὐγούστου
803 1081 969 1116 ἀνενεγκεῖν,

180 1128 227 1154 καὶ
237 1128 276 1159 είς
286 1128 349 1158 τοὺς
360 1127 508 1162 ἐπάρχους,
519 1126 566 1153 καὶ
578 1127 618 1158 εἰς
638 1126 702 1157 τοὺς
716 1125 786 1152 κατὰ
797 1126 879 1153 τόπον
894 1126 970 1154 δικα-

180 1174 254 1206 στάς·
265 1174 307 1200 ῖνα
315 1172 422 1208 γνωσθῇ
429 1173 591 1208 ὸγενόμενος
599 1172 714 1207 πόλεμος
721 1172 790 1199 κατά
800 1173 848 1208 τῆς
856 1173 969 1208 Ἐκκλη-

181 1220 253 1251 σίας,
270 1219 317 1246 καὶ
333 1219 373 1245 ὅτι
389 1220 418 1246 ἐν
430 1220 536 1254 καιροῖς
548 1218 596 1245 τοῦ
610 1218 765 1252 Αὐγούστου
780 1219 969 1246 Κωνσταντίου

178 1266 290 1301 εποίησε
308 1265 439 1300 Συριανὸς
454 1264 580 1300 γενέσθαι
602 1264 744 1300 μάρτυρας
767 1264 919 1300 παρθένους
939 1273 969 1292 τε

178 1315 224 1341 καὶ
249 1315 344 1347 ἄλλους
365 1314 479 1347 πολλούς
491 1315 539 1350 (2).
565 1314 791 1350 Ἐπιφωσκούσης
801 1314 854 1349 γὰρ
869 1314 900 1348 τῇ
917 1312 970 1348 πρὸ

177 1361 258 1388 πέντε
271 1360 349 1387 είδῶν
362 1360 580 1397 Φευϐρουαρίων,
590 1360 712 1387 τουτέστι
724 1361 773 1395 τῆς
783 1360 811 1385 ιδ’
822 1358 869 1386 τοῦ
878 1358 968 1394 Μεχὶρ

179 1407 274 1442 μηνὸς,
285 1407 494 1442 ἁγρυπνούντων
507 1406 585 1442 ἡμῶν
600 1407 629 1433 ὲν
643 1406 682 1442 τῷ
693 1405 835 1441 Κυριαχῷ,
849 1405 896 1431 καὶ
909 1405 969 1436 ταῖς

177 1453 268 1488 εὐχαῖς
291 1452 474 1488 σχολαζόντων
502 1452 624 1488 (σύναξις
638 1453 693 1488 γὰρ
709 1451 805 1487 ἔμελλε
822 1452 855 1486 τῇ
880 1458 969 1484 παρα-

177 1499 260 1533 σκευῇ
274 1498 395 1532 γίνεσθαι
406 1499 426 1533 ),
442 1498 571 1533 ἐξαίφνης
584 1499 648 1533 περὶ
658 1498 688 1524 τὸ
705 1496 879 1532 μεσονύκτιον
889 1495 969 1531 ἐπῆλ-

176 1543 222 1570 θεν
241 1545 306 1580 ἡμῖν
323 1552 352 1571 τε
369 1545 415 1570 καὶ
431 1545 463 1579 τῇ
483 1543 625 1579 ἐκκλησία
648 1545 662 1570 ὁ
688 1543 881 1578 λαμπρότατος
905 1540 968 1589 δοὺξ
981 1559 1002 1589 C

176 1589 306 1625 Συριανὸς
326 1589 394 1625 μετὰ
411 1590 516 1617 πολλῶν
536 1590 676 1624 λεγεώνων
694 1589 878 1626 στρατιωτῶν,
892 1588 967 1623 ἐχόν-

175 1645 229 1664 των
245 1635 324 1669 ὅπλα,
340 1636 387 1663 καὶ
402 1636 467 1671 ξίφη
482 1637 586 1672 γυμνὰ,
604 1637 651 1664 καὶ
659 1636 735 1672 βέλη,
750 1636 797 1662 καὶ
806 1635 874 1663 ἄλλα
888 1634 965 1661 πολε-

177 1682 245 1719 μικὰ
261 1682 356 1718 σκεύη,
370 1683 417 1709 καὶ
438 1683 488 1714 τὰς
509 1682 726 1718 περικεφαλαίας
744 1683 790 1708 ἐπὶ
813 1681 866 1708 τῶν
879 1688 963 1714 κεφα-

175 1730 229 1756 λῶν
254 1731 308 1757 Καὶ
325 1729 433 1765 ἀληθῶς
446 1730 601 1765 εὐχομένων
625 1729 702 1764 ἡμῶν
726 1729 771 1755 καὶ
787 1726 966 1762 ἀναγνώσεως

175 1776 330 1812 γινομένης,
346 1776 393 1808 τὰς
419 1776 467 1811 μὲν
493 1775 578 1811 θύρας
601 1775 752 1808 κατέαξαν·
770 1775 807 1807 ὡς
824 1775 852 1802 δὲ
870 1779 902 1814 τῇ
921 1778 966 1814 βίᾳ

175 1823 222 1850 τοῦ
249 1823 367 1858 πλήθους
391 1823 560 1858 ἡνεῲγεισαν
585 1824 613 1849 αἱ
645 1822 735 1858 θύραι,
756 1823 901 1850 ἐκέλευσε·
919 1824 965 1850 καὶ

174 1869 200 1895 οἱ
215 1869 264 1904 μὲν
279 1868 411 1901 ἐτόξευον,
426 1870 450 1895 οί
461 1869 490 1895 δὲ
501 1868 646 1905 ἠλάλαζον,
660 1869 707 1896 καὶ
722 1868 827 1901 κτύπος
842 1870 965 1904 ἐγίγνετο

175 1915 228 1941 τῶν
242 1915 342 1946 ὃπλων,
358 1916 404 1942 καὶ
422 1915 455 1941 τὰ
468 1914 531 1951 ξίφη
544 1916 716 1951 ἀντέλαμπον
733 1916 772 1951 τῷ
799 1917 831 1943 ἐκ
848 1917 902 1943 τῶν
917 1916 962 1943 λύ-

173 1969 244 1996 χνων
256 1954 335 1995 φωτί.
351 1962 406 1988 Καὶ
427 1961 521 1988 λοιπὸν
538 1963 571 1989 τὰ
588 1963 619 1988 ἐκ
639 1962 751 1993 τούτων,
768 1962 898 1998 παρθένοι
914 1963 964 1989 ἁν-

173 2007 298 2043 ῃροῦντο,
324 2008 372 2034 καὶ
386 2007 478 2034 πολλοὶ
492 2009 703 2039 κατεπατοῦντο,
729 2009 775 2036 καὶ
799 2010 963 2036 συνέπιπτον

174 2054 307 2089 ἀλλήλοις,
323 2055 516 2090 ἐπερχομένων
540 2055 592 2082 τῶν
610 2055 793 2090 στρατιωτῶν,
807 2056 852 2082 καὶ
867 2055 962 2092 ἄνδρες

173 2100 344 2135 τοξευόμενοι
366 2100 561 2128 ὲθανατοῦντο·
580 2101 645 2128 ἔνιοι
665 2101 692 2128 δὲ
714 2102 767 2128 τῶν
789 2103 962 2138 στρατιωτῶν

173 2147 220 2172 καὶ
253 2147 299 2173 ἐπὶ
333 2146 363 2172 τὸ
400 2146 560 2183 διαρπάζειν
587 2147 753 2183 ἐτρέποντο,
784 2149 831 2174 καὶ
856 2148 963 2184 γυμνὰς

173 2192 254 2218 ἴστων
272 2194 310 2229 (5)
329 2194 378 2226 τὰς
406 2193 565 2229 παρθένους,
595 2193 676 2220 ὁπότε
704 2193 784 2227 φόϐος
807 2191 841 2229 ἦν
868 2194 962 2225 αὑταῖς

1027 253 1084 281 leve
1098 259 1284 289 argumentum
1298 258 1339 281 est
1355 255 1413 281 lucc
1428 259 1526 289 prmter
1540 256 1703 282 sententiam
1718 256 1814 283 buma-

1027 299 1131 326 uissimi
1145 300 1259 334 Augusti
1278 299 1429 327 Constantii
1457 301 1574 328 adtuissa
1594 301 1686 328 fuisse.
1704 301 1814 336 Nequa—

1025 353 1106 380 quam
1120 345 1192 373 enim
1209 346 1244 373 ob
1263 346 1326 373 talia
1347 350 1422 380 gesta
1441 351 1585 380 metueret,
1605 347 1627 374 si
1647 346 1740 380 jussus
1768 347 1812 374 illa

1025 392 1133 426 egisset.
1154 391 1273 425 Namque
1291 391 1334 418 ille
1352 399 1399 419 nos
1430 400 1459 419 se
1486 393 1617 420 adeuntes
1636 398 1815 427 rogantesque

1026 437 1089 462 nulli
1106 437 1196 463 utvim
1212 437 1334 468 inferret,
1349 445 1417 465 neve
1431 443 1504 472 gesta
1525 443 1644 473 negaret,
1657 439 1738 472 jussit
1754 446 1813 471 nos,

1025 481 1088 510 licet
1099 483 1279 516 Christianos,
1300 483 1405 511 concidi
1428 483 1548 511 fustibus
1562 493 1569 511 :
1588 493 1618 512 ea
1632 493 1659 512 re
1672 485 1815 512 declarans

1025 535 1187 556 nocturnum
1203 529 1301 556 bellum
1323 534 1417 556 contra
1438 530 1585 557 Ecclesiam
1601 535 1704 565 gestum
1719 530 1813 558 fuisse.

1024 575 1195 610 Quapropter
1220 576 1276 603 htec
1290 576 1345 610 jam
1371 577 1468 604 iterum
1489 582 1683 611 contestamur,
1699 578 1813 612 quibus-

1024 624 1084 650 dam
1116 630 1149 650 ex
1178 623 1258 650 nobis
1282 624 1315 650 ad
1334 623 1483 658 piissimum
1505 624 1656 658 Augustum
1676 624 1812 657 proﬁcisci

1021 669 1076 703 jam
1092 668 1261 702 parantibus.
1270 669 1433 701 Adjuramus
1442 673 1530 695 autetn
1544 676 1591 702 per
1601 669 1813 703 omnipoteniem

1024 713 1106 741 Deum
1123 722 1171 748 pro
1188 714 1274 741 salute
1289 713 1402 748 piissimi
1422 714 1537 749 Augusti
1555 715 1720 747 Constantii,
1746 722 1814 749 prac-

1023 761 1121 787 fectum
1143 760 1254 795 Aigypti
1283 760 1441 792 Maximum,
1466 765 1493 788 et
1517 761 1650 793 curiosos,
1673 766 1700 788 ut
1720 761 1810 789 omnia

1021 807 1133 843 Augusti
1146 807 1236 841 pietati
1254 811 1281 834 et
1302 806 1512 834 clarissimorum
1533 807 1721 842 pra-lectorum
1737 814 1810 844 poto-

1022 853 1083 880 stati
1101 852 1228 880 referant.
1241 853 1404 887 Adjuramus
1418 853 1481 880 item
1497 854 1639 882 nauclerus
1659 862 1764 887 omnes,
1782 860 1810 882 ut

986 886 1006 913 Β
1023 899 1078 926 haec
1095 899 1194 934 ubique
1213 900 1380 931 renuntient,
1391 904 1418 926 et
1431 900 1464 926 ad
1477 907 1557 926 aures
1571 900 1685 934 piissimi
1697 901 1810 936 Augusti

1022 944 1150 977 referant,
1163 945 1197 972 ad
1211 945 1352 980 prtefectos
1361 945 1442 972 etiam
1454 950 1481 972 et
1494 945 1526 972 ad
1543 954 1638 974 omnes
1647 954 1695 982 per
1707 947 1811 983 singula

1022 990 1079 1018 loca
1103 991 1227 1026 judices,
1243 996 1273 1019 ut
1290 992 1388 1020 bellum
1411 992 1542 1020 adversus
1554 992 1689 1021 Ecclesias
1705 999 1810 1029 gestum

1021 1043 1187 1072 Compertum
1203 1038 1247 1071 sit,
1275 1045 1407 1073 nemoque
1429 1039 1546 1073 ignoret,
1575 1040 1743 1074 temporibus
1755 1040 1812 1067 Au-

1020 1084 1090 1118 gusti
1103 1082 1266 1116 Constantii,
1277 1083 1433 1120 Syrianum,
1447 1085 1565 1121 virgines
1576 1085 1698 1121 aliosque
1712 1086 1811 1116 mullos

1020 1129 1142 1158 effecisse
1157 1135 1300 1167 martyres.
1323 1131 1499 1159 Illuccscente
1518 1140 1634 1167 namque
1645 1134 1738 1167 quinto
1749 1134 1810 1161 ldus

1021 1175 1160 1204 Februarii
1175 1177 1229 1209 die,
1251 1178 1276 1205 id
1289 1182 1331 1205 est
1354 1178 1459 1206 decimo
1469 1184 1566 1212 quarto
1581 1179 1681 1206 mensis
1696 1179 1808 1213 Mecbir.

1020 1220 1098 1247 nobis
1114 1221 1139 1247 in
1157 1221 1273 1256 Cyriaco
1299 1222 1405 1256 vigilias
1420 1224 1572 1258 agentibus,
1590 1229 1617 1251 et
1631 1225 1748 1252 orationi
1762 1233 1811 1253 va—

1020 1266 1145 1293 cantibus
1158 1267 1279 1302 (syuaxis
1292 1268 1364 1295 enim
1387 1269 1429 1295 die
1445 1275 1605 1304 parasceves
1621 1269 1710 1298 futura
1727 1271 1809 1306 erat).

1020 1312 1092 1338 circa
1115 1313 1228 1339 mediam
1245 1318 1351 1340 noctem
1369 1314 1514 1348 derepente
1526 1315 1552 1342 in
1567 1323 1616 1343 nos
1632 1321 1659 1344 et
1675 1317 1700 1343 in
1719 1317 1809 1344 eccle-

1020 1357 1086 1384 siam
1104 1357 1203 1392 irrupit
1217 1358 1445 1393 praeclarissimus
1459 1359 1511 1387 dux
1526 1359 1656 1396 Syrianus
1669 1369 1728 1388 cum
1741 1361 1810 1389 mul-

1021 1403 1055 1430 tis
1074 1403 1224 1438 legionibus
1247 1404 1374 1438 militum,
1389 1406 1483 1438 armis,
1501 1406 1606 1433 strictis
1625 1408 1733 1442 gladiis,
1748 1408 1810 1435 telis

1019 1449 1156 1484 galeisque
1182 1451 1388 1478 instructorum.
1423 1451 1506 1478 Nobis
1538 1457 1627 1479 autem
1657 1453 1808 1487 orantibus,

1019 1500 1183 1530 peractaque
1194 1496 1319 1529 lectione,
1331 1496 1428 1531 januas
1445 1497 1480 1523 illi
1491 1497 1661 1532 cor-fregere.
1675 1498 1808 1527 Foribus-

1020 1548 1071 1576 que
1086 1541 1110 1568 vi
1131 1541 1312 1569 multitudinis
1333 1541 1489 1576 patefactis,
1505 1543 1648 1577 ejusjussu
1662 1544 1707 1572 alii
1723 1547 1807 1580 sagit-

1022 1591 1063 1614 tas
1076 1588 1212 1619 emittere,
1228 1588 1273 1614 alii
1293 1588 1418 1615 bellicum
1440 1589 1571 1623 clamare,
1588 1590 1650 1618 hinc
1669 1598 1807 1619 armorum

1021 1634 1152 1668 strepitus
1167 1633 1306 1666 insonare,
1321 1641 1399 1661 enses
1420 1635 1453 1661 ad
1473 1635 1626 1670 lampadum
1636 1636 1807 1671 splendorem

1020 1682 1147 1710 emicare.
1162 1681 1226 1709 Post
1242 1683 1298 1709 haec
1312 1682 1429 1717 virgines
1445 1683 1551 1715 occisze,
1567 1683 1644 1710 tntilli
1656 1684 1807 1711 conculcati

1019 1727 1172 1760 confertim,
1191 1728 1402 1762 irrumpentibus
1432 1729 1574 1761 militibus,
1603 1737 1740 1762 corruere,
1755 1730 1806 1757 viri

1020 1774 1124 1809 sagittis
1149 1774 1268 1801 confossi
1286 1774 1404 1801 cadere:
1422 1774 1541 1801 nonnulli
1564 1782 1596 1802 ex
1616 1776 1745 1804 militibus
1773 1777 1807 1804 ad

1019 1820 1135 1855 praedam
1145 1819 1227 1851 versi,
1239 1820 1356 1855 virgines
1369 1821 1513 1853 nudarunt,
1524 1821 1621 1855 quibus
1631 1821 1671 1848 vel
1681 1821 1807 1849 minimus

1019 1867 1132 1894 aliorum
1146 1869 1289 1893 contactus
1316 1866 1372 1900 ipsa
1392 1871 1480 1893 morte
1496 1867 1621 1894 acerbior
1631 1873 1701 1896 erat.
1722 1867 1807 1895 Porro

1019 1913 1160 1947 episcopus
1176 1913 1201 1939 in
1219 1913 1316 1939 throno
1334 1917 1397 1939 tunc
1412 1913 1520 1945 sedens,
1539 1920 1632 1940 omnes
1645 1914 1806 1941 cohortaba-

1019 1965 1062 1986 tur
1078 1960 1111 1985 ad
1131 1958 1271 1985 orantium.
1296 1958 1354 1985 Dux
1372 1962 1460 1985 autem
1484 1966 1580 1993 agmen
1595 1960 1691 1993 agebat
1707 1961 1807 1987 comite

1018 2005 1069 2031 sibi
1086 2004 1188 2030 Hilario
1200 2004 1317 2036 notario,
1335 2004 1381 2038 qui
1404 2004 1447 2030 illa
1462 1993 1670 2032 macliiuabalur
1684 2013 1743 2040 quae
1761 2014 1806 2033 re-

1018 2059 1077 2078 rum
1092 2051 1181 2077 exitus
1199 2050 1356 2078 declaravit.
1379 2050 1527 2085 Episcopus
1539 2059 1654 2087 namque
1674 2057 1804 2087 raptatus.

1018 2101 1122 2123 tantum
1139 2104 1191 2123 non
1208 2096 1361 2131 discerptus
1373 2102 1423 2123 est.
1439 2097 1467 2124 In
1480 2105 1603 2133 magnum
1619 2099 1710 2133 itaque
1723 2100 1804 2126 animi

1018 2142 1166 2176 deliquium
1196 2142 1298 2174 lsnsns,
1328 2150 1359 2170 ac
1389 2143 1446 2170 fere
1475 2144 1636 2175 exstinctus,
1667 2144 1805 2172 nescimus

1017 2196 1146 2223 quorsum
1176 2196 1205 2216 se
1224 2189 1329 2215 illorum
1347 2188 1434 2215 oculis
1453 2189 1634 2216 subduxerit:
1650 2197 1712 2216 nam
1742 2198 1803 2217 eum

174 2238 274 2273 μείζων
295 2239 341 2266 τοῦ
367 2240 494 2272 θανάτου,
511 2240 541 2267 τὸ
565 2239 615 2266 κᾶν
644 2239 712 2271 ὅλως
737 2239 870 2266 ἅπτεσθαί
886 2249 962 2271 τινας

1019 2233 1173 2260 interﬁcere
1200 2234 1350 2260 tentabant.
1376 2233 1478 2260 Deinde
1496 2233 1541 2260 ubi
1556 2241 1640 2261 crcsos
1655 2235 1803 2269 permultos

171 2285 270 2312 αὐτῶν.
288 2286 342 2312 Καὶ
355 2287 368 2312 ὁ
388 2286 598 2321 μὲνιὲπίσκοπος
618 2285 736 2320 ἐκάθητο
765 2285 810 2311 ἐπὶ
828 2284 874 2311 τοῦ
900 2285 963 2320 θρό-

156 2339 159 2342 λ
172 2339 228 2363 νου,
247 2330 407 2367 προτρέπων
426 2331 529 2363 πάντας
544 2330 685 2366 εῠχεσθαι·
701 2331 714 2357 ὁ
731 2330 758 2356 δὲ
772 2330 834 2362 δοϋξ
846 2331 962 2366 ἐστρατ-

171 2375 244 2411 ήγει,
264 2376 333 2411 ἔχων
358 2376 416 2411 μεθ’
439 2376 535 2402 ἑαυτοῦ
560 2376 598 2411 (4)
617 2376 662 2402 καὶ
686 2375 797 2412 Ἱλάριον
813 2376 859 2402 τὸν
882 2376 962 2403 νοτά⁴

173 2430 240 2456 ριον.
256 2421 418 2457 ἐνεργοῦντα
432 2421 554 2452 τοιαῦτα,
568 2418 611 2448 οἶα
630 2420 677 2448 καὶ
699 2421 730 2448 τὸ
750 2421 827 2452 τέλος
849 2421 957 2454 ἔδειξεν,

177 2466 207 2492 ὐ
225 2467 274 2501 μὲν
291 2466 346 2501 γὰρ
360 2465 518 2498 ἐπίσκοπος,
536 2466 693 2501 ἑλκόμενος,
717 2467 782 2502 παρ’
806 2467 897 2500 ὀλίγον
921 2467 960 2493 δι-

171 2509 303 2545 εσπάσθη.
323 2509 492 2545 Παραλυθεὶς
502 2509 566 2544 γοῦν
585 2511 720 2546 μεγάλως,
739 2511 784 2537 καὶ
804 2511 842 2543 ὡς
863 2511 961 2547 νεκρὸς

171 2556 323 2592 γενόμενος,
351 2556 402 2583 οὐκ
423 2556 531 2591 οἴδαμεν
555 2556 606 2583 ποῦ
628 2557 739 2591 γέγονεν
764 2558 870 2593 ἀφανὴς
895 2559 962 2593 παρ’

169 2601 258 2628 αὐτῶν
268 2610 274 2616 ·
290 2601 449 2627 ἀποκτεῖναι
462 2600 515 2635 γὰρ
529 2600 610 2627 αὑτὸν
632 2600 807 2633 ἐσπούδαζον.
825 2601 856 2626 Οἱ
869 2600 906 2632 δὲ,
923 2601 960 2632 ὡς

205 2711 243 2747 (Ξ)
260 2712 305 2739 Sic
324 2712 390 2746 Reg.
414 2711 494 2739 Basil.
511 2717 537 2740 et
551 2711 641 2740 Felck.
654 2713 681 2739 'l.
703 2711 731 2739 In
746 2713 827 2740 editis
843 2713 957 2747 πολλούς

170 2747 256 2784 deest.
266 2747 341 2780 Quod
362 2748 595 2784 sequitur-autent,
617 2747 669 2783 πρὸ
685 2748 761 2774 πέντε
784 2748 862 2784 staﬁva
879 2750 956 2784 (Reg.

171 2781 242 2818 l§£ov)
255 2783 454 2818 φευρουαρίων,
471 2781 593 2810 Nannius
609 2781 698 2814 vertit,
716 2784 806 2818 quium
820 2781 954 2811 Καίέηιίιῖε

169 2816 343 2850 Februarius,
355 2816 566 2852 sédperperam;
586 2825 658 2850 nam,
675 2816 743 2845 teste
763 2817 953 2852 Felckmanno,

170 2853 197 2879 in
212 2851 326 2889 _Gra!cis
353 2851 507 2889 codicibus,
530 2853 628 2889 quibus
657 2861 723 2879 usus
754 2851 877 2889 Nannius
901 2859 953 2885 est,

168 2887 263 2916 eadem
278 2895 338 2923 quis
356 2895 436 2923 supra
447 2887 544 2916 'lectio’
555 2889 678 2921 habetur,
704 2893 733 2915 ut
752 2887 876 2916 similiter
891 2896 955 2924 pau-

1016 2286 1194 2314 conspexerc,
1205 2279 1335 2306 militibus
1347 2279 1487 2311 jusserunt
1501 2283 1529 2306 ut
1542 2279 1727 2307 defunctorum
1741 2288 1802 2308 cor-

1015 2333 1080 2359 pora
1098 2325 1275 2352 amolirentur
1286 2325 1517 2360 occultarentque.
1530 2324 1712 2353 Sanctissimae
1723 2335 1803 2362 porro

1016 2370 1133 2406 virgines
1151 2377 1210 2404 qua:
1230 2375 1343 2398 mortua:
1357 2371 1456 2398 relictae
1470 2371 1551 2406 312
1569 2371 1686 2404 fuerant,
1704 2372 1730 2399 in
1748 2381 1806 2400 mo-

1015 2415 1151 2443 numentis
1167 2415 1276 2449 sepulta:
1291 2420 1432 2448 suut,eam
1442 2416 1554 2452 gloriam
1568 2417 1682 2452 adepta,
1697 2422 1725 2444 ut
1740 2418 1805 2452 ipsis

1014 2461 1128 2497 piissimi
1154 2460 1307 2488 Constantii
1338 2463 1505 2496 temporibus
1532 2468 1666 2498 martyres
1691 2463 1802 2491 fuerint.

1015 2507 1125 2534 Diaconi
1149 2511 1239 2533 autem
1257 2506 1284 2534 in
1302 2507 1361 2542 ipso
1385 2508 1499 2543 Cyriaco
1526 2508 1611 2543 plagis
1633 2509 1744 2541 concisi,
1771 2518 1804 2537 ac

1015 2553 1139 2581 conclusi
1155 2558 1230 2584 sunt.
1248 2552 1340 2588 Neque
1354 2557 1443 2581 tamen
1459 2554 1503 2581 bic
1518 2554 1639 2582 constitit
1653 2562 1747 2582 eorum
1762 2555 1803 2582 fa-

1015 2599 1093 2626 cinus
1108 2608 1114 2626 :
1126 2606 1187 2626 nam
1203 2603 1263 2634 post
1275 2606 1306 2626 ea
1319 2603 1395 2634 gesta
1404 2599 1492 2634 quivis
1503 2599 1634 2627 arbitratu
1650 2607 1710 2633 suo,
1722 2608 1803 2635 quam

1011 2714 1037 2741 lo
1053 2713 1133 2741 infra.
1157 2714 1224 2742 Ibid.
1242 2714 1307 2748 Reg.
1325 2717 1351 2740 ct
1369 2713 1450 2740 Basil.
1471 2713 1563 2749 μεχίρ·
1581 2713 1647 2740 editi
1665 2720 1740 2749 vero,
1755 2722 1802 2749 με-

1011 2751 1074 2785 χήρ.
1090 2750 1198 2784 Syriani
1216 2749 1329 2784 irruptio
1356 2753 1499 2781 enarratur
1527 2748 1592 2776 item
1617 2756 1679 2784 pag.
1701 2748 1760 2777 ⁵246⁷
1775 2755 1803 2777 et

1011 2792 1073 2818 trag.
1095 2784 1156 2812 τοι.

1046 2819 1085 2854 (5)
1103 2819 1147 2849 Sic
1159 2819 1226 2854 Reg.
1245 2824 1271 2846 et
1279 2819 1362 2847 .Basil.
1378 2818 1458 2854 Editi,
1474 2817 1570 2845 ἔστων.

1045 2819 1085 2889 ἱδ)
1103 2819 1147 2849 Sic
1159 2819 1226 2854 Reg.
1245 2824 1271 2846 et
1279 2819 1362 2847 .Basil.
1378 2819 1425 2858 Εςί

1056 2855 1083 2891 4)
1105 2855 1149 2883 Sic
1164 2854 1228 2890 Reg.
1241 2855 1320 2887 Edili,
1337 2854 1428 2881 αὐτου.
