4018 6322
524 578 525 581 ~
1313 504 2291 638 PR/EFATIO.

246 907 504 983 Quintus
552 914 905 986 exsuperat
952 906 1018 968 in
1072 905 1731 987 Hieronymianorum
1766 904 2112 982 partitione
2138 919 2407 984 operum
2453 907 2664 965 tomus
2694 903 2838 978 iste,
2875 921 3070 983 quem
3114 922 3197 966 ex
3237 920 3445 985 argu-

188 1010 372 1083 menti,
404 1008 583 1088 quod
623 1010 1020 1087 propositum
1053 1009 1268 1081 habet,
1301 1004 1589 1091 ingenio,
1634 1008 2248 1070 commentariorum
2278 1006 2519 1068 scilicet
2553 1006 2619 1068 in
2653 1006 2937 1086 reliquos
2966 1008 3127 1069 duos
3166 1009 3447 1089 majores

192 1108 523 1189 prophetas,
563 1107 965 1171 Ezechielem
997 1125 1074 1170 ac
1104 1108 1458 1179 Danielem,
1499 1107 1564 1168 in
1595 1124 1799 1168 unum
1828 1123 1977 1169 cum
2014 1110 2247 1185 quarto
2277 1107 2691 1187 compingere
2719 1108 3182 1171 constitueram
3212 1130 3226 1168 :
3258 1108 3449 1171 fecis-

192 1224 413 1284 semque
443 1208 641 1279 adeo,
676 1208 801 1270 nisi
845 1214 909 1270 et
947 1207 1120 1269 illius
1162 1214 1353 1271 aucta
1404 1206 1746 1271 voluminis
1791 1208 1913 1269 sub
1964 1208 2143 1286 prelo
2190 1208 2459 1270 materia
2506 1209 2571 1269 in
2627 1210 3003 1272 abnormem
3049 1218 3453 1273 excresceret
3530 1234 3539 1241 ·

193 1309 407 1379 molem,
440 1313 501 1368 et
531 1326 681 1387 quae
714 1310 998 1373 maxime
1029 1310 1179 1372 huic
1208 1310 1437 1390 obtigit
1471 1311 1664 1390 longe
1697 1310 2041 1388 prolixior,
2086 1328 2291 1391 eaque
2341 1311 2482 1377 ἅπαξ
2507 1313 2653 1369 ὰπλῶ
2702 1314 3066 1376 necessaria
3102 1333 3453 1395 germana-

191 1428 305 1472 rum
332 1411 789 1491 scriptionum,
819 1416 1057 1493 quibus
1094 1415 1371 1494 vulgata:
1400 1421 1591 1478 antea
1634 1415 1947 1477 editiones
2001 1417 2329 1488 carebant,
2368 1416 2654 1478 accessio
2690 1417 3008 1495 dispertiri
3042 1420 3355 1498 coegisset
3387 1420 3454 1479 in

192 1514 339 1577 duos.
373 1517 509 1580 Hac
543 1528 766 1582 autem
801 1522 877 1583 de
907 1540 1106 1585 causa
1133 1527 1382 1584 tantum
1418 1523 1622 1593 abest,
1659 1526 1727 1581 ut
1764 1520 2001 1599 negotii
2034 1520 2279 1599 aliquid
2322 1519 2657 1584 lacessisse
2699 1521 2959 1582 lecturis
2999 1522 3245 1596 videar,
3291 1523 3452 1600 quin

192 1618 361 1698 potius
391 1622 670 1684 multam
703 1624 959 1685 inierim
996 1625 1078 1687 ab
1111 1624 1189 1685 iis
1219 1624 1518 1703 gratiam,
1548 1623 1808 1702 quando
1845 1629 1912 1683 et
1940 1624 2148 1702 major
2179 1623 2383 1684 multo
2416 1623 2601 1685 labor
2643 1625 3097 1696 exantlandus,
3129 1631 3201 1686 ut
3228 1644 3453 1686 eorum

195 1723 377 1784 studiis
406 1727 889 1805 consuleretur,
920 1732 1082 1789 etne
1110 1744 1241 1806 qua
1271 1728 1370 1788 sui
1402 1727 1754 1788 etiamnum
1786 1728 1964 1804 parte
1993 1724 2157 1786 male
2190 1724 2533 1787 mulctatus
2567 1725 3011 1787 sanctissimus
3043 1728 3229 1789 Pater
3268 1727 3451 1787 subi-

195 1826 268 1884 ret
292 1832 665 1903 conspectus
697 1827 1057 1896 hominum,
1088 1827 1249 1888 nihil
1283 1843 1411 1887 non
1451 1826 1643 1886 fuerit
1679 1824 1833 1885 mihi
1881 1824 1992 1886 otii
2044 1824 2545 1904 impendendum
2579 1833 2771 1904 atque
2810 1843 3041 1903 operte.
3092 1824 3249 1889 Nam
3298 1823 3455 1886 illud

196 1925 409 2003 quidem
436 1946 520 1989 ex
553 1935 688 1991 tota
717 1930 925 2008 liquet
952 1929 1347 1993 collectionis
1386 1928 1577 2009 hujus
1602 1928 1985 2005 oeconomia,
2021 1946 2147 1991 non
2180 1928 2238 1989 id
2273 1929 2474 2008 magis
2514 1947 2683 1991 curae
2716 1928 2912 1991 fuisse
2947 1928 3158 2006 nobis,
3196 1935 3262 1990 ut
3289 1928 3458 1991 Hie-

199 2032 691 2111 ronymianarum
728 2036 1282 2110 lucubrationum,
1320 2041 1524 2095 totum
1558 2032 1757 2095 veluti
1794 2034 2015 2093 orbem
2061 2050 2188 2093 una
2227 2033 2824 2110 complecteremur,
2859 2050 3054 2111 quam
3093 2037 3163 2091 nt
3194 2032 3453 2108 alienis,

200 2131 255 2192 iis
276 2137 465 2194 tamen
503 2153 660 2212 qua:
704 2137 936 2198 abesse
972 2136 1154 2197 nullo
1187 2135 1326 2214 ejus
1368 2134 1662 2196 lectionis
1696 2149 1773 2195 ac
1798 2131 2123 2210 dignitatis
2163 2132 2487 2210 impendio
2541 2139 2865 2210 poterant,
2903 2133 3160 2195 onerari
3202 2151 3283 2194 ne
3330 2150 3457 2210 pa—

202 2238 457 2297 teremur.
489 2237 744 2300 Iudicio
779 2240 916 2318 ipse
946 2238 1051 2299 ille
1081 2237 1301 2311 fuerit,
1334 2237 1443 2317 qui
1476 2234 1790 2316 ejusmodi
1824 2233 2282 2312 scriptionibus
2316 2234 2603 2295 abundat
2628 2234 2849 2295 tertius
2875 2239 3165 2303 tomus,a
3200 2250 3329 2311 quo
3356 2238 3459 2295 ta—

194 2356 307 2401 men
335 2340 581 2404 inutilia
612 2342 907 2421 quaadam
933 2359 1078 2420 quas
1112 2340 1541 2403 Parisiensem
1588 2337 1935 2399 editionem
1984 2335 2367 2408 onerabant,
2408 2336 2766 2397 amovimus
2797 2341 2817 2395 ῐ
2859 2342 3011 2415 puta
3044 2335 3197 2396 illud
3238 2336 3463 2398 Hexa-

204 2438 411 2518 plorum
438 2439 748 2521 Origenis
788 2442 1143 2520 specimen,
1189 2455 1335 2518 qua)
1367 2444 1438 2499 ut
1471 2436 1629 2498 nihil
1661 2436 1792 2498 fere
1821 2434 1900 2497 ad
1928 2435 2420 2515 Hieronymum,
2461 2435 2547 2495 ita
2590 2437 2851 2513 prOprio
2884 2452 3078 2515 Opere
3110 2435 3357 2496 duobus
3396 2437 3459 2498 in

196 2536 315 2600 lolio
364 2543 544 2603 tomis
612 2536 1020 2623 postmodum
1072 2539 1584 2602 luculentissima
1634 2536 1972 2617 prodiere:
2012 2540 2148 2596 tum
2200 2552 2398 2595 unum
2448 2541 2643 2612 atque
2683 2536 2960 2596 alterum
3012 2538 3088 2595 de
3136 2536 3454 2599 hebraicis

197 2642 550 2717 Nominibus,
586 2662 718 2706 non
751 2648 944 2706 antea
981 2641 1221 2703 editum
1255 2641 1748 2711 monimentum,
1782 2635 1950 2715 quod
1984 2635 2185 2696 latere
2223 2634 2287 2693 in
2335 2633 2587 2695 schedis
2629 2636 2863 2695 nostris
2900 2634 3095 2695 salius
3124 2632 3456 2715 duximus,

197 2761 352 2823 quam
379 2747 611 2810 alienae
650 2746 995 2826 farraginis
1030 2744 1266 2805 molem
1311 2757 1703 2802 accrescere.
1733 2737 1890 2812 Qua:
1922 2735 2070 2797 huic
2114 2734 2317 2814 igitur
2360 2739 2531 2793 tomo
2587 2750 2758 2793 nunc
2808 2733 3084 2811 primum
3119 2734 3459 2811 accedunt,

196 2843 630 2928 duodetriginta
662 2854 813 2910 sunt
845 2845 1149 2917 homilim,
1181 2858 1347 2922 quas
1382 2859 1466 2903 ex
1499 2837 1799 2918 Origeuis
1833 2836 2058 2898 GNBCO
2087 2834 2151 2895 in
2187 2834 2489 2894 Latinum
2521 2831 2582 2891 S.
2619 2832 2849 2893 Doctor
2878 2834 3191 2893 convertit
3221 2853 3236 2891 :
3270 2842 3458 2895 sunt-

193 2968 289 3029 que
316 2953 841 3032 explanatiouum
871 2953 935 3013 in
962 2951 1310 3033 prOphetas
1340 2945 1683 3008 Jeremiam
1723 2948 1918 3021 atque
1947 2937 2349 3000 Ezechielem
2391 2952 2536 3013 pars
2569 2935 2994 3006 nobilissima,
3035 2953 3162 2996 non
3197 2954 3268 2997 ea
3303 2942 3461 2998 tan-

195 3056 295 3112 tum
322 3051 390 3112 de
421 3071 650 3131 causa,
680 3054 851 3132 quod
887 3052 1148 3113 maximi
1168 3050 1650 3128 Scripturarum
1679 3042 2047 3121 interpretis
2071 3038 2283 3102 studio
2315 3037 2713 3100 adornantur
2729 3038 3034 3098 Romanis
3057 3039 3349 3113 auribus,
3379 3042 3462 3101 ab

194 3170 355 3232 eoque
378 3155 727 3217 laudantur
755 3156 820 3216 in
841 3155 1242 3217 suorummet
1263 3166 1533 3230 Operum
1560 3145 1853 3223 catalogo
1879 3162 1893 3201 :
1930 3141 2348 3203 verumetiam
2374 3137 2572 3216 quod,
2593 3136 2724 3215 jam
2755 3136 3086 3213 deperdito
3112 3137 3460 3199 maximam

193 3261 389 3332 partem
423 3257 655 3320 Graeco
682 3255 1048 3319 Adamantii
1082 3254 1288 3324 textu,
1323 3250 1479 3329 ipsas
1509 3248 1572 3307 in
1609 3243 1835 3306 Latino
1884 3238 2212 3320 archetypi
2255 3238 2525 3317 gloriam
2558 3235 3021 3314 propemodum
3071 3235 3223 3297 solae
3253 3239 3458 3297 susti-

192 3362 362 3415 neaut.
406 3356 557 3419 Illas
596 3357 830 3436 partim
853 3358 935 3416 ab
967 3352 1212 3428 Huetii,
1237 3350 1525 3427 partima
1549 3341 1945 3407 Genebrardi
1970 3339 2248 3401 editione
2277 3338 2401 3398 huc
2426 3335 2777 3398 ascivimus
2824 3355 2839 3394 :
2864 3336 3253 3436 mirumque
3283 3337 3456 3399 dictu

192 3459 283 3525 est,
307 3456 362 3516 iu
391 3457 500 3519 illo
527 3433 892 3536 praesertim
926 3453 1195 3524 editore,
1225 3448 1411 3529 cujus
1436 3453 1497 3508 et
1524 3442 1949 3507 eruditionem
1985 3437 2397 3536 suspicimus,
2430 3440 2493 3495 et
2536 3435 2813 3536 maxime
2842 3433 3238 3536 delectamur
3275 3437 3464 3515 inge-

192 3552 293 3633 uio,
330 3573 446 3618 non
493 3533 645 3621 eam
688 3557 754 3617 in
799 3554 1060 3619 edendis
1094 3546 1621 3628 Hieronymianis
1683 3538 2245 3604 lucubrationibus
2301 3534 2701 3613 diligentiam
2745 3533 3262 3613 deprehendisse,
3313 3555 3459 3614 quae

191 3670 335 3715 suam
355 3658 504 3720 utin
534 3661 787 3721 ceteris
810 3655 999 3718 ﬁdem
1034 3654 1188 3715 satis
1221 3648 1611 3730 praestiterit,
1639 3661 1787 3707 cum
1811 3646 1900 3703 tot
1926 3639 2168 3722 passim
2190 3637 2359 3698 vitiis
2382 3635 2575 3697 editio
2605 3635 2714 3697 illa
2745 3641 3008 3710 scateat,
3035 3655 3316 3715 quorum
3344 3641 3460 3700 in-

189 3765 396 3833 gentem
430 3761 557 3823 vim
598 3778 717 3823 nos
748 3760 1054 3830 eluimus,
1092 3761 1164 3817 ut
1194 3770 1325 3831 quo
1359 3766 1530 3812 nunc
1573 3752 1761 3827 pacto
1792 3740 2146 3821 integritati
2195 3738 2477 3819 pristiam
2524 3739 2973 3811 restituuntur,
3011 3739 3075 3799 in
3123 3741 3453 3820 publicum

188 3863 396 3936 prodire
430 3864 637 3926 videri
670 3881 845 3927 nunc
875 3861 1155 3941 primum
1193 3856 1461 3935 possint.
1514 3846 1896 3911 Distulimus
1927 3860 2081 3905 vero
2110 3841 2252 3941 illas
2286 3840 2351 3900 in
2383 3839 2683 3918 quintum
2714 3857 2925 3919 usque
2960 3846 3204 3903 tomum
3238 3863 3251 3902 :
3288 3850 3457 3905 tam-

188 3964 279 4024 etsi
307 3968 535 4046 priores
573 3967 1085 4049 quatuordecim,
1119 3979 1266 4042 qum
1294 3957 1587 4021 Jeremiw
1618 3952 1914 4033 quaedam
1942 3948 2154 4029 capita
2191 3953 2584 4025 praapostero
2608 3943 3009 4049 confusoque
3034 3946 3259 4008 ordine
3285 3948 3454 4009 edis-

188 4069 389 4150 serunt,
422 4075 496 4136 ad
529 4047 934 4154 superiorem
968 4074 1271 4150 quartum
1300 4061 1784 4144 pertinuissent.
1818 4057 2031 4119 Causa
2062 4049 2397 4113 ditl'erendi
2444 4048 2748 4154 palmaris
2948 4053 3070 4123 est,
3103 4049 3270 4154 quod
3303 4069 3451 4112 cum

189 4172 338 4237 simul
375 4148 729 4240 iuerint-ab
759 4178 899 4256 ipso
934 4148 1342 4237 sanctissimo
1374 4168 1721 4243 interprete
1747 4160 1869 4222 sub
1892 4172 2022 4219 una
2050 4160 2299 4216 tantum
2332 4148 3235 4256 prwfalione-adYiuceuti-um
3268 4170 3455 4230 pres-

190 4272 430 4353 bylerum
462 4251 802 4361 singulari
825 4277 1042 4340 libello
1080 4274 1467 4353 conjunctae,
1508 4264 1722 4328 divelli
1764 4263 1846 4325 ab
1892 4261 2193 4330 invicem,
2228 4256 2362 4318 sive
2410 4270 2447 4316 a
2488 4251 2955 4361 posterioribus
2988 4251 3269 4361 totidem,
3305 4273 3449 4333 qum

188 4373 545 4448 Ezechielem
576 4357 1109 4463 interpretantur,
1145 4384 1206 4438 et
1237 4375 1314 4438 ad
1348 4374 1522 4435 hunc
1553 4367 1814 4449 proprie
1846 4370 2092 4426 tomum
2127 4363 2457 4463 Spectant,
2482 4357 2629 4437 jure
2658 4374 2786 4463 non
2823 4359 3141 4463 pot-erant.
3183 4358 3268 4463 ‘ld
3299 4376 3447 4463 eum

187 4486 376 4545 summi
414 4488 536 4549 viri
582 4454 891 4547 Erasinus
920 4489 1115 4560 atque.
1144 4475 1419 4539 Huelius
1455 4471 1716 4533 minime
1752 4464 2201 4534 attendissent,
2245 4458 2645 4538 singularem
2683 4456 2865 4560 hunc
2900 4454 3141 4560 librum
3180 4457 3252 4560 in,
3282 4456 3444 4519 duos

186 4585 381 4647 temere
411 4586 788 4659 dividentes,
827 4555 1054 4655 multa,
1087 4595 1294 4658 eaque
1331 4593 1368 4638 a
1408 4573 1675 4637 veritate
1702 4567 1964 4648 longius
1992 4561 2410 4625 abhorrentia
2438 4559 2516 4620 de
2558 4558 2851 4659 prologo,
2881 4573 3015 4633 quo
3060 4555 3340 4619 humilia:
3377 4561 3443 4622 in

183 4678 475 4749 Jeremiam
508 4689 681 4750 male
715 4657 1205 4760 mulctarentur,
1234 4678 1479 4761 Opinati
1513 4679 1686 4737 sunt.
1723 4674 1931 4751 Atque
1957 4670 2063 4730 ille
2093 4664 2354 4746 quidem
2387 4663 2450 4723 in
2482 4674 2761 4722 censura
2791 4657 3105 4719 librorum
3137 4659 3438 4741 Origenis

188 4788 416 4852 miratur
444 4795 724 4874 primum
756 4790 909 4872 quid
948 4790 1038 4853 rei
1070 4791 1175 4860 sit,
1214 4803 1329 4848 cur
1363 4784 1798 4860 Hieronymus
1828 4776 1989 4837 alias
2026 4773 2251 4834 creber
2281 4770 2347 4829 in
2384 4763 2893 4876 praelationibus,
2928 4762 3085 4876 nihil
3126 4764 3188 4823 in
3233 4765 3439 4876 homic

183 4887 277 4949 lias
300 4893 353 4953 in
381 4864 607 4957 Isaiam
640 4864 968 4979 (quas'nos
991 4894 1160 4955 inter
1187 4884 1596 4968 snpposititia
1621 4881 1701 4944 ad
1728 4876 2082 4959 superioris
2114 4872 2267 4935 tomi
2292 4866 2713 4979 appendicem
2736 4864 3277 4979 amandaviinusj,
3300 4873 3438 4931 tum

182 4987 338 5054 hasce
363 4995 420 5055 in
446 4965 788 5057 Jereiniam
819 4994 1010 5056 fuerit
1036 4965 1359 5071 praefatus.
1389 4985 1764 5064 Suspicatus
1789 4979 2014 5041 deinde
2037 4980 2155 5049 est,
2182 4972 2522 5054 prologum
2551 4970 2631 5029 ab
2654 4966 2749 5027 his
2782 4965 3131 5071 sublatum,
3167 4968 3244 5031 ad
3268 4989 3434 5050 quos

184 5096 857 5179 scripserat,postquam
885 5069 1183 5176 Orig—enis
1215 5109 1450 5155 nomen
1478 5089 1713 5149 factum
1740 5088 1838 5146 est
1862 5080 2170 5144 Romanis
2204 5074 2619 5179 invidiosum,
2644 5075 2713 5179 et,
2741 5069 3103 5179 Verosimilc
3130 5072 3235 5151 sit,
3269 5076 3434 5179 ineo

185 5173 599 5282 Hieronymum
650 5173 985 5283 magnifice
1009 5173 1409 5278 praedicasse
1457 5186 1817 5253 Adamantii
1855 5184 2209 5285 ingOBium-
2256 5181 2491 5241 contra
2525 5173 3126 5285 Huelff'irs‘ingulis
3171 5177 3433 5285 (ιξιῇάεω
3526 5185 3533 5189 ’

185 5296 326 5364 libris
352 5273 636 5385 drigenis
674 5321 712 5367 a
746 5273 817 5367 se
845 5273 1156 5383 expositis
1193 5295 1492 5377 prologos
1541 5286 1961 5371 praetexuisse
1990 5282 2489 5385 Hieronymum,
2522 5292 2650 5385 non
2682 5273 3011 5385 dimtetur,
3047 5292 3192 5385 cum
3223 5276 3282 5336 id
3303 5294 3432 5385 ‘as-

186 5413 322 5467 serat
347 5375 704 5470 Genvnadius
741 5408 806 5467 in
832 5375 1140 5483 Catalogo
1170 5375 1455 5464 virorum
1484 5392 1876 5463 illustrium;
1910 5390 1977 5449 at
2009 5400 2174 5465 quos
2211 5380 2592 5443 tractatibus
2630 5376 2695 5437 in
2722 5375 2961 5483 Isaiam
2997 5385 3057 5441 et
3082 5379 3429 5483 Jereiniam

188 5511 497 5583 praetexuit,
534 5526 661 5569 non
695 5507 771 5569 de
800 5479 1139 5579 industria,
1169 5502 1278 5565 sed
1319 5516 1478 5562 casu
1528 5501 1589 5557 et
1633 5489 2051 5574 librariorum
2106 5483 2445 5546 oscitantia
2495 5484 2711 5542 censet
2762 5479 3050 5542 sublatos
3083 5500 3099 5540 :
3137 5481 3429 5563 alioquin

187 5582 372 5670 Sublati
403 5628 657 5689 quoque
689 5609 961 5673 fuissent
986 5607 1124 5683 alii,
1156 5604 1392 5685 quibus
1418 5599 1767 5680 Origenem
1792 5590 2084 5672 Prologis
2106 5588 2413 5681 impense
2442 5582 2686 5689 laudat,
2723 5587 2793 5689 ut
2826 5586 2923 5689 e_st
2945 5583 3053 5689 ille
3080 5584 3159 5648 ad
3200 5586 3428 5653 Dama-

188 5720 297 5767 sum
323 5685 583 5775 bomiliis
610 5714 675 5776 in
704 5712 1037 5777 Canticum
1066 5708 1481 5774 Canticorum
1514 5697 1847 5782 praeﬁxas,
1876 5699 1937 5757 et
1959 5697 2079 5757 iste
2107 5692 2272 5755 alter
2297 5689 2376 5751 ad
2408 5686 2706 5748 homilias
2739 5687 2803 5746 in
2832 5685 3259 5751 Ezechielem.
3292 5692 3426 5755 Ve-

188 5817 301 5867 rum
327 5826 439 5875 sua
457 5820 798 5895 utrumque
832 5808 1158 5894 splendide
1194 5804 1487 5889 Opinatio
1518 5799 1716 5879 fallit;
1759 5811 1909 5862 nam
1956 5810 2172 5874 neque
2198 5791 2274 5855 de
2304 5787 2645 5865 industria,
2672 5787 2843 5866 quod
2868 5788 3209 5895 episc0pus
3236 5793 3424 5856 Abri-

416 5890 708 5978 Ρλτιιοιί
731 5890 938 5978 XXV.

2914 5890 2946 5952 1
