4018 6322
480 274 545 335 ll
1568 328 1569 331 η
1933 271 2327 333 ΡΒᾹΞΡΑΤΙΟ.
3730 262 3801 329 η

483 389 701 456 censis
744 390 988 466 monet,
1020 405 1258 469 neque,
1304 388 1474 467 quod
1529 389 1665 466 ipse
1719 396 2037 457 autumat,
2070 407 2222 452 casu
2275 395 2337 451 et
2373 387 2871 450 dcscribentium
2926 387 3178 451 incuria
3228 387 3637 467 praefationes
3673 386 3805 447 illae

483 494 921 574 deperierunt.
975 494 1213 572 Nempe
1248 509 1441 571 quam
1481 494 1805 555 somniant
1839 492 2169 570 praaﬁxam
2205 491 2485 553 homiliis
2526 491 2587 550 in
2615 490 2875 561 Isaiam,
2905 508 3225 569 nusquam
3255 493 3527 568 exstitit,
3562 492 3803 551 nedum

488 598 572 657 ab
607 614 684 657 eo
719 597 1105 659 translatore
1134 597 1517 659 concinnata
1541 604 1662 672 est,
1693 614 1884 676 quem
1911 596 2185 658 fortasse
2215 592 2547 671 Ruﬁnum,
2572 593 3038 672 Hieronymum
3073 601 3245 655 certe
3277 612 3402 655 non
3434 594 3634 653 fuisse
3664 593 3804 652 evi-

485 698 689 760 cimus
727 719 740 757 :
779 698 1086 760 evicimus
1126 704 1343 760 autem
1383 705 1614 760 caetera
1653 703 1794 776 post
1828 701 2244 776 argumenta.
2290 711 2437 772 quas
2492 695 2555 754 in
2606 693 2960 773 superioris
3018 693 3389 769 praefatione
3437 691 3589 753 tomi
3633 709 3805 753 con-

497 799 843 879 gessimus,
873 818 955 861 ex
987 801 1108 861 hoc
1136 800 1299 879 ipso,
1332 798 1505 877 quod
1532 799 1711 860 nullo
1747 798 2030 859 humilia)
2062 796 2191 857 illa:
2224 794 2488 854 munitae
2519 793 2648 853 sint
2673 792 2963 871 prologo.
3003 792 3227 852 Exstat
3263 792 3631 853 econtrario
3674 791 3807 853 ho—

487 898 821 963 miliarum
855 898 917 959 in
940 898 1297 971 ,Jeremiam
1332 897 1645 975 praefatio,
1674 897 1939 974 hacque
1969 896 2111 972 ipsa
2139 900 2258 965 est,
2282 909 2481 981 quam
2513 891 2668 953 solis
2704 896 2932 967 putant
2964 890 3255 952 homiliis
3295 892 3359 951 in
3396 890 3805 952 Ezechielem

494 999 766 1081 prwﬁgi,
826 1000 1158 1065 verissime
1214 1008 1434 1065 autem
1470 993 1806 1075 utrisque,
1869 995 2115 1057 scilicet
2165 1000 2228 1058 et
2284 992 2607 1071 prioribus
2670 990 2737 1052 in
2775 991 3120 1057 Jeremiam
3185 1008 3315 1055 una
3363 992 3634 1071 junctis,
3680 992 3807 1054 sub

494 1101 693 1167 unius
720 1100 869 1163 libri
899 1099 1404 1178 nuncupatione,
1437 1096 1812 1178 praetexitur
1850 1096 1934 1156 ab
1973 1095 2112 1175 ipso
2151 1092 2521 1169 interprete.
2560 1090 2718 1164 Quae
2758 1089 2819 1151 id
2860 1106 2974 1150 nos
3020 1089 3205 1151 docet
3235 1090 3631 1168 pmiationis
3664 1091 3807 1169 ejus
3922 1164 3925 1167 λ

494 1223 626 1267 non
665 1203 1004 1284 indiligens
1038 1203 1226 1267 lectio
1253 1226 1269 1267 :
1295 1207 1428 1263 tum
1458 1218 1605 1279 quis
1642 1201 1763 1265 sub
1793 1216 1922 1261 una
1963 1198 2341 1261 recensione
2377 1196 2447 1258 ﬁt
2483 1198 2546 1257 in
2583 1196 2891 1273 Catalogo
2926 1194 3163 1275 viginti
3210 1202 3353 1255 octo
3391 1194 3808 1256 homiliarum

494 1309 773 1381 mentio,
816 1313 887 1369 ut
935 1308 1064 1371 alia
1118 1306 1603 1385 praetermittam
1652 1305 1974 1369 rationum
2038 1308 2395 1375 momenta,
2452 1302 2703 1363 nullum
2746 1300 3070 1378 reliquum
3119 1297 3362 1359 faciunt
3408 1296 3800 1359 dubitationi

493 1407 733 1479 locum,
799 1408 1267 1487 doctorumque
1324 1407 1688 1478 hominum,
1747 1406 1858 1484 qui
1911 1405 1977 1466 in
2027 1404 2401 1469 adversaria
2452 1404 2758 1484 Opinione
2804 1406 3177 1472 versantur,
3223 1400 3534 1477 judicium
3593 1400 3808 1477 palam

488 1506 817 1570 refellunt.
883 1505 1001 1568 Sed
1048 1515 1114 1566 ut
1177 1524 1277 1581 eo,
1329 1503 1503 1583 quod
1552 1508 1833 1582 emptum
1872 1509 1965 1565 est
2004 1504 2151 1577 dici,
2203 1508 2635 1579 revertamur,
2685 1519 2802 1564 cur
2844 1501 2921 1563 ad
2976 1500 3278 1579 quintum
3337 1501 3511 1562 hunc
3565 1506 3809 1561 tomum

494 1607 910 1670 differrentur
964 1606 1245 1669 homiliaa
1296 1606 1459 1678 ista},
1507 1621 1700 1666 causa
1759 1603 1877 1665 fuit
1923 1605 2192 1683 insuper
2238 1606 2423 1667 nobis
2453 1607 2591 1683 ipsa
2622 1602 2989 1681 scriptionis
3024 1602 3311 1664 indoles:
3345 1604 3486 1682 ejus
3543 1620 3809 1683 nempe:

495 1726 698 1791 quam
754 1726 885 1773 non
936 1716 1162 1788 saepte
1197 1708 1461 1788 ingenio
1498 1707 1673 1770 cudit
1726 1707 2188 1786 Hieronymus,
2226 1708 2336 1770 sed
2390 1710 2472 1771 ab
2527 1708 2658 1770 alio
2692 1712 3019 1786 acceptam
3070 1710 3364 1781 auctore,
3416 1707 3811 1769 Adamantio

493 1812 821 1885 videlicet,
855 1811 1173 1873 adornare
1214 1810 1463 1871 Latinis
1501 1810 1770 1871 auribus
1820 1808 1899 1871 ad
1948 1810 2158 1872 aliena
2204 1809 2426 1873 debuit
2464 1810 2732 1889 vestigia
2782 1831 2799 1873 :
2850 1808 3190 1887 ipsamque
3226 1810 3371 1873 ideo
3406 1798 3808 1889 interpreta-

492 1916 739 1986 tionem
783 1913 997 1975 decuit
1039 1910 1244 1990 magis
1290 1910 1773 1989 primigenium,
1810 1914 1884 1971 ut
1920 1910 2008 1970 ita
2044 1910 2275 1979 dicam,
2322 1910 2383 1970 S.
2422 1911 2710 1973 Doctoris
2757 1910 2821 1970 in
2862 1926 2972 1974 eos
3008 1911 3354 1989 prophetas
3404 1916 3810 1976 commenta-

492 2015 742 2078 riorum
781 2014 1070 2075 laborem
1108 2028 1274 2089 pone
1305 2010 1512 2089 sequi.

583 2114 678 2177 Ad
714 2115 1008 2178 Graecum
1038 2112 1207 2190 quod
1249 2112 1524 2189 pertinet
1571 2111 1823 2190 aliquot
1863 2129 1945 2173 ex
1990 2110 2088 2172 his
2129 2111 2547 2177 homiliarum
2592 2119 2835 2176 textum
2872 2115 3053 2194 (sunt
3093 2132 3243 2177 vero
3282 2114 3619 2177 duodecim
3650 2122 3809 2177 tan-

494 2224 630 2287 tum
669 2237 748 2281 ex
785 2217 880 2278 his
919 2233 1063 2295 quas
1091 2215 1467 2290 Jeremiam,
1508 2214 1699 2295 plane
1743 2214 2088 2292 deperditis
2133 2232 2281 2293 quas
2326 2216 2727 2278 Ezechielem
2765 2218 3118 2295 explicant)
3160 2218 3415 2279 animus
3455 2216 3813 2294 aliquando

495 2319 619 2382 fuit
654 2320 829 2381 hunc
872 2333 1221 2395 qnoque~e
1267 2316 1530 2395 regione
1565 2314 1809 2377 Latina:
1854 2314 2402 2393 interpretationis
2451 2333 2775 2396 apponere
2812 2336 2826 2375 :
2869 2316 3134 2396 jamque
3185 2317 3502 2378 nonnulla
3558 2316 3816 2378 fuerant

496 2422 686 2485 nobis
722 2421 803 2482 ad
836 2436 984 2481 eum
1025 2420 1158 2478 sive
1201 2417 1732 2495 emendatiorem,
1774 2419 1911 2480 sive
1979 2419 2319 2482 clariorem
2350 2420 2787 2482 exhibendum
2833 2421 3311 2483 animadversa.
3355 2421 3594 2483 Verum
3643 2420 3815 2498 quod

498 2524 676 2588 bono
704 2522 952 2599 cepisse
996 2518 1372 2580 videbamur
1404 2520 1702 2598 consilio,
1736 2539 1881 2581 cum
1926 2537 2158 2583 manus
2195 2522 2377 2600 operi
2437 2522 2550 2583 fuit
2605 2522 3030 2596 admovenda,
3069 2525 3333 2585 meliore
3382 2524 3443 2584 id
3494 2524 3816 2587 sensimus

505 2620 1144 2706 praetermittendum.
1170 2619 1521 2683 Enimvero
1549 2638 1696 2682 cum
1742 2624 1823 2682 sit
1851 2621 2165 2701 Origenes
2202 2623 2266 2684 in
2300 2623 2475 2690 hisce
2508 2625 2885 2687 tractatibus
2936 2625 3175 2704 exigua
3214 2643 3363 2703 pars
3394 2627 3528 2707 ipse
3577 2628 3702 2699 sui,
3756 2631 3819 2689 et

501 2722 892 2788 desiderium
923 2722 1145 2784 lectori
1184 2722 1414 2801 magis,
1450 2740 1649 2800 quam
1690 2723 2089 2804 Hieronymo
2123 2735 2356 2806 augeat
2397 2727 2797 2807 dignitatem,
2840 2728 2997 2791 illud
3033 2731 3276 2806 Opt‘l‘ls,
3309 2730 3480 2807 quod
3532 2732 3584 2791 si
3641 2732 3817 2794 inte-

506 2843 695 2906 grum
727 2828 1120 2919 suppeteret,
1155 2832 1270 2885 aut
1300 2822 1529 2902 majori
1556 2824 1781 2887 saltem
1803 2843 1883 2887 ex
1909 2831 2113 2905 parte,
2140 2828 2479 2889 commodo
2504 2834 2699 2906 atque
2722 2829 2981 2891 ornatui
3013 2827 3518 2891 fuisseleditioni
3549 2832 3811 2905 nostra,

506 2941 683 2986 nunc
713 2924 878 2983 male
921 2920 1299 2982 mulctatum
1349 2920 1922 3000 imperfectumque
1970 2931 2038 2984 ut
2089 2943 2486 3003 apponerem
2520 2944 2555 2987 a
2590 2944 2690 2991 me
2734 2926 2875 3005 ipso
2917 2929 3264 3008 impetrare
3314 2945 3442 2989 non
3493 2931 3694 3008 potui.
3749 2929 3817 2992 Si

505 3025 960 3095 obtinuissem,
996 3022 1290 3101 ipsarum
1325 3025 1684 3096 duodecim,
1717 3043 1863 3102 qua)
1904 3026 2060 3088 solae
2094 3032 2445 3104 supersunt
2483 3028 2544 3088 in
2599 3027 2847 3101 Greece,
2897 3029 3312 3090 homiliarum
3353 3031 3673 3093 invertere
3704 3048 3811 3092 or-

499 3127 715 3191 dinem
746 3128 1101 3207 eportebal.
1150 3128 1466 3188 Nimirum
1503 3127 1814 3207 Origenes
1860 3147 2058 3207 supra
2097 3131 2386 3208 quinque
2427 3139 2489 3193 et
2538 3135 2973 3215 quadraginta
3021 3135 3321 3197 homilias
3355 3134 3420 3196 in
3462 3134 3815 3197 Jeremiam

503 3231 908 3301 elimaverat,
943 3249 977 3292 e
1006 3246 1285 3307 quarum
1316 3231 1559 3309 ingenti
1594 3237 1771 3291 strue
1800 3230 2292 3309 quatuordecim
2328 3234 2448 3295 sibi
2485 3237 2720 3314 delegit
2755 3238 2983 3299 Latine
3019 3238 3449 3301 refundendas
3487 3238 3816 3319 Hierony—

503 3352 678 3405 mus,
716 3351 959 3413 easque
995 3351 1123 3395 non
1154 3334 1347 3395 ducto
1376 3351 1412 3395 a
1451 3334 1773 3411 prioribus
1810 3334 2020 3408 initio,
2059 3336 2421 3397 continenti
2464 3339 2656 3409 serie,
2710 3340 2818 3400 sed
2878 3345 2945 3400 ut
2973 3358 3041 3400 se
3077 3356 3355 3418 quaeque
3383 3338 3641 3414 obtulit,
3680 3339 3812 3400 sal-

506 3435 735 3498 tuatim
768 3436 851 3495 ita
878 3440 975 3496 est
1010 3434 1500 3510 interpretatus,
1536 3438 1605 3494 ut
1637 3452 1712 3494 ne
1742 3434 1950 3495 dicam
1981 3432 2378 3513 Origeniano
2429 3436 2786 3514 proposito,
2822 3456 2903 3499 ne
2956 3439 3158 3517 ipsius
3194 3438 3451 3519 quidem
3497 3438 3820 3517 Jeremiaa,

511 3555 708 3617 quem
741 3540 1027 3607 enarrat,
1071 3534 1281 3597 ordini
1320 3540 1802 3596 consentaneus
1850 3537 1911 3596 in
1964 3536 2271 3599 vertendo
2310 3537 2524 3599 fuerit.
2586 3541 2682 3601 Ab
2713 3560 2786 3602 ea
2819 3559 2965 3619 quae
3016 3548 3079 3604 et
3130 3561 3322 3621 penes
3364 3540 3821 3603 Adamantium

510 3641 723 3722 prima
751 3645 870 3713 est,
893 3637 1165 3719 gradum
1193 3638 1268 3699 ad
1300 3645 1655 3718 postremas
1680 3638 1865 3713 duas,
1890 3639 2205 3701 decimam
2230 3641 2485 3701 tertiam
2512 3647 2573 3701 et
2598 3649 2897 3719 quartam
2937 3642 3081 3704 fecit
3106 3663 3119 3702 :
3153 3644 3404 3705 nescias
3432 3641 3604 3703 enim
3633 3657 3827 3718 quem

511 3738 797 3804 secunda
830 3744 891 3800 et
919 3739 1105 3800 tertia
1147 3737 1653 3817 Hieronymiana
1702 3738 1915 3799 locum
1960 3743 2223 3800 teneant
2254 3739 2320 3800 in
2351 3739 2575 3802 Grmco
2606 3741 2980 3823 archetypo,
3010 3743 3077 3802 in
3114 3760 3245 3820 quo
3280 3742 3533 3820 penitus
3564 3739 3836 3801 deside-

510 3845 746 3903 rantur
781 3859 795 3899 :
830 3843 1156 3917 quartam,
1192 3854 1336 3914 quas
1368 3836 1627 3899 decimas
1655 3838 1945 3915 septimas
1975 3837 2388 3917 Origenianas
2419 3842 2788 3918 respondet,
2824 3847 2963 3920 post
3007 3843 3292 3920 reliquas
3327 3856 3552 3903 omnes
3585 3857 3826 3902 recen—

514 3943 667 4005 suit.
705 3939 950 4001 Exinde
983 3938 1147 4005 alias.
1183 3952 1328 4015 qum
1365 3937 1857 4013 subsequuntur
1892 3956 1929 4000 a
1961 3937 2192 4015 quinta
2220 3941 2299 4003 ad
2328 3940 2799 4014 duodecimam,
2842 3941 2943 4003 sin
2982 3942 3195 4005 minus
3236 3940 3314 4004 ad
3352 3941 3554 4004 (ΞΓωοί
3594 3958 3821 4003 exem—

516 4043 719 4127 plaris
750 4039 1067 4119 regulam,
1101 4041 1274 4100 recta
1319 4036 1394 4098 ad
1421 4037 1694 4100 invicem
1731 4038 1899 4100 serie
1924 4039 2297 4118 eXplicavit,
2324 4047 2572 4104 tantum
2602 4041 2772 4119 quod
2803 4042 3090 4121 septimas
3120 4046 3412 4103 octavam
3455 4042 3828 4122 praeposuit.

518 4141 884 4209 Servandus
920 4145 1136 4201 autem
1170 4139 1234 4198 in
1264 4137 1494 4200 Latina
1524 4138 1808 4200 editione
1836 4144 2057 4209 nostra
2094 4147 2529 4218 praeposterus
2559 4139 2663 4201 hic
2691 4139 2848 4202 ordo
2871 4148 3038 4215 erat,
3074 4140 3183 4219 qui
3219 4139 3335 4202 etsi
3365 4140 3565 4218 paulo
3599 4139 3832 4200 contu-

520 4248 680 4319 sior,
715 4242 1261 4321 Hieronymianus
1291 4244 1385 4301 est
1417 4245 1655 4311 tamen,
1692 4238 1862 4316 quod
1900 4239 2037 4317 ipse
2080 4241 2337 4301 minime
2378 4239 2684 4300 difﬁtetur
2742 4242 2806 4300 in
2859 4240 3231 4321 prmfalione
3278 4261 3293 4298 :
3334 4257 3538 4320 eoque
3574 4241 3822 4315 debuit,

522 4368 657 4431 quo
691 4348 1025 4408 institutus
1056 4344 1138 4405 ab
1167 4359 1242 4402 eo
1279 4347 1398 4413 est,
1432 4339 1622 4402 modo
1651 4342 2141 4420 repraesentari;
2175 4359 2323 4404 nam
2365 4360 2537 4421 saepe
2584 4341 2739 4403 alibi
2777 4358 2859 4403 ex
2898 4344 3218 4403 sententia
3247 4357 3366 4402 sua
3403 4341 3653 4403 mavult
3707 4357 3834 4400 non

523 4461 658 4515 tam
694 4452 1010 4526 interpres
1032 4442 1286 4519 audire,
1314 4458 1511 4520 quam
1543 4442 1689 4503 novi
1722 4443 1935 4521 Operis
1973 4442 2286 4503 conditor.
2345 4443 2619 4503 Demum
2651 4460 2780 4502 non
2813 4440 3268 4503 Adamantium
3313 4442 3498 4502 nobis
3538 4441 3833 4519 proposi-

530 4558 668 4615 tum
702 4555 823 4619 est,
858 4545 963 4607 sed
995 4544 1462 4621 Hieronymum
1492 4558 1982 4620 recognoscere,
2018 4547 2213 4619 atque
2234 4540 2582 4609 abstinere,
2608 4541 2818 4618 quoad
2851 4539 2987 4601 ﬁeri
3018 4546 3251 4619 potest,
3288 4540 3517 4600 alienis
3548 4539 3835 4616 scriptis,

529 4654 611 4716 ab
641 4665 720 4712 ea
741 4648 913 4710 enim
936 4661 1082 4723 quas
1112 4659 1285 4703 nunc
1312 4641 1569 4719 aliquos
1599 4648 1813 4714 vexat,
1838 4641 2299 4704 inclarescendi
2332 4659 2445 4720 per
2467 4641 2841 4703 chartarum
2872 4641 3157 4719 plaustra
3186 4641 3475 4715 libidine,
3504 4640 3839 4721 ingenium

530 4760 827 4817 nostrum
865 4748 1173 4810 abhorret
1203 4745 1485 4807 immane
1523 4751 1863 4822 quantum.

615 4860 689 4924 Ut
716 4872 896 4925 vero,
926 4851 1096 4929 quod
1135 4858 1512 4911 nostrarum
1546 4859 1641 4909 est
1670 4850 1975 4927 partium,
2001 4849 2077 4910 de
2108 4850 2578 4929 singulis,qua3
2609 4849 2728 4911 hoc
2770 4854 2942 4910 tomo
2979 4850 3421 4925 continentur,
3459 4848 3836 4928 Hieronymi

534 4950 1101 5021 lucubrationibus
1141 4948 1463 5028 quidpiam
1502 4964 1579 5007 ex
1616 4946 1839 5008 ordine
1868 4954 2320 5025 praenotemus,
2351 4934 2974 5012 Commentariorum
3009 4951 3071 5011 in
3109 4931 3529 5021 Ezechielem,
3564 4952 3672 5028 qui
3706 4952 3843 5028 pri-

534 5076 714 5123 mum
749 5053 997 5116 obtinet
1031 5051 1275 5125 locum,
1304 5048 1793 5128 quatuordecim
1847 5049 1990 5109 libri
2041 5055 2218 5111 sunt.
2263 5051 2347 5111 lis
2379 5049 2793 5117 adornandis.
2826 5068 2957 5111 non
2986 5069 3190 5112 unum
3244 5054 3357 5111 aut
3391 5050 3697 5119 alterum,
3728 5046 3841 5111 sed

535 5165 820 5243 quatuor
860 5155 1057 5214 ferme
1091 5168 1297 5213 annos
1332 5151 1549 5229 exegit
1579 5150 2037 5230 Hieronymus,
2080 5170 2206 5212 non
2248 5152 2419 5229 quod
2469 5152 2665 5212 alacri
2723 5152 2800 5218 ad
2849 5151 3237 5213 miraculum
3292 5169 3499 5228 usque
3554 5152 3840 5231 ingenio,

536 5259 695 5331 tanti
732 5255 916 5317 labor
944 5253 1045 5314 hic
1077 5252 1348 5321 steterit,
1386 5250 1491 5311 sed
1522 5249 1693 5328 quod
1727 5250 2157 5328 interpellate,
2197 5250 2586 5327 minimeque
2623 5252 2976 5312 continenti
3010 5251 3221 5311 studio
3251 5268 3423 5311 nunc
3462 5251 3612 5319 hoc,
3665 5269 3842 5313 nunc

536 5356 696 5424 illud
733 5358 1131 5434 segmentum
1166 5350 1373 5429 operis
1412 5368 1521 5428 per
1550 5349 2273 5429 intervallaldictaverit.
2308 5351 2625 5431 lncoeptus
2656 5353 2840 5414 labor
2866 5354 3126 5413 vixdum
3164 5353 3474 5415 absolutis
3508 5354 3574 5415 in
3604 5354 3842 5418 Isaiam

540 5455 1248 5526 Commentariis,anno
1280 5453 1571 5513 videlicet
1603 5452 1942 5521 undecimo
1961 5471 2158 5532 supra
2187 5454 2928 5534 quadringentesimum;
2958 5454 3061 5516 sed
3080 5455 3148 5516 in
3178 5456 3314 5532 ipso
3346 5454 3633 5517 dictandi
3657 5474 3842 5518 exor-

543 5555 853 5638 dio,quod
886 5556 1150 5634 ipsemet
1174 5556 1478 5615 causatur
1508 5555 1571 5613 in
1605 5554 1899 5634 prologo,
1935 5560 1997 5614 et
2032 5553 2103 5615 in
2138 5555 2324 5633 epist.
2365 5556 2504 5627 126,
2534 5556 2610 5618 ad
2643 5556 3089 5619 Marcellinum
3120 5563 3182 5619 et
3206 5558 3714 5639 Anapsychiam,
3742 5559 3834 5621 ita

550 5666 769 5731 animo
801 5665 1247 5724 consternatus
1282 5658 1615 5735 obstupuit
1651 5658 1865 5719 subito
1895 5658 2124 5719 nuntio
2147 5655 2222 5720 de
2252 5659 2642 5723 Pammachii
2674 5668 2735 5722 et
2760 5659 3080 5722 Marcella:
3109 5666 3340 5736 morte,
3375 5662 3508 5721 tum
3537 5659 3844 5723 Occiden-

546 5773 774 5845 talium
827 5766 1335 5848 provinciarum,
1388 5772 1445 5825 et
1503 5763 1785 5827 maxime
1820 5763 1995 5827 urbis
2024 5764 2329 5830 Romana:
2360 5764 2744 5844 vastatione,
2777 5770 2847 5827 ut
2882 5765 3162 5846 incmpto
3210 5764 3561 5840 abstinere,
3600 5764 3842 5845 diuque
