3996 6322
193 282 241 343 Β
1634 273 2028 333 ΡΒΑΞΓΑὝΙΗ.
2912 308 2921 314 -
3406 282 3474 340 ιι

192 408 365 460 tacere
391 396 787 475 compulsus
815 396 921 458 sit.
954 393 1045 456 Ad
1079 393 1218 472 ejus
1245 392 1397 455 anni
1429 391 1649 468 ﬁnem,
1676 391 1812 453 sive
1842 391 1918 452 ad
1957 390 2411 467 subsequentis
2436 389 2691 450 initium
2727 390 2961 453 iterum
2988 391 3069 451 ab
3090 390 3359 455 exordio
3389 394 3470 457 ad

192 503 409 566 tertium
448 517 669 577 usque
722 498 963 560 librum
1000 496 1437 559 intermissum
1486 495 1774 556 laborem
1834 494 2114 575 repetiit,
2147 508 2292 554 cum
2338 493 2574 561 denuo,
2636 501 2706 556 ut
2750 494 2886 572 ipse
2940 497 3027 557 ait
3064 496 3253 558 modo
3312 498 3468 560 lau—

192 608 305 668 data
334 605 409 667 ad
440 604 905 666 Marcellinum
956 602 1226 681 epistola
1262 623 1276 661 :
1316 601 1457 661 Hoc
1491 618 1655 661 anno
1698 598 1944 660 subitus
1980 599 2245 678 impetus
2273 596 2700 660 Barbarorum
2737 600 2829 659 sic
2871 599 3140 679 [Egypti
3181 600 3493 676 limitem,‘

192 707 539 782 Palestina,
574 704 919 776 Phoenicis,
951 704 1154 784 Syria:
1182 702 1581 781 percucurrit
1612 703 1816 765 instar
1847 698 2151 762 torrentis
2194 707 2421 762 cuncta
2452 719 2655 763 secum
2686 700 2958 771 trahens,
2996 709 3062 764 ut
3100 702 3203 764 vix
3243 722 3469 766 eorum

196 811 304 892 ipse
334 827 568 873 manus
599 808 888 889 potuerit
916 807 1211 879 evadere,
1255 804 1489 866 nedum
1521 803 1837 880 animum,
1887 818 2079 882 quem
2118 803 2244 864 fere
2289 802 2738 882 desponderat,
2773 804 2849 865 ad
2887 804 3295 865 scribendum
3346 806 3474 867 ad—

194 919 434 977 vertere.
466 909 934 986 Nihilosecius,
966 907 1360 970 lentescente
1395 925 1508 985 per
1546 910 1794 986 tempus
1821 904 2066 975 dolore,
2102 907 2381 967 maxime
2406 924 2565 967 vero
2605 922 2768 983 opus
2803 911 3071 984 urgente
3098 906 3473 986 Eustochio,

194 1014 523 1085 lucrativis,
575 1012 775 1072 immo
815 1010 1065 1075 furtivis
1100 1011 1383 1071 noctium
1418 1009 1593 1071 horis
1617 1008 1769 1071 anui
1803 1008 2421 1088 quadringentesimi
2452 1008 2681 1070 decimi
2723 1009 2915 1083 tertii,
2956 1008 3163 1088 hyeme
3194 1013 3474 1091 propin-

196 1121 413 1196 quante,
457 1109 636 1189 quod
670 1112 808 1188 ipse
834 1108 1169 1188 proﬁtetur
1201 1110 1264 1169 in
1292 1109 1543 1187 septimi
1580 1109 1722 1169 libri
1762 1108 2134 1189 preiatione
2161 1109 2237 1169 ad
2271 1109 2524 1171 Nouum
2558 1128 2761 1188 usque
2781 1118 3160 1190 persecutus
3181 1120 3299 1185 est,
3328 1132 3475 1176 cum

196 1217 314 1280 aliis
344 1212 623 1277 subinde
657 1212 1195 1291 occupationibus
1225 1212 1303 1273 de
1336 1216 1469 1272 toto
1506 1212 1660 1273 illuc
1697 1212 1854 1273 orbe
1903 1213 2284 1291 fugientium
2321 1214 2758 1276 distineretur.
2802 1215 3049 1276 Exinde
3088 1217 3199 1294 qui
3236 1218 3471 1279 subse-

195 1319 459 1395 quuntur
484 1311 563 1375 ad
594 1310 786 1373 ﬁnem
823 1330 1031 1390 usque
1058 1312 1303 1390 operis,
1350 1313 1715 1390 insequenti
1770 1313 2256 1392 decimoquarto
2283 1328 2478 1393 supra
2524 1317 3234 1397 quadringentesimum
3268 1321 3470 1381 ascri-

195 1414 435 1486 bendos,
473 1412 637 1474 nihil
669 1418 765 1475 est
794 1413 1083 1474 dubium.
1127 1412 1204 1473 Et
1237 1429 1388 1473 vero
1434 1412 1556 1473 sub
1588 1412 1844 1474 initium
1878 1412 2038 1473 Noui
2066 1413 2236 1485 libri,
2272 1413 2731 1476 Heraclianum
2764 1416 2992 1477 Africus
3019 1419 3319 1479 comitem
3360 1437 3479 1480 non

198 1536 297 1581 res
320 1530 542 1598 pinnas
581 1516 784 1579 luisse
816 1516 1093 1594 perildite
1127 1515 1358 1578 refert:
1392 1532 1537 1593 quin
1567 1516 1872 1593 temporis
1906 1525 2057 1579 nota
2101 1518 2256 1578 satis
2310 1518 2650 1579 manifesto
2698 1517 2991 1597 designat
3025 1519 3308 1599 priorem
3349 1520 3479 1583 hu-

199 1618 351 1699 jusee
379 1615 1256 1696 annipartem,quoLucinnl
1294 1634 1353 1676 ν.
1388 1616 1469 1679 cl.
1501 1615 1750 1695 collega
1781 1616 1845 1676 in
1876 1616 2217 1679 consulatu
2240 1618 2666 1680 Heraclianus
2695 1619 2834 1691 fuit,
2874 1624 2938 1681 et
2960 1621 3082 1681 sub
3118 1623 3479 1700 Augustum

186 1737 490 1801 mensem,
520 1716 873 1791 Novarum,
905 1723 974 1782 ut
1009 1721 1277 1799 Prosper
1308 1717 1424 1792 ait,
1458 1718 1526 1779 in
1554 1716 1774 1797 Africa
1801 1733 2014 1781 rerum
2038 1737 2184 1781 reus
2213 1720 2506 1783 honorem
2536 1722 2745 1784 amisit
2780 1730 2837 1783 et
2868 1723 3082 1784 vitam.
3129 1725 3298 1785 Duos
3333 1744 3485 1787 vero

205 1826 539 1901 postremos
572 1820 802 1895 libros,
831 1819 942 1897 qui
984 1820 1294 1881 visionem
1328 1819 1691 1881 edisserunt
1736 1821 1980 1901 templi,
2016 1839 2164 1884 cum
2199 1821 2277 1883 ad
2304 1840 2444 1883 eam
2485 1831 2728 1901 partem
2772 1824 3022 1885 delubri
3064 1828 3489 1903 pervenisset,

209 1923 260 1984 in
285 1941 406 2001 qua
431 1923 665 1985 Sancta
698 1922 1106 1995 Sanctorum,
1135 1940 1210 1984 ac
1233 1922 1700 2002 Thymiamatis
1752 1921 1970 1984 Altare
2009 1924 2420 1993 describitur,
2454 1942 2522 1984 se
2556 1924 2863 1985 maluisse
2898 1942 3248 2002 parumper
3290 1928 3490 1988 inter-

214 2025 481 2099 mittere,
508 2025 674 2085 datis
704 2022 1129 2102 ad-virgincm
1164 2022 1628 2085 Demetriadem
1656 2020 1883 2083 litteris
1907 2021 2268 2099 proﬁtetur,
2288 2027 2383 2098 ut,
2407 2020 2579 2099 quod
2611 2022 2745 2102 ipse
2774 2024 2889 2097 ait,
2910 2023 2998 2082 De
3026 2023 3237 2084 Allari
3264 2025 3497 2085 transi-

217 2134 292 2186 ret
318 2125 390 2187 ad
424 2124 655 2186 Allare.
693 2124 849 2184 Eam
875 2142 1068 2202 porro
1103 2123 1473 2201 epistolam,
1497 2140 1642 2201 qua:
1678 2123 1740 2183 iu
1776 2131 1998 2184 nostra
2033 2123 2409 2184 recensione
2436 2122 2649 2184 locum
2682 2123 2921 2183 obtinet
2956 2121 3095 2198 130,
3132 2122 3212 2184 ad
3245 2124 3492 2187 huncce

223 2242 434 2287 annum
468 2223 1180 2304 quadringentesimum
1211 2222 1845 2302 decimumquartum
1888 2225 2232 2302 pertinere.
2268 2225 2460 2285 certis
2505 2229 2900 2303 argumentis
2940 2243 3056 2287 suo
3096 2228 3236 2288 loco
3275 2232 3500 2287 osten-

224 2326 429 2386 dimns.

293 2427 461 2490 Hisce
487 2426 971 2490 commentariis
1015 2427 1356 2505 septeuuio
1395 2428 1570 2506 prior
1594 2432 1716 2501 est,
1745 2427 1855 2505 qui
1891 2427 1967 2489 ad
1997 2426 2477 2505 Scripturarum
2519 2429 2750 2491 seriem
2780 2431 3223 2509 subsequitur,
3273 2434 3335 2493 iu
3368 2434 3502 2494 Da—

232 2528 431 2590 nielem
458 2530 807 2609 singularis
836 2529 1022 2598 liber,
1064 2529 1167 2590 cui
1208 2547 1451 2589 annum
1497 2529 1843 2590 tribuimus
1891 2527 2605 2609 quadringentesimum
2648 2533 3017 2609 septimum.
3072 2532 3231 2593 Cum
3276 2552 3505 2614 nempe

233 2632 481 2691 animum
516 2632 593 2693 ad
631 2649 779 2694 eum
819 2631 1232 2691 scribendum
1265 2630 1509 2710 appulit
1548 2638 1810 2692 sanctus
1840 2631 2089 2709 doctor,
2116 2631 2248 2710 jam
2281 2630 2473 2710 (quod
2508 2636 2771 2712 ipsemet
2802 2636 2864 2695 in
2899 2636 3087 2714 hujus
3124 2638 3498 2715 praefatione

234 2733 358 2794 libri
382 2734 888 2796 luculentissime
922 2732 1156 2813 prodit)
1187 2732 1522 2794 duodecim
1552 2734 1897 2815 prephetas
1936 2735 2214 2796 minores
2244 2742 2662 2813 exposuerat,
2695 2736 3031 2815 fueratque
3063 2740 3220 2800 adeo
3255 2760 3498 2802 annum

236 2834 903 2915 quadringentesimum
941 2836 1195 2893 sextum
1230 2838 1746 2912 praetergressus,
1782 2832 1966 2913 cujus
1991 2840 2331 2914 postremas
2361 2837 2523 2914 parti
2559 2846 2878 2914 postrema
2919 2840 3064 2899 item
3097 2860 3174 2900 ex
3211 2841 3333 2902 illis
3379 2861 3492 2904 ex-

239 2934 507 3012 planatio,
540 2952 686 3014 quae
718 2934 907 2996 estin
935 2935 1155 3003 Amos,
1185 2953 1261 2995 ex
1298 2936 1439 3011 ipsa
1485 2936 1650 2996 sexti
1710 2937 2086 2998 consulatus
2124 2938 2376 2999 Arcadii
2415 2940 2685 3017 Augusti
2724 2947 2786 3001 et
2819 2941 3012 3000 Auitii
3058 2944 3244 3002 Probi
3303 2951 3495 3007 uota-

240 3037 384 3099 tione
427 3044 595 3100 certo
642 3037 886 3100 certius
923 3035 1229 3116 aiﬁgitur.
1298 3036 1543 3098 Rursus
1604 3053 1850 3099 annum
1904 3039 2350 3100 antevertebat
2411 3042 3118 3119 quadringentesimum
3176 3051 3505 3119 octavum,

238 3137 394 3216 cujus
433 3159 643 3202 mense
700 3143 991 3220 Augusto
1052 3138 1416 3200 Slilichonis
1466 3145 1717 3216 patrata
1765 3143 1858 3200 est
1916 3138 2300 3199 interfectio.
2368 3139 2953 3201 Calumniabantur
2993 3149 3206 3203 autem
3264 3143 3506 3204 Hiero-

241 3239 519 3318 nymiane
562 3238 787 3321 glorise
832 3238 1026 3301 invidi
1063 3237 1385 3309 hoiuines,
1434 3237 1855 3317 suggillatum
1887 3239 1970 3299 ab
2011 3254 2088 3299 eo
2128 3238 2476 3299 barbarum
2539 3238 2805 3299 Romani
2862 3240 3185 3301 exercitus
3233 3242 3501 3314 ducem,

239 3357 365 3402 eum
410 3344 467 3404 in
514 3341 980 3422 explanatione
1018 3359 1268 3421 magum
1329 3340 1504 3401 illius
1547 3346 1805 3411 statum,
1842 3356 2039 3418 quam
2079 3342 2192 3418 p'er
2229 3340 2436 3399 visum
2490 3336 3086 3399 Nabuchodonosor
3124 3341 3391 3415 viderat,
3429 3342 3504 3402 de

241 3446 473 3523 pedibus
530 3446 730 3517 ferro,
779 3450 1073 3521 testaque
1114 3462 1194 3504 ex
1251 3444 1386 3503 luto
1434 3441 1785 3521 compactis
1814 3440 2190 3519 mysterium
2253 3456 2610 3515 exponens,
2670 3441 2730 3497 in
2794 3458 2870 3499 eo
2929 3441 3087 3499 dixit
3147 3442 3506 3501 Romanum

241 3544 552 3623 signiﬁcari
579 3545 922 3626 imperium
965 3542 1191 3605 :Sicut
1221 3542 1385 3603 enim
1416 3542 1483 3602 in
1522 3540 1847 3619 principio
1884 3536 2047 3601 nihil
2097 3536 2375 3598 Romano
2414 3536 2673 3616 imperio
2719 3540 2953 3617 fortius
2986 3549 3041 3598 et
3073 3538 3299 3600 durius
3344 3542 3493 3618 fuit,

244 3642 320 3703 ita
344 3645 403 3703 in
420 3648 531 3724 ﬁne
556 3664 769 3707 rerum
799 3644 960 3707 nihil
995 3642 1369 3707 imbecillius
1395 3663 1416 3704 :
1442 3641 1695 3723 quando
1732 3649 1789 3702 et
1819 3641 1889 3704 in
1919 3638 2097 3702 bellis
2127 3638 2440 3711 civilibus,
2475 3647 2535 3700 et
2555 3638 2884 3700 adversum
2906 3640 3183 3702 diversas
3211 3642 3502 3703 nationes

250 3744 482 3806 aliarum
514 3746 793 3825 gentium
836 3743 1244 3806 barbararum
1294 3743 1646 3820 indigemus
1689 3739 1962 3803 auxilio.
2013 3739 2220 3813 Quam
2272 3747 2491 3817 postea
2546 3739 3013 3799 malevolorum
3070 3740 3507 3819 suspicionem

249 3864 503 3924 purgans
530 3846 849 3909 undecimi
882 3845 946 3904 iu
977 3844 1212 3905 Isaiam
1243 3843 1387 3904 libri
1433 3840 1811 3921 prefatioue
1847 3859 1864 3900 :
1903 3839 2054 3903 Non
2087 3839 2199 3911 sic,
2253 3839 2487 3919 inquit,
2525 3837 2909 3899 adulantium
2960 3848 3047 3899 est
3074 3841 3501 3920 principibus,

246 3954 305 4005 ut
331 3965 636 4009 sacrarum
662 3946 1153 4025 Scripturarum
1179 3942 1412 4005 veritas
1441 3941 1805 4021 negligatur
1832 3961 1853 4001 :
1888 3959 2001 4001 nec
2036 3940 2342 4020 generalis
2374 3939 2724 4018 disputatio
2760 3942 2948 4002 unius
2978 3959 3263 4020 personw
3299 3943 3508 4023 (Stili-

246 4048 470 4129 chouis)
502 4049 743 4131 injuria
769 4058 890 4116 est;
919 4065 1054 4127 qua:
1081 4064 1218 4107 cum
1248 4044 1511 4122 benigno
1540 4061 1813 4104 meorum
1843 4042 2055 4103 studio
2096 4049 2371 4107 curetur,
2418 4039 2797 4119 Deijudicio
2828 4050 3077 4119 repente
3106 4042 3352 4104 sublata
3394 4054 3503 4106 est.

249 4150 502 4215 Omnino
534 4155 731 4235 igitur
758 4150 1018 4230 quando
1056 4150 1167 4211 illa
1198 4147 1429 4210 excudi
1461 4147 1788 4208 calumnia
1826 4146 2057 4224 potuit,
2087 4150 2278 4221 atque
2318 4141 2476 4202 adeo
2506 4151 2852 4220 postquam
2882 4142 2945 4203 in
2978 4144 3310 4206 Danielem
3335 4165 3511 4207 com-

247 4256 520 4319 mentarii
554 4254 616 4316 in
649 4254 886 4335 vulgus
917 4251 1065 4314 editi
1092 4256 1267 4328 sunt,
1299 4247 1638 4312 advivebat
1669 4246 1959 4319 Stilicho,
1990 4244 2359 4324 primasque
2403 4242 2730 4305 obtinebat
2762 4243 3197 4307 Romanarum
3234 4246 3461 4308 virium
3494 4269 3508 4307 :

242 4376 417 4437 quem
446 4358 700 4439 epinari
737 4356 999 4418 minime
1030 4371 1146 4436 par
1180 4358 1300 4427 est,
1344 4351 1737 4429 simulatque
1774 4349 1883 4412 illa
1921 4348 2267 4427 expositio,
2314 4346 2390 4408 ad
2446 4344 2614 4424 vulgi
2660 4362 2850 4407 aures
2901 4347 3240 4410 devenisse
3276 4369 3309 4412 e
3348 4352 3511 4417 vivis

243 4464 544 4526 sublatum
574 4486 591 4540 ;
624 4462 781 4539 quin
817 4461 1039 4539 potius
1068 4474 1197 4519 nou
1238 4456 1322 4516 ita
1358 4471 1585 4534 parum
1623 4451 2065 4515 intercessisse
2100 4449 2401 4526 temporis
2426 4492 2442 4521 ,
2482 4464 2613 4526 quo
2644 4454 2707 4507 et
2739 4453 3001 4509 sanctus
3036 4451 3222 4511 Pater
3254 4453 3335 4513 ab
3372 4452 3509 4514 iui—

241 4567 374 4645 quis
414 4564 780 4634 observari,
823 4560 1362 4636 calumnioseque
1407 4557 1683 4627 traduci,
1724 4562 1919 4635 atque
1966 4571 2045 4613 ex
2091 4550 2366 4613 adverso
2412 4565 2447 4610 a
2478 4548 2578 4608 sui
2615 4548 2919 4610 studiosis
2955 4550 3231 4629 benigne
3275 4556 3515 4635 excipi,

240 4666 590 4747 bonamque
617 4666 682 4727 in
714 4669 960 4744 partem
994 4666 1211 4740 posset
1239 4658 1506 4738 exponi.
1546 4658 1641 4718 Ex
1678 4657 1799 4718 hoc
1830 4653 2137 4732 temporis
2172 4649 2513 4715 intervallo
2549 4664 2899 4726 rerumque
2928 4652 3098 4712 serie
3134 4653 3511 4730 planissime

242 4768 519 4849 colligas,
566 4768 780 4847 ipsum
817 4781 1005 4844 opus,
1051 4760 1225 4841 quod
1271 4760 1583 4836 diximus,
1623 4761 1707 4820 ita
1762 4756 1840 4819 ad
1890 4772 2133 4818 annum
2188 4753 2508 4831 pertinere
2557 4750 3274 4831 quadringentesimum
3311 4761 3515 4837 septi-

240 4886 431 4946 mum,
456 4876 524 4930 ut
560 4869 670 4929 vix
706 4865 987 4947 potuerit
1025 4861 1480 4940 subsequentis
1513 4861 1790 4939 priorem
1824 4864 2072 4937 partem
2104 4860 2410 4938 attigisse.

314 4966 793 5047 Duodetriginta
825 4963 1266 5034 homiliarum,
1301 4976 1450 5039 quas
1481 4978 1653 5022 nunc
1690 4960 1968 5039 primum
1997 4961 2334 5034 accedunt,
2368 4978 2805 5041 quamquam,
2837 4966 2907 5021 ut
2939 4959 3251 5040 diximus,
3283 4966 3517 5045 singu—

241 5075 389 5139 laris
415 5073 721 5142 estliber,
762 5086 890 5130 uou
922 5084 1051 5129 uua
1086 5071 1299 5127 tamen
1335 5066 1657 5145 planeque
1691 5062 1910 5123 eadem
1944 5069 2035 5123 est
2074 5070 2253 5141 aetas,
2293 5066 2425 5126 sive
2453 5085 2577 5125 non
2614 5083 2743 5125 uno
2772 5063 2897 5125 illa:
2924 5070 3235 5145 tempore,
3260 5069 3519 5130 eodem-

245 5198 364 5259 que
397 5180 632 5259 impetu
667 5191 749 5236 ex
788 5171 1014 5235 Graeco
1048 5168 1348 5248 Origenis
1383 5173 1559 5228 textu
1597 5166 1828 5227 retusae
1866 5174 2017 5227 sunt
2053 5167 2115 5225 in
2145 5166 2466 5227 Latinum.
2504 5164 2660 5225 Cum
2717 5164 2913 5241 igitur
2968 5164 3031 5225 iu
3070 5186 3334 5228 suorum
3382 5170 3518 5249 ipse

245 5299 494 5360 operum
526 5277 823 5354 catalogo
855 5277 1120 5333 saucius
1155 5271 1472 5347 interpres
1496 5267 1614 5329 sub
1646 5284 1771 5327 una
1806 5285 2028 5326 omnes
2058 5268 2430 5328 recensione
2455 5265 2674 5344 ponit:
2709 5264 2786 5324 In
2811 5262 3166 5335 Jeremiam,
3192 5266 3529 5359 inquiens,

251 5352 303 5442 ei
325 5384 386 5442 in
409 5352 790 5442 Ezechielem
830 5371 1141 5435 Homilies
1174 5367 1468 5446 Origenis
1504 5365 1735 5445 viginti
1769 5372 1935 5438 octo,
1970 5384 2123 5445 quas
2170 5362 2240 5424 de
2274 5363 2488 5423 Graeco
2537 5363 2605 5423 in
2638 5362 2936 5423 Latinum
2992 5364 3179 5437 verti,
3221 5362 3305 5424 ita
3340 5352 3527 5426 56a-

255 5484 509 5564 piendus
538 5496 683 5541 meo
721 5475 977 5555 quidem
1002 5472 1247 5553 judicio
1283 5472 1405 5544 est,
1440 5476 1508 5528 ut
1556 5484 1704 5529 cum
1753 5464 2059 5529 editionis
2098 5464 2502 5535 celebritate,
2549 5478 2674 5521 non
2715 5477 2856 5522 cum
2896 5460 3187 5521 Romano
3223 5478 3523 5530 sermone

252 5559 550 5664 cultuque
586 5581 843 5641 donata
878 5581 1052 5653 sunt,
1087 5578 1285 5635 notet.
1316 5570 1571 5632 Priores
1603 5568 1774 5629 enim
1804 5563 2321 5646 quatuordecim,
2363 5563 2494 5623 sive
2528 5579 2669 5641 quae
2701 5560 3042 5621 Jeremiam
3080 5559 3525 5643 interpretan-

252 5696 373 5759 tur,
404 5659 669 5750 L—aiinas
702 5682 909 5743 multo
935 5682 1125 5741 antea
1162 5676 1424 5745 iecerat,
1456 5688 1652 5751 quam
1697 5669 1969 5749 reliquis
2002 5669 2064 5728 iu
2116 5667 2513 5727 Ezechielem
2567 5681 2832 5725 manum
2878 5659 3293 5741 admoveret;
3340 5666 3527 5746 cujus

247 5795 336 5859 rei
370 5790 664 5873 locuples
695 5790 835 5869 ipse
863 5784 1038 5847 testis
1068 5780 1335 5855 accedit,
1374 5778 1438 5840 lu
1487 5794 1565 5839 eo
1610 5792 1801 5855 quem
1851 5772 2004 5836 huic
2043 5766 2447 5833 translationi
2485 5763 2755 5847 praeﬁxit
2790 5762 2869 5826 ad
2902 5762 3319 5828 Vincentium
3368 5770 3531 5833 Pro-
