4018 6322
511 291 583 348 I5
1764 282 1819 340 S.
1865 280 2139 341 EUSEBII
2182 279 2564 339 HlERONYMl
3747 282 3815 338 l6

509 402 660 483 logo
697 422 712 461 :
751 400 909 463 Post
957 397 1460 482 quatuordecim,
1505 399 1741 476 inquit,
1783 401 2105 461 Humilias
2147 400 2217 461 in
2268 401 2625 477 Jeremiam,
2672 414 2828 478 quas
2866 412 3239 459 JAMPRIDEM
3290 400 3547 480 confuso
3590 395 3811 459 ordine

510 486 963 583 interpretatus
988 521 1144 574 sum,
1179 511 1235 563 et
1270 501 1380 562 has
1414 500 1886 583 quatuordecim
1916 491 1986 561 in
2028 500 2418 563 Ezechielem
2450 517 2566 580 per
2612 498 2951 561 intervalla
2995 498 3257 561 dictaei.
3306 499 3445 561 Jam
3479 516 3633 559 vero
3681 517 3811 577 quo

498 610 803 685 tempore
836 613 1148 684 utrasque
1181 607 1376 668 simul
1412 624 1545 667 una
1573 605 1898 684 junxerit,
1930 604 2349 684 emiseritque
2383 623 2517 665 uno
2545 604 2737 676 libro,
2774 622 2854 666 ex
2893 622 2970 665 eo
2998 604 3147 665 licet
3179 603 3577 683 intelligere,
3612 622 3809 682 quem

504 708 572 769 in
606 709 867 770 laudato
906 708 1214 787 Calalogo
1246 708 1458 768 locum
1493 712 1734 768 tenent.
1768 707 2007 786 Nempe
2055 706 2207 767 hinc
2242 707 2593 768 Eusebiani
2643 705 2946 768 Chronici
3001 706 3632 785 interpretationem,
3661 708 3808 769 inde

500 810 843 889 epistolam
876 809 941 869 in
985 813 1210 869 nostra
1241 806 1628 867 recensione
1651 804 1754 882 18,
1784 806 1864 866 ad
1901 805 2278 879 Damasum,
2315 805 2387 866 de
2414 805 2770 884 Seraphim,
2803 805 3025 867 media:
3059 804 3443 885 interjacent
3478 826 3493 865 :
3528 824 3809 884 cumque

499 913 682 993 prior
710 910 823 972 illa
852 929 885 971 e
917 908 1166 971 duabus
1196 907 1336 968 ist-is
1366 906 1933 980 lucubrationibus
1970 906 2049 967 ad
2079 923 2328 968 annum
2364 907 2895 968 trecentesimum
2925 908 3397 986 octogesimum
3445 909 3806 971 certissime

501 1014 768 1090 spectet,
803 1009 1006 1070 altera
1034 1007 1113 1069 ad
1141 1007 1545 1085 insequentis
1579 1006 1893 1083 medium,
1924 1014 1996 1067 ut
2034 1007 2165 1069 suis
2201 1008 2359 1070 locis
2401 1010 2749 1087 probatum
2793 1014 2891 1070 est
2934 1029 2948 1070 :
2991 1009 3151 1069 nihil
3177 1009 3310 1088 jam
3343 1010 3802 1086 laborandum,

495 1118 573 1176 ut
604 1121 782 1175 certo
811 1112 1009 1189 scias,
1045 1127 1178 1189 quo
1217 1109 1525 1187 temporis
1555 1108 1713 1187 ipsa:
1747 1109 2088 1171 intervallo
2112 1110 2757 1185 circumscribantur,
2803 1113 2888 1172 ita
2921 1118 3134 1173 tamen
3166 1117 3235 1172 ut
3267 1112 3423 1174 velis
3449 1112 3527 1174 ad
3549 1119 3804 1176 trecen~

491 1217 795 1280 tesimum
830 1214 1297 1295 octogesimum
1329 1213 1612 1291 primum
1670 1212 1935 1291 propius
1966 1210 2300 1273 accedere.
2333 1213 2701 1291 Numquam
2742 1212 3029 1291 profecto
3059 1214 3437 1275 assentiaris
3481 1214 3562 1276 cl.
3594 1214 3803 1276 Tille-

490 1319 768 1389 mentio,
797 1318 908 1395 qui
947 1316 1340 1395 posteriores
1374 1314 1865 1392 quatuordecim
1897 1315 1961 1374 in
1991 1313 2393 1376 Ezechielem
2428 1313 2507 1377 ad
2538 1332 2787 1377 annum
2823 1334 3031 1394 usque
3060 1318 3587 1379 trecentesimum
3616 1325 3796 1381 octo-

492 1422 831 1502 gesimum'
869 1426 1124 1481 sextum
1176 1416 1409 1480 diﬂ‘ert.
1439 1416 1579 1479 Hoc
1641 1416 1734 1477 illi
1800 1416 1956 1478 satis
2003 1415 2262 1479 inﬁrma
2320 1420 2489 1479 ratio
2542 1419 2889 1495 persuasit,
2937 1418 3107 1496 quod
3161 1409 3601 1499 inbujusmet
3651 1422 3799 1485 libri

484 1523 868 1605 praefatione
894 1521 1242 1599 Origenem
1278 1524 1457 1580 vocet
1489 1522 1751 1581 sanctus
1785 1516 2038 1591 doctor,
2071 1516 2378 1578 hominem
2386 1518 2598 1596 juxta
2627 1517 2885 1597 Didymi
2924 1518 3197 1579 videntis
3226 1509 3801 1584 sententiamualte;

486 1644 631 1689 rum
651 1633 798 1707 post
820 1625 1143 1705 apostolos
1165 1621 1599 1685 Ecclesiarum
1625 1621 1997 1700 magistrum
2029 1642 2043 1680 :
2076 1620 2329 1683 laudari
2355 1620 2526 1679 enim
2555 1622 2669 1680 abs
2693 1621 3090 1701 Hieronymo
3123 1620 3490 1701 Didymum,
3518 1641 3799 1703 eumque

482 1730 793 1793 videntem
820 1728 943 1790 dici
978 1733 1128 1789 ante
1163 1726 1337 1787 hunc
1367 1742 1637 1797 annum,
1671 1740 1804 1801 quo
1841 1722 2029 1782 illum
2064 1722 2140 1782 de
2168 1739 2281 1782 ore
2318 1720 2577 1781 noverit
2603 1721 3019 1782 Alexandria:
3044 1770 3060 1801 ,
3092 1721 3473 1798 neutiquam
3507 1724 3796 1801 potuisse

486 1828 845 1892 arbitratus
873 1833 992 1890 est.
1030 1828 1172 1888 Non
1201 1831 1342 1887 erat
1367 1840 1523 1886 vero
1554 1822 1715 1885 tanti
1745 1822 1919 1883 istaec
1949 1820 2242 1884 facienda
2278 1820 2676 1899 conjectura,
2712 1824 2816 1883 cui
2857 1827 2919 1882 et
2956 1826 3089 1883 tota
3119 1820 3794 1903 Hieronymianarum

486 1931 914 2009 scriptionum
948 1928 1175 1999 series,
1207 1930 1271 1987 et
1297 1924 1469 2003 quod
1502 1924 1598 1984 rei
1627 1928 1823 2000 caput
1850 1926 1971 1997 est,
2004 1921 2348 1999 ipsiusmet
2378 1920 2774 1981 sanctissimi
2805 1919 3178 1997 interpretis
3211 1922 3650 1983 testimonium
3681 1943 3788 1999 ea,

475 2046 611 2109 qua
639 2029 1047 2090 continenter
1076 2042 1230 2088 suos
1261 2024 1461 2085 libros
1494 2021 1561 2083 in
1587 2021 1895 2100 Catalogo
1942 2020 2024 2084 ad
2073 2022 2379 2099 temporis
2412 2027 2710 2082 recenset
2773 2022 3273 2100 praerogativam
3300 2071 3317 2101 ,
3369 2023 3622 2087 ratione
3657 2026 3776 2088 ad-

479 2138 804 2199 versatur.

3365 2240 3771 2255 —_—————

1079 2368 1223 2482 S.
1300 2361 2019 2479 EUSEBII
2095 2361 3179 2476 HIEBONYMI

1586 2588 2158 2655 STRIDONENSIS
2203 2585 2695 2651 PRESBYTERI

1254 2774 2976 2912 COMMENTARIORUM

2019 3005 2185 3109 ἸΝ

388 3227 393 3231 ’
485 3220 2122 3399 EZECHIELEM"
2253 3221 3777 3392 PROPHETAM

1416 3498 1723 3582 LIBRI
1796 3491 2805 3609 QUATUORDECIM.

474 2237 3163 2264 Mm

1414 3673 2825 3713 ψ*

1518 3835 1999 3951 LIBER
2070 3832 2711 3943 PRIMUS.

1825 4011 2335 4043 υ--ᾢ-

544 4210 672 4282 1-2
701 4205 896 4263 Finitis
925 4204 978 4261 in
1018 4204 1209 4261 Isaiam
1251 4201 1439 4258 decem
1462 4209 1517 4257 et
1551 4208 1677 4256 octo
1692 4194 2061 4268 Explanatio-
2087 4193 2140 4254 Α
2167 4192 2395 4262 pendeo,
2428 4194 2769 4266 aliorumque
2787 4194 2922 4268 3-4
2945 4197 3103 4253 malis
3127 4212 3212 4253 me
3239 4197 3444 4252 crucio.
3472 4196 3766 4268 Postquam

465 4315 595 4354 num
623 4298 1014 4362 voluminibus,
1048 4297 1113 4353 ad
1147 4295 1423 4362 Ezechiel,
1450 4292 1593 4364 quod
1623 4292 1739 4357 tibi,
1768 4299 1821 4346 et
1851 4295 2058 4345 sancta:
2170 4300 2300 4340 vero
2344 4286 2705 4343 clarissimum
2763 4299 3031 4345 terrarum
3072 4292 3312 4346 omnium
3353 4292 3532 4347 lumen
3563 4292 3770 4347 exstin-

461 4391 747 4448 niemoriae
778 4391 939 4447 matri
968 4399 1077 4447 tuae
1106 4389 1309 4459 Paulae,
1353 4404 1385 4443 ο
1424 4386 1589 4457 Virgo
1615 4383 1816 4440 Christi
1861 4384 2058 4439 Eusto-

461 4485 669 4551 chium,
705 4500 853 4554 saepe
900 4486 1174 4556 pollicitus
1206 4499 1350 4548 sum,
1384 4481 1617 4537 transire
1647 4476 1955 4548 cupiebam,
2004 4482 2060 4530 et

460 4585 784 4644 extremam,
813 4585 875 4631 ut
916 4576 1142 4642 dicitur,
1187 4590 1405 4629 manum
1445 4572 1595 4643 operi
1628 4572 1908 4641 imponere
1935 4582 2059 4637 pro-

460 4670 665 4738 phetali
693 4688 707 4724 :
735 4678 792 4725 et
814 4684 942 4725 ecce
971 4670 1151 4725 subito
1182 4684 1329 4723 mors
1371 4666 1504 4721 mihi
1531 4663 1870 4720 Pammachii
1899 4671 2059 4729 atque

459 4761 753 4831 Marcellae,
786 4762 1048 4818 Romanas
1073 4761 1225 4817 urbis
1247 4761 1481 4827 obsidio,
1514 4760 1921 4826 multorumque
1943 4753 2057 4808 l‘ra-

460 4862 605 4909 trum
653 4863 709 4909 et
762 4868 1014 4910 sororum
1038 4852 1291 4909 dormitio
1324 4852 1566 4907 nuntiata
1610 4861 1713 4905 est.
1757 4852 1935 4917 Atque
1985 4844 2059 4899 ita

456 4954 842 5001 consternatus
889 4945 1184 5015 obstupui,
1220 4953 1277 4999 ut
1308 4944 1443 4999 nihil
1471 4944 1619 4998 aliud
1645 4942 1835 4997 diebus
1867 4955 1931 4995 ac
1962 4956 2060 4993 no-

456 5038 637 5094 ctibus
663 5038 768 5093 nisi
807 5037 876 5094 de
910 5038 1085 5094 salute
1121 5038 1364 5093 omnium
1393 5039 1689 5108 cogitarem
1723 5054 1735 5089 :
1769 5051 1962 5105 meque
2002 5033 2055 5088 in

459 5132 774 5202 captivitate
816 5141 1130 5187 sanctorum
1174 5141 1424 5202 putarem
1453 5147 1575 5187 esse
1604 5130 1901 5201 captivum,
1952 5140 2053 5183 nec

449 5239 670 5293 possem
713 5224 866 5295 prius
909 5239 1005 5279 ora
1038 5239 1312 5290 reserare,
1347 5225 1448 5279 nisi
1478 5223 1682 5294 aliquid
1707 5222 1908 5277 certius
1936 5221 2050 5277 dis-

450 5331 672 5374 cerem:
704 5316 832 5373 dum
862 5318 1005 5373 inter
1036 5333 1189 5390 spem
1218 5329 1272 5373 et
1300 5318 1737 5388 desperationem
1783 5315 2048 5371 sollicitus

2168 4388 2313 4435 ctum
2337 4389 2441 4446 est,
2462 4381 2627 4436 immo
2650 4382 2881 4439 Romani
2904 4384 3120 4452 imperii
3144 4395 3449 4441 truncatum
3470 4395 3633 4456 caput
3651 4403 3667 4442 :
3685 4395 3763 4454 et,

2168 4485 2225 4529 ut
2257 4474 2439 4531 verius
2487 4477 2690 4541 dicam,
2727 4478 2777 4531 in
2814 4493 2918 4533 una
2966 4477 3111 4534 Urbe
3155 4487 3300 4533 totus
3330 4480 3482 4535 orbis
3534 4480 3762 4547 interiit,

2168 4569 2399 4624 obmutui
2429 4582 2476 4625 et
2508 4572 2814 4626 humiliatus
2839 4589 2973 4639 sum,
3006 4583 3053 4627 et
3083 4573 3204 4627 silui
3244 4590 3275 4625 a
3319 4573 3488 4638 bonis,
3532 4583 3580 4628 et
3615 4574 3768 4629 dolor

2166 4679 2308 4717 meus
2334 4673 2602 4717 renovatus
2624 4673 2698 4718 est
2732 4665 3039 4746 {concaluit
3068 4664 3156 4720 cor
3194 4682 3366 4719 meum
3391 4667 3530 4720 intra
3572 4682 3675 4732 me,
3717 4674 3767 4719 et

2164 4757 2218 4809 in
2251 4758 2584 4812 meditatione
2622 4774 2733 4811 mea
2779 4759 2969 4812 exarsit
3012 4759 3148 4831 ignis
3191 4758 3369 4830 (Psal.
3405 4775 3635 4826 xxxviii,
3667 4757 3765 4829 4):

2168 4865 2267 4905 nec
2297 4853 2477 4921 putavi
2504 4851 2650 4905 illam
2674 4852 2999 4907 sententiam
3025 4853 3403 4923 negligendam
3428 4871 3442 4907 :
3477 4852 3681 4908 Musica
3710 4854 3766 4908 in

2165 4944 2306 4998 luctu
2330 4946 2621 5013 importuna
2642 4946 2880 4998 narratio
2910 4944 3102 5016 (Eccti.
3134 4962 3267 5011 xm,
3301 4946 3380 5016 6).
3415 4944 3612 5001 Verum
3637 4946 3765 5017 quia

2163 5048 2217 5093 et
2246 5051 2299 5093 tu
2327 5039 2703 5095 indesinenter
2730 5040 2832 5094 hoc
2857 5040 3091 5111 ﬂagitas,
3124 5048 3181 5095 et
3224 5053 3420 5110 magno
3446 5040 3657 5095 vulneri
3682 5041 3763 5095 ci-

2159 5131 2335 5187 catrix
2359 5132 2618 5201 paulatim
2649 5131 2943 5187 obducitur
2969 5147 2981 5186 :
3028 5132 3053 5170 ι)
3080 5133 3453 5203 Scorpiusque
3485 5134 3625 5188 inter
3653 5132 3763 5187 En-

2159 5224 2404 5280 celadum
2452 5233 2507 5279 et
2558 5236 2579 5263 ε
2625 5225 3059 5298 Porphyrioncm
3108 5227 3404 5282 Trinacriae
3436 5227 3601 5284 humo
3631 5212 3762 5298 pre-

2158 5318 2343 5384 mitur,
2396 5326 2451 5372 et
2514 5318 2694 5389 llydra
2754 5320 3052 5375 multorum
3114 5320 3351 5390 capitum
3413 5328 3603 5376 contra
3658 5335 3762 5377 nos

523 5464 550 5492 α
582 5453 665 5510 Ad
712 5453 933 5510 eosdem
982 5469 1115 5510 mss.
1146 5453 1388 5518 codices,
1434 5452 1500 5507 ad
1542 5466 1679 5522 quos
1723 5452 2036 5519 superiores
2067 5457 2114 5517 B
2143 5451 2264 5507 illos
2290 5452 2601 5521 descripsit,
2632 5469 2785 5509 more
2814 5454 3173 5510 contulimus.

444 5526 581 5580 tomi
602 5525 780 5593 quarti
799 5528 1241 5585 commentarios,
1260 5523 1358 5577 hos
1372 5539 1587 5594 quoque
1616 5524 1667 5577 in
1694 5522 2033 5594 Ezechielem

447 5613 513 5650 ac
558 5592 836 5652 Danielem
876 5597 1175 5665 exegimus.
1228 5592 1794 5663 Sanctnm'prmterea
1823 5592 2035 5665 Grego-

447 5669 587 5723 rium
637 5664 1001 5737 cognomento
1033 5667 1298 5737 Magnum,
1336 5668 1426 5736 qui
1457 5681 1582 5720 suas
1611 5667 1661 5719 in
1686 5664 2033 5720 Ezechielem

448 5736 979 5809 homilias’exhisce
1008 5738 1321 5809 Hieronymi
1349 5736 1756 5809 commentariis
1784 5751 2033 5807 magnam

444 5817 661 5881 partem
703 5807 990 5875 derivavit,
1035 5817 1092 5863 et
1116 5806 1425 5877 Rabanum,
1456 5808 1549 5880 qui
1598 5806 1823 5866 totidem
1857 5806 2037 5866 verbis

2217 5522 2244 5561 ι)
2271 5523 2494 5579 Ιὶιιῐὶηιιε
2525 5524 2576 5578 in
2603 5525 2789 5580 Sicilia
2818 5535 3090 5580 mortuus.

2222 5606 2243 5634 ο
2274 5596 2346 5649 Ex
2378 5595 2594 5663 ingenio
2636 5596 2877 5666 quidem,
2918 5606 3069 5651 certa
3122 5606 3303 5654 tamen
3333 5598 3743 5667 emendatione,

2146 5666 2414 5739 substitue
2444 5667 2879 5739 Porphyrionem,
2907 5684 3008 5739 pro
3034 5684 3147 5739 quo
3188 5671 3448 5726 mendose
3476 5672 3747 5727 hactenus

2144 5737 2381 5815 obtinuit
2420 5737 2787 5815 porphy‘rium.
2825 5737 3064 5815 Constat
3090 5757 3221 5815 vero
3265 5742 3502 5799 fabulam
3543 5742 3748 5815 Gigan-

2146 5818 2260 5866 tum
2289 5810 2482 5878 alludi,
2524 5810 2756 5882 quarum
2800 5811 2959 5883 alter
2990 5810 3309 5885 Enceladus}
3337 5816 3579 5871 omnium
3613 5810 3747 5869 ina-
