4018 6322
244 352 297 405 ΓΙ
1000 344 1650 405 COMMENTARIORUM
1692 346 1760 403 IN
1800 343 2240 405 EZECHIELEM
2277 348 2413 405 LIB.
2455 350 2496 404 1.
2538 347 2693 406 CAP.
2735 350 2777 406 Ι.
3476 355 3541 412 18

236 468 522 539 aliquando
566 468 794 524 sibilare
823 468 1104 523 cessavit:
1135 466 1430 537 datumque
1459 474 1697 535 tempus,
1727 478 1835 535 quo
1863 476 1912 536 Α
1942 465 2022 519 nis
2043 467 2178 536 regis
2218 466 2462 520 Joacltin.
2508 465 2796 536 Captivum
2835 466 3044 523 sedisse
3071 466 3331 539 populum
3375 481 3542 540 super

234 577 331 617 non
364 561 760 618 hmreticorum
790 561 1132 631 respondere
1174 559 1411 627 insidiis,
1456 558 1554 615 sed
1593 558 1837 628 Scriptu-

234 670 405 710 rarum
440 656 782 725 expositioni
821 654 1138 711 incumbere
1177 654 1498 721 debeamus,
1551 651 1836 724 aggrediar

235 748 477 804 Ezechiel
503 749 857 820 prophetam,
886 750 1043 818 cujus
1064 747 1440 803 difﬁcultatem
1474 745 1833 801 Hebraeorum

230 845 411 915 probat
447 844 695 899 traditio.
730 844 864 899 Nam
897 843 999 898 nisi
1023 842 1145 913 quis
1172 842 1313 913 apud
1356 856 1450 895 eos
1481 849 1700 894 aetatem
1746 854 1832 892 sa-

230 938 517 994 t‘erdotalis
549 938 869 1003 ministerii,
902 937 955 991 id
983 946 1082 1001 est,
1118 937 1456 991 tricesimum
1495 949 1700 988 annum
1731 933 1832 987 im-

227 1033 485 1102 pleverit,
550 1048 652 1087 nec
706 1032 976 1102 principia
1026 1030 1337 1094 Geneseos,
1392 1045 1492 1082 nec
1545 1028 1826 1082 Canticum

228 1123 591 1191 Canticorum,
618 1139 720 1179 nec
754 1123 915 1193 hujus
949 1122 1243 1177 voluminis
1266 1120 1549 1175 exordium
1575 1131 1631 1175 et
1662 1119 1824 1174 ﬁnem

228 1218 397 1289 legere
448 1218 806 1288 permittitur,
842 1228 903 1272 ut
954 1218 1020 1271 ad
1070 1216 1368 1287 perfectam
1414 1216 1718 1282 scientiam,
1770 1223 1825 1270 et

225 1314 479 1383 mysticus
501 1312 843 1381 intellectus,
862 1312 1079 1379 plenum
1106 1314 1356 1365 humana:
1375 1319 1582 1364 natura:
1610 1318 1823 1380 tempus

220 1406 456 1461 accedat.
499 1405 655 1473 Quod
702 1420 840 1475 opus
880 1406 924 1458 si
975 1419 1072 1474 per
1118 1404 1332 1458 Domini
1385 1403 1817 1457 misericordiam

220 1500 281 1555 ad
309 1500 518 1555 ealcem
549 1513 725 1569 usque
753 1497 1089 1568 perduxero,
1127 1497 1369 1551 transibo
1401 1496 1469 1551 ad
1499 1496 1816 1562 Jeremiam,

216 1593 302 1664 qui
344 1592 399 1647 in
451 1591 965 1647 Lamentationihus
1009 1591 1144 1657 suis,
1193 1591 1296 1647 sub
1338 1601 1463 1662 typo
1509 1590 1815 1647 Jerusalem

219 1692 442 1755 quatuor
493 1685 679 1756 plagas
736 1683 947 1751 mundi,
999 1682 1339 1754 quadruplici
1388 1683 1596 1755 plangit
1626 1683 1813 1753 alpha-

217 1777 352 1832 beto.

278 1963 428 2034 (Cap.
464 1964 503 2019 l.
529 1963 776 2020 —Vers.
810 1963 883 2036 Ι.)
904 1963 1178 2035 Ειίαειιιηι
1203 1972 1277 2018 est
1302 1965 1353 2017 in
1373 1964 1628 2019 tricesimo
1642 1980 1800 2032 anno,

216 2060 263 2111 is
288 2069 494 2127 quarto,
536 2059 592 2111 in
620 2060 800 2129 quinta
836 2060 1050 2113 mensis.
1083 2056 1416 2113 Tricesimus
1446 2073 1623 2112 annus
1669 2073 1799 2125 non,

216 2162 267 2205 ut
294 2153 542 2222 plerique
588 2154 884 2219 aestimant,
927 2153 1104 2207 (etatis
1137 2152 1418 2222 prophetae
1445 2152 1664 2218 dicitur,
1703 2168 1804 2209 nec

214 2255 237 2282 ³
266 2245 501 2312 Jubilaai,
532 2246 625 2315 qui
653 2255 737 2300 est
767 2261 945 2300 annus
971 2247 1341 2312 remissionis;
1381 2246 1478 2301 sed
1519 2262 1547 2299 a
1590 2245 1798 2302 duode-

210 2341 347 2394 cimo
391 2355 539 2394 anno
577 2338 741 2395 Josia:
788 2341 933 2410 regis
962 2339 1123 2406 Juda,
1155 2340 1375 2410 quando
1429 2341 1681 2395 inventus
1714 2348 1801 2396 est

207 2431 337 2486 liber
363 2432 772 2486 Deuteronomii
799 2432 855 2486 in
889 2431 1090 2503 templo
1114 2432 1227 2501 Dei,
1265 2447 1432 2501 usque
1458 2431 1524 2485 ad
1550 2433 1795 2501 quintum

202 2529 526 2596 captivitatis
567 2542 768 2581 annum
813 2526 1039 2581 Joachin
1085 2535 1448 2597 cognomento
1491 2526 1799 2595 Jechonim,

203 2623 286 2691 qui
330 2637 454 2675 cum
500 2632 677 2676 matre
711 2622 905 2676 ductus
942 2630 1027 2676 est
1073 2622 1123 2674 in
1173 2621 1529 2692 Babylonem,
1577 2630 1643 2703 et,
1670 2636 1795 2676 cum

204 2714 422 2769 Daniele
448 2714 737 2785 tribusque
763 2714 966 2784 pueris,
990 2721 1045 2768 et
1066 2713 1316 2768 Ezechiel
1342 2713 1486 2784 (quae
1514 2723 1596 2768 est
1622 2713 1795 2768 tribus

200 2806 344 2860 Juda:
375 2806 553 2875 prima
579 2804 894 2877 captivitas)
919 2805 1138 2877 quando
1160 2806 1383 2861 stillavit
1407 2807 1487 2860 ira
1515 2806 1605 2875 Dei
1630 2821 1793 2876 super

200 2898 493 2954 Jerusalem
545 2898 635 2968 (IV
673 2898 803 2971 Reg.
838 2916 988 2966 xxii;
1033 2899 1077 2954 ll
1124 2899 1255 2954 Par.
1303 2916 1494 2965 xxxiv;
1548 2900 1612 2955 IV
1659 2900 1787 2971 Reg.

202 2996 370 3064 xxiv).
407 2993 726 3051 Secundum
766 3009 1048 3066 anagogen
1090 3010 1222 3049 vero
1271 2993 1649 3065 pra-ﬁguratur
1687 2995 1793 3049 Do-

200 3089 367 3140 minus
417 3097 584 3154 atque
634 3086 908 3152 Salvator,
960 3089 1048 3157 qui
1099 3086 1359 3158 tringinta
1410 3102 1586 3141 annos
1635 3098 1792 3143 natus

198 3182 336 3235 venit
364 3180 434 3235 ad
467 3180 801 3250 baptismum
837 3179 987 3251 (Luc.
1020 3180 1127 3251 Ill),
1162 3197 1281 3250 quae
1312 3182 1363 3234 in
1410 3180 1628 3236 homine
1670 3196 1790 3249 per-

1941 557 2161 612 ﬁumina
2192 558 2510 630 Babylonis,
2541 558 2707 614 David
2738 561 3027 630 prophetat
3065 562 3120 617 in
3166 562 3393 633 spiritu:
3429 561 3538 618 Su-

1938 666 2027 721 per
2054 651 2275 720 ﬂumina
2310 650 2593 723 Babylonis
2624 651 2695 706 ibi
2730 651 2959 706 sedimus
2987 662 3033 706 et
3081 654 3319 724 ﬂeuimus
3353 652 3534 726 (Psal.

1934 746 2196 814 cxxxvn).
2226 744 2439 800 Chohar
2460 754 2665 813 autem,
2692 756 2786 800 aut
2808 762 3004 802 nomen
3036 758 3121 803 est
3148 746 3407 814 ﬂuminis,
3440 758 3537 806 aut

1934 846 2102 903 certe,
2132 837 2286 906 juxta
2329 838 2843 907 interpretationem
2881 854 3060 907 suam,
3096 850 3117 877 ε
3146 855 3254 911 qua
3288 843 3339 896 in
3382 858 3538 913 grave

1932 928 2186 996 vertitur,
2219 929 2437 1002 Tygi-im
2477 930 2746 1002 signiﬁcat
2769 942 2825 987 et
2853 932 3226 1002 Euphratem,
3259 942 3315 989 et
3344 934 3531 990 omnia

1931 1038 2120 1092 magna
2149 1034 2202 1077 ct
2230 1025 2554 1093 gravissima
2603 1026 2823 1080 ﬁumina
2851 1044 2971 1096 quae
2996 1028 3047 1081 in
3079 1038 3216 1082 terra
3246 1028 3527 1083 Chaldaeo-

1929 1130 2046 1169 rum
2064 1131 2183 1170 esse
2204 1116 2575 1186 perhibentur.
2591 1118 2935 1191 Apertosque
2948 1123 3118 1177 caelos
3135 1138 3243 1176 non
3261 1121 3527 1180 divisione

1928 1208 2283 1278 lirmamenti,
2335 1213 2429 1267 sed
2480 1213 2585 1268 ﬁde
2623 1216 2896 1269 credentis
2942 1215 3184 1286 intellige
3217 1233 3233 1271 :
3266 1232 3333 1272 eo
3381 1216 3526 1287 quod

1882 1318 1890 1327 '
1925 1305 2168 1360 ccelestia
2200 1306 2309 1361 sint
2338 1305 2416 1360 illi
2447 1319 2689 1362 reserata
2729 1307 3008 1380 mysteria.
3041 1309 3195 1365 Unde
3224 1320 3279 1365 et
3306 1308 3358 1364 in
3390 1310 3526 1382 bap—

1922 1399 2139 1454 tismate
2163 1399 2486 1465 Salvatoris,
2510 1416 2545 1470 q
2568 1400 2729 1455 rando
2747 1402 2983 1469 Spiritus
3010 1412 3235 1457 sanctus
3259 1404 3310 1457 in
3332 1404 3518 1472 specie

1921 1493 2186 1547 Columba:
2242 1492 2525 1549 descendit
2552 1508 2713 1563 super
2738 1510 2894 1560 eum,
2946 1506 3165 1564 apertos
3195 1496 3521 1566 cmloslegi-

1920 1600 2038 1640 mus
2063 1584 2277 1657 (Matth.
2297 1585 2403 1656 in).
2432 1587 2627 1656 quibus
2652 1589 2932 1657 reseratis,
2951 1589 3259 1659 panduntur
3276 1591 3518 1646 visiones

1918 1676 2043 1732 Dei:
2078 1693 2186 1732 non
2216 1693 2322 1731 una
2351 1677 2513 1747 visio,
2547 1680 2643 1734 sed
2668 1680 2879 1749 plures,
2911 1682 3125 1738 dicente
3160 1683 3388 1738 Domino
3418 1699 3517 1754 per

1920 1772 2277 1842 Proplietam:
2308 1773 2422 1845 Ego
2445 1777 2663 1831 visiones
2694 1773 2719 1813 ἀ
2746 1776 3124 1849 multiplicabo,
3165 1788 3213 1833 et
3259 1780 3313 1833 in
3338 1780 3515 1833 mani-

1835 1876 1881 1935 Β
1911 1869 2003 1922 bus
2032 1866 2417 1938 PrOpheturum
2440 1871 2757 1925 assimilatas
2775 1888 2890 1924 sum
2939 1870 3097 1944 (Osee
3118 1889 3213 1935 xu,
3241 1873 3351 1945 i0).
3385 1874 3512 1930 Istae

1907 1973 2036 2017 sunt
2069 1962 2310 2017 visiones
2341 1978 2472 2031 quas
2506 1964 2686 2016 omnis
2717 1963 3021 2019 Ezechielis
3054 1964 3335 2035 prophetia
3378 1978 3511 2020 con-

1908 2057 2101 2112 texuit.
2149 2055 2666 2127 Signiﬁcantiusque
2700 2057 2851 2128 juxta
2885 2058 3142 2113 Hebraeos
3190 2069 3247 2114 et
3279 2069 3508 2117 caeteros

1906 2157 2234 2228 lnterpretes
2257 2158 2662 2226 transmigratio
2690 2156 3149 2220 diciturJoachin,
3173 2168 3230 2211 et
3249 2170 3358 2211 non
3385 2173 3509 2229 cap-

1905 2252 2095 2315 tivitas,
2152 2252 2293 2320 quod
2336 2250 2480 2305 LXX
2510 2251 2922 2304 transtulerunt.
2958 2248 3075 2303 Non
3119 2248 3265 2303 enim
3316 2261 3506 2318 captus

1905 2349 2038 2402 urbe
2068 2356 2358 2414 superata;
2408 2345 2504 2401 sed
2540 2348 2815 2400 voluntate
2843 2358 2901 2399 se
2930 2344 3169 2407 tradens,
3200 2342 3396 2397 ductus
3422 2350 3509 2399 est

1905 2442 1957 2496 in
1990 2441 2342 2511 Bahylooem.
2398 2440 2566 2510 Igitur
2594 2438 2849 2504 Joacbin,
2894 2438 2946 2492 id
2976 2448 3081 2503 est,
3115 2436 3389 2494 Jechonia:
3415 2436 3504 2493 di-

1900 2543 2056 2589 catur
2086 2532 2260 2603 prirua
2302 2530 2708 2601 transmigratio
2734 2547 2747 2584 :
2774 2528 3025 2585 Sedecize
3048 2536 3228 2585 autem
3258 2529 3501 2586 secunda

1899 2627 1986 2683 vel
2014 2637 2258 2682 extrema
2289 2625 2593 2696 captivitas.

1972 2720 2155 2792 (Vers.
2182 2720 2263 2789 5.)
2294 2716 2520 2773 Factum
2550 2728 2627 2773 est
2653 2719 2860 2777 verbum
2904 2716 3115 2772 Domini
3134 2717 3209 2771 ad
3254 2714 3500 2771 Ezechiel

1897 2814 2066 2884 ﬁlium
2092 2813 2243 2878 Buzi,
2272 2813 2613 2881 sacerdotem,
2664 2814 2719 2867 in
2749 2822 2885 2867 terra
2914 2811 3302 2881 Chaldaeorum,
3349 2827 3496 2867 secus

1896 2910 2091 2978 flumen
2122 2906 2347 2962 Chobar.
2380 2908 2446 2963 Et
2480 2907 2690 2963 Danieli
2712 2916 2769 2963 et
2801 2906 3092 2973 lizecltieli,
3118 2908 3213 2977 qui
3238 2907 3292 2962 in
3320 2905 3497 2976 Baby-

1896 3003 2022 3057 lone
2048 3010 2207 3056 erant
2230 3002 2385 3070 juxta
2413 3001 2658 3067 ﬁumina,
2676 3001 2981 3055 futurorum
3005 3007 3345 3055 sacramenta
3362 3012 3497 3069 pan-

1895 3096 2099 3149 duntur
2146 3108 2311 3164 super
2354 3109 2555 3165 aquas,
2604 3094 2769 3148 immo
2796 3093 2852 3147 in
2883 3093 3039 3164 aquis
3067 3092 3407 3161 purissimis,
3438 3099 3499 3145 ut

1892 3189 2239 3259 baptismatis
2271 3187 2511 3258 potentia
2551 3198 2971 3243 monstraretur.
3000 3187 3259 3255 Alioquin
3283 3198 3337 3242 et
3368 3201 3493 3257 apo-

196 3272 325 3328 fecta
355 3284 486 3329 artas
541 3285 646 3329 est.
694 3273 850 3331 Unde
890 3286 946 3330 et
1001 3276 1051 3327 in
1103 3273 1463 3330 Numerorum
1513 3274 1786 3331 volumine
1816 3266 1860 3328 C
1891 3284 2062 3338 srolus
2086 3282 2286 3337 Paulus
2313 3282 2531 3352 quando
2560 3282 2629 3335 ab
2651 3281 2860 3336 Anania
2884 3282 3028 3337 lotus
3053 3282 3105 3337 in
3129 3282 3362 3336 Domino
3382 3290 3490 3348 est,

193 3368 333 3437 juxta
365 3368 665 3434 ﬂebrreos,
696 3384 802 3423 non
824 3410 840 3436 ,
870 3379 929 3423 ιιι
958 3370 1009 3423 in
1042 3369 1188 3424 LXX
1215 3371 1550 3438 continetur,
1582 3384 1613 3423 a
1640 3376 1785 3425 vice-

194 3462 322 3515 simo
345 3461 374 3499 δ
402 3464 602 3533 quinto
630 3464 804 3517 atatis
828 3477 992 3529 anno,
1022 3464 1115 3519 sed
1144 3481 1170 3517 a
1198 3465 1478 3520 tricesimo
1519 3466 1786 3534 incipiunt

192 3557 499 3611 sacerdotes
549 3556 603 3611 in
640 3557 991 3612 tabernaculo
1024 3559 1337 3615 ministrare
1368 3558 1558 3629 (Num.
1593 3560 1691 3629 ιν).
1726 3559 1783 3615 In

190 3649 325 3715 quod
373 3650 592 3720 signum
626 3651 921 3720 prazcessit
966 3662 1018 3706 et
1062 3650 1287 3721 Joseph,
1339 3652 1555 3723 quando
1584 3653 1641 3707 in
1686 3652 1786 3708 AZ-

188 3751 347 3811 gypto
375 3744 647 3798 esurienti
675 3744 876 3813 populo
907 3743 1177 3800 frumenta
1207 3747 1433 3815 largitus
1456 3760 1532 3800 est
1568 3746 1779 3819 (Cenes.

187 3838 316 3906 au).
358 3849 415 3891 et
435 3836 685 3893 Joannes
717 3840 962 3908 Baptista
988 3840 1135 3895 venit
1162 3841 1229 3894 ad
1270 3840 1472 3895 ﬂuenta
1501 3841 1778 3912 Jordanis,

186 3931 608 4001 praidicavitque
667 3932 992 4003 baptismum
1052 3934 1384 4002 paenitentiae
1444 3934 1605 4004 (Luc.
1666 3937 1779 4005 tu).

190 4021 445 4092 Quodque
486 4025 539 4097 5
580 4025 842 4094 scriptum
876 4034 978 4092 est,
1015 4025 1067 4078 in
1097 4037 1303 4095 quarto,
1340 4027 1611 4097 pendente
1655 4043 1782 4084 sen-

192 4114 380 4176 tentia,
416 4116 746 4171 sohauditur
790 4134 980 4170 mense.
1015 4117 1209 4173 Statim
1240 4120 1381 4172 cnim
1414 4122 1689 4190 sequitur,
1727 4122 1780 4176 in

188 4207 359 4274 quinta
385 4209 597 4261 mensis.
634 4209 787 4276 Quod
819 4220 876 4264 ut
907 4210 1246 4266 manifestius
1270 4211 1446 4277 ﬁeret,
1474 4228 1637 4283 supra
1682 4214 1778 4269 ad-

189 4297 369 4352 didere
392 4298 772 4370 Septuaginta.

257 4392 432 4461 (Vera.
452 4396 537 4461 2.)
559 4393 686 4449 Cum
704 4412 863 4449 essent
892 4397 943 4449 in
971 4398 1140 4452 medio
1166 4399 1486 4467 captivorum
1499 4403 1657 4472 juxta
1678 4402 1781 4470 ﬂu-

188 4484 317 4536 tium
346 4485 552 4539 Cliobar
572 4528 587 4551 ,
635 4490 802 4557 aperti
832 4498 949 4542 sunt
978 4490 1112 4557 caeli,
1145 4501 1192 4543 et
1220 4492 1326 4544 vidi
1354 4493 1575 4546 risiones
1603 4492 1698 4546 Dei
1725 4494 1779 4546 in

186 4580 357 4647 quinta
386 4583 578 4636 mensis
597 4600 616 4637 :
666 4584 776 4652 ipse
803 4594 879 4638 est
927 4600 1096 4637 annus
1125 4586 1336 4655 quintus
1365 4588 1778 4658 transmigratio-

189 4716 541 4796 xim‘uslalter
563 4718 902 4796 Porphyrion
928 4728 1134 4775 statura
1165 4722 1485 4796 insolentior
1502 4725 1770 4792 etminax,
1805 4736 1857 4796 D

188 4787 237 4861 in
264 4788 462 4843 Sicilize
507 4787 689 4843 insula
729 4787 921 4846 aJnve
950 4795 1192 4861 percussi
1244 4804 1396 4849 sunt.
1437 4795 1566 4849 Vide
1611 4787 1773 4851 Clau;

180 4859 319 4912 dian.
350 4863 403 4913 in
435 4861 907 4930 Gigantomachia.
945 4859 1362 4934 Elegantissime
1393 4878 1577 4922 autem
1608 4867 1776 4924 Hora-

180 4933 277 4985 tius
301 4932 399 4987 lib.
424 4948 503 4988 ιιι.
529 4934 621 4988 od.
652 4935 683 4988 4
715 4953 727 4987 :

356 5089 455 5159 Sed
484 5093 600 5159 quid
618 5090 887 5159 Typhoeus,
913 5100 967 5143 et
988 5093 1177 5145 validus
1204 5095 1393 5159 Mimas,

356 5153 454 5223 Aut
478 5153 604 5223 quill
614 5153 793 5223 minaci
829 5153 1142 5223 Ponruvniorr
1164 5167 1312 5223 statu,

417 5217 543 5283 Quid
572 5216 805 5283 Bhwcus,
835 5220 1118 5283 evulsisque
1155 5216 1338 5271 truncis

448 5277 726 5328 Encoladus
743 5277 981 5342 jaculator
1006 5277 1201 5335 audax?
1227 5292 1325 5334 etc.

168 5419 569 5505 P0.fph-yrl'um._
597 5428 746 5505 quod
794 5429 1089 5505 legebatur
1128 5442 1310 5505 antea,
1370 5449 1478 5487 non
1530 5434 1783 5505 gigantis,

162 5497 254 5548 sed
283 5498 489 5554 ethnici
516 5497 881 5571 philosophi,
905 5504 1049 5569 quod
1098 5503 1231 5557 nihil
1267 5505 1331 5558 ad
1379 5521 1493 5559 rem
1524 5497 1674 5571 ﬁtéit,
1706 5497 1785 5561 est

167 5583 387 5646 nomen.
432 5571 694 5626 Ruﬁnum
728 5575 996 5646 vero‘liic
1030 5577 1234 5629 acriter
1263 5577 1549 5646 perstringi
1600 5578 1650 5631 in
1701 5580 1787 5633 Si-
1830 5596 1837 5605 ο

162 5638 279 5692 «ilia
312 5640 425 5695 fato
454 5647 733 5707 functum,
765 5658 829 5697 ac
864 5644 1077 5700 duobus
1124 5638 1387 5702 monstris
1418 5638 1693 5704 Encelado
1719 5665 1782 5705 ac

164 5706 523 5783 Porphyrioni
555 5706 815 5782 junctum
849 5718 953 5770 dici
983 5732 1147 5772 nemo
1179 5735 1287 5772 non
1321 5719 1489 5772 videt.

234 5791 256 5817 ἰ
286 5782 476 5860 Penes
500 5786 723 5860 Raban.
771 5798 825 5842 et
857 5787 1028 5842 Palat.
1063 5804 1191 5854 ms.,
1218 5806 1436 5845 necnon
1461 5791 1702 5860 jubilaei;
1728 5803 1783 5850 et

162 5866 307 5919 mox,
336 5856 766 5913 duodevicesimo
794 5872 889 5927 pro
908 5860 1236 5916 duodecima.

1892 3376 2199 3446 tegentibus
2235 3376 2388 3445 prius
2423 3375 2611 3430 oculos
2635 3375 2752 3445 ejus
2775 3377 3037 3445 squamis,
3061 3375 3495 3431 caruitcaecitatc

1892 3468 2029 3540 (Act.
2063 3468 2161 3535 rx).
2222 3467 2289 3520 Et
2331 3468 2382 3520 iii
2429 3467 2652 3535 Genesi,
2696 3467 2870 3535 prima
2928 3483 3048 3535 quin
3095 3469 3365 3535 viverent,
3418 3470 3489 3527 de

1888 3559 2041 3629 aquis
2073 3572 2294 3629 egressa
2323 3566 2469 3612 sunt.
2494 3558 2627 3612 lllud
2655 3574 2870 3630 quoque
2890 3560 3488 3631 iutelligendum,quod

1889 3651 1942 3706 in
1994 3652 2276 3706 tricesimo
2315 3651 2492 3706 aetatis
2530 3665 2643 3705 suae
2696 3667 2839 3707 anno
2897 3651 3155 3707 Dominus
3183 3654 3241 3725 6
3282 3654 3349 3710 ad
3392 3654 3488 3711 ba-

1890 3747 2082 3815 ptisma
2111 3744 2351 3799 venerit:
2377 3744 2429 3799 in
2450 3754 2645 3813 quarto
2666 3760 2880 3808 mense,
2904 3744 2996 3815 qui
3024 3745 3165 3816 apud
3191 3762 3292 3801 nos
3321 3762 3487 3804 voca-

1890 3847 1978 3892 tur
2004 3839 2313 3904 Januarius,
2344 3846 2397 3893 et
2420 3849 2503 3893 est
2533 3839 2584 3891 in
2619 3838 2745 3891 anni
2779 3838 2988 3907 primus
3015 3838 3264 3903 exordio,
3287 3850 3487 3910 praeter

1887 3932 2051 3987 Nisan
2083 3946 2326 3986 mensem
2359 3947 2648 3997 novorum,
2694 3930 2746 3985 in
2776 3946 2884 4001 quo
2910 3930 3120 3985 Pascha
3150 3932 3481 3989 celebratur.

1887 4026 2043 4096 Apud
2094 4025 2399 4081 Orientales
2430 4026 2577 4080 enim
2634 4024 2880 4095 populos,
2932 4034 3056 4093 post
3099 4025 3484 4082 collectionem

1888 4121 2127 4191 frugum,
2154 4130 2209 4175 et
2243 4121 2556 4186 toreularia,
2586 4121 2802 4192 quando
2827 4120 3055 4176 decimae
3095 4121 3484 4178 deferebantur

1888 4213 1939 4267 in
1972 4212 2255 4283 templum,
2289 4211 2526 4268 October
2554 4220 2673 4268 erat
2702 4212 2905 4282 primus
2942 4214 3168 4279 mensis,
3201 4222 3258 4269 et
3286 4212 3483 4269 Janua-

1886 4310 1998 4362 rius
2020 4320 2269 4378 quartus.
2300 4306 2555 4375 Quintam
2580 4315 2761 4362 autem
2802 4306 2945 4362 diem
2978 4308 3179 4362 mensis
3213 4307 3480 4376 adjungit,

1886 4414 1940 4455 ut
1990 4400 2261 4471 signiﬁcet
2318 4401 2603 4469 baptisma,
2663 4404 2716 4453 in
2739 4414 2847 4468 quo
2890 4399 3062 4469 aperti
3090 4407 3219 4453 sunt
3264 4397 3484 4453 Christo

1883 4494 2029 4561 cceli,
2054 4502 2109 4549 et
2138 4494 2563 4563 Epiphaniorum
2587 4493 2707 4548 dies
2734 4492 3013 4561 hucusque
3028 4492 3357 4549 venerabilis
3372 4502 3481 4562 est,

1884 4603 1991 4643 non
2023 4600 2079 4642 ut
2108 4588 2325 4658 quidam
2367 4598 2389 4626 θ
2420 4598 2615 4658 putant
2645 4586 2850 4643 Natalis
2876 4590 2928 4642 in
2958 4603 3145 4656 carne,
3174 4596 3301 4644 tunc
3325 4588 3477 4644 enim

1954 4724 1980 4763 ἲ)
2010 4724 2312 4801 infravero
2340 4730 2391 4783 in
2422 4744 2545 4799 cap.
2580 4730 2859 4797 hujusmet
2880 4729 3159 4801 prophetas
3190 4746 3316 4785 χχιιι
3342 4749 3354 4784 :
3389 4731 3475 4787 Ad

1882 4798 2223 4865 sacerdotale,
2257 4801 2447 4871 inquit,
2480 4798 2712 4871 Ofﬁcium
2737 4818 2839 4875 non
2868 4798 3299 4871 post'vicesimum
3321 4805 3477 4875 quin-

1886 4881 1995 4924 tum
2022 4875 2190 4926 relatis
2228 4890 2441 4945 annum,
2470 4875 2561 4927 sed
2582 4886 2694 4945 post
2724 4874 3042 4927 tricesimum
3080 4874 3348 4929 accedunt.
3377 4875 3481 4933 Ubi

1887 4959 2084 5011 nempe
2123 4944 2281 4998 Num.
2308 4960 2360 4998 tv
2404 4944 2666 4999 Hehraica
2696 4945 2894 4999 veritas
2925 4946 3114 4999 scribit
3141 4962 3167 4997 a
3210 4946 3489 5005 tricesimo

1883 5028 2028 5067 anno
2056 5017 2207 5069 sumi
2240 5015 2517 5070 ministros
2548 5018 2598 5070 in
2646 5016 2995 5071 tabernacqu
3024 5016 3263 5081 foederis,
3290 5017 3434 5073 LXX
3457 5036 3492 5076 a

1894 5086 2153 5157 vicesimo
2199 5090 2387 5157 quinto
2418 5097 2724 5143 verterunt.
2774 5088 2874 5143 Hic
2912 5104 3011 5157 pro
3057 5090 3111 5142 in
3153 5089 3487 5145 tabernaculo

1895 5156 2153 5231 [labantis
2176 5156 2305 5225 legit
2323 5177 2375 5213 in
2397 5161 2607 5231 templo.

1975 5230 2295 5305 cnYirtorius
2318 5232 2425 5297 ait,
2465 5230 2538 5305 ut
2557 5247 2712 5305 grave
2756 5230 3061 5305 signiﬁcet,
3089 5230 3376 5302 legendum
3406 5246 3494 5290 es-

1897 5313 1958 5355 se
1981 5298 2192 5353 Chobad
2224 5312 2347 5363 12:.
2375 5314 2427 5357 et
2459 5298 2596 5358 forte
2617 5317 2656 5361 ’π
2676 5312 2765 5359 et‘t
2808 5298 3106 5360 similitudo
3134 5298 3492 5360 mulationem

1899 5372 2132 5446 induxit,
2184 5374 2288 5427 nisi
2345 5375 2524 5444 potius
2575 5389 2739 5445 grave
2772 5391 2870 5445 pro
2899 5378 3133 5445 potenti,
3182 5389 3247 5429 ac
3291 5375 3488 5446 multo,

1895 5445 2038 5516 quod
2072 5456 2151 5496 est
2183 5452 2308 5503 πθ)
2341 5446 2564 5500 Hieron.
2596 5461 2783 5501 vocem
2812 5462 2956 5516 accel
2981 5449 3040 5502 it.

1967 5511 1991 5549 ά
2017 5514 2162 5588 Idem
2196 5519 2531 5588 multiplicari
2563 5518 2776 5585 maluit,
2804 5511 2957 5586 juxta
2987 5518 3493 5583 Graec.,érr1139wa.

1974 5596 1996 5661 f3
2026 5588 2065 5661 li
2100 5586 2639 5661 Cra-cisprajcipne,
2692 5605 2828 5658 quos
2861 5592 3003 5642 inter
3034 5589 3093 5644 S.
3127 5588 3490 5661 Epiphanius,

1895 5658 1985 5731 qui
2032 5658 2240 5713 [lari-es.
2298 5660 2388 5725 51,
2423 5659 2565 5731 §24,
2616 5673 2771 5714 sexto
2820 5658 3207 5731 Januarii‘die
3246 5658 3491 5719 Natalem

1892 5728 2096 5783 Christi
2123 5731 2400 5798 consignat
2422 5728 2443 5783 Ξ
2468 5732 2593 5786 Cum
2624 5733 2778 5796 enini,
2821 5733 2991 5801 inquit
3020 5774 3034 5799 ,
3061 5729 3303 5785 Januarii
3326 5751 3495 5789 mense

1892 5810 2045 5874 natus
2072 5811 2223 5865 essrt,
2248 5816 2423 5856 Octavo
2447 5804 2562 5856 idus
2591 5802 2861 5873 Januarii,
2892 5804 2981 5874 qui
3019 5814 3091 5858 est
3121 5804 3262 5871 apud
3288 5803 3491 5861 Roma-

1892 5885 1983 5923 nos
2004 5872 2241 5927 Januarii
2266 5874 2375 5926 dies
2404 5884 2596 5939 sertas,
2624 5884 2727 5928 c'c.
