3996 6322
491 347 558 402 i9
1028 306 1035 313 ’
1732 341 1787 400 s.
1833 340 2107 397 unseen
2147 334 2533 401 ttttcnoNYMt
3718 348 3789 403 eo

492 463 847 521 absconditus
878 473 980 533 est,
1003 474 1055 519 et
1078 478 1184 518 non
1219 462 1485 535 apparuit.
1510 461 1663 529 Quod
1696 460 1822 515 huic
1855 457 2082 527 tempori
2112 459 2165 520 Α
2189 460 2336 514 enim
2369 461 2509 515 visio
2552 464 2743 533 quinto
2774 480 2916 518 anno
2949 466 3441 537 transmigrationis
3473 465 3614 534 regis
3663 466 3791 520 Joa-

494 558 765 628 congruit,
783 556 998 627 quando
1015 555 1221 611 dictum
1249 567 1328 611 est
1349 574 1361 609 :
1387 552 1485 609 Hic
1505 564 1581 609 est
1604 552 1774 609 Filius
1802 568 1943 605 meus
1957 551 2087 605 dile-

492 660 625 715 ctus,
654 650 707 704 in
728 666 827 718 quo
847 647 969 703 mihi
990 645 1507 719 complacui(Matth.
1529 663 1610 711 ιιι,
1640 648 1751 716 l7).
1771 646 1939 699 Porro
1957 643 2087 698 Buzi

494 741 548 795 in
581 741 814 811 linguam
850 754 1089 795 nostram
1114 741 1364 807 vertitur,
1406 749 1606 812 spretus
1637 749 1796 806 atque
1827 745 2088 805 contemp-

494 844 607 889 tus:
636 834 913 900 Ezechiel,
950 836 1215 888 roboratus
1246 831 1677 898 eDco.Quodsic
1709 829 1935 884 Domino
1963 843 2089 882 coa-

497 931 755 1001 ptabitur,
786 941 840 985 ut
862 930 1109 985 dicamus
1133 926 1452 983 Creatorem
1476 925 1684 989 tnuudi,
1710 924 1802 994 qui
1827 924 1984 977 Pater
2007 931 2090 976 est

495 1025 813 1090 Salvatoris,
870 1023 935 1075 ah
966 1022 1220 1076 omnibus
1250 1020 1525 1075 luercticis
1556 1020 1736 1087 sperni
1770 1026 1931 1085 atque
1959 1029 2090 1068 eou-

493 1116 681 1181 tcmui,
734 1115 823 1186 qui
857 1122 1010 1170 vettts
1042 1130 1145 1168 non
1177 1112 1440 1182 rccipiunt
1495 1112 1923 1166 Testamentum.
1977 1106 2088 1162 Nec

494 1209 690 1264 mirum
724 1209 1007 1264 robustum
1042 1208 1136 1262 Dei
1174 1223 1297 1263 esse
1339 1205 1662 1259 Dominum:
1712 1218 1834 1258 cum
1870 1202 1986 1271 ipse
2021 1200 2091 1255 sit

499 1304 592 1357 Dei
623 1302 792 1356 virtus
819 1301 1020 1371 Deique
1050 1299 1338 1370 sapientia.

567 1394 635 1449 Et
657 1396 793 1465 facta
820 1404 893 1450 est
920 1409 1075 1461 super
1100 1408 1219 1447 eum
1252 1392 1321 1445 ibi
1348 1408 1531 1445 manus
1557 1387 1789 1442 Domini.
1819 1384 1992 1441 LXX:
2027 1383 2094 1439 Et

499 1492 639 1561 facta
668 1501 739 1543 est
767 1504 921 1560 super
944 1505 1019 1542 me
1044 1503 1225 1540 manus
1251 1484 1481 1539 Domini.
1511 1481 1580 1539 Ut
1601 1497 1827 1537 eernere
1860 1479 2093 1533 visiones

501 1582 597 1637 Dei
633 1593 686 1636 et
716 1582 1018 1652 intelligere
1053 1579 1348 1650 possimus,
1378 1592 1540 1631 manu
1571 1584 1627 1631 et
1656 1573 1973 1629 fortitudine
2001 1569 2093 1625 Dei

499 1691 662 1745 super
687 1689 785 1729 nos
809 1689 945 1745 opus
973 1682 1056 1729 est
1088 1674 1130 1743 (l
1151 1671 1271 1727 Cor.
1304 1674 1361 1743 l).
1394 1672 1452 1727 lu
1478 1685 1582 1741 qua
1605 1684 1769 1724 manu
1790 1678 1842 1722 et
1871 1665 2096 1720 brachio

498 1769 729 1823 eductus
758 1777 840 1822 est
868 1768 1098 1837 pepulus
1127 1766 1291 1819 Israel
1315 1765 1380 1818 de
1401 1763 1665 1836 (Egypto;
1698 1761 1852 1831 cujus
1884 1758 2098 1815 fortitu—

2193 553 2340 615 chin,
2376 553 2467 623 qui
2494 567 2549 610 et
2585 555 2833 611 δειιιξςὶιθ
2861 559 3107 627 regnanti
3137 559 3189 612 in
3230 557 3533 614 Jerusalem
3563 557 3789 628 quintus

2194 655 2334 712 erat,
2367 664 2526 719 quem
2563 651 2794 721 legimus
2824 662 2945 721 post
2967 668 3059 707 sex
3086 652 3338 708 similiter
3364 668 3559 719 annos,
3607 651 3658 706 id
3683 665 3791 716 est.

2192 754 2336 795 anno
2368 740 2658 799 undecimo
2688 744 2901 815 imgerii
2932 746 3035 807 sui,
3077 746 3209 799 urbe
3254 754 3441 815 capta,
3472 745 3692 799 ductum
3737 744 3793 800 in

2193 834 2545 907 Babylonem.
2574 837 2667 892 His
2696 854 2828 909 ergo
2873 840 2963 910 qtti
3017 838 3340 893 habitabant
3371 854 3540 907 prope
3592 836 3796 897 ﬂumen

2197 938 2219 965 ε
2235 927 2470 997 Chobar,
2487 940 2746 998 ctsponte
2764 948 2821 987 se
2844 934 2955 1001 regi
2971 932 3333 994 tradiderant.
3358 932 3628 987 revelatur
3644 930 3793 1002 quod

2194 1020 2569 1077 benefeceriut
2593 1025 2819 1080 obedire
2846 1027 3132 1082 sementim
3157 1026 3271 1080 Dei.
3305 1025 3359 1080 In
3391 1026 3541 1081 brevi
3562 1025 3705 1080 enim
3739 1033 3798 1081 et

2191 1111 2436 1169 Judaeum
2472 1116 2827 1182 provinciam,
2876 1127 2932 1172 et
2979 1118 3165 1173 urbem
3206 1117 3506 1172 Jerusalem
3553 1131 3675 1173 esse
3704 1130 3801 1171 ca-

2198 1206 2475 1275 piendam.
2507 1209 2768 1278 Quodque
2818 1211 2987 1265 nubes
3018 1225 3209 1280 magna
3239 1208 3593 1271 describitur,
3638 1205 3802 1264 intel-

2197 1300 2428 1369 ligamus
2447 1318 2564 1356 eam
2589 1304 2790 1358 imbres
2820 1305 3162 1358 eversionum
3196 1318 3360 1373 super
3385 1300 3651 1363 Judaeum,
3678 1298 3803 1368 plu-

2199 1394 2419 1463 viasque
2446 1396 2758 1451 allisionum
2788 1407 3031 1466 portare.
3067 1397 3132 1452 Et
3160 1396 3442 1451 involutus
3469 1393 3608 1463 ignis
3638 1408 3801 1448 mon-

2197 1497 2334 1542 strat
2364 1498 2588 1544 ventura
2629 1491 2915 1560 supplicia,
2948 1501 3001 1544 et
3026 1489 3358 1561 captivitatis
3404 1489 3565 1543 mala.
3598 1485 3803 1554 Splen-

2197 1580 2404 1651 dorque
2436 1583 2489 1635 in
2519 1581 2747 1637 circuitu
2794 1582 2911 1652 ejus
2941 1584 3212 1653 signiﬁcat
3238 1582 3329 1636 Dei
3355 1588 3538 1649 aperta
3565 1578 3799 1649 judicia.

2200 1674 2299 1741 Qui
2341 1684 2521 1730 autem
2565 1677 2618 1730 in
2644 1677 2972 1731 contrariam
3002 1686 3207 1745 partem
3245 1675 3507 1738 sentiunt,
3560 1672 3664 1727 hoc
3686 1682 3802 1739 est,

2203 1768 2422 1830 bonam,
2468 1768 2731 1837 Spiritum
2785 1769 3149 1830 auferentem,
3181 1769 3296 1823 sive
3324 1769 3381 1840 8
3411 1767 3796 1831 extollentem,

499 1862 881 1929 dinispartezu
917 1863 1080 1914 etiatn
1112 1860 1244 1928 Magi
1276 1859 1659 1913 intellexerunt
1686 1856 1969 1909 dicentes:
2005 1852 2096 1905 Di-
2129 1858 2176 1919 B
2203 1860 2462 1927 Spiritum
2505 1869 2751 1915 sanctum
2780 1862 3121 1932 intelligunt,
3169 1864 3259 1931 qui
3282 1861 3494 1915 auferat
3523 1860 3590 1914 ab
3623 1859 3805 1912 ιιοιηί..

497 1955 632 2024 gitus
663 1953 755 2006 Dei
795 1962 867 2006 est
896 1950 1095 2024 (Exod.
1126 1958 1261 2017 vni).
1313 1951 1379 2005 Et
1401 1950 1646 2006 Salvator
1675 1949 1726 2002 in
1758 1945 2093 2017 Evangelio:

502 2048 561 2102 Si
598 2064 688 2115 ego
718 2048 772 2100 in
803 2046 966 2116 digito
1004 2045 1092 2097 Dei
1124 2044 1274 2113 ejicio
1305 2043 1563 2098 dwmonia
1597 2040 1812 2112 (Matth.
1853 2055 1948 2103 xu,
1976 2036 2094 2109 28).

502 2141 608 2195 Pro
635 2157 742 2210 quo
771 2140 822 2193 in
853 2140 1025 2193 altero
1056 2138 1348 2207 Evangelia
1371 2137 1631 2205 scriptum
1662 2142 1773 2188 est:
1829 2132 1890 2187 Si
1921 2148 2015 2205 ego
2042 2132 2097 2185 in

505 2237 692 2302 spiritu
716 2233 815 2289 Dei
843 2235 994 2307 cjicio
1022 2232 1279 2288 dwmonia
1307 2230 1457 2301 (Luc.
1491 2245 1563 2295 χι,
1592 2230 1708 2297 ἚΟ).

573 2327 754 2402 (Vcrs.
791 2326 872 2397 li.)
924 2325 990 2380 Et
1022 2327 1146 2389 ridi,
1200 2334 1247 2379 et
1274 2340 1388 2378 ecce
1417 2337 1597 2378 uentus
1625 2321 1843 2376 turbinis
1866 2318 2100 2374 veniebat

502 2422 567 2473 ab
596 2420 869 2490 Aquilone,
918 2428 962 2471 et
1008 2418 1165 2471 nubes
1195 2433 1405 2488 magna,
1455 2425 1502 2468 et
1533 2416 1666 2485 ignis
1714 2412 2000 2478 involvens,
2051 2420 2098 2463 et

504 2515 749 2584 splendor
780 2513 832 2566 in
862 2512 1083 2566 circuitu
1107 2512 1239 2582 ejus.
1298 2508 1366 2562 Et
1390 2508 1453 2562 de
1479 2509 1647 2561 medio
1664 2504 2127 2587 ωεαὲςξξζὲρςτ,

505 2612 606 2664 cies
633 2610 825 2672 electri,
856 2608 912 2660 id
949 2618 1042 2671 est,
1092 2606 1154 2659 de
1183 2606 1347 2658 medio
1374 2605 1528 2677 ignis.
1559 2600 1733 2656 LXX:
1798 2599 1860 2652 Et
1884 2598 2020 2661 uidi,
2052 2607 2099 2650 et

448 2688 621 2756 ⁸’Ἄγετε
648 2688 856 2773 spiritus
882 2696 1120 2770 auferens
1145 2698 1287 2765 (sive
1314 2694 1579 2765 attollens)
1604 2692 1832 2747 ueniebat
1855 2690 1917 2744 ab
1942 2688 2099 2759 Aqui-

508 2799 647 2861 lone,
680 2806 725 2849 et
756 2796 912 2848 nubes
942 2808 1129 2862 magna
1157 2794 1206 2844 in
1234 2808 1313 2852 eo,
1369 2801 1413 2842 et
1436 2789 1570 2857 ignis
1598 2787 1813 2851 micans,
1853 2794 1897 2838 et
1920 2783 2099 2853 splen-

508 2892 604 2945 dor
646 2892 697 2943 in
721 2891 937 2942 circuitu
965 2891 1094 2960 ejus.
1134 2885 1198 2940 Et
1224 2887 1275 2938 in
1302 2884 1467 2937 medio
1492 2886 1607 2954 ejus
1636 2870 1784 2948 quasi
1810 2879 1938 2932 uisio
1969 2877 2099 2930 elec-

510 2987 575 3039 tri
619 2987 672 3038 in
702 2984 868 3037 medio
900 2984 1034 3054 ignis
1066 2988 1117 3046 -j—
1139 2990 1183 3033 et
1207 2979 1450 3045 splendor
1480 2978 1531 3030 in
1561 2992 1620 3029 eo
1647 2980 1707 3041 ⁸,.
1769 2972 1824 3026 lu
1853 2970 2101 3025 consola-

510 3084 713 3136 tionem
765 3080 944 3147 populi
992 3072 1451 3144 trausmigraotis,
1477 3083 1526 3123 et
1562 3068 1946 3124 revelationem
1972 3079 2095 3120 sen-

511 3176 689 3229 tentia:
725 3175 837 3235 hci,
874 3173 1132 3241 pmpllcta
1158 3169 1301 3221 videt
1331 3170 1619 3219 maximam
1646 3162 1693 3234 ⁷
1720 3163 2006 3216 visionem.
2040 3158 2097 3212 ltt

2204 1953 2365 2007 nibus
2414 1953 2542 2007 vitia
2575 1963 2739 2025 atque
2773 1966 2994 2025 peccata
3018 1999 3033 2021 ,
3067 1957 3183 2009 sive
3210 1955 3463 2024 jacentes
3492 1954 3705 2008 attollat
3730 1952 3805 2007 ad

2202 2045 2478 2110 sublimia,
2512 2045 2782 2118 faciatque
2812 2049 3079 2103 recedere
3113 2049 3180 2102 ab
3209 2047 3483 2116 Aquilone
3515 2057 3676 2100 vento
3702 2043 3807 2100 fri-

2202 2140 2503 2211 gidissimo,
2568 2157 2595 2194 a
2638 2156 2746 2212 quo
2784 2142 3155 2197 exardescunt
3191 2141 3329 2195 mala
3383 2156 3546 2208 Super
3581 2154 3805 2194 clunem

2202 2243 2409 2289 terram
2446 2234 2669 2306 (Erclcs.
2704 2234 2893 2303 mn);
2924 2248 2976 2290 et
3012 2238 3061 2289 in
3085 2234 3339 2297 Jeretnia,
3367 2233 3473 2287 olla
3510 2231 3601 2287 illa
3640 2232 3808 2287 terri-

2200 2327 2323 2383 bilis
2344 2342 2373 2381 a
2403 2326 2540 2382 facie
2580 2327 2873 2398 Aquilonis
2905 2329 3221 2383 accenditur
3241 2325 3458 2399 (Jerem.
3491 2325 3553 2395 ι).
3586 2323 3805 2380 Nubem

2202 2435 2416 2491 quoque
2443 2435 2693 2491 magnam
2722 2421 2791 2475 ad
2832 2435 3123 2490 personam
3152 2418 3358 2474 Christi
3392 2416 3671 2479 referunt,
3706 2417 3805 2485 qui

2134 2576 2151 2583 ν
2203 2514 2351 2567 venit
2381 2515 2433 2566 in
2452 2510 2747 2583 {Egyptum
2780 2512 2939 2582 hujus
2962 2498 3149 2567 strc'uli
3170 2526 3337 2579 super
3360 2509 3556 2565 nubem
3581 2506 3757 2563 levem
3785 2522 3804 2561 :

2205 2626 2567 2681 magnamque
2610 2610 2827 2680 proprie
2858 2608 2966 2664 dici
3006 2609 3069 2663 ad
3102 2607 3568 2677 comparationem
3620 2603 3805 2658 miuo-

2202 2719 2344 2769 rum,
2409 2702 2796 2773 prophetarum
2839 2701 3118 2768 videlicet,
3169 2711 3222 2755 et
3270 2699 3642 2769 apostolorum
3680 2710 3807 2750 om-

2205 2796 2460 2866 nittmque
2483 2805 2823 2859 sanctorum,
2853 2796 2921 2849 de
2953 2795 3151 2864 quibus
3177 2794 3440 2861 scriptum
3465 2798 3548 2845 est
3577 2806 3590 2842 :
3622 2786 3688 2841 Et
3711 2803 3806 2842 re-

2203 2892 2330 2945 ritas
2358 2900 2447 2943 tua
2476 2906 2636 2959 usque
2673 2889 2739 2941 ad
2771 2888 2928 2943 nubes
2958 2888 3079 2951 (Ps.
3111 2903 3275 2949 xxxv,
3301 2886 3388 2957 6);
3418 2892 3500 2938 et:
3536 2880 3807 2936 Mandubo

2202 2981 2422 3035 nubibus
2468 2998 2531 3034 ne
2558 2982 2738 3051 pluant
2766 2997 2920 3052 super
2954 2978 3123 3034 Israel
3163 2979 3375 3032 imbrem
3426 2974 3579 3048 (Isai.
3615 2990 3667 3042 ν,
3698 2974 3801 3043 6);

2202 3087 2253 3128 et
2284 3073 2445 3128 alibi:
2492 3072 2666 3126 Nubes
2715 3072 2882 3144 puluis
2932 3071 3118 3142 pedum
3152 3071 3264 3141 ejus
3305 3069 3507 3143 (Natam
3539 3083 3576 3133 ι,
3605 3066 3699 3137 5);
3742 3077 3807 3122 et.

2203 3167 2427 3222 iterum:
2463 3164 2642 3219 Nubes
2682 3175 2729 3218 et
2760 3163 2928 3234 caligo
2954 3166 3008 3218 in
3037 3164 3259 3218 circuitu
3287 3160 3431 3216 illius
3490 3158 3607 3230 (Ps.
3642 3173 3761 3213 xerit
3784 3199 3805 3224 ,

509 3270 660 3337 cujus
716 3265 1162 3334 interpretatione
1213 3278 1403 3315 tnnnes
1452 3274 1740 3329 synagogzc
1787 3255 2096 3310 Jttdazorum
2126 3246 2170 3306 Ο
2203 3259 2280 3329 2).
2312 3259 2494 3329 Ignem
2524 3274 2743 3328 quoque
2793 3262 3084 3311 micantem
3118 3265 3171 3310 ct
3213 3255 3566 3322 splendorem
3601 3253 3650 3304 in
3689 3250 3810 3305 eir-

509 3375 668 3419 tnutm
698 3373 845 3425 sunt,
872 3361 1006 3414 ultra
1040 3358 1311 3411 hominem
1330 3370 1451 3408 esse
1474 3354 1857 3411 dit-entiutn,et
1884 3348 1954 3402 de
1978 3351 2097 3413 hac,

503 3467 557 3513 et.
587 3457 651 3511 de
683 3454 1039 3510 tedilieatione
1064 3448 1268 3518 templi,
1320 3448 1459 3517 quod
1502 3446 1553 3498 io
1585 3444 1770 3498 ultimo
1805 3440 2101 3510 prophetia)

508 3552 669 3621 hujus
698 3548 974 3609 scribitur,
1014 3543 1219 3613 aliquid
1246 3542 1386 3596 velle
1417 3539 1622 3593 conari.
1653 3536 1758 3590 Nos
1775 3545 1951 3590 autem
1979 3550 2098 3601 quae

506 3661 533 3695 a
568 3641 863 3708 majoribus
916 3639 1248 3704 accepimus,
1299 3642 1354 3686 et
1389 3632 1540 3700 juxta
1576 3627 1794 3681 modum
1837 3625 2098 3694 ingenioli

510 3736 702 3793 uestri,
747 3727 1120 3801 Spiritualibus
1144 3723 1447 3795 spiritualia
1487 3729 1888 3788 comparantes,
1921 3718 2098 3786 suspi-

505 3827 617 3881 cari
645 3827 811 3894 magis
845 3836 1128 3891 possutttus
1161 3833 1323 3888 quam
1354 3816 1667 3884 explanare,
1693 3812 1956 3867 benivolis
1980 3825 2099 3863 cre-

506 3921 699 3972 demus
739 3915 968 3982 lidisque
990 3908 1097 3983 [AL
1134 3904 1514 3978 ﬁdelibusque]
1538 3904 1850 3968 lectoribus,
1885 3902 2094 3957 veniam

500 4012 884 4080 deprecantes,
910 4018 964 4059 ut
989 4003 1300 4068 temeritati,
1326 4003 1493 4077 immo
1516 3999 1640 4054 ﬁdei
1667 3997 1923 4053 nescienti
1946 4011 2095 4050 men-

502 4120 683 4160 suram
706 4117 883 4163 snam,
915 4100 1129 4153 faveant
1155 4097 1324 4167 magis
1346 4110 1506 4164 quam
1535 4095 1869 4147 irascantur.
1886 4095 1965 4145 Ac
1988 4089 2095 4160 pri-

503 4212 650 4250 mum
684 4193 983 4256 sciendum,
1017 4189 1271 4262 spiritum
1302 4186 1660 4252 auferentem,
1693 4187 1807 4240 sive
1837 4184 2093 4239 attollen-

502 4302 646 4353 tem,
683 4304 841 4358 quem
874 4300 972 4340 nos
1001 4288 1150 4352 juxta
1201 4283 1449 4352 Aquilam
1498 4281 1835 4350 interpretati
1868 4294 2056 4334 sumus
2078 4318 2092 4341 ,

500 4392 704 4438 rentum
738 4380 979 4445 turbinis,
1008 4386 1063 4433 et
1085 4381 1235 4446 juxta
1264 4373 1652 4447 Symmachum
1677 4381 1732 4426 et
1760 4371 2094 4427 Theodotiu-

502 4492 621 4530 netn
647 4477 829 4545 ﬂatum
849 4488 912 4525 ac
938 4472 1181 4542 spiritum
1210 4476 1540 4537 tempestatis,
1566 4467 1633 4521 ab
1654 4466 1843 4520 aliisin
1872 4467 2091 4530 bonam,

497 4568 564 4624 ab
593 4567 712 4622 aliis
741 4568 793 4620 in
825 4563 1156 4619 contrariam
1189 4570 1396 4631 partem
1442 4560 1635 4631 accipi.
1671 4558 1907 4614 Verbum
1946 4558 2091 4614 cnim

2204 3356 2352 3407 cuitu
2383 3353 2521 3423 ejus,
2542 3353 2699 3421 juxta
2721 3352 2850 3406 illud
2880 3352 3050 3421 accipi
3068 3349 3213 3419 quod
3233 3351 3495 3416 scriptum
3523 3355 3634 3401 est:
3656 3342 3807 3399 Deus

2204 3447 2336 3516 ignis
2365 3462 2670 3500 consumens
2687 3454 2763 3497 est
2789 3442 2972 3513 (Deut.
3002 3460 3071 3507 tv,
3104 3443 3220 3509 ει).
3273 3442 3355 3496 Ad
3386 3457 3544 3511 quem
3576 3440 3808 3494 initten-

2203 3539 2331 3592 dum
2386 3553 2551 3607 Super
2582 3550 2778 3592 terram
2814 3538 3063 3591 SalVatur
3098 3537 3318 3590 venisse
3348 3549 3408 3588 se
3455 3534 3622 3597 dicit,
3657 3545 3710 3586 ct
3742 3531 3805 3587 in

2204 3632 2364 3686 nobis
2381 3633 2742 3700 omnibusque
2762 3631 3002 3685 credenti
3015 3631 3113 3682 bus
3129 3630 3327 3682 ardere
3345 3626 3624 3681 desiderat
3639 3624 3802 3697 (Luc.

2203 3727 2428 3795 xt);qui
2472 3740 2595 3779 cum
2635 3735 2898 3778 terrorem
2957 3720 3336 3790 peceatoribus
3380 3718 3581 3773 inierat
3628 3728 3801 3789 atque

2198 3800 2492 3887 supplicia.
2529 3825 2709 3870 tamen
2733 3814 3024 3883 splendore
3053 3813 3263 3876 rutilet,
3287 3824 3341 3867 et
3365 3811 3570 3867 lumine
3601 3825 3664 3865 ac
3694 3810 3809 3866 lul-

2199 3926 2334 3980 gore
2363 3911 2438 3965 sit
2462 3910 2673 3979 plenus.
2709 3909 2911 3964 Idcirco
2934 3922 3034 3962 nos
3063 3920 3396 3977 escoquens,
3452 3917 3508 3960 ut
3533 3904 3685 3975 puris
3715 3914 3807 3959 at-

2200 4019 2305 4074 que
2339 4005 2579 4073 purgatis
2604 4003 2800 4057 tribuat
2829 4000 3056 4056 laetiora.

2273 4098 2457 4171 (Vers.
2490 4100 2572 4167 5.)
2607 4096 2673 4151 Et
2693 4097 2747 4151 in
2778 4098 2948 4151 medio
2979 4099 3089 4170 ejus
3110 4095 3398 4151 similitudo
3423 4104 3643 4166 quatuor
3671 4093 3803 4146 ani-

2201 4191 2437 4256 malium,
2469 4199 2519 4244 et
2548 4188 2635 4243 hic
2665 4198 2901 4258 aspectus
2931 4205 3144 4244 eorum:
3167 4188 3454 4242 similitudo
3484 4184 3707 4240 hominis
3739 4185 3801 4240 in

2198 4287 2290 4337 eis.
2315 4283 2578 4354 Quodque
2608 4282 2879 4352 sequitur,
2910 4282 3241 4353 Etsplendor
3270 4283 3323 4337 in
3352 4298 3433 4349 eo,
3459 4280 3620 4336 obelo
3646 4295 3789 4348 pra:-

2202 4377 2501 4432 notandum
2521 4385 2626 4432 est.
2653 4377 2765 4432 Nisi
2788 4377 3091 4432 addidisset
3121 4378 3436 4446 Scriptura,
3468 4375 3687 4430 dicens:
3725 4372 3801 4427 Id

2199 4480 2296 4535 est,
2343 4470 2409 4523 de
2435 4471 2603 4523 medio
2629 4470 2795 4541 ignis,
2831 4479 3054 4540 propter
3082 4468 3488 4539 ambiguitatem
3521 4466 3673 4522 verbi
3703 4481 3802 4522 er-

2201 4578 2323 4619 rare
2342 4576 2676 4634 peieramus,
2701 4574 2759 4619 ut
2781 4572 3100 4633 putaremus
3122 4562 3382 4632 Speciem.
3407 4561 3496 4617 vel
3523 4561 3796 4616 visionem

497 4661 824 4719 Hebraicum
856 4674 959 4714 nus
979 4660 1128 4727 (n11)
1156 4672 1254 4725 pro
1286 4657 1526 4710 locorum
1558 4655 1843 4723 qualitate,
1873 4654 1954 4708 vel
1985 4655 2089 4724 spi-
2122 4637 2172 4696 Ῑ)
2201 4657 2393 4712 electri
2426 4672 2546 4712 esse
2582 4658 2634 4711 in
2664 4656 2845 4712 medio
2873 4656 3046 4722 venti,
3095 4655 3180 4711 vel
3213 4656 3457 4726 spiritus.
3512 4654 3657 4723 Ergo
3686 4651 3799 4710 hoc

496 4755 652 4821 ritus,
679 4752 765 4807 vel
784 4752 981 4812 anima,
1005 4749 1086 4805 vel
1115 4756 1293 4801 ventus
1317 4746 1602 4816 accipitur.
1622 4743 1879 4815 Spiritus,
1903 4755 1960 4798 ut
1984 4745 2086 4801 ibi:

500 4845 696 4900 Emitte
742 4840 981 4914 spiritum
1012 4853 1158 4895 tuum
1200 4850 1247 4894 et
1289 4838 1601 4894 creubuntur
1630 4837 1743 4909 (Ps.
1778 4853 1870 4893 cm
1897 4880 1911 4903 ,
1972 4839 2085 4907 50).

498 4939 716 4997 Anima:
750 4937 1053 5008 Egredietur
1069 4934 1282 5006 spiritus
1305 4935 1418 5006 ejus
1440 4939 1485 4985 et
1511 4940 1790 4985 revertetur
1817 4931 1872 4984 in
1900 4939 2089 4983 terram

498 5048 649 5089 suam
701 5030 817 5101 (Ps.
847 5029 1111 5099 chv,4).
1165 5027 1412 5084 Ventus:
1473 5023 1538 5079 In
1567 5026 1751 5097 spiritu
1799 5034 1824 5061 α
1872 5024 2091 5079 violento

498 5135 725 5179 conteres
751 5138 901 5177 naves
933 5120 1144 5175 Tharsis
1194 5117 1314 5191 (Ps.
1350 5132 1513 5185 XLVII,
1543 5117 1623 5188 8).
1656 5118 1719 5172 Et
1748 5117 1908 5172 alibi:
1945 5117 2090 5189 Ignis

496 5227 547 5272 et
570 5215 805 5287 sulphur,
843 5223 887 5267 et
913 5213 1127 5281 spiritus
1155 5209 1530 5280 procellarum,
1562 5226 1683 5281 pars
1706 5209 1884 5263 calicis
1912 5223 2087 5262 eorum

498 5309 621 5380 (Ps.
656 5325 712 5374 x,
739 5307 817 5378 ἶ).
852 5305 951 5373 Qui
978 5316 1195 5360 ventum
1221 5303 1481 5359 etllatum
1512 5301 1845 5372 tentpeSIatis
1880 5302 2087 5373 legunt,

495 5402 600 5456 hoc
627 5401 901 5456 sentiunt:
930 5399 1062 5455 iram
1088 5408 1141 5454 et
1164 5399 1399 5453 furorem
1427 5398 1521 5454 Dei
1552 5396 1738 5452 venire
1760 5398 1828 5450 ab
1859 5394 1883 5433 δ
1914 5396 2087 5467 Aqui-

492 5494 641 5560 lane,
698 5496 800 5548 hoc
827 5502 910 5548 est
950 5491 1473 5559 Nabuchodonosor,
1510 5503 1562 5546 et
1611 5491 1914 5548 Jerusalem
1965 5502 2086 5561 post

494 5602 587 5642 sex
632 5602 802 5641 annos
852 5586 1011 5655 hujus
1043 5584 1266 5640 visionis
1296 5599 1417 5641 esse
1444 5586 1781 5657 capiendam.
1830 5584 2084 5641 Cernitur

567 5740 592 5767 ι
619 5727 730 5793 AL,
758 5724 822 5780 In
854 5726 1040 5795 spiritu
1070 5724 1702 5795 t'eltementiconfringens
1727 5740 1901 5787 nares,
1924 5735 2029 5779 etc.
2059 5747 2082 5775 τ
2122 5772 2131 5777 -

566 5801 591 5839 δ
615 5799 789 5853 Penes
811 5794 1045 5863 Raban,
1072 5799 1243 5851 renire
1272 5815 1300 5850 α
1328 5794 1613 5868 Babylone,
1647 5794 1743 5849 hoc
1768 5806 1863 5863 est,
1900 5797 2080 5851 Nabu-

490 5872 834 5933 chodonosor,
856 5883 960 5925 etc.

2199 4737 2577 4815 Sentiendum,
2630 4750 2775 4820 quod
2813 4752 2867 4805 in
2898 4748 3080 4806 medio
3127 4748 3267 4819 ignis
3297 4758 3351 4804 et
3389 4753 3796 4802 tormentorum

2201 4846 2317 4913 Dei,
2344 4844 2533 4899 electri
2566 4842 2865 4898 similitudo
2895 4844 2986 4907 sit,
3017 4844 3160 4913 quod
3191 4852 3271 4897 est
3303 4855 3435 4895 auro
3456 4846 3799 4908 argentoque

2198 4936 2524 5008 pretiOsius;
2583 4944 2642 4989 ut
2677 4942 2796 5002 post
2820 4934 3087 5001 judicium
3135 4945 3299 5003 atque
3324 4940 3591 4987 tormenta
3613 4973 3628 4997 ,
3661 4947 3795 5001 qua)

2172 5026 2531 5107 (patientibus
2565 5027 2738 5081 tristia
2770 5025 3022 5080 videntur
3052 5034 3108 5080 et
3135 5025 3303 5088 dura,
3345 5024 3642 5094 pretiosior
3672 5024 3790 5079 ele-

2194 5123 2297 5178 Ctri
2330 5123 2501 5191 fulgor
2530 5129 2808 5191 appareat,
2835 5121 2961 5176 dum
2984 5119 3324 5190 providentia
3353 5117 3449 5173 Dei
3488 5118 3667 5173 omnia
3691 5134 3794 5187 gu-

2194 5217 2519 5279 bernantur,
2546 5224 2602 5270 et
2630 5232 2748 5283 quae
2778 5224 2999 5286 putatur
3028 5228 3208 5285 [)(Blla,
3238 5211 3504 5267 medicina
3536 5221 3637 5267 est.

2264 5311 2444 5376 (Vt‘l’S.
2475 5309 2555 5380 6.)
2602 5308 2668 5362 Et
2693 5311 2743 5362 in
2769 5310 2933 5364 medio
2965 5311 3078 5381 ejus
3104 5306 3388 5361 similitudo
3419 5316 3637 5374 quatuor
3663 5305 3788 5358 ani-

2192 5404 2429 5469 malium,
2461 5413 2507 5456 et
2532 5403 2613 5457 hic
2653 5413 2888 5473 aspectus
2920 5416 3130 5453 eorum:
3155 5398 3444 5454 similitudo
3486 5395 3705 5450 hominis
3734 5396 3791 5450 in

2197 5497 2290 5552 eis.
2323 5497 2379 5551 lu
2415 5497 2595 5552 medio
2621 5496 2763 5567 ejus,
2795 5492 3121 5548 subauditur
3141 5492 3383 5563 quidem,
3410 5490 3636 5547 electri:
3688 5490 3791 5545 sed

2192 5590 2388 5647 melius
2410 5601 2465 5646 ut
2488 5592 2671 5661 ignem
2693 5586 3081 5657 intelligamus,
3098 5585 3188 5657 qui
3206 5584 3558 5641 credentibus
3577 5583 3785 5650 lumen,

2262 5738 2285 5767 ο
2321 5727 2434 5783 Duo
2456 5743 2613 5787 mss..
2654 5733 2863 5798 propter
2889 5727 3082 5796 ﬂumen
3114 5724 3348 5792 Chobar,
3380 5734 3488 5780 etc.
3550 5722 3785 5780 Leviora

2188 5799 2433 5870 quzedam
2464 5799 2601 5853 intra
2635 5796 3011 5853 emendamus.
