4018 6322
242 259 293 316 91
967 253 1627 317 COMMENTARIORUM
1667 251 1736 317 ΙΝ
1778 253 2214 320 EZECHIELEM
2255 264 2384 322 LIB.
2428 265 2469 322 l.
2511 266 2666 324 CAP.
2706 268 2748 325 Ι.
3438 271 3511 329 22

239 369 504 427 incredulis
533 371 864 441 supplicium
890 381 993 426 est.
1023 371 1080 427 ln
1109 372 1271 443 hujus
1295 386 1427 446 ergo
1455 375 1598 446 ignis
1621 373 1802 432 medio
1829 375 1883 439 Α
1909 377 2048 449 lypsi
2095 378 2323 435 Joannis
2351 380 2508 453 (Cap.
2543 379 2622 452 IV)
2654 381 2844 438 horum
2889 385 3247 442 animantium
3296 388 3512 458 species

237 463 731 535 eratssimilitudo
783 475 1024 535 quatuor
1064 466 1405 533 animalium,
1463 469 1800 538 similitudo,

239 572 328 611 non
353 565 573 620 natura;
629 567 973 628 quatuorque
1001 559 1318 614 animalium
1344 575 1477 631 qua:
1497 567 1686 630 postea
1719 562 1805 616 dl—

239 662 409 705 ruatur
432 647 853 718 quadriformia,
885 667 985 704 una
1016 652 1320 707 similitudo
1339 661 1423 707 est
1455 653 1714 721 hominis,
1749 663 1808 710 ut

241 743 395 799 omnia
425 745 476 797 in
503 742 711 799 mundo
739 746 1082 800 rationabilia
1111 746 1589 804 demonstrentur:
1614 745 1806 805 Facia-

241 853 333 891 nm
355 836 504 902 enim,
533 836 730 907 inquit,
763 839 1022 894 hominem
1041 839 1110 893 ad
1139 841 1412 909 imaginem
1440 852 1486 896 et
1507 841 1805 897 similitudi-

235 947 328 984 nem
359 937 588 981 nostram
639 927 846 1000 (Gener.
876 934 942 999 ι).
991 931 1176 1005 Imago
1218 945 1398 996 autem
1421 944 1477 988 et
1503 934 1802 990 similitudo

237 1023 313 1078 Dei
343 1036 444 1076 non
481 1034 568 1076 εει
610 1025 864 1094 corporis
895 1024 1091 1092 forma,
1126 1025 1222 1081 sed
1256 1028 1485 1082 mentis:
1529 1028 1801 1098 descripta

237 1115 292 1170 ad
329 1113 736 1171 similitudinem
796 1133 941 1173 verre
990 1119 1244 1190 imaginis
1281 1117 1524 1187 Christi,
1575 1122 1667 1192 qui
1716 1131 1805 1178 est

239 1207 385 1277 imago
404 1207 494 1261 Dei
525 1207 838 1265 invisibilis.
871 1211 965 1266 lla-2
991 1213 1287 1270 rationales
1313 1227 1578 1269 creaturis
1598 1215 1654 1270 in
1672 1231 1803 1288 qua-

243 1313 343 1356 tuor
361 1312 652 1358 versantur
681 1304 840 1372 locis,
895 1308 1010 1362 sive
1036 1317 1260 1378 propter
1289 1319 1526 1378 quatuor
1554 1309 1803 1368 cardines

239 1393 417 1460 mundi,
436 1395 643 1465 quibus
668 1398 822 1452 orbis
847 1399 1168 1470 includitur,
1196 1402 1313 1457 sive
1335 1413 1556 1472 propter
1571 1414 1802 1474 quatuor

235 1492 349 1556 loca,
377 1489 715 1557 caelestium,
745 1493 1114 1560 terrestrium,
1156 1505 1208 1550 et
1235 1495 1591 1563 inlernorum,
1629 1507 1682 1552 et
1711 1512 1803 1553 su-

233 1581 624 1651 pcrctnlestium,
676 1584 746 1640 de
783 1586 980 1657 quibus
1005 1596 1059 1643 et
1083 1588 1284 1643 Paulus
1313 1590 1594 1658 apostolus
1623 1590 1800 1660 loqui-

234 1686 335 1729 tur:
365 1673 428 1729 Ut
471 1677 525 1728 in
591 1679 803 1732 nomine
838 1677 968 1735 Jesu
999 1697 1149 1735 autne
1175 1697 1307 1752 genu
1347 1685 1616 1753 ﬂectatur,
1654 1686 1797 1740 caele-

1908 486 1972 527 uc
2028 473 2248 528 nomina
2289 472 2598 531 referuntur
2648 478 2713 532 ad
2770 487 3002 549 quatuor
3055 479 3354 553 Evangelia
3391 481 3502 556 [Αι.

1911 563 2326 639 Evangelistas].
2361 567 2564 634 Quibus
2591 572 2866 639 quomodo
2897 573 3070 640 possit
3096 573 3340 628 omnium
3384 574 3506 630 ani-

1913 659 2131 712 malium
2159 658 2454 730 descriptio
2499 661 2768 728 enaptari,
2800 663 3130 719 tentabimus
3153 679 3252 719 suo
3275 665 3395 720 loco
3419 664 3502 720 di-

1907 765 2054 806 cere.
2083 752 2185 806 Alii
2211 767 2340 808 vero
2365 753 2460 824 qui
2490 753 2932 823 philosophorum
2956 757 3178 811 stultam
3200 763 3500 826 sequuntur

1908 843 2252 914 sapientiam,
2287 844 2394 900 duo
2416 845 2803 916 hemisphaeria
2827 849 2879 902 in
2909 847 3121 903 duobus
3147 848 3335 918 templi
3355 847 3500 905 Che-

1907 935 2106 1002 rubim,
2137 951 2238 992 nos
2276 945 2330 991 et
2359 937 2685 1007 Antipodas,
2716 939 2872 1010 quasi
2901 940 3127 1009 supinos
3157 951 3212 995 et
3238 939 3498 997 cadentes

1908 1027 2158 1084 homines
2188 1030 2558 1100 suSpicantur.
2603 1031 2876 1102 Plerique,
2897 1033 3052 1100 juxta
3079 1031 3381 1100 Platonem,
3414 1049 3500 1089 ra-

1910 1121 2106 1176 tionale
2136 1124 2356 1188 animae,
2389 1130 2445 1178 et
2475 1123 2836 1190 irascitivum,
2888 1133 2942 1178 et
2978 1122 3498 1193 concupiscitivum,

1905 1215 2050 1286 quod
2085 1217 2176 1272 ille
2202 1218 2398 1291 λογικὸν
2426 1226 2482 1272 et
2509 1219 2713 1292 θυμικὸν
2739 1228 2793 1272 et
2833 1219 3192 1292 ἐπιθυμητικὸν
3215 1226 3396 1286 vocat,
3429 1218 3500 1275 ad

1907 1308 2206 1379 hominem,
2231 1318 2287 1365 et
2312 1311 2523 1367 leonem
2552 1326 2616 1366 ac
2642 1311 2868 1367 vitulum
2904 1313 3149 1367 referunt
3183 1331 3194 1366 :
3228 1313 3495 1367 rationem

1905 1413 1958 1458 et
1989 1403 2374 1473 cognitionem,
2409 1411 2464 1458 et
2495 1413 2758 1474 mentem,
2802 1414 2856 1459 et
2883 1405 3195 1475 consilium,
3219 1405 3499 1461 eamdem-

1903 1511 2008 1566 que
2039 1494 2295 1550 virtutem
2335 1505 2499 1566 atque
2550 1498 2872 1569 sapientiam
2905 1499 2958 1552 in
3003 1497 3214 1554 cerebri
3243 1512 3370 1554 arce
3403 1515 3497 1568 po-

1906 1597 2098 1644 nentes
2130 1606 2142 1642 :
2179 1587 2451 1645 feritatem
2495 1605 2624 1645 vero
2649 1600 2703 1645 et
2730 1590 3066 1646 iracundiam
3094 1601 3260 1662 atque
3289 1590 3498 1646 violen-

1905 1679 2033 1736 tiam
2064 1681 2116 1736 in
2140 1681 2317 1748 leone,
2333 1698 2451 1754 quae
2473 1667 2810 1738 consistat-in
2831 1682 2978 1738 felle.
2995 1681 3164 1738 Porro
3187 1682 3491 1752 libidinem,

231 1767 372 1833 uiam,
401 1770 748 1835 terrestrium,
800 1780 850 1826 et
877 1773 1200 1841 infernarum
1233 1771 1460 1846 (Philip.
1487 1789 1546 1844 ιι,
1577 1775 1688 1849 l0).
1721 1778 1797 1835 De
1829 1770 1879 1830 B
1907 1771 2198 1841 luxuriam,
2252 1783 2306 1828 et
2330 1774 2570 1829 omnium
2621 1773 2956 1844 voluptatum
2997 1773 3307 1844 cupidinem
3340 1771 3394 1827 in
3418 1771 3500 1843 je-

232 1862 386 1926 tribus,
410 1861 558 1916 Pauli
586 1863 968 1920 testimonium
993 1874 1098 1922 est.
1128 1867 1420 1923 Videamus
1439 1878 1493 1925 et
1519 1880 1794 1940 quartum.

232 1952 426 2009 Laudato
447 1953 762 2024 Dominum,
784 1959 900 2014 caeli
929 1959 1194 2028 calorum,
1219 1971 1269 2014 et
1292 1971 1316 1999 α
1344 1977 1480 2034 aqua
1500 1979 1618 2034 qua
1645 1981 1802 2039 super

229 2051 346 2103 (telas
369 2061 467 2110 est,
526 2052 720 2108 laudet
773 2069 959 2110 nomen
990 2052 1200 2110 Domini
1253 2055 1429 2129 (Psal.
1466 2071 1684 2122 CXLVIII.
1717 2061 1795 2131 ὖ).

229 2143 530 2214 Rursumque
559 2147 642 2201 ab
689 2147 957 2216 Apostolo
980 2151 1086 2204 alia
1119 2150 1374 2207 dicuntur
1414 2154 1685 2222 cmlestia,
1745 2167 1799 2212 et

228 2237 309 2291 alia
330 2239 748 2308 supercmlestia
781 2241 824 2314 (1
852 2242 973 2297 Cor.
1001 2243 1114 2315 xv).

281 2329 437 2401 (Vera.
469 2329 548 2401 7.)
588 2333 835 2400 Quatuor
863 2337 1020 2405 fades
1042 2337 1216 2404 uni,et
1239 2351 1462 2409 quatuor
1475 2355 1660 2412 penna!
1682 2344 1795 2409 uni,

227 2436 264 2480 et
283 2428 418 2498 pedes
435 2444 627 2482 eorum
653 2430 811 2501 pedes
838 2432 983 2498 recti;
1006 2441 1054 2486 et
1084 2435 1268 2505 planta
1284 2436 1431 2507 pedis
1449 2451 1628 2490 eorum
1647 2439 1796 2508 quasi

228 2520 370 2588 planta
387 2519 526 2590 pedis
555 2521 740 2587 vituli,
771 2531 819 2576 et
840 2523 1080 2578 scintilla:
1102 2527 1253 2594 quasi
1274 2537 1508 2598 aspectus
1533 2529 1652 2583 teris
1674 2545 1796 2583 can-

228 2614 375 2668 dentis.
407 2614 469 2668 Et
491 2631 685 2670 nranus
714 2615 940 2671 hominis
963 2617 1056 2672 sub
1088 2621 1271 2688 pennis
1298 2633 1476 2674 eorum
1498 2622 1547 2674 in
1573 2629 1796 2690 quatuor

229 2705 435 2774 partibus.
474 2707 632 2762 LXX
657 2727 667 2762 :
698 2707 765 2762 Et
787 2719 1018 2780 quatuor
1044 2712 1204 2782 facies
1223 2713 1336 2780 uni,
1368 2722 1415 2767 et
1453 2723 1676 2785 quatuor
1697 2715 1796 2770 alte

229 2800 316 2864 tati,
342 2811 386 2852 et
430 2816 588 2853 crura
643 2817 821 2855 eorum
848 2810 1006 2867 recta,
1043 2812 1090 2857 et
1138 2806 1348 2876 pennati
1385 2807 1538 2877 pedes
1591 2821 1793 2862 eorum.

229 2889 281 2945 Et
301 2893 526 2949 scintilla:
553 2897 712 2964 quasi
745 2895 1016 2970 fulgurans
1045 2908 1401 2966 ammentum,
1431 2909 1476 2953 et
1511 2901 1640 2954 leves
1669 2915 1796 2972 pen-

231 3002 291 3038 na
313 3001 493 3052 eorum,
519 2995 571 3041 et
594 3003 788 3042 atauus
814 2986 1042 3044 hominis
1061 2991 1156 3044 sub
1183 2991 1366 3061 pennis
1387 3007 1565 3046 eorum
1591 2994 1644 3046 in
1665 3007 1796 3064 qua-

230 3085 318 3129 tuor
345 3079 570 3148 partibus
597 3096 797 3134 eorum.
829 3080 908 3136 De
935 3090 1165 3152 quatuor
1196 3083 1794 3154 annnalihus,quurum

1903 1880 2053 1937 core,
2092 1867 2143 1922 id
2173 1878 2277 1938 est,
2338 1869 2389 1922 in
2443 1867 2612 1922 vitulo
2658 1867 2749 1938 qui
2778 1877 2938 1924 terra:
2980 1868 3240 1940 operibus
3269 1865 3494 1922 hazreat.

1902 1957 2276 2032 Quartatnque
2326 1972 2530 2032 ponunt
2563 1975 2681 2032 qua:
2709 1975 2874 2030 super
2925 1957 3040 2014 haec
3076 1966 3132 2014 et
3181 1967 3332 2014 extra
3379 1957 3495 2013 haec

1901 2055 2005 2110 tria
2029 2065 2134 2126 eSt,
2167 2070 2330 2127 quam
2361 2055 2536 2112 Graeci
2580 2065 2776 2110 vocant
2819 2059 3152 2129 συντήρησιν,
3180 2067 3304 2124 qua:
3349 2051 3496 2106 scin-

1903 2151 2016 2205 tilla
2038 2147 2386 2205 conscientiae
2406 2149 2458 2203 in
2488 2147 2515 2186 ι)
2539 2149 2670 2203 Cain
2697 2155 2910 2219 quoque
2934 2161 3174 2219 pectore,
3207 2155 3493 2217 postquam

1901 2243 2110 2314 ejectus
2135 2252 2220 2296 est
2245 2239 2312 2297 de
2336 2235 2613 2312 paradiso,
2636 2256 2744 2295 non
2777 2237 3135 2310 extinguitur,
3160 2247 3216 2294 et
3236 2252 3339 2308 qua
3371 2231 3496 2292 victi

1900 2335 2293 2406 voluptatibus,
2347 2329 2430 2389 vel
2470 2329 2679 2400 lurore,
2706 2332 2934 2404 ipsaque
2967 2329 3234 2388 interdum
3267 2329 3498 2387 rationis

1899 2427 2112 2497 decepti
2141 2419 2528 2491 similitudine,
2585 2441 2684 2480 nos
2730 2439 2954 2495 peccare
2991 2425 3278 2480 sentimus.
3321 2421 3494 2491 Quam

1903 2521 2116 2593 proprie
2159 2520 2367 2592 Aquila:
2399 2517 2682 2589 deputant,
2715 2536 2822 2574 non
2856 2533 2914 2574 se
2947 2519 3266 2574 titiscentem
3298 2518 3492 2586 tribus,

1899 2611 1994 2672 scd
2053 2614 2152 2670 tria
2183 2613 2421 2669 errantia
2454 2613 2840 2684 corrigentem,
2894 2627 3058 2686 quam
3110 2611 3162 2666 in
3192 2609 3496 2681 Scripturis

1898 2708 2170 2764 interdum
2217 2704 2402 2762 vocari
2445 2703 2672 2778 legimus
2719 2704 2970 2776 spiritum
2997 2746 3012 2772 ,
3066 2704 3158 2776 qui
3185 2703 3485 2771 interpellat

1897 2819 1990 2874 pro
2023 2800 2167 2855 nobis
2215 2795 2490 2873 gemitibus
2539 2795 2974 2853 inenarrabilibus
3014 2795 3204 2868 (Rom.
3237 2807 3353 2862 vm,
3375 2795 3491 2864 ‘26).

1900 2893 2068 2948 Nemo
2091 2892 2228 2948 enim
2255 2892 2348 2946 scit
2370 2908 2431 2946 ea
2455 2905 2572 2962 qua?
2599 2891 2820 2944 ltontinis
2839 2897 2989 2956 sunt,
3036 2887 3135 2942 nisi
3157 2885 3371 2958 spiritus
3405 2887 3498 2957 qui

1897 2989 1950 3041 in
1979 3003 2036 3041 eo
2061 2997 2132 3042 est
2153 2981 2206 3058 (l
2238 2983 2358 3040 Cor.
2390 3001 2448 3050 ιι,
2485 2983 2595 3055 ll).
2629 2983 2800 3054 Quem
2821 2994 2874 3040 et
2896 2983 3096 3039 Paulus
3115 2982 3182 3038 ad
3204 2975 3496 3038 Thessalu-

1900 3079 2151 3137 nicenses
2171 3081 2269 3153 ιι
2295 3077 2559 3146 scribens,
2595 3094 2718 3134 cum
2749 3080 2925 3134 anima
2947 3087 3000 3134 et
3026 3091 3258 3149 corpore
3285 3075 3496 3132 servari

229 3182 440 3244 aspectus
475 3185 604 3230 erat
655 3176 956 3232 similitudo
987 3176 1228 3232 hominis
1287 3179 1381 3250 (ita
1413 3178 1698 3234 dumtaxat
1737 3154 1866 3235 utc
1902 3173 2169 3244 integrum
2214 3174 2542 3243 deprecatur
2589 3169 2845 3243 (lTltess.
2876 3170 2955 3241 v).
3009 3169 3079 3226 Et
3129 3181 3307 3225 tamen
3356 3171 3496 3224 hanc

231 3267 401 3334 singula
424 3269 700 3325 haberent
727 3282 1021 3341 quaternas
1045 3271 1231 3340 facies,
1260 3284 1309 3328 et
1337 3283 1629 3344 quaternas
1655 3274 1792 3343 alas,

233 3361 461 3430 pedesque
509 3372 726 3432 rectos,
759 3373 814 3420 et
842 3367 1082 3435 plantam
1107 3367 1280 3436 pedis,
1327 3367 1480 3437 quasi
1510 3368 1795 3438 vestigium

233 3453 352 3522 pedis
377 3457 556 3522 vituli,
594 3457 738 3522 sive,
767 3467 826 3512 ttt
849 3447 1234 3529 interpretatus
1257 3468 1342 3515 est
1369 3459 1591 3530 Aquila,
1618 3471 1797 3516 rotun-

233 3542 344 3608 dam,
373 3546 512 3614 quod
556 3545 714 3601 LXX
755 3549 973 3617 penitus
1025 3549 1384 3621 omiserunt),
1428 3550 1496 3606 de
1541 3551 1796 3608 scintillis

232 3647 410 3702 quoque
456 3637 590 3691 teris
622 3635 924 3707 splendore
970 3640 1340 3705 rutilantibus,
1387 3649 1440 3696 et
1494 3641 1562 3696 de
1591 3643 1797 3698 levibus

233 3728 390 3795 pennis
414 3739 645 3798 eorum,
692 3731 837 3802 quod
879 3733 935 3786 in
967 3733 1234 3790 liebraico
1287 3743 1392 3789 non
1424 3735 1675 3802 habetur,
1731 3737 1799 3794 de

233 3835 364 3875 manu
386 3835 609 3897 quoque
659 3825 896 3882 hominis
947 3827 1044 3883 sub
1077 3827 1181 3884 alis
1231 3845 1419 3885 eorum
1473 3831 1526 3885 in
1567 3841 1800 3903 quatuor

234 3923 401 3984 partes,
431 3930 482 3974 et
510 3919 745 3991 reliquis
786 3937 908 3992 quae
933 3922 1284 3991 propheticus
1311 3939 1490 3978 sermo
1512 3925 1798 3992 describit,

235 4011 514 4068 conabimur
537 4013 680 4085 quid
701 4013 863 4070 nobis
881 4015 1126 4070 videatur
1145 4015 1347 4084 dicere,
1368 4033 1490 4073 cum
1517 4019 1800 4090 opiniones

236 4104 540 4174 singulorum
586 4103 834 4165 breviter
861 4109 1264 4166 strinxerimus.
1309 4110 1536 4179 Quidam
1570 4122 1804 4184 quatuor

237 4195 491 4270 Evangelia
515 4245 530 4268 ,
566 4217 707 4270 quos
739 4216 836 4256 nos
858 4218 1072 4274 quoque
1106 4204 1158 4258 in
1207 4205 1473 4274 prooemio
1525 4221 1805 4261 commen-

239 4289 461 4348 tariorum
489 4293 739 4352 Matthzei
768 4298 944 4354 secuti
979 4281 1087 4371 ιο
1111 4312 1320 4363 sumus,
1364 4299 1580 4357 horum.
1597 4299 1806 4354 anima-

237 4384 344 4440 lium
379 4397 573 4458 putant
624 4394 940 4448 nominibus
984 4394 1258 4465 designari
1291 4412 1302 4448 :
1339 4393 1609 4460 Mullhmi,
1661 4395 1804 4468 quod

246 4480 371 4546 quasi
394 4479 672 4538 hominem
696 4483 1042 4557 descripserit
1081 4507 1094 4540 :
1126 4485 1278 4541 Liber
1315 4489 1655 4560 generationis
1679 4487 1807 4544 Iesu

1899 3282 2115 3339 quoque
2146 3263 2319 3334 ipsam
2344 3266 2753 3333 conscientiam,
2784 3265 2937 3335 juxta
2963 3261 3092 3318 illud
3117 3262 3265 3334 quod
3288 3263 3339 3318 in
3362 3259 3496 3318 Pro-

1899 3357 2100 3415 verbiis
2123 3357 2381 3428 scriptum
2413 3361 2498 3412 est
2530 3376 2541 3411 :
2583 3356 2786 3428 Impius
2818 3373 2933 3411 cum
2965 3356 3162 3412 venerit
3183 3355 3237 3410 in
3264 3358 3490 3428 profun-

1899 3453 2022 3506 dum
2049 3461 2400 3524 peccatorum,
2432 3452 2706 3504 contemnit
2737 3449 2922 3522 (Prov.
2954 3461 3112 3515 xvm,
3143 3441 3232 3520 l5)
3260 3465 3274 3501 :
3305 3447 3490 3502 cerni-

1899 3562 2020 3601 mus
2079 3545 2406 3615 przecipitari
2460 3543 2600 3614 apud
2653 3543 2920 3614 quosdam
2985 3553 3040 3600 et
3093 3557 3248 3598 suum
3313 3543 3496 3601 locum

1901 3639 2148 3693 amittere
2179 3683 2193 3706 ,
2235 3639 2327 3708 qui
2379 3651 2446 3693 ne
2479 3635 2738 3704 pudorem
2777 3637 3000 3708 quidem
3031 3644 3086 3691 et
3109 3633 3494 3693 verecundiam

1901 3731 2104 3787 habent
2147 3731 2201 3786 in
2228 3731 2461 3796 delictis,
2506 3741 2561 3785 et
2591 3741 2868 3786 merentur
2896 3731 3088 3785 audire
3121 3748 3133 3784 ε
3167 3728 3359 3786 Facies
3387 3748 3500 3787 nte-

1902 3823 2103 3878 retricis
2155 3824 2294 3894 facta
2324 3821 2532 3888 esttibi,
2579 3823 2793 3877 noluisti
2837 3822 2947 3896 [AL
2983 3820 3172 3894 nescis]
3203 3824 3498 3879 erubescere

1905 3915 2120 3987 (lerem.
2155 3931 2233 3980 ιιι,
2255 3916 2332 3986 5).
2358 3915 2509 3970 llanc
2533 3913 2697 3985 igitur
2729 3915 3044 3986 quadrigam
3067 3915 3120 3970 in
3151 3916 3357 3985 auriga:
3379 3931 3498 3969 mo-

1905 4011 2033 4066 dum
2065 4009 2207 4065 Deus
2231 4010 2392 4080 regit,
2425 4022 2478 4066 et
2502 4010 2876 4081 incompositis
2905 4019 3214 4066 currentem
3240 4009 3500 4078 gradibus

1906 4102 2168 4168 refrenat,
2219 4103 2563 4174 docilemque
2592 4101 2743 4170 facit,
2775 4112 2828 4159 et
2858 4118 2958 4158 suo
3005 4117 3200 4175 parere
3229 4101 3371 4174 cogit
3399 4103 3501 4158 im-

1908 4198 2080 4268 perio.
2114 4198 2284 4266 Quam
2323 4198 2743 4269 disputationem
2776 4198 3026 4268 partium
3061 4196 3278 4263 animm,
3314 4195 3366 4252 id
3397 4205 3501 4264 est,

1910 4291 2167 4358 hominis,
2203 4291 2294 4362 qui
2344 4291 2524 4346 minor
2554 4290 2790 4347 mundus
2831 4291 2902 4346 ab
2932 4290 3124 4346 iisdem
3157 4288 3503 4360 philosophis

1908 4385 2236 4454 appellatur,
2267 4385 2430 4441 etiam
2461 4400 2561 4441 nos
2605 4386 2952 4456 attingemus.
2989 4384 3126 4440 Sunt
3159 4384 3250 4454 qui
3295 4383 3506 4453 simpli-

1911 4482 2048 4537 citer
2079 4482 2130 4535 in
2174 4490 2408 4552 quatuor
2445 4479 2796 4545 animalibus,
2817 4478 2969 4549 juxta
3001 4476 3348 4548 Hippocratis
3377 4491 3505 4532 sen-

247 4569 428 4644 Clm‘sti,
451 4578 553 4644 ﬁlii
579 4576 767 4646 David,
794 4556 894 4650 βιῑὶ
915 4579 1194 4638 Abraham,
1231 4556 1452 4652 Lennis,
1474 4583 1540 4638 ad
1569 4583 1805 4639 Marcum
1835 4556 1888 4616 Ῑ)
1915 4574 2166 4642 tentiam,
2199 4585 2431 4645 quatuor
2476 4572 2807 4628 arbitrantur
2844 4571 3110 4626 elementa
3145 4568 3329 4624 mundi
3353 4583 3506 4624 mon-

245 4663 498 4726 referunt:
535 4667 759 4725 Initium
806 4671 1076 4744 Evangelii
1104 4675 1230 4728 Jesu
1279 4673 1475 4730 Christi
1522 4671 1651 4730 Filii
1689 4673 1806 4745 Dei,

243 4757 350 4812 sicut
365 4763 611 4834 scriptum
636 4774 711 4818 est
750 4767 803 4818 in
859 4763 1003 4820 Isaia
1031 4767 1279 4841 prOp/tela
1317 4785 1335 4823 :
1386 4765 1499 4823 νοω
1537 4769 1811 4827 clamantis

243 4848 283 4899 in
307 4851 513 4919 deserto,
554 4855 744 4911 Parate
772 4858 903 4911 riam
937 4853 1154 4912 Domini
1181 4876 1199 4913 :
1227 4870 1390 4915 ret-tas
1417 4849 1570 4932 facite
1605 4863 1812 4918 semitas

246 4942 336 5008 ejus
361 4943 506 5010 (lsai.
534 4962 624 5013 ιιι,
657 4950 727 5018 5).
753 4947 939 5015 Vituli,
967 4951 1032 5006 ad
1067 4951 1229 5008 Luca:
1264 4953 1638 5024 Evangelium,
1670 4955 1813 5023 quod

247 5046 268 5084 ι
302 5025 569 5096 Zachariae
615 5041 808 5110 incipit
857 5043 1186 5099 sacerdotio.
1219 5047 1449 5118 Aquilm,
1483 5049 1550 5102 ad
1588 5045 1814 5105 Joannis

248 5129 527 5195 exordium,
557 5134 646 5204 qui
677 5135 745 5189 ad
772 5131 1048 5191 excelsum
1079 5137 1310 5193 evolans
1337 5141 1540 5210 coepit:
1573 5137 1638 5195 In
1669 5143 1818 5208 prin-

249 5221 366 5284 cipio
389 5235 496 5277 erat
538 5223 760 5282 Verbum
787 5271 802 5294 ,
853 5240 900 5284 rt
945 5227 1168 5285 Verbum
1208 5244 1314 5286 erat
1357 5233 1498 5303 apud
1535 5227 1724 5300 Deum,
1766 5244 1816 5290 et

254 5307 368 5366 Deus
388 5325 495 5369 erat
532 5315 773 5374 Verbum.
827 5321 1005 5389 Super
1031 5338 1139 5392 quo
1162 5323 1290 5394 quid
1323 5325 1478 5378 nobis
1509 5323 1817 5394 videretur,
1861 5363 1866 5368 -

254 5404 293 5456 in
325 5410 628 5477 supradicto
654 5427 824 5482 opere
845 5413 1104 5482 diximus,
1148 5415 1474 5488 pleniusque
1523 5417 1575 5472 in
1609 5419 1821 5490 Apoca-

1915 4669 2077 4722 strari
2101 4714 2115 4737 ,
2157 4668 2225 4723 de
2252 4669 2447 4738 quibus
2475 4675 2728 4723 constant
2772 4666 2953 4720 omnia
2987 4681 2999 4718 :
3032 4666 3254 4735 ignem,
3299 4679 3510 4731 aerem,

1917 4779 2141 4832 aquam,
2187 4773 2408 4818 terram.
2451 4763 2582 4830 Quze
2611 4761 2886 4832 quomodo
2930 4759 3030 4814 sibi
3081 4759 3434 4826 misceantur,
3458 4767 3514 4815 et

1917 4872 2040 4910 cum
2064 4857 2275 4926 singula
2307 4855 2438 4922 sint,
2476 4855 2574 4909 sibi
2595 4854 2787 4925 juncta
2810 4852 3125 4916 videantur,
3176 4852 3519 4920 invicemque

1920 4963 1980 5004 se
2017 4958 2236 5018 tangant
2264 4992 2278 5016 ,
2331 4956 2388 5003 et
2415 4949 2466 5002 in
2495 4963 2596 5003 una
2631 4962 2862 5018 persona
2892 4945 3247 5000 animantium
3279 4953 3518 5016 quatuor

1919 5040 2135 5111 species
2159 5041 2392 5095 habeant
2415 5055 2478 5096 ac
2508 5041 2728 5111 ﬁguras,
2764 5056 2870 5094 non
2897 5047 2984 5095 est
3013 5038 3280 5109 prepositi
3311 5037 3516 5108 operis.

1921 5136 2166 5204 Quatuor
2207 5150 2423 5205 qunque
2469 5144 2614 5190 rotas
2643 5135 2712 5191 de
2752 5133 2984 5190 terrenis
3006 5132 3072 5188 ad
3101 5133 3358 5188 sublimia
3390 5147 3528 5186 con-

1921 5239 2230 5300 surgentes,
2249 5229 2476 5302 singulis
2503 5239 2556 5284 et
2581 5228 3040 5301 quadrilormibus
3067 5227 3285 5298 junctus
3313 5225 3522 5280 anima-

1924 5325 2067 5379 libus
2091 5367 2107 5390 ,
2159 5326 2240 5382 vel
2278 5324 2595 5380 eorumdem
2621 5326 3021 5380 elementorum
3071 5318 3519 5376 commixtionem

1923 5421 2236 5488 aestimant,
2294 5418 2382 5475 vel
2435 5429 2675 5490 quatuor
2732 5428 3038 5488 temporum
3086 5413 3376 5481 circulum,
3429 5410 3525 5484 qui

319 5638 342 5716 ξ
370 5629 636 5716 Victorius
655 5637 888 5716 plurium
933 5653 1160 5716 numero
1185 5681 1198 5700 ,
1252 5649 1299 5692 et
1338 5654 1487 5710 aqua:
1512 5655 1628 5711 quae
1672 5657 1828 5711 super
1927 5643 2160 5716 gendum
2193 5660 2290 5714 pro
2311 5643 2458 5699 Cain.
2505 5643 2776 5704 Caeterum
2815 5639 2954 5710 apud
2986 5637 3221 5706 Rabam,
3254 5644 3521 5709 peccatore

263 5701 397 5771 (telas
425 5715 569 5768 sunt,
593 5701 823 5771 laudent,
855 5720 990 5771 etc.,
1023 5726 1090 5764 ex
1121 5709 1334 5765 Graeco.

325 5769 350 5809 δ
379 5773 634 5836 V’ideatur
670 5769 856 5852 Adam,
895 5769 987 5853 qui
1010 5781 1214 5854 ejectus
1239 5781 1308 5839 de
1336 5779 1590 5853 paradiso
1619 5795 1722 5854 εει,
1743 5783 1832 5856 lc-

1932 5733 2027 5786 pro
2051 5727 2255 5786 pectore
2281 5717 2553 5774 scribitur.
