  <div class='ocr_page' id='page_1' title='image "/cluster/home/n/w/nwhite01/storage/ocr_20150623/25/hvd.32044015471394/019.png"; bbox 0 0 3996 6322; ppageno 0'>
   <div class='ocr_carea' id='block_1_1' title="bbox 437 245 511 299">
    <p class='ocr_par' dir='ltr' id='par_1_1' title="bbox 437 245 511 299">
     <span class='ocr_line' id='line_1_1' title="bbox 437 245 511 299; baseline 0 0"><span class='ocrx_word' id='word_1_1' title='bbox 437 245 511 299; x_wconf 67' lang='lat'><strong>23</strong></span> 
     </span>
    </p>
   </div>
   <div class='ocr_carea' id='block_1_2' title="bbox 1695 223 2488 287">
    <p class='ocr_par' dir='ltr' id='par_1_2' title="bbox 1695 223 2488 287">
     <span class='ocr_line' id='line_1_2' title="bbox 1695 223 2488 287; baseline -0.008 -1"><span class='ocrx_word' id='word_1_2' title='bbox 1695 230 1751 287; x_wconf 87' lang='lat' dir='ltr'><strong>S.</strong></span> <span class='ocrx_word' id='word_1_3' title='bbox 1798 224 2074 285; x_wconf 81' lang='lat' dir='ltr'><strong>EUSEBII</strong></span> <span class='ocrx_word' id='word_1_4' title='bbox 2103 223 2488 282; x_wconf 81' lang='lat' dir='ltr'><strong>HIERONYMI</strong></span> 
     </span>
    </p>
   </div>
   <div class='ocr_carea' id='block_1_3' title="bbox 3669 236 3742 294">
    <p class='ocr_par' dir='ltr' id='par_1_3' title="bbox 3669 236 3742 294">
     <span class='ocr_line' id='line_1_3' title="bbox 3669 236 3742 294; baseline -0.027 0"><span class='ocrx_word' id='word_1_5' title='bbox 3669 236 3742 294; x_wconf 60' lang='lat'><strong>24</strong></span> 
     </span>
    </p>
   </div>
   <div class='ocr_carea' id='block_1_4' title="bbox 434 339 3748 419">
    <p class='ocr_par' dir='ltr' id='par_1_4' title="bbox 434 339 3748 419">
     <span class='ocr_line' id='line_1_4' title="bbox 434 339 3748 419; baseline -0.005 -3"><span class='ocrx_word' id='word_1_6' title='bbox 434 359 607 416; x_wconf 90' lang='lat' dir='ltr'><strong>ternis</strong></span> <span class='ocrx_word' id='word_1_7' title='bbox 647 354 939 412; x_wconf 83' lang='lat' dir='ltr'><strong>conficitur</strong></span> <span class='ocrx_word' id='word_1_8' title='bbox 989 352 1302 414; x_wconf 87' lang='lat' dir='ltr'><strong>mensibus,</strong></span> <span class='ocrx_word' id='word_1_9' title='bbox 1355 361 1668 419; x_wconf 86' lang='lat' dir='ltr'><strong>annumque</strong></span> <span class='ocrx_word' id='word_1_10' title='bbox 1700 354 2032 410; x_wconf 79' lang='lat' dir='ltr'><strong>vertentem,</strong></span> <span class='ocrx_word' id='word_1_11' title='bbox 2064 345 2117 404; x_wconf 84' lang='grc' dir='ltr'><strong>Α</strong></span> <span class='ocrx_word' id='word_1_12' title='bbox 2141 342 2209 397; x_wconf 92' lang='lat' dir='ltr'><strong>ad</strong></span> <span class='ocrx_word' id='word_1_13' title='bbox 2242 339 2638 397; x_wconf 76' lang='lat' dir='ltr'><strong>sacerdotalem</strong></span> <span class='ocrx_word' id='word_1_14' title='bbox 2670 349 2725 396; x_wconf 91' lang='lat' dir='ltr'><strong>et</strong></span> <span class='ocrx_word' id='word_1_15' title='bbox 2753 339 3026 397; x_wconf 86' lang='lat' dir='ltr'><strong>leviticam</strong></span> <span class='ocrx_word' id='word_1_16' title='bbox 3065 339 3263 397; x_wconf 91' lang='lat' dir='ltr'><strong>tribum</strong></span> <span class='ocrx_word' id='word_1_17' title='bbox 3292 347 3483 399; x_wconf 82' lang='lat' dir='ltr'><strong>:extra</strong></span> <span class='ocrx_word' id='word_1_18' title='bbox 3505 354 3629 411; x_wconf 77' lang='lat' dir='ltr'><strong>quae</strong></span> <span class='ocrx_word' id='word_1_19' title='bbox 3672 340 3748 399; x_wconf 92' lang='lat' dir='ltr'><strong>sit</strong></span> 
     </span>
    </p>
   </div>
   <div class='ocr_carea' id='block_1_5' title="bbox 441 440 2035 526">
    <p class='ocr_par' dir='ltr' id='par_1_5' title="bbox 441 440 2035 526">
     <span class='ocr_line' id='line_1_5' title="bbox 441 440 2035 526; baseline -0.008 -21"><span class='ocrx_word' id='word_1_20' title='bbox 441 456 531 526; x_wconf 88' lang='lat' dir='ltr'><strong>qui</strong></span> <span class='ocrx_word' id='word_1_21' title='bbox 562 452 629 508; x_wconf 86' lang='lat' dir='ltr'><strong>ab</strong></span> <span class='ocrx_word' id='word_1_22' title='bbox 657 466 724 507; x_wconf 89' lang='lat' dir='ltr'><strong>eo</strong></span> <span class='ocrx_word' id='word_1_23' title='bbox 752 461 775 487; x_wconf 71' lang='grc'><strong><em>⁸</em></strong></span> <span class='ocrx_word' id='word_1_24' title='bbox 804 449 946 522; x_wconf 89' lang='lat' dir='ltr'><strong>quod</strong></span> <span class='ocrx_word' id='word_1_25' title='bbox 974 463 1192 520; x_wconf 83' lang='lat' dir='ltr'><strong>semper</strong></span> <span class='ocrx_word' id='word_1_26' title='bbox 1245 451 1492 501; x_wconf 82' lang='lat' dir='ltr'><strong>vertatur</strong></span> <span class='ocrx_word' id='word_1_27' title='bbox 1536 452 1591 498; x_wconf 91' lang='lat' dir='ltr'><strong>et</strong></span> <span class='ocrx_word' id='word_1_28' title='bbox 1621 443 1671 496; x_wconf 91' lang='lat' dir='ltr'><strong>in</strong></span> <span class='ocrx_word' id='word_1_29' title='bbox 1720 456 1779 497; x_wconf 90' lang='lat' dir='ltr'><strong>se</strong></span> <span class='ocrx_word' id='word_1_30' title='bbox 1821 440 2035 505; x_wconf 88' lang='lat' dir='ltr'><strong>redeat,</strong></span> 
     </span>
    </p>
   </div>
   <div class='ocr_carea' id='block_1_6' title="bbox 442 536 2037 615">
    <p class='ocr_par' dir='ltr' id='par_1_6' title="bbox 442 536 2037 615">
     <span class='ocr_line' id='line_1_6' title="bbox 442 536 2037 615; baseline -0.008 -11"><span class='ocrx_word' id='word_1_31' title='bbox 442 561 642 604; x_wconf 87' lang='lat' dir='ltr'><strong>nomen</strong></span> <span class='ocrx_word' id='word_1_32' title='bbox 684 544 976 615; x_wconf 86' lang='lat' dir='ltr'><strong>acceperit.</strong></span> <span class='ocrx_word' id='word_1_33' title='bbox 1021 542 1098 598; x_wconf 92' lang='lat' dir='ltr'><strong>De</strong></span> <span class='ocrx_word' id='word_1_34' title='bbox 1125 541 1322 612; x_wconf 79' lang='lat' dir='ltr'><strong>quibus</strong></span> <span class='ocrx_word' id='word_1_35' title='bbox 1354 538 1581 611; x_wconf 87' lang='lat' dir='ltr'><strong>pulchre</strong></span> <span class='ocrx_word' id='word_1_36' title='bbox 1610 551 1717 593; x_wconf 92' lang='lat' dir='ltr'><strong>uno</strong></span> <span class='ocrx_word' id='word_1_37' title='bbox 1766 536 2037 592; x_wconf 85' lang='lat' dir='ltr'><strong>versiculo</strong></span> 
     </span>
    </p>
   </div>
   <div class='ocr_carea' id='block_1_7' title="bbox 443 638 805 698">
    <p class='ocr_par' dir='ltr' id='par_1_7' title="bbox 443 638 805 698">
     <span class='ocr_line' id='line_1_7' title="bbox 443 638 805 698; baseline -0.017 -1"><span class='ocrx_word' id='word_1_38' title='bbox 443 638 649 698; x_wconf 80' lang='lat' dir='ltr'><strong>dictum</strong></span> <span class='ocrx_word' id='word_1_39' title='bbox 682 646 767 694; x_wconf 88' lang='lat' dir='ltr'><strong>est</strong></span> <span class='ocrx_word' id='word_1_40' title='bbox 794 656 805 690; x_wconf 77' lang='grc' dir='ltr'>ε</span> 
     </span>
    </p>
   </div>
   <div class='ocr_carea' id='block_1_8' title="bbox 536 748 1939 815">
    <p class='ocr_par' dir='ltr' id='par_1_8' title="bbox 536 748 1939 815">
     <span class='ocr_line' id='line_1_8' title="bbox 536 748 1939 815; baseline -0.004 -12"><span class='ocrx_word' id='word_1_41' title='bbox 536 753 658 815; x_wconf 86' lang='lat' dir='ltr'><strong>Ver,</strong></span> <span class='ocrx_word' id='word_1_42' title='bbox 680 759 843 814; x_wconf 68' lang='lat' dir='ltr'><strong>testas,</strong></span> <span class='ocrx_word' id='word_1_43' title='bbox 870 756 1146 811; x_wconf 88' lang='lat' dir='ltr'><strong>autumnus,</strong></span> <span class='ocrx_word' id='word_1_44' title='bbox 1173 749 1362 813; x_wconf 77' lang='lat' dir='ltr'><strong>liyems,</strong></span> <span class='ocrx_word' id='word_1_45' title='bbox 1388 756 1440 800; x_wconf 88' lang='lat' dir='ltr'><strong>et</strong></span> <span class='ocrx_word' id='word_1_46' title='bbox 1458 748 1662 805; x_wconf 84' lang='lat' dir='ltr'><strong>mensis,</strong></span> <span class='ocrx_word' id='word_1_47' title='bbox 1693 754 1746 798; x_wconf 85' lang='lat' dir='ltr'><strong>et</strong></span> <span class='ocrx_word' id='word_1_48' title='bbox 1769 758 1939 797; x_wconf 87' lang='lat' dir='ltr'><strong>annus.</strong></span> 
     </span>
    </p>
   </div>
   <div class='ocr_carea' id='block_1_9' title="bbox 445 839 2039 929">
    <p class='ocr_par' dir='ltr' id='par_1_9' title="bbox 445 839 2039 929">
     <span class='ocr_line' id='line_1_9' title="bbox 445 839 2039 929; baseline -0.003 -17"><span class='ocrx_word' id='word_1_49' title='bbox 445 839 707 929; x_wconf 68' lang='lat' dir='ltr'><strong>Quodque</strong></span> <span class='ocrx_word' id='word_1_50' title='bbox 735 858 932 913; x_wconf 82' lang='lat' dir='ltr'><strong>dicitur</strong></span> <span class='ocrx_word' id='word_1_51' title='bbox 967 875 978 908; x_wconf 86' lang='lat'><strong>:</strong></span> <span class='ocrx_word' id='word_1_52' title='bbox 1014 854 1144 911; x_wconf 88' lang='lat' dir='ltr'><strong>Erat</strong></span> <span class='ocrx_word' id='word_1_53' title='bbox 1170 864 1287 910; x_wconf 86' lang='lat' dir='ltr'><strong>rota</strong></span> <span class='ocrx_word' id='word_1_54' title='bbox 1336 855 1388 909; x_wconf 86' lang='lat' dir='ltr'><strong>in</strong></span> <span class='ocrx_word' id='word_1_55' title='bbox 1434 864 1569 922; x_wconf 88' lang='lat' dir='ltr'><strong>rota,</strong></span> <span class='ocrx_word' id='word_1_56' title='bbox 1600 870 1795 908; x_wconf 87' lang='lat' dir='ltr'><strong>annum</strong></span> <span class='ocrx_word' id='word_1_57' title='bbox 1822 854 1875 907; x_wconf 90' lang='lat' dir='ltr'><strong>in</strong></span> <span class='ocrx_word' id='word_1_58' title='bbox 1903 869 2039 907; x_wconf 88' lang='lat' dir='ltr'><strong>anno</strong></span> 
     </span>
    </p>
   </div>
   <div class='ocr_carea' id='block_1_10' title="bbox 443 946 2039 1024">
    <p class='ocr_par' dir='ltr' id='par_1_10' title="bbox 443 946 2039 1024">
     <span class='ocr_line' id='line_1_10' title="bbox 443 946 2039 1024; baseline -0.003 -18"><span class='ocrx_word' id='word_1_59' title='bbox 443 952 732 1024; x_wconf 81' lang='lat' dir='ltr'><strong>signiﬁcari</strong></span> <span class='ocrx_word' id='word_1_60' title='bbox 790 958 991 1021; x_wconf 86' lang='lat' dir='ltr'><strong>putant.</strong></span> <span class='ocrx_word' id='word_1_61' title='bbox 1050 950 1124 1005; x_wconf 91' lang='lat' dir='ltr'><strong>De</strong></span> <span class='ocrx_word' id='word_1_62' title='bbox 1171 963 1278 1021; x_wconf 87' lang='lat' dir='ltr'><strong>quo</strong></span> <span class='ocrx_word' id='word_1_63' title='bbox 1322 948 1461 1004; x_wconf 84' lang='lat' dir='ltr'><strong>alius</strong></span> <span class='ocrx_word' id='word_1_64' title='bbox 1513 955 1671 1019; x_wconf 85' lang='lat' dir='ltr'><strong>poeta</strong></span> <span class='ocrx_word' id='word_1_65' title='bbox 1711 946 1946 1019; x_wconf 79' lang='lat' dir='ltr'><strong>(Virgil.</strong></span> <span class='ocrx_word' id='word_1_66' title='bbox 2000 962 2039 1002; x_wconf 87' lang='grc' dir='ltr'>ιι</span> 
     </span>
    </p>
   </div>
   <div class='ocr_carea' id='block_1_11' title="bbox 445 1042 706 1114">
    <p class='ocr_par' dir='ltr' id='par_1_11' title="bbox 445 1042 706 1114">
     <span class='ocr_line' id='line_1_11' title="bbox 445 1042 706 1114; baseline 0 -15"><span class='ocrx_word' id='word_1_67' title='bbox 445 1042 662 1114; x_wconf 84' lang='lat' dir='ltr'><strong>Georg.)</strong></span> <span class='ocrx_word' id='word_1_68' title='bbox 692 1060 706 1099; x_wconf 90' lang='lat'>:</span> 
     </span>
    </p>
   </div>
   <div class='ocr_carea' id='block_1_12' title="bbox 570 1134 1783 1199">
    <p class='ocr_par' dir='ltr' id='par_1_12' title="bbox 570 1134 1783 1199">
     <span class='ocr_line' id='line_1_12' title="bbox 570 1134 1783 1199; baseline -0.002 -14"><span class='ocrx_word' id='word_1_69' title='bbox 570 1139 733 1199; x_wconf 82' lang='lat' dir='ltr'><strong>Atque</strong></span> <span class='ocrx_word' id='word_1_70' title='bbox 754 1136 801 1184; x_wconf 89' lang='lat' dir='ltr'><strong>in</strong></span> <span class='ocrx_word' id='word_1_71' title='bbox 828 1147 884 1186; x_wconf 88' lang='lat' dir='ltr'><strong>se</strong></span> <span class='ocrx_word' id='word_1_72' title='bbox 910 1149 996 1186; x_wconf 83' lang='lat' dir='ltr'><strong>sua</strong></span> <span class='ocrx_word' id='word_1_73' title='bbox 1022 1148 1113 1199; x_wconf 87' lang='lat' dir='ltr'><strong>per</strong></span> <span class='ocrx_word' id='word_1_74' title='bbox 1134 1135 1345 1197; x_wconf 81' lang='lat' dir='ltr'><strong>vestigia</strong></span> <span class='ocrx_word' id='word_1_75' title='bbox 1372 1134 1580 1185; x_wconf 76' lang='lat' dir='ltr'><strong>volvitur</strong></span> <span class='ocrx_word' id='word_1_76' title='bbox 1610 1146 1783 1184; x_wconf 89' lang='lat' dir='ltr'><strong>annus.</strong></span> 
     </span>
    </p>
   </div>
   <div class='ocr_carea' id='block_1_13' title="bbox 443 1242 2037 1315">
    <p class='ocr_par' dir='ltr' id='par_1_13' title="bbox 443 1242 2037 1315">
     <span class='ocr_line' id='line_1_13' title="bbox 443 1242 2037 1315; baseline -0.001 -17"><span class='ocrx_word' id='word_1_77' title='bbox 443 1243 795 1299; x_wconf 83' lang='lat' dir='ltr'><strong>Firmatneoti</strong></span> <span class='ocrx_word' id='word_1_78' title='bbox 823 1244 985 1298; x_wconf 80' lang='lat' dir='ltr'><strong>etiam</strong></span> <span class='ocrx_word' id='word_1_79' title='bbox 1021 1242 1431 1299; x_wconf 83' lang='lat' dir='ltr'><strong>similitudinem</strong></span> <span class='ocrx_word' id='word_1_80' title='bbox 1464 1242 1726 1315; x_wconf 86' lang='lat' dir='ltr'><strong>crystallo</strong></span> <span class='ocrx_word' id='word_1_81' title='bbox 1752 1257 2037 1312; x_wconf 86' lang='lat' dir='ltr'><strong>compara-</strong></span> 
     </span>
    </p>
   </div>
   <div class='ocr_carea' id='block_1_14' title="bbox 447 1335 2040 1407">
    <p class='ocr_par' dir='ltr' id='par_1_14' title="bbox 447 1335 2040 1407">
     <span class='ocr_line' id='line_1_14' title="bbox 447 1335 2040 1407; baseline -0.001 -15"><span class='ocrx_word' id='word_1_82' title='bbox 447 1346 576 1402; x_wconf 88' lang='lat' dir='ltr'><strong>tam,</strong></span> <span class='ocrx_word' id='word_1_83' title='bbox 620 1339 819 1393; x_wconf 66' lang='lat' dir='ltr'><strong>caelum</strong></span> <span class='ocrx_word' id='word_1_84' title='bbox 862 1336 966 1391; x_wconf 81' lang='lat' dir='ltr'><strong>hoc</strong></span> <span class='ocrx_word' id='word_1_85' title='bbox 997 1336 1140 1407; x_wconf 91' lang='lat' dir='ltr'><strong>quod</strong></span> <span class='ocrx_word' id='word_1_86' title='bbox 1189 1336 1516 1406; x_wconf 85' lang='lat' dir='ltr'><strong>suSpicimus</strong></span> <span class='ocrx_word' id='word_1_87' title='bbox 1546 1336 1771 1406; x_wconf 82' lang='lat' dir='ltr'><strong>intelligi</strong></span> <span class='ocrx_word' id='word_1_88' title='bbox 1801 1335 1989 1390; x_wconf 87' lang='lat' dir='ltr'><strong>volunt</strong></span> <span class='ocrx_word' id='word_1_89' title='bbox 2026 1352 2040 1390; x_wconf 89' lang='lat'><strong>:</strong></span> 
     </span>
    </p>
   </div>
   <div class='ocr_carea' id='block_1_15' title="bbox 443 1426 2037 1500">
    <p class='ocr_par' dir='ltr' id='par_1_15' title="bbox 443 1426 2037 1500">
     <span class='ocr_line' id='line_1_15' title="bbox 443 1426 2037 1500; baseline -0.003 -13"><span class='ocrx_word' id='word_1_90' title='bbox 443 1432 544 1487; x_wconf 86' lang='lat' dir='ltr'><strong>sub</strong></span> <span class='ocrx_word' id='word_1_91' title='bbox 567 1446 676 1500; x_wconf 90' lang='lat' dir='ltr'><strong>quo</strong></span> <span class='ocrx_word' id='word_1_92' title='bbox 717 1430 1011 1485; x_wconf 86' lang='lat' dir='ltr'><strong>volvuntur</strong></span> <span class='ocrx_word' id='word_1_93' title='bbox 1056 1438 1110 1484; x_wconf 87' lang='lat' dir='ltr'><strong>et</strong></span> <span class='ocrx_word' id='word_1_94' title='bbox 1141 1437 1425 1484; x_wconf 85' lang='lat' dir='ltr'><strong>transeunt</strong></span> <span class='ocrx_word' id='word_1_95' title='bbox 1466 1438 1699 1499; x_wconf 85' lang='lat' dir='ltr'><strong>quatuor</strong></span> <span class='ocrx_word' id='word_1_96' title='bbox 1722 1426 2037 1483; x_wconf 80' lang='lat' dir='ltr'><strong>animantia.</strong></span> 
     </span>
    </p>
   </div>
   <div class='ocr_carea' id='block_1_16' title="bbox 442 1521 2043 1596">
    <p class='ocr_par' dir='ltr' id='par_1_16' title="bbox 442 1521 2043 1596">
     <span class='ocr_line' id='line_1_16' title="bbox 442 1521 2043 1596; baseline 0 -17"><span class='ocrx_word' id='word_1_97' title='bbox 442 1524 832 1596; x_wconf 84' lang='lat' dir='ltr'><strong>&#39;l‘hronumque</strong></span> <span class='ocrx_word' id='word_1_98' title='bbox 859 1524 1058 1579; x_wconf 89' lang='lat' dir='ltr'><strong>coloris</strong></span> <span class='ocrx_word' id='word_1_99' title='bbox 1090 1521 1361 1594; x_wconf 89' lang='lat' dir='ltr'><strong>sapphiri,</strong></span> <span class='ocrx_word' id='word_1_100' title='bbox 1407 1531 1462 1577; x_wconf 88' lang='lat' dir='ltr'><strong>et</strong></span> <span class='ocrx_word' id='word_1_101' title='bbox 1493 1522 1774 1577; x_wconf 89' lang='lat' dir='ltr'><strong>sedentem</strong></span> <span class='ocrx_word' id='word_1_102' title='bbox 1803 1522 2043 1593; x_wconf 85' lang='lat' dir='ltr'><strong>desuper</strong></span> 
     </span>
    </p>
   </div>
   <div class='ocr_carea' id='block_1_17' title="bbox 447 1620 2043 1691">
    <p class='ocr_par' dir='ltr' id='par_1_17' title="bbox 447 1620 2043 1691">
     <span class='ocr_line' id='line_1_17' title="bbox 447 1620 2043 1691; baseline -0.003 -14"><span class='ocrx_word' id='word_1_103' title='bbox 447 1622 723 1679; x_wconf 85' lang='lat' dir='ltr'><strong>hominem</strong></span> <span class='ocrx_word' id='word_1_104' title='bbox 748 1622 846 1678; x_wconf 89' lang='lat' dir='ltr'><strong>sub</strong></span> <span class='ocrx_word' id='word_1_105' title='bbox 866 1622 1098 1676; x_wconf 86' lang='lat' dir='ltr'><strong>humana</strong></span> <span class='ocrx_word' id='word_1_106' title='bbox 1123 1620 1504 1691; x_wconf 86' lang='lat' dir='ltr'><strong>similitudine,</strong></span> <span class='ocrx_word' id='word_1_107' title='bbox 1530 1620 1816 1691; x_wconf 87' lang='lat' dir='ltr'><strong>imperium</strong></span> <span class='ocrx_word' id='word_1_108' title='bbox 1849 1628 2043 1674; x_wconf 90' lang='lat' dir='ltr'><strong>cuncta</strong></span> 
     </span>
    </p>
   </div>
   <div class='ocr_carea' id='block_1_18' title="bbox 447 1712 2041 1785">
    <p class='ocr_par' dir='ltr' id='par_1_18' title="bbox 447 1712 2041 1785">
     <span class='ocr_line' id='line_1_18' title="bbox 447 1712 2041 1785; baseline -0.003 -14"><span class='ocrx_word' id='word_1_109' title='bbox 447 1716 689 1785; x_wconf 82' lang='lat' dir='ltr'><strong>regentis</strong></span> <span class='ocrx_word' id='word_1_110' title='bbox 717 1716 1006 1783; x_wconf 82' lang='lat' dir='ltr'><strong>omniaque</strong></span> <span class='ocrx_word' id='word_1_111' title='bbox 1032 1714 1284 1770; x_wconf 89' lang='lat' dir='ltr'><strong>habentis</strong></span> <span class='ocrx_word' id='word_1_112' title='bbox 1311 1714 1411 1769; x_wconf 89' lang='lat' dir='ltr'><strong>sub</strong></span> <span class='ocrx_word' id='word_1_113' title='bbox 1443 1714 1672 1783; x_wconf 88' lang='lat' dir='ltr'><strong>pedibus</strong></span> <span class='ocrx_word' id='word_1_114' title='bbox 1700 1713 1834 1781; x_wconf 90' lang='lat' dir='ltr'><strong>suis,</strong></span> <span class='ocrx_word' id='word_1_115' title='bbox 1868 1712 2041 1767; x_wconf 90' lang='lat' dir='ltr'><strong>omni-</strong></span> 
     </span>
    </p>
   </div>
   <div class='ocr_carea' id='block_1_19' title="bbox 449 1803 2043 1878">
    <p class='ocr_par' dir='ltr' id='par_1_19' title="bbox 449 1803 2043 1878">
     <span class='ocr_line' id='line_1_19' title="bbox 449 1803 2043 1878; baseline -0.003 -15"><span class='ocrx_word' id='word_1_116' title='bbox 449 1808 705 1878; x_wconf 67' lang='lat' dir='ltr'><strong>potentiae</strong></span> <span class='ocrx_word' id='word_1_117' title='bbox 738 1807 831 1862; x_wconf 88' lang='lat' dir='ltr'><strong>Dei</strong></span> <span class='ocrx_word' id='word_1_118' title='bbox 862 1805 1103 1862; x_wconf 89' lang='lat' dir='ltr'><strong>describi</strong></span> <span class='ocrx_word' id='word_1_119' title='bbox 1144 1813 1457 1872; x_wconf 85' lang='lat' dir='ltr'><strong>autumant;</strong></span> <span class='ocrx_word' id='word_1_120' title='bbox 1491 1805 1705 1875; x_wconf 89' lang='lat' dir='ltr'><strong>dicique</strong></span> <span class='ocrx_word' id='word_1_121' title='bbox 1749 1803 1817 1859; x_wconf 92' lang='lat' dir='ltr'><strong>ad</strong></span> <span class='ocrx_word' id='word_1_122' title='bbox 1862 1814 2043 1859; x_wconf 79' lang='lat' dir='ltr'><strong>extre-</strong></span> 
     </span>
    </p>
   </div>
   <div class='ocr_carea' id='block_1_20' title="bbox 450 1897 2047 1972">
    <p class='ocr_par' dir='ltr' id='par_1_20' title="bbox 450 1897 2047 1972">
     <span class='ocr_line' id='line_1_20' title="bbox 450 1897 2047 1972; baseline -0.002 -16"><span class='ocrx_word' id='word_1_123' title='bbox 450 1916 597 1956; x_wconf 90' lang='lat' dir='ltr'><strong>mum</strong></span> <span class='ocrx_word' id='word_1_124' title='bbox 626 1919 638 1954; x_wconf 92' lang='lat'><strong>:</strong></span> <span class='ocrx_word' id='word_1_125' title='bbox 669 1900 798 1956; x_wconf 71' lang='lat' dir='ltr'><strong>Haec</strong></span> <span class='ocrx_word' id='word_1_126' title='bbox 826 1901 954 1955; x_wconf 81' lang='lat' dir='ltr'><strong>t-isio</strong></span> <span class='ocrx_word' id='word_1_127' title='bbox 979 1900 1339 1954; x_wconf 82' lang='lat' dir='ltr'><strong>similitudinis</strong></span> <span class='ocrx_word' id='word_1_128' title='bbox 1383 1898 1569 1972; x_wconf 78' lang='lat' dir='ltr'><strong>gloria:</strong></span> <span class='ocrx_word' id='word_1_129' title='bbox 1598 1897 1696 1953; x_wconf 82' lang='lat' dir='ltr'><strong>Dei</strong></span> <span class='ocrx_word' id='word_1_130' title='bbox 1728 1914 1747 1953; x_wconf 92' lang='lat'><strong><em>:</em></strong></span> <span class='ocrx_word' id='word_1_131' title='bbox 1784 1913 1882 1969; x_wconf 88' lang='lat' dir='ltr'><strong>per</strong></span> <span class='ocrx_word' id='word_1_132' title='bbox 1925 1913 2047 1968; x_wconf 75' lang='lat' dir='ltr'><strong>qua:</strong></span> 
     </span>
    </p>
   </div>
   <div class='ocr_carea' id='block_1_21' title="bbox 446 1992 2047 2065">
    <p class='ocr_par' dir='ltr' id='par_1_21' title="bbox 446 1992 2047 2065">
     <span class='ocr_line' id='line_1_21' title="bbox 446 1992 2047 2065; baseline -0.001 -19"><span class='ocrx_word' id='word_1_133' title='bbox 446 1996 601 2063; x_wconf 88' lang='lat' dir='ltr'><strong>quasi</strong></span> <span class='ocrx_word' id='word_1_134' title='bbox 627 2010 722 2064; x_wconf 93' lang='lat' dir='ltr'><strong>per</strong></span> <span class='ocrx_word' id='word_1_135' title='bbox 744 1995 1008 2065; x_wconf 87' lang='lat' dir='ltr'><strong>picturam</strong></span> <span class='ocrx_word' id='word_1_136' title='bbox 1037 1993 1329 2065; x_wconf 88' lang='lat' dir='ltr'><strong>quamdam</strong></span> <span class='ocrx_word' id='word_1_137' title='bbox 1357 2001 1413 2049; x_wconf 89' lang='lat' dir='ltr'><strong>et</strong></span> <span class='ocrx_word' id='word_1_138' title='bbox 1445 1995 1546 2065; x_wconf 74' lang='lat'><strong>12</strong></span> <span class='ocrx_word' id='word_1_139' title='bbox 1572 1992 1883 2064; x_wconf 80' lang='lat' dir='ltr'><strong>imaginem,</strong></span> <span class='ocrx_word' id='word_1_140' title='bbox 1922 2006 2047 2062; x_wconf 84' lang='lat' dir='ltr'><strong>pro—</strong></span> 
     </span>
    </p>
   </div>
   <div class='ocr_carea' id='block_1_22' title="bbox 448 2086 2044 2157">
    <p class='ocr_par' dir='ltr' id='par_1_22' title="bbox 448 2086 2044 2157">
     <span class='ocr_line' id='line_1_22' title="bbox 448 2086 2044 2157; baseline -0.001 -16"><span class='ocrx_word' id='word_1_141' title='bbox 448 2088 742 2143; x_wconf 79' lang='lat' dir='ltr'><strong>videntiatn</strong></span> <span class='ocrx_word' id='word_1_142' title='bbox 787 2087 1175 2143; x_wconf 89' lang='lat' dir='ltr'><strong>demonstrari.</strong></span> <span class='ocrx_word' id='word_1_143' title='bbox 1201 2086 1465 2157; x_wconf 86' lang='lat' dir='ltr'><strong>Quodque</strong></span> <span class='ocrx_word' id='word_1_144' title='bbox 1497 2086 1664 2157; x_wconf 87' lang='lat' dir='ltr'><strong>pedes</strong></span> <span class='ocrx_word' id='word_1_145' title='bbox 1691 2086 2044 2140; x_wconf 88' lang='lat' dir='ltr'><strong>animantium</strong></span> 
     </span>
    </p>
   </div>
   <div class='ocr_carea' id='block_1_23' title="bbox 452 2180 2049 2255">
    <p class='ocr_par' dir='ltr' id='par_1_23' title="bbox 452 2180 2049 2255">
     <span class='ocr_line' id='line_1_23' title="bbox 452 2180 2049 2255; baseline 0 -18"><span class='ocrx_word' id='word_1_146' title='bbox 452 2183 585 2238; x_wconf 89' lang='lat' dir='ltr'><strong>recti</strong></span> <span class='ocrx_word' id='word_1_147' title='bbox 616 2197 739 2237; x_wconf 88' lang='lat' dir='ltr'><strong>esse</strong></span> <span class='ocrx_word' id='word_1_148' title='bbox 765 2182 1037 2251; x_wconf 86' lang='lat' dir='ltr'><strong>dicantur,</strong></span> <span class='ocrx_word' id='word_1_149' title='bbox 1071 2191 1127 2238; x_wconf 90' lang='lat' dir='ltr'><strong>et</strong></span> <span class='ocrx_word' id='word_1_150' title='bbox 1153 2181 1340 2253; x_wconf 81' lang='lat' dir='ltr'><strong>planta</strong></span> <span class='ocrx_word' id='word_1_151' title='bbox 1360 2182 1513 2255; x_wconf 85' lang='lat' dir='ltr'><strong>pedis</strong></span> <span class='ocrx_word' id='word_1_152' title='bbox 1541 2180 1714 2251; x_wconf 83' lang='lat' dir='ltr'><strong>vituli,</strong></span> <span class='ocrx_word' id='word_1_153' title='bbox 1758 2197 1846 2236; x_wconf 87' lang='lat' dir='ltr'><strong>seu</strong></span> <span class='ocrx_word' id='word_1_154' title='bbox 1867 2189 2049 2237; x_wconf 86' lang='lat' dir='ltr'><strong>rotun-</strong></span> 
     </span>
    </p>
   </div>
   <div class='ocr_carea' id='block_1_24' title="bbox 451 2273 2046 2347">
    <p class='ocr_par' dir='ltr' id='par_1_24' title="bbox 451 2273 2046 2347">
     <span class='ocr_line' id='line_1_24' title="bbox 451 2273 2046 2347; baseline -0.002 -16"><span class='ocrx_word' id='word_1_155' title='bbox 451 2277 540 2342; x_wconf 84' lang='lat' dir='ltr'><strong>da,</strong></span> <span class='ocrx_word' id='word_1_156' title='bbox 568 2285 787 2331; x_wconf 87' lang='lat' dir='ltr'><strong>terrena</strong></span> <span class='ocrx_word' id='word_1_157' title='bbox 815 2291 1044 2347; x_wconf 85' lang='lat' dir='ltr'><strong>quaeque</strong></span> <span class='ocrx_word' id='word_1_158' title='bbox 1069 2275 1135 2331; x_wconf 88' lang='lat' dir='ltr'><strong>ad</strong></span> <span class='ocrx_word' id='word_1_159' title='bbox 1162 2276 1402 2331; x_wconf 74' lang='lat' dir='ltr'><strong>ccelcstia</strong></span> <span class='ocrx_word' id='word_1_160' title='bbox 1431 2274 1751 2341; x_wconf 88' lang='lat' dir='ltr'><strong>subvolare,</strong></span> <span class='ocrx_word' id='word_1_161' title='bbox 1786 2283 1842 2329; x_wconf 87' lang='lat' dir='ltr'><strong>et</strong></span> <span class='ocrx_word' id='word_1_162' title='bbox 1867 2273 2046 2329; x_wconf 88' lang='lat' dir='ltr'><strong>omni-</strong></span> 
     </span>
    </p>
   </div>
   <div class='ocr_carea' id='block_1_25' title="bbox 451 2366 2049 2440">
    <p class='ocr_par' dir='ltr' id='par_1_25' title="bbox 451 2366 2049 2440">
     <span class='ocr_line' id='line_1_25' title="bbox 451 2366 2049 2440; baseline -0.003 -15"><span class='ocrx_word' id='word_1_163' title='bbox 451 2369 551 2425; x_wconf 91' lang='lat' dir='ltr'><strong>bus</strong></span> <span class='ocrx_word' id='word_1_164' title='bbox 601 2368 813 2439; x_wconf 83' lang='lat' dir='ltr'><strong>angulis</strong></span> <span class='ocrx_word' id='word_1_165' title='bbox 853 2369 1187 2440; x_wconf 89' lang='lat' dir='ltr'><strong>amputatis,</strong></span> <span class='ocrx_word' id='word_1_166' title='bbox 1247 2366 1638 2423; x_wconf 88' lang='lat' dir='ltr'><strong>rotunditatem</strong></span> <span class='ocrx_word' id='word_1_167' title='bbox 1683 2367 1878 2438; x_wconf 88' lang='lat' dir='ltr'><strong>sequi,</strong></span> <span class='ocrx_word' id='word_1_168' title='bbox 1927 2381 2049 2437; x_wconf 65' lang='lat' dir='ltr'><strong>qua:</strong></span> 
     </span>
    </p>
   </div>
   <div class='ocr_carea' id='block_1_26' title="bbox 449 2460 2047 2533">
    <p class='ocr_par' dir='ltr' id='par_1_26' title="bbox 449 2460 2047 2533">
     <span class='ocr_line' id='line_1_26' title="bbox 449 2460 2047 2533; baseline -0.003 -14"><span class='ocrx_word' id='word_1_169' title='bbox 449 2466 691 2519; x_wconf 91' lang='lat' dir='ltr'><strong>omnium</strong></span> <span class='ocrx_word' id='word_1_170' title='bbox 720 2465 1015 2533; x_wconf 81' lang='lat' dir='ltr'><strong>figurarum</strong></span> <span class='ocrx_word' id='word_1_171' title='bbox 1048 2461 1419 2532; x_wconf 88' lang='lat' dir='ltr'><strong>pulcherrima</strong></span> <span class='ocrx_word' id='word_1_172' title='bbox 1460 2469 1565 2516; x_wconf 80' lang='lat' dir='ltr'><strong>est.</strong></span> <span class='ocrx_word' id='word_1_173' title='bbox 1606 2460 1881 2518; x_wconf 88' lang='lat' dir='ltr'><strong>Scintillas</strong></span> <span class='ocrx_word' id='word_1_174' title='bbox 1917 2460 2047 2515; x_wconf 83' lang='lat' dir='ltr'><strong>ruti-</strong></span> 
     </span>
    </p>
   </div>
   <div class='ocr_carea' id='block_1_27' title="bbox 452 2554 2051 2629">
    <p class='ocr_par' dir='ltr' id='par_1_27' title="bbox 452 2554 2051 2629">
     <span class='ocr_line' id='line_1_27' title="bbox 452 2554 2051 2629; baseline -0.003 -15"><span class='ocrx_word' id='word_1_175' title='bbox 452 2559 647 2627; x_wconf 83' lang='lat' dir='ltr'><strong>lantes,</strong></span> <span class='ocrx_word' id='word_1_176' title='bbox 677 2567 870 2613; x_wconf 89' lang='lat' dir='ltr'><strong>cuncta</strong></span> <span class='ocrx_word' id='word_1_177' title='bbox 915 2558 1074 2629; x_wconf 90' lang='lat' dir='ltr'><strong>plena</strong></span> <span class='ocrx_word' id='word_1_178' title='bbox 1108 2557 1331 2613; x_wconf 89' lang='lat' dir='ltr'><strong>luminis</strong></span> <span class='ocrx_word' id='word_1_179' title='bbox 1356 2556 1618 2626; x_wconf 89' lang='lat' dir='ltr'><strong>iudicare,</strong></span> <span class='ocrx_word' id='word_1_180' title='bbox 1649 2564 1704 2611; x_wconf 93' lang='lat' dir='ltr'><strong>et</strong></span> <span class='ocrx_word' id='word_1_181' title='bbox 1731 2570 1924 2611; x_wconf 90' lang='lat' dir='ltr'><strong>manus</strong></span> <span class='ocrx_word' id='word_1_182' title='bbox 1953 2554 2051 2609; x_wconf 91' lang='lat' dir='ltr'><strong>ho-</strong></span> 
     </span>
    </p>
   </div>
   <div class='ocr_carea' id='block_1_28' title="bbox 454 2648 2047 2723">
    <p class='ocr_par' dir='ltr' id='par_1_28' title="bbox 454 2648 2047 2723">
     <span class='ocr_line' id='line_1_28' title="bbox 454 2648 2047 2723; baseline -0.004 -14"><span class='ocrx_word' id='word_1_183' title='bbox 454 2652 619 2709; x_wconf 88' lang='lat' dir='ltr'><strong>minis</strong></span> <span class='ocrx_word' id='word_1_184' title='bbox 648 2654 750 2710; x_wconf 90' lang='lat' dir='ltr'><strong>sub</strong></span> <span class='ocrx_word' id='word_1_185' title='bbox 780 2652 973 2723; x_wconf 89' lang='lat' dir='ltr'><strong>pennis</strong></span> <span class='ocrx_word' id='word_1_186' title='bbox 1005 2659 1115 2706; x_wconf 90' lang='lat' dir='ltr'><strong>tam</strong></span> <span class='ocrx_word' id='word_1_187' title='bbox 1144 2651 1315 2722; x_wconf 89' lang='lat' dir='ltr'><strong>ipsius</strong></span> <span class='ocrx_word' id='word_1_188' title='bbox 1346 2649 1579 2706; x_wconf 89' lang='lat' dir='ltr'><strong>hominis</strong></span> <span class='ocrx_word' id='word_1_189' title='bbox 1604 2691 1621 2719; x_wconf 88' lang='lat'><strong>,</strong></span> <span class='ocrx_word' id='word_1_190' title='bbox 1655 2664 1817 2720; x_wconf 87' lang='lat' dir='ltr'><strong>quam</strong></span> <span class='ocrx_word' id='word_1_191' title='bbox 1850 2648 2047 2717; x_wconf 83' lang='lat' dir='ltr'><strong>leonis,</strong></span> 
     </span>
    </p>
   </div>
   <div class='ocr_carea' id='block_1_29' title="bbox 452 2746 2053 2819">
    <p class='ocr_par' dir='ltr' id='par_1_29' title="bbox 452 2746 2053 2819">
     <span class='ocr_line' id='line_1_29' title="bbox 452 2746 2053 2819; baseline -0.005 -12"><span class='ocrx_word' id='word_1_192' title='bbox 452 2760 508 2807; x_wconf 90' lang='lat' dir='ltr'><strong>et</strong></span> <span class='ocrx_word' id='word_1_193' title='bbox 534 2750 719 2819; x_wconf 91' lang='lat' dir='ltr'><strong>vituli,</strong></span> <span class='ocrx_word' id='word_1_194' title='bbox 766 2759 821 2804; x_wconf 93' lang='lat' dir='ltr'><strong>et</strong></span> <span class='ocrx_word' id='word_1_195' title='bbox 850 2747 1047 2819; x_wconf 69' lang='lat' dir='ltr'><strong>aquilze</strong></span> <span class='ocrx_word' id='word_1_196' title='bbox 1085 2765 1098 2802; x_wconf 93' lang='lat'><strong>:</strong></span> <span class='ocrx_word' id='word_1_197' title='bbox 1130 2755 1189 2802; x_wconf 89' lang='lat' dir='ltr'><strong>ut</strong></span> <span class='ocrx_word' id='word_1_198' title='bbox 1221 2746 1361 2802; x_wconf 88' lang='lat' dir='ltr'><strong>ratio</strong></span> <span class='ocrx_word' id='word_1_199' title='bbox 1391 2755 1587 2802; x_wconf 91' lang='lat' dir='ltr'><strong>cuncta</strong></span> <span class='ocrx_word' id='word_1_200' title='bbox 1619 2752 1935 2812; x_wconf 87' lang='lat' dir='ltr'><strong>sustentet,</strong></span> <span class='ocrx_word' id='word_1_201' title='bbox 1990 2758 2053 2799; x_wconf 91' lang='lat' dir='ltr'><strong>ac</strong></span> 
     </span>
    </p>
   </div>
   <div class='ocr_carea' id='block_1_30' title="bbox 450 2838 2053 2904">
    <p class='ocr_par' dir='ltr' id='par_1_30' title="bbox 450 2838 2053 2904">
     <span class='ocr_line' id='line_1_30' title="bbox 450 2838 2053 2904; baseline -0.007 -1"><span class='ocrx_word' id='word_1_202' title='bbox 450 2848 520 2904; x_wconf 91' lang='lat' dir='ltr'><strong>de</strong></span> <span class='ocrx_word' id='word_1_203' title='bbox 550 2845 855 2901; x_wconf 87' lang='lat' dir='ltr'><strong>humilitate</strong></span> <span class='ocrx_word' id='word_1_204' title='bbox 898 2851 1117 2898; x_wconf 87' lang='lat' dir='ltr'><strong>terrena</strong></span> <span class='ocrx_word' id='word_1_205' title='bbox 1167 2842 1235 2895; x_wconf 90' lang='lat' dir='ltr'><strong>ad</strong></span> <span class='ocrx_word' id='word_1_206' title='bbox 1266 2839 1507 2897; x_wconf 67' lang='lat' dir='ltr'><strong>coelestia</strong></span> <span class='ocrx_word' id='word_1_207' title='bbox 1534 2839 1801 2896; x_wconf 86' lang='lat' dir='ltr'><strong>sublevet.</strong></span> <span class='ocrx_word' id='word_1_208' title='bbox 1836 2838 1962 2894; x_wconf 62' lang='lat' dir='ltr'><strong>Haec</strong></span> <span class='ocrx_word' id='word_1_209' title='bbox 1997 2846 2053 2893; x_wconf 89' lang='lat' dir='ltr'><strong>et</strong></span> 
     </span>
    </p>
   </div>
   <div class='ocr_carea' id='block_1_31' title="bbox 453 2932 2053 3011">
    <p class='ocr_par' dir='ltr' id='par_1_31' title="bbox 453 2932 2053 3011">
     <span class='ocr_line' id='line_1_31' title="bbox 453 2932 2053 3011; baseline -0.005 -16"><span class='ocrx_word' id='word_1_210' title='bbox 453 2940 521 2996; x_wconf 88' lang='lat' dir='ltr'><strong>ad</strong></span> <span class='ocrx_word' id='word_1_211' title='bbox 551 2939 848 3011; x_wconf 79' lang='lat' dir='ltr'><strong>Evangelia</strong></span> <span class='ocrx_word' id='word_1_212' title='bbox 879 2947 934 2993; x_wconf 91' lang='lat' dir='ltr'><strong>et</strong></span> <span class='ocrx_word' id='word_1_213' title='bbox 964 2938 1033 2993; x_wconf 91' lang='lat' dir='ltr'><strong>ad</strong></span> <span class='ocrx_word' id='word_1_214' title='bbox 1066 2944 1261 2994; x_wconf 90' lang='lat' dir='ltr'><strong>cuncta</strong></span> <span class='ocrx_word' id='word_1_215' title='bbox 1288 2951 1409 3007; x_wconf 86' lang='lat' dir='ltr'><strong>quae</strong></span> <span class='ocrx_word' id='word_1_216' title='bbox 1446 2950 1610 3005; x_wconf 85' lang='lat' dir='ltr'><strong>supra</strong></span> <span class='ocrx_word' id='word_1_217' title='bbox 1640 2932 1927 3005; x_wconf 89' lang='lat' dir='ltr'><strong>posuimus</strong></span> <span class='ocrx_word' id='word_1_218' title='bbox 1968 2948 2053 2988; x_wconf 91' lang='lat' dir='ltr'><strong>re-</strong></span> 
     </span>
    </p>
   </div>
   <div class='ocr_carea' id='block_1_32' title="bbox 452 3027 2053 3103">
    <p class='ocr_par' dir='ltr' id='par_1_32' title="bbox 452 3027 2053 3103">
     <span class='ocr_line' id='line_1_32' title="bbox 452 3027 2053 3103; baseline -0.005 -15"><span class='ocrx_word' id='word_1_219' title='bbox 452 3034 599 3090; x_wconf 88' lang='lat' dir='ltr'><strong>ferre</strong></span> <span class='ocrx_word' id='word_1_220' title='bbox 656 3046 968 3103; x_wconf 88' lang='lat' dir='ltr'><strong>possumus.</strong></span> <span class='ocrx_word' id='word_1_221' title='bbox 1027 3029 1259 3086; x_wconf 83' lang='lat' dir='ltr'><strong>Audisse</strong></span> <span class='ocrx_word' id='word_1_222' title='bbox 1301 3043 1389 3084; x_wconf 93' lang='lat' dir='ltr'><strong>me</strong></span> <span class='ocrx_word' id='word_1_223' title='bbox 1419 3027 1899 3097; x_wconf 89' lang='lat' dir='ltr'><strong>meminiquatuor</strong></span> <span class='ocrx_word' id='word_1_224' title='bbox 1930 3040 2053 3096; x_wconf 89' lang='lat' dir='ltr'><strong>per-</strong></span> 
     </span>
    </p>
   </div>
   <div class='ocr_carea' id='block_1_33' title="bbox 453 3118 2127 3221">
    <p class='ocr_par' dir='ltr' id='par_1_33' title="bbox 453 3118 2127 3221">
     <span class='ocr_line' id='line_1_33' title="bbox 453 3118 2127 3221; baseline -0.007 -37"><span class='ocrx_word' id='word_1_225' title='bbox 453 3128 819 3221; x_wconf 49' lang='lat' dir='ltr'><strong>tﬂbitiones.</strong></span> <span class='ocrx_word' id='word_1_226' title='bbox 850 3125 938 3207; x_wconf 87' lang='lat' dir='ltr'><strong>de</strong></span> <span class='ocrx_word' id='word_1_227' title='bbox 966 3124 1162 3195; x_wconf 90' lang='lat' dir='ltr'><strong>quibus</strong></span> <span class='ocrx_word' id='word_1_228' title='bbox 1190 3121 1509 3194; x_wconf 90' lang='lat' dir='ltr'><strong>plenissime</strong></span> <span class='ocrx_word' id='word_1_229' title='bbox 1557 3122 1750 3177; x_wconf 86' lang='lat' dir='ltr'><strong>Cicero</strong></span> <span class='ocrx_word' id='word_1_230' title='bbox 1773 3121 1826 3175; x_wconf 92' lang='lat' dir='ltr'><strong>in</strong></span> <span class='ocrx_word' id='word_1_231' title='bbox 1848 3118 2053 3175; x_wconf 83' lang='lat' dir='ltr'><strong>Tuscu-</strong></span> <span class='ocrx_word' id='word_1_232' title='bbox 2081 3158 2127 3221; x_wconf 65' lang='grc' dir='ltr'>Ο</span> 
     </span>
    </p>
   </div>
   <div class='ocr_carea' id='block_1_34' title="bbox 457 3205 2054 3293">
    <p class='ocr_par' dir='ltr' id='par_1_34' title="bbox 457 3205 2054 3293">
     <span class='ocr_line' id='line_1_34' title="bbox 457 3205 2054 3293; baseline -0.008 -12"><span class='ocrx_word' id='word_1_233' title='bbox 457 3205 625 3281; x_wconf 53' lang='lat' dir='ltr'><strong>1371i?</strong></span> <span class='ocrx_word' id='word_1_234' title='bbox 638 3205 910 3293; x_wconf 86' lang='lat' dir='ltr'><strong>disputat,</strong></span> <span class='ocrx_word' id='word_1_235' title='bbox 964 3219 1194 3289; x_wconf 85' lang='lat' dir='ltr'><strong>gaudii,</strong></span> <span class='ocrx_word' id='word_1_236' title='bbox 1244 3212 1584 3290; x_wconf 75' lang='lat' dir='ltr'><strong>aegritudinis</strong></span> <span class='ocrx_word' id='word_1_237' title='bbox 1614 3259 1627 3284; x_wconf 95' lang='lat'><strong>,</strong></span> <span class='ocrx_word' id='word_1_238' title='bbox 1673 3214 1946 3286; x_wconf 85' lang='lat' dir='ltr'><strong>cupidinis</strong></span> <span class='ocrx_word' id='word_1_239' title='bbox 1998 3222 2054 3269; x_wconf 90' lang='lat' dir='ltr'><strong>et</strong></span> 
     </span>
    </p>
   </div>
   <div class='ocr_carea' id='block_1_35' title="bbox 459 3307 2057 3387">
    <p class='ocr_par' dir='ltr' id='par_1_35' title="bbox 459 3307 2057 3387">
     <span class='ocr_line' id='line_1_35' title="bbox 459 3307 2057 3387; baseline -0.008 -14"><span class='ocrx_word' id='word_1_240' title='bbox 459 3315 696 3383; x_wconf 90' lang='lat' dir='ltr'><strong>timoris,</strong></span> <span class='ocrx_word' id='word_1_241' title='bbox 722 3330 950 3387; x_wconf 91' lang='lat' dir='ltr'><strong>quorum</strong></span> <span class='ocrx_word' id='word_1_242' title='bbox 979 3313 1087 3368; x_wconf 93' lang='lat' dir='ltr'><strong>duo</strong></span> <span class='ocrx_word' id='word_1_243' title='bbox 1109 3312 1423 3384; x_wconf 79' lang='lat' dir='ltr'><strong>praesentia,</strong></span> <span class='ocrx_word' id='word_1_244' title='bbox 1442 3309 1550 3364; x_wconf 90' lang='lat' dir='ltr'><strong>duo</strong></span> <span class='ocrx_word' id='word_1_245' title='bbox 1572 3307 1749 3363; x_wconf 89' lang='lat' dir='ltr'><strong>futura</strong></span> <span class='ocrx_word' id='word_1_246' title='bbox 1781 3316 1929 3374; x_wconf 92' lang='lat' dir='ltr'><strong>sunt,</strong></span> <span class='ocrx_word' id='word_1_247' title='bbox 1958 3321 2057 3377; x_wconf 89' lang='lat' dir='ltr'><strong>per</strong></span> 
     </span>
    </p>
   </div>
   <div class='ocr_carea' id='block_1_36' title="bbox 458 3400 2054 3483">
    <p class='ocr_par' dir='ltr' id='par_1_36' title="bbox 458 3400 2054 3483">
     <span class='ocr_line' id='line_1_36' title="bbox 458 3400 2054 3483; baseline -0.007 -16"><span class='ocrx_word' id='word_1_248' title='bbox 458 3420 693 3483; x_wconf 86' lang='lat' dir='ltr'><strong>quatuor</strong></span> <span class='ocrx_word' id='word_1_249' title='bbox 724 3408 1019 3480; x_wconf 78' lang='lat' dir='ltr'><strong>significari</strong></span> <span class='ocrx_word' id='word_1_250' title='bbox 1047 3406 1326 3472; x_wconf 88' lang='lat' dir='ltr'><strong>animalia,</strong></span> <span class='ocrx_word' id='word_1_251' title='bbox 1380 3404 1447 3460; x_wconf 92' lang='lat' dir='ltr'><strong>de</strong></span> <span class='ocrx_word' id='word_1_252' title='bbox 1472 3403 1670 3475; x_wconf 88' lang='lat' dir='ltr'><strong>quibus</strong></span> <span class='ocrx_word' id='word_1_253' title='bbox 1713 3410 1769 3457; x_wconf 89' lang='lat' dir='ltr'><strong>et</strong></span> <span class='ocrx_word' id='word_1_254' title='bbox 1796 3400 2054 3472; x_wconf 81' lang='lat' dir='ltr'><strong>Virgilius</strong></span> 
     </span>
    </p>
   </div>
   <div class='ocr_carea' id='block_1_37' title="bbox 458 3503 1238 3578">
    <p class='ocr_par' dir='ltr' id='par_1_37' title="bbox 458 3503 1238 3578">
     <span class='ocr_line' id='line_1_37' title="bbox 458 3503 1238 3578; baseline -0.01 -13"><span class='ocrx_word' id='word_1_255' title='bbox 458 3508 697 3565; x_wconf 85' lang='lat' dir='ltr'><strong>breviter</strong></span> <span class='ocrx_word' id='word_1_256' title='bbox 719 3504 963 3578; x_wconf 82' lang='lat' dir='ltr'><strong>(/Eneid.</strong></span> <span class='ocrx_word' id='word_1_257' title='bbox 994 3504 1091 3561; x_wconf 91' lang='lat' dir='ltr'><strong>lib.</strong></span> <span class='ocrx_word' id='word_1_258' title='bbox 1115 3503 1190 3575; x_wconf 75' lang='lat' dir='ltr'><strong>vn)</strong></span> <span class='ocrx_word' id='word_1_259' title='bbox 1224 3522 1238 3557; x_wconf 85' lang='lat'><strong>:</strong></span> 
     </span>
    </p>
   </div>
   <div class='ocr_carea' id='block_1_38' title="bbox 582 3616 1926 3682">
    <p class='ocr_par' dir='ltr' id='par_1_38' title="bbox 582 3616 1926 3682">
     <span class='ocr_line' id='line_1_38' title="bbox 582 3616 1926 3682; baseline -0.005 -10"><span class='ocrx_word' id='word_1_260' title='bbox 582 3620 710 3672; x_wconf 81' lang='lat' dir='ltr'><strong>Hinc</strong></span> <span class='ocrx_word' id='word_1_261' title='bbox 735 3623 984 3682; x_wconf 86' lang='lat' dir='ltr'><strong>metuunt,</strong></span> <span class='ocrx_word' id='word_1_262' title='bbox 1012 3620 1337 3682; x_wconf 88' lang='lat' dir='ltr'><strong>cupiuntque,</strong></span> <span class='ocrx_word' id='word_1_263' title='bbox 1361 3616 1552 3681; x_wconf 81' lang='lat' dir='ltr'><strong>dolent,</strong></span> <span class='ocrx_word' id='word_1_264' title='bbox 1573 3616 1888 3681; x_wconf 86' lang='lat' dir='ltr'><strong>gaudentque</strong></span> <span class='ocrx_word' id='word_1_265' title='bbox 1916 3629 1926 3664; x_wconf 90' lang='lat'>:</span> 
     </span>
    </p>
   </div>
   <div class='ocr_carea' id='block_1_39' title="bbox 458 3742 2053 3822">
    <p class='ocr_par' dir='ltr' id='par_1_39' title="bbox 458 3742 2053 3822">
     <span class='ocr_line' id='line_1_39' title="bbox 458 3742 2053 3822; baseline -0.006 -17"><span class='ocrx_word' id='word_1_266' title='bbox 458 3764 580 3822; x_wconf 59' lang='lat' dir='ltr'><strong>quae</strong></span> <span class='ocrx_word' id='word_1_267' title='bbox 604 3748 718 3819; x_wconf 82' lang='lat' dir='ltr'><strong>regi</strong></span> <span class='ocrx_word' id='word_1_268' title='bbox 740 3746 979 3803; x_wconf 87' lang='lat' dir='ltr'><strong>debeant</strong></span> <span class='ocrx_word' id='word_1_269' title='bbox 997 3744 1233 3812; x_wconf 86' lang='lat' dir='ltr'><strong>ratione,</strong></span> <span class='ocrx_word' id='word_1_270' title='bbox 1252 3753 1306 3800; x_wconf 89' lang='lat' dir='ltr'><strong>et</strong></span> <span class='ocrx_word' id='word_1_271' title='bbox 1327 3742 1568 3814; x_wconf 88' lang='lat' dir='ltr'><strong>potentia</strong></span> <span class='ocrx_word' id='word_1_272' title='bbox 1594 3742 1724 3808; x_wconf 89' lang='lat' dir='ltr'><strong>Dei;</strong></span> <span class='ocrx_word' id='word_1_273' title='bbox 1750 3742 2053 3815; x_wconf 83' lang='lat' dir='ltr'><strong>quibusque</strong></span> 
     </span>
    </p>
   </div>
   <div class='ocr_carea' id='block_1_40' title="bbox 458 3836 2049 3914">
    <p class='ocr_par' dir='ltr' id='par_1_40' title="bbox 458 3836 2049 3914">
     <span class='ocr_line' id='line_1_40' title="bbox 458 3836 2049 3914; baseline -0.006 -15"><span class='ocrx_word' id='word_1_274' title='bbox 458 3842 721 3914; x_wconf 84' lang='lat' dir='ltr'><strong>oppositae</strong></span> <span class='ocrx_word' id='word_1_275' title='bbox 773 3842 905 3907; x_wconf 88' lang='lat' dir='ltr'><strong>sint,</strong></span> <span class='ocrx_word' id='word_1_276' title='bbox 954 3841 1121 3894; x_wconf 91' lang='lat' dir='ltr'><strong>immo</strong></span> <span class='ocrx_word' id='word_1_277' title='bbox 1168 3836 1460 3907; x_wconf 68' lang='lat' dir='ltr'><strong>impositae,</strong></span> <span class='ocrx_word' id='word_1_278' title='bbox 1485 3836 1719 3892; x_wconf 90' lang='lat' dir='ltr'><strong>virtutes</strong></span> <span class='ocrx_word' id='word_1_279' title='bbox 1778 3845 2049 3907; x_wconf 85' lang='lat' dir='ltr'><strong>quatuor,</strong></span> 
     </span>
    </p>
   </div>
   <div class='ocr_carea' id='block_1_41' title="bbox 457 3929 2054 4003">
    <p class='ocr_par' dir='ltr' id='par_1_41' title="bbox 457 3929 2054 4003">
     <span class='ocr_line' id='line_1_41' title="bbox 457 3929 2054 4003; baseline -0.006 -11"><span class='ocrx_word' id='word_1_280' title='bbox 457 3934 772 4001; x_wconf 88' lang='lat' dir='ltr'><strong>Prudentia,</strong></span> <span class='ocrx_word' id='word_1_281' title='bbox 799 3931 1045 3999; x_wconf 81' lang='lat' dir='ltr'><strong>Justitia,</strong></span> <span class='ocrx_word' id='word_1_282' title='bbox 1080 3929 1386 3997; x_wconf 86' lang='lat' dir='ltr'><strong>Fortitudo,</strong></span> <span class='ocrx_word' id='word_1_283' title='bbox 1416 3929 1821 4003; x_wconf 89' lang='lat' dir='ltr'><strong>Temperantia,</strong></span> <span class='ocrx_word' id='word_1_284' title='bbox 1856 3938 1912 3984; x_wconf 90' lang='lat' dir='ltr'><strong>ut</strong></span> <span class='ocrx_word' id='word_1_285' title='bbox 1959 3929 2054 3983; x_wconf 92' lang='lat' dir='ltr'><strong>ha-</strong></span> 
     </span>
    </p>
   </div>
   <div class='ocr_carea' id='block_1_42' title="bbox 454 4024 2053 4099">
    <p class='ocr_par' dir='ltr' id='par_1_42' title="bbox 454 4024 2053 4099">
     <span class='ocr_line' id='line_1_42' title="bbox 454 4024 2053 4099; baseline -0.006 -12"><span class='ocrx_word' id='word_1_286' title='bbox 454 4046 575 4087; x_wconf 88' lang='lat' dir='ltr'><strong>rum</strong></span> <span class='ocrx_word' id='word_1_287' title='bbox 620 4029 994 4099; x_wconf 86' lang='lat' dir='ltr'><strong>gubernentur</strong></span> <span class='ocrx_word' id='word_1_288' title='bbox 1020 4026 1272 4081; x_wconf 90' lang='lat' dir='ltr'><strong>arbitrio.</strong></span> <span class='ocrx_word' id='word_1_289' title='bbox 1313 4024 1448 4092; x_wconf 80' lang='lat' dir='ltr'><strong>Quae</strong></span> <span class='ocrx_word' id='word_1_290' title='bbox 1495 4024 1770 4097; x_wconf 91' lang='lat' dir='ltr'><strong>quomodo</strong></span> <span class='ocrx_word' id='word_1_291' title='bbox 1818 4024 2053 4080; x_wconf 86' lang='lat' dir='ltr'><strong>vultibus</strong></span> 
     </span>
    </p>
   </div>
   <div class='ocr_carea' id='block_1_43' title="bbox 460 4120 2051 4191">
    <p class='ocr_par' dir='ltr' id='par_1_43' title="bbox 460 4120 2051 4191">
     <span class='ocr_line' id='line_1_43' title="bbox 460 4120 2051 4191; baseline -0.005 -10"><span class='ocrx_word' id='word_1_292' title='bbox 460 4125 720 4190; x_wconf 89' lang='lat' dir='ltr'><strong>hominis,</strong></span> <span class='ocrx_word' id='word_1_293' title='bbox 774 4123 984 4189; x_wconf 89' lang='lat' dir='ltr'><strong>leonis,</strong></span> <span class='ocrx_word' id='word_1_294' title='bbox 1036 4121 1305 4190; x_wconf 88' lang='lat' dir='ltr'><strong>vitulique</strong></span> <span class='ocrx_word' id='word_1_295' title='bbox 1355 4130 1410 4175; x_wconf 90' lang='lat' dir='ltr'><strong>et</strong></span> <span class='ocrx_word' id='word_1_296' title='bbox 1462 4120 1658 4191; x_wconf 70' lang='lat' dir='ltr'><strong>aquila:</strong></span> <span class='ocrx_word' id='word_1_297' title='bbox 1706 4127 2051 4189; x_wconf 87' lang='lat' dir='ltr'><strong>coaptentur,</strong></span> 
     </span>
    </p>
   </div>
   <div class='ocr_carea' id='block_1_44' title="bbox 458 4211 2052 4285">
    <p class='ocr_par' dir='ltr' id='par_1_44' title="bbox 458 4211 2052 4285">
     <span class='ocr_line' id='line_1_44' title="bbox 458 4211 2052 4285; baseline -0.008 -8"><span class='ocrx_word' id='word_1_298' title='bbox 458 4219 681 4277; x_wconf 92' lang='lat' dir='ltr'><strong>omnino</strong></span> <span class='ocrx_word' id='word_1_299' title='bbox 704 4222 1010 4271; x_wconf 90' lang='lat' dir='ltr'><strong>tacuerunt.</strong></span> <span class='ocrx_word' id='word_1_300' title='bbox 1055 4214 1230 4285; x_wconf 87' lang='lat' dir='ltr'><strong>Super</strong></span> <span class='ocrx_word' id='word_1_301' title='bbox 1254 4213 1450 4284; x_wconf 91' lang='lat' dir='ltr'><strong>quibus</strong></span> <span class='ocrx_word' id='word_1_302' title='bbox 1497 4213 1639 4269; x_wconf 92' lang='lat' dir='ltr'><strong>idem</strong></span> <span class='ocrx_word' id='word_1_303' title='bbox 1692 4211 2052 4283; x_wconf 85' lang='lat' dir='ltr'><strong>philosophus</strong></span> 
     </span>
    </p>
   </div>
   <div class='ocr_carea' id='block_1_45' title="bbox 457 4307 2047 4378">
    <p class='ocr_par' dir='ltr' id='par_1_45' title="bbox 457 4307 2047 4378">
     <span class='ocr_line' id='line_1_45' title="bbox 457 4307 2047 4378; baseline -0.005 -10"><span class='ocrx_word' id='word_1_304' title='bbox 457 4322 514 4369; x_wconf 90' lang='lat' dir='ltr'><strong>et</strong></span> <span class='ocrx_word' id='word_1_305' title='bbox 533 4319 715 4367; x_wconf 87' lang='lat' dir='ltr'><strong>orator</strong></span> <span class='ocrx_word' id='word_1_306' title='bbox 738 4312 791 4366; x_wconf 92' lang='lat' dir='ltr'><strong>in</strong></span> <span class='ocrx_word' id='word_1_307' title='bbox 812 4310 985 4365; x_wconf 90' lang='lat' dir='ltr'><strong>tribus</strong></span> <span class='ocrx_word' id='word_1_308' title='bbox 1009 4309 1076 4365; x_wconf 91' lang='lat' dir='ltr'><strong>ad</strong></span> <span class='ocrx_word' id='word_1_309' title='bbox 1098 4308 1270 4364; x_wconf 88' lang='lat' dir='ltr'><strong>filium</strong></span> <span class='ocrx_word' id='word_1_310' title='bbox 1291 4308 1592 4364; x_wconf 81' lang='lat' dir='ltr'><strong>ciliciorum</strong></span> <span class='ocrx_word' id='word_1_311' title='bbox 1614 4308 1769 4363; x_wconf 88' lang='lat' dir='ltr'><strong>libris</strong></span> <span class='ocrx_word' id='word_1_312' title='bbox 1789 4307 2047 4378; x_wconf 89' lang='lat' dir='ltr'><strong>disputat.</strong></span> 
     </span>
    </p>
   </div>
   <div class='ocr_carea' id='block_1_46' title="bbox 456 4398 2045 4474">
    <p class='ocr_par' dir='ltr' id='par_1_46' title="bbox 456 4398 2045 4474">
     <span class='ocr_line' id='line_1_46' title="bbox 456 4398 2045 4474; baseline -0.004 -15"><span class='ocrx_word' id='word_1_313' title='bbox 456 4403 588 4474; x_wconf 82' lang='lat' dir='ltr'><strong>Legi</strong></span> <span class='ocrx_word' id='word_1_314' title='bbox 615 4408 671 4459; x_wconf 85' lang='lat' dir='ltr'><strong>et</strong></span> <span class='ocrx_word' id='word_1_315' title='bbox 698 4401 982 4473; x_wconf 86' lang='lat' dir='ltr'><strong>cujusdam</strong></span> <span class='ocrx_word' id='word_1_316' title='bbox 1028 4400 1254 4468; x_wconf 68' lang='lat' dir='ltr'><strong>Catinm,</strong></span> <span class='ocrx_word' id='word_1_317' title='bbox 1289 4416 1447 4469; x_wconf 91' lang='lat' dir='ltr'><strong>quem</strong></span> <span class='ocrx_word' id='word_1_318' title='bbox 1471 4398 1594 4471; x_wconf 86' lang='lat' dir='ltr'><strong>Syri</strong></span> <span class='ocrx_word' id='word_1_319' title='bbox 1623 4400 1828 4469; x_wconf 78' lang='grc' dir='ltr'><strong>λεπτὸν,</strong></span> <span class='ocrx_word' id='word_1_320' title='bbox 1863 4398 1914 4453; x_wconf 90' lang='lat' dir='ltr'><strong>id</strong></span> <span class='ocrx_word' id='word_1_321' title='bbox 1942 4406 2045 4463; x_wconf 90' lang='lat' dir='ltr'><strong>est,</strong></span> 
     </span>
    </p>
   </div>
   <div class='ocr_carea' id='block_1_47' title="bbox 454 4490 2050 4569">
    <p class='ocr_par' dir='ltr' id='par_1_47' title="bbox 454 4490 2050 4569">
     <span class='ocr_line' id='line_1_47' title="bbox 454 4490 2050 4569; baseline -0.006 -15"><span class='ocrx_word' id='word_1_322' title='bbox 454 4510 665 4554; x_wconf 86' lang='lat' dir='ltr'><strong>acutum</strong></span> <span class='ocrx_word' id='word_1_323' title='bbox 706 4505 764 4554; x_wconf 89' lang='lat' dir='ltr'><strong>et</strong></span> <span class='ocrx_word' id='word_1_324' title='bbox 815 4497 1156 4569; x_wconf 85' lang='lat' dir='ltr'><strong>ingeniosum,</strong></span> <span class='ocrx_word' id='word_1_325' title='bbox 1190 4494 1655 4561; x_wconf 66' lang='lat' dir='ltr'><strong>vocant,‘brevem</strong></span> <span class='ocrx_word' id='word_1_326' title='bbox 1687 4490 2050 4560; x_wconf 85' lang='lat' dir='ltr'><strong>disputatiun-</strong></span> 
     </span>
    </p>
   </div>
   <div class='ocr_carea' id='block_1_48' title="bbox 454 4585 2047 4663">
    <p class='ocr_par' dir='ltr' id='par_1_48' title="bbox 454 4585 2047 4663">
     <span class='ocr_line' id='line_1_48' title="bbox 454 4585 2047 4663; baseline -0.007 -13"><span class='ocrx_word' id='word_1_327' title='bbox 454 4596 650 4658; x_wconf 86' lang='lat' dir='ltr'><strong>culam,</strong></span> <span class='ocrx_word' id='word_1_328' title='bbox 686 4592 924 4663; x_wconf 90' lang='lat' dir='ltr'><strong>putantis</strong></span> <span class='ocrx_word' id='word_1_329' title='bbox 973 4599 1273 4647; x_wconf 84' lang='lat' dir='ltr'><strong>castrorum</strong></span> <span class='ocrx_word' id='word_1_330' title='bbox 1331 4587 1576 4644; x_wconf 89' lang='lat' dir='ltr'><strong>ordinem</strong></span> <span class='ocrx_word' id='word_1_331' title='bbox 1623 4585 1908 4642; x_wconf 90' lang='lat' dir='ltr'><strong>duodecim</strong></span> <span class='ocrx_word' id='word_1_332' title='bbox 1952 4585 2047 4640; x_wconf 91' lang='lat' dir='ltr'><strong>tri-</strong></span> 
     </span>
    </p>
   </div>
   <div class='ocr_carea' id='block_1_49' title="bbox 450 4678 2046 4747">
    <p class='ocr_par' dir='ltr' id='par_1_49' title="bbox 450 4678 2046 4747">
     <span class='ocr_line' id='line_1_49' title="bbox 450 4678 2046 4747; baseline -0.006 -5"><span class='ocrx_word' id='word_1_333' title='bbox 450 4687 618 4743; x_wconf 89' lang='lat' dir='ltr'><strong>buum</strong></span> <span class='ocrx_word' id='word_1_334' title='bbox 642 4684 880 4740; x_wconf 89' lang='lat' dir='ltr'><strong>describi</strong></span> <span class='ocrx_word' id='word_1_335' title='bbox 910 4683 963 4739; x_wconf 91' lang='lat' dir='ltr'><strong>in</strong></span> <span class='ocrx_word' id='word_1_336' title='bbox 997 4682 1310 4747; x_wconf 89' lang='lat' dir='ltr'><strong>solitudine,</strong></span> <span class='ocrx_word' id='word_1_337' title='bbox 1366 4680 1432 4736; x_wconf 90' lang='lat' dir='ltr'><strong>ad</strong></span> <span class='ocrx_word' id='word_1_338' title='bbox 1481 4680 1756 4737; x_wconf 89' lang='lat' dir='ltr'><strong>Orientem</strong></span> <span class='ocrx_word' id='word_1_339' title='bbox 1790 4690 1841 4734; x_wconf 90' lang='lat' dir='ltr'><strong>et</strong></span> <span class='ocrx_word' id='word_1_340' title='bbox 1890 4678 2046 4734; x_wconf 79' lang='lat' dir='ltr'><strong>Occi-</strong></span> 
     </span>
    </p>
   </div>
   <div class='ocr_carea' id='block_1_50' title="bbox 447 4771 2041 4849">
    <p class='ocr_par' dir='ltr' id='par_1_50' title="bbox 447 4771 2041 4849">
     <span class='ocr_line' id='line_1_50' title="bbox 447 4771 2041 4849; baseline -0.008 -12"><span class='ocrx_word' id='word_1_341' title='bbox 447 4781 667 4837; x_wconf 90' lang='lat' dir='ltr'><strong>dentem</strong></span> <span class='ocrx_word' id='word_1_342' title='bbox 690 4820 706 4849; x_wconf 89' lang='lat'><strong>,</strong></span> <span class='ocrx_word' id='word_1_343' title='bbox 738 4777 1183 4849; x_wconf 87' lang='lat' dir='ltr'><strong>Septentrionem</strong></span> <span class='ocrx_word' id='word_1_344' title='bbox 1242 4784 1297 4831; x_wconf 88' lang='lat' dir='ltr'><strong>et</strong></span> <span class='ocrx_word' id='word_1_345' title='bbox 1345 4773 1645 4841; x_wconf 81' lang='lat' dir='ltr'><strong>Meridiem,</strong></span> <span class='ocrx_word' id='word_1_346' title='bbox 1674 4787 1796 4843; x_wconf 73' lang='lat' dir='ltr'><strong>qua:</strong></span> <span class='ocrx_word' id='word_1_347' title='bbox 1826 4771 1928 4828; x_wconf 90' lang='lat' dir='ltr'><strong>sibi</strong></span> <span class='ocrx_word' id='word_1_348' title='bbox 1959 4772 2041 4826; x_wconf 93' lang='lat' dir='ltr'><strong>in-</strong></span> 
     </span>
    </p>
   </div>
   <div class='ocr_carea' id='block_1_51' title="bbox 449 4865 2040 4939">
    <p class='ocr_par' dir='ltr' id='par_1_51' title="bbox 449 4865 2040 4939">
     <span class='ocr_line' id='line_1_51' title="bbox 449 4865 2040 4939; baseline -0.005 -12"><span class='ocrx_word' id='word_1_349' title='bbox 449 4874 651 4939; x_wconf 84' lang='lat' dir='ltr'><strong>vicem,</strong></span> <span class='ocrx_word' id='word_1_350' title='bbox 672 4880 728 4928; x_wconf 92' lang='lat' dir='ltr'><strong>et</strong></span> <span class='ocrx_word' id='word_1_351' title='bbox 753 4871 1041 4936; x_wconf 87' lang='lat' dir='ltr'><strong>charitate,</strong></span> <span class='ocrx_word' id='word_1_352' title='bbox 1067 4877 1123 4924; x_wconf 91' lang='lat' dir='ltr'><strong>et</strong></span> <span class='ocrx_word' id='word_1_353' title='bbox 1161 4866 1634 4935; x_wconf 88' lang='lat' dir='ltr'><strong>consanguinitate</strong></span> <span class='ocrx_word' id='word_1_354' title='bbox 1661 4865 1959 4934; x_wconf 85' lang='lat' dir='ltr'><strong>sociantur,</strong></span> <span class='ocrx_word' id='word_1_355' title='bbox 1986 4874 2040 4919; x_wconf 90' lang='lat' dir='ltr'><strong>et</strong></span> 
     </span>
    </p>
   </div>
   <div class='ocr_carea' id='block_1_52' title="bbox 444 4957 2040 5031">
    <p class='ocr_par' dir='ltr' id='par_1_52' title="bbox 444 4957 2040 5031">
     <span class='ocr_line' id='line_1_52' title="bbox 444 4957 2040 5031; baseline -0.006 -9"><span class='ocrx_word' id='word_1_356' title='bbox 444 4967 549 5023; x_wconf 87' lang='lat' dir='ltr'><strong>hoc</strong></span> <span class='ocrx_word' id='word_1_357' title='bbox 581 4980 704 5022; x_wconf 89' lang='lat' dir='ltr'><strong>esse</strong></span> <span class='ocrx_word' id='word_1_358' title='bbox 753 4973 928 5021; x_wconf 89' lang='lat' dir='ltr'><strong>rotam</strong></span> <span class='ocrx_word' id='word_1_359' title='bbox 974 4964 1029 5018; x_wconf 93' lang='lat' dir='ltr'><strong>in</strong></span> <span class='ocrx_word' id='word_1_360' title='bbox 1061 4970 1199 5028; x_wconf 91' lang='lat' dir='ltr'><strong>rota,</strong></span> <span class='ocrx_word' id='word_1_361' title='bbox 1229 4974 1350 5031; x_wconf 62' lang='lat' dir='ltr'><strong>quae</strong></span> <span class='ocrx_word' id='word_1_362' title='bbox 1376 4957 1641 5014; x_wconf 87' lang='lat' dir='ltr'><strong>ducantur</strong></span> <span class='ocrx_word' id='word_1_363' title='bbox 1670 4974 1700 5013; x_wconf 90' lang='lat' dir='ltr'><strong>a</strong></span> <span class='ocrx_word' id='word_1_364' title='bbox 1742 4959 1957 5029; x_wconf 89' lang='lat' dir='ltr'><strong>spiritu,</strong></span> <span class='ocrx_word' id='word_1_365' title='bbox 1988 4968 2040 5014; x_wconf 91' lang='lat' dir='ltr'><strong>et</strong></span> 
     </span>
    </p>
   </div>
   <div class='ocr_carea' id='block_1_53' title="bbox 448 5051 2040 5131">
    <p class='ocr_par' dir='ltr' id='par_1_53' title="bbox 448 5051 2040 5131">
     <span class='ocr_line' id='line_1_53' title="bbox 448 5051 2040 5131; baseline -0.004 -15"><span class='ocrx_word' id='word_1_366' title='bbox 448 5061 594 5116; x_wconf 87' lang='lat' dir='ltr'><strong>nube</strong></span> <span class='ocrx_word' id='word_1_367' title='bbox 618 5065 975 5131; x_wconf 86' lang='lat' dir='ltr'><strong>protegantur</strong></span> <span class='ocrx_word' id='word_1_368' title='bbox 1005 5055 1059 5111; x_wconf 90' lang='lat' dir='ltr'><strong>in</strong></span> <span class='ocrx_word' id='word_1_369' title='bbox 1088 5068 1295 5118; x_wconf 89' lang='lat' dir='ltr'><strong>eremo,</strong></span> <span class='ocrx_word' id='word_1_370' title='bbox 1327 5053 1649 5126; x_wconf 16' lang='lat' dir='ltr'><strong>etgcolumna</strong></span> <span class='ocrx_word' id='word_1_371' title='bbox 1674 5052 1812 5124; x_wconf 80' lang='lat' dir='ltr'><strong>ignis</strong></span> <span class='ocrx_word' id='word_1_372' title='bbox 1840 5051 2040 5121; x_wconf 86' lang='lat' dir='ltr'><strong>illumi-</strong></span> 
     </span>
    </p>
   </div>
   <div class='ocr_carea' id='block_1_54' title="bbox 449 5145 2042 5219">
    <p class='ocr_par' dir='ltr' id='par_1_54' title="bbox 449 5145 2042 5219">
     <span class='ocr_line' id='line_1_54' title="bbox 449 5145 2042 5219; baseline -0.004 -10"><span class='ocrx_word' id='word_1_373' title='bbox 449 5162 647 5210; x_wconf 89' lang='lat' dir='ltr'><strong>nentur</strong></span> <span class='ocrx_word' id='word_1_374' title='bbox 671 5155 725 5209; x_wconf 92' lang='lat' dir='ltr'><strong>in</strong></span> <span class='ocrx_word' id='word_1_375' title='bbox 752 5161 949 5217; x_wconf 90' lang='lat' dir='ltr'><strong>nocte;</strong></span> <span class='ocrx_word' id='word_1_376' title='bbox 979 5164 1079 5205; x_wconf 90' lang='lat' dir='ltr'><strong>nec</strong></span> <span class='ocrx_word' id='word_1_377' title='bbox 1116 5155 1460 5205; x_wconf 87' lang='lat' dir='ltr'><strong>revertantur</strong></span> <span class='ocrx_word' id='word_1_378' title='bbox 1492 5148 1545 5202; x_wconf 90' lang='lat' dir='ltr'><strong>in</strong></span> <span class='ocrx_word' id='word_1_379' title='bbox 1574 5145 1888 5219; x_wconf 58' lang='lat' dir='ltr'><strong>Egyptum,</strong></span> <span class='ocrx_word' id='word_1_380' title='bbox 1947 5147 2042 5203; x_wconf 88' lang='lat' dir='ltr'><strong>sed</strong></span> 
     </span>
    </p>
   </div>
   <div class='ocr_carea' id='block_1_55' title="bbox 445 5242 2040 5318">
    <p class='ocr_par' dir='ltr' id='par_1_55' title="bbox 445 5242 2040 5318">
     <span class='ocr_line' id='line_1_55' title="bbox 445 5242 2040 5318; baseline -0.003 -15"><span class='ocrx_word' id='word_1_381' title='bbox 445 5263 665 5318; x_wconf 86' lang='lat' dir='ltr'><strong>semper</strong></span> <span class='ocrx_word' id='word_1_382' title='bbox 692 5246 758 5301; x_wconf 88' lang='lat' dir='ltr'><strong>ad</strong></span> <span class='ocrx_word' id='word_1_383' title='bbox 800 5256 1000 5302; x_wconf 89' lang='lat' dir='ltr'><strong>terram</strong></span> <span class='ocrx_word' id='word_1_384' title='bbox 1029 5243 1469 5316; x_wconf 89' lang='lat' dir='ltr'><strong>repromissionis</strong></span> <span class='ocrx_word' id='word_1_385' title='bbox 1500 5244 1578 5299; x_wconf 89' lang='lat' dir='ltr'><strong>ire</strong></span> <span class='ocrx_word' id='word_1_386' title='bbox 1610 5243 1881 5300; x_wconf 79' lang='lat' dir='ltr'><strong>festinent.</strong></span> <span class='ocrx_word' id='word_1_387' title='bbox 1916 5242 2040 5300; x_wconf 85' lang='lat' dir='ltr'><strong>Ele-</strong></span> 
     </span>
    </p>
   </div>
   <div class='ocr_carea' id='block_1_56' title="bbox 447 5335 2039 5409">
    <p class='ocr_par' dir='ltr' id='par_1_56' title="bbox 447 5335 2039 5409">
     <span class='ocr_line' id='line_1_56' title="bbox 447 5335 2039 5409; baseline -0.001 -13"><span class='ocrx_word' id='word_1_388' title='bbox 447 5341 550 5396; x_wconf 91' lang='lat' dir='ltr'><strong>ctri</strong></span> <span class='ocrx_word' id='word_1_389' title='bbox 600 5347 780 5396; x_wconf 88' lang='lat' dir='ltr'><strong>autem</strong></span> <span class='ocrx_word' id='word_1_390' title='bbox 828 5338 883 5393; x_wconf 91' lang='lat' dir='ltr'><strong>in</strong></span> <span class='ocrx_word' id='word_1_391' title='bbox 941 5336 1123 5393; x_wconf 89' lang='lat' dir='ltr'><strong>medio</strong></span> <span class='ocrx_word' id='word_1_392' title='bbox 1177 5335 1610 5407; x_wconf 90' lang='lat' dir='ltr'><strong>similitudinem,</strong></span> <span class='ocrx_word' id='word_1_393' title='bbox 1645 5337 2039 5409; x_wconf 90' lang='lat' dir='ltr'><strong>interpretatur</strong></span> 
     </span>
    </p>
   </div>
   <div class='ocr_carea' id='block_1_57' title="bbox 447 5430 2038 5503">
    <p class='ocr_par' dir='ltr' id='par_1_57' title="bbox 447 5430 2038 5503">
     <span class='ocr_line' id='line_1_57' title="bbox 447 5430 2038 5503; baseline 0.002 -15"><span class='ocrx_word' id='word_1_394' title='bbox 447 5433 647 5488; x_wconf 88' lang='lat' dir='ltr'><strong>Sancta</strong></span> <span class='ocrx_word' id='word_1_395' title='bbox 673 5441 984 5489; x_wconf 89' lang='lat' dir='ltr'><strong>sanctorum</strong></span> <span class='ocrx_word' id='word_1_396' title='bbox 1014 5473 1034 5500; x_wconf 88' lang='lat'><strong>,</strong></span> <span class='ocrx_word' id='word_1_397' title='bbox 1098 5430 1400 5503; x_wconf 84' lang='lat' dir='ltr'><strong>faciemque</strong></span> <span class='ocrx_word' id='word_1_398' title='bbox 1458 5430 1693 5488; x_wconf 88' lang='lat' dir='ltr'><strong>hominis</strong></span> <span class='ocrx_word' id='word_1_399' title='bbox 1747 5432 1918 5490; x_wconf 80' lang='lat' dir='ltr'><strong>refert</strong></span> <span class='ocrx_word' id='word_1_400' title='bbox 1969 5434 2038 5491; x_wconf 92' lang='lat' dir='ltr'><strong>ad</strong></span> 
     </span>
    </p>
   </div>
   <div class='ocr_carea' id='block_1_58' title="bbox 445 5525 2035 5598">
    <p class='ocr_par' dir='ltr' id='par_1_58' title="bbox 445 5525 2035 5598">
     <span class='ocr_line' id='line_1_58' title="bbox 445 5525 2035 5598; baseline 0.001 -16"><span class='ocrx_word' id='word_1_401' title='bbox 445 5538 617 5583; x_wconf 91' lang='lat' dir='ltr'><strong>totum</strong></span> <span class='ocrx_word' id='word_1_402' title='bbox 648 5525 812 5582; x_wconf 86' lang='lat' dir='ltr'><strong>Israel</strong></span> <span class='ocrx_word' id='word_1_403' title='bbox 837 5543 852 5593; x_wconf 93' lang='lat'><strong>;</strong></span> <span class='ocrx_word' id='word_1_404' title='bbox 882 5525 1057 5581; x_wconf 89' lang='lat' dir='ltr'><strong>leonis</strong></span> <span class='ocrx_word' id='word_1_405' title='bbox 1074 5525 1141 5581; x_wconf 86' lang='lat' dir='ltr'><strong>ad</strong></span> <span class='ocrx_word' id='word_1_406' title='bbox 1165 5527 1348 5598; x_wconf 89' lang='lat' dir='ltr'><strong>regale</strong></span> <span class='ocrx_word' id='word_1_407' title='bbox 1374 5536 1647 5598; x_wconf 89' lang='lat' dir='ltr'><strong>sceptrum</strong></span> <span class='ocrx_word' id='word_1_408' title='bbox 1675 5526 1857 5595; x_wconf 62' lang='lat' dir='ltr'><strong>ludas;</strong></span> <span class='ocrx_word' id='word_1_409' title='bbox 1881 5527 2035 5584; x_wconf 80' lang='lat' dir='ltr'><strong>vituli</strong></span> 
     </span>
    </p>
   </div>
   <div class='ocr_carea' id='block_1_59' title="bbox 512 5639 2020 5711">
    <p class='ocr_par' dir='ltr' id='par_1_59' title="bbox 512 5639 2020 5711">
     <span class='ocr_line' id='line_1_59' title="bbox 512 5639 2020 5711; baseline 0.003 -17"><span class='ocrx_word' id='word_1_410' title='bbox 512 5648 539 5677; x_wconf 71' lang='grc' dir='ltr'><strong>ι</strong></span> <span class='ocrx_word' id='word_1_411' title='bbox 570 5639 764 5695; x_wconf 85' lang='lat' dir='ltr'><strong>Deerat</strong></span> <span class='ocrx_word' id='word_1_412' title='bbox 790 5639 930 5710; x_wconf 86' lang='lat' dir='ltr'><strong>quod</strong></span> <span class='ocrx_word' id='word_1_413' title='bbox 962 5639 1175 5708; x_wconf 84' lang='lat' dir='ltr'><strong>vocula,</strong></span> <span class='ocrx_word' id='word_1_414' title='bbox 1198 5639 1451 5711; x_wconf 78' lang='lat' dir='ltr'><strong>sine‘qua</strong></span> <span class='ocrx_word' id='word_1_415' title='bbox 1483 5655 1676 5698; x_wconf 88' lang='lat' dir='ltr'><strong>sensus</strong></span> <span class='ocrx_word' id='word_1_416' title='bbox 1720 5641 2020 5699; x_wconf 85' lang='lat' dir='ltr'><strong>laborabat.</strong></span> 
     </span>
    </p>
   </div>
   <div class='ocr_carea' id='block_1_60' title="bbox 430 5708 2009 5784">
    <p class='ocr_par' dir='ltr' id='par_1_60' title="bbox 430 5708 2009 5784">
     <span class='ocr_line' id='line_1_60' title="bbox 430 5708 2009 5784; baseline 0.001 -16"><span class='ocrx_word' id='word_1_417' title='bbox 430 5708 747 5782; x_wconf 79' lang='lat' dir='ltr'><strong>HujuSmOdi</strong></span> <span class='ocrx_word' id='word_1_418' title='bbox 787 5708 888 5766; x_wconf 82' lang='lat' dir='ltr'><strong>alia</strong></span> <span class='ocrx_word' id='word_1_419' title='bbox 918 5712 1149 5769; x_wconf 89' lang='lat' dir='ltr'><strong>subinde</strong></span> <span class='ocrx_word' id='word_1_420' title='bbox 1198 5708 1595 5784; x_wconf 44' lang='lat' dir='ltr'><strong>emerit—lantur;</strong></span> <span class='ocrx_word' id='word_1_421' title='bbox 1655 5715 1855 5770; x_wconf 81' lang='lat' dir='ltr'><strong>let‘tore</strong></span> <span class='ocrx_word' id='word_1_422' title='bbox 1905 5724 2009 5770; x_wconf 81' lang='lat' dir='ltr'><strong>non</strong></span> 
     </span>
    </p>
   </div>
   <div class='ocr_carea' id='block_1_61' title="bbox 2143 433 3745 505">
    <p class='ocr_par' dir='ltr' id='par_1_61' title="bbox 2143 433 3745 505">
     <span class='ocr_line' id='line_1_61' title="bbox 2143 433 3745 505; baseline 0.001 -14"><span class='ocrx_word' id='word_1_423' title='bbox 2143 435 2310 492; x_wconf 88' lang='lat' dir='ltr'><strong>facies</strong></span> <span class='ocrx_word' id='word_1_424' title='bbox 2334 436 2559 505; x_wconf 73' lang='lat' dir='ltr'><strong>aquilae,</strong></span> <span class='ocrx_word' id='word_1_425' title='bbox 2599 434 2835 491; x_wconf 86' lang='lat' dir='ltr'><strong>vindicta</strong></span> <span class='ocrx_word' id='word_1_426' title='bbox 2860 442 2914 491; x_wconf 88' lang='lat' dir='ltr'><strong>et</strong></span> <span class='ocrx_word' id='word_1_427' title='bbox 2946 435 3082 491; x_wconf 89' lang='lat' dir='ltr'><strong>ultio</strong></span> <span class='ocrx_word' id='word_1_428' title='bbox 3134 435 3226 491; x_wconf 90' lang='lat' dir='ltr'><strong>Dei</strong></span> <span class='ocrx_word' id='word_1_429' title='bbox 3266 435 3335 492; x_wconf 93' lang='lat' dir='ltr'><strong>de</strong></span> <span class='ocrx_word' id='word_1_430' title='bbox 3378 433 3521 490; x_wconf 69' lang='lat' dir='ltr'><strong>caelo</strong></span> <span class='ocrx_word' id='word_1_431' title='bbox 3544 443 3745 492; x_wconf 88' lang='lat' dir='ltr'><strong>cuncta</strong></span> 
     </span>
    </p>
   </div>
   <div class='ocr_carea' id='block_1_62' title="bbox 2142 527 3749 602">
    <p class='ocr_par' dir='ltr' id='par_1_62' title="bbox 2142 527 3749 602">
     <span class='ocr_line' id='line_1_62' title="bbox 2142 527 3749 602; baseline -0.001 -17"><span class='ocrx_word' id='word_1_432' title='bbox 2142 529 2499 602; x_wconf 85' lang='lat' dir='ltr'><strong>prospiciens,</strong></span> <span class='ocrx_word' id='word_1_433' title='bbox 2536 538 2593 583; x_wconf 90' lang='lat' dir='ltr'><strong>et</strong></span> <span class='ocrx_word' id='word_1_434' title='bbox 2612 546 2733 600; x_wconf 83' lang='lat' dir='ltr'><strong>quae</strong></span> <span class='ocrx_word' id='word_1_435' title='bbox 2762 537 2944 599; x_wconf 84' lang='lat' dir='ltr'><strong>parata</strong></span> <span class='ocrx_word' id='word_1_436' title='bbox 2972 529 3043 584; x_wconf 92' lang='lat' dir='ltr'><strong>sit</strong></span> <span class='ocrx_word' id='word_1_437' title='bbox 3064 528 3272 585; x_wconf 90' lang='lat' dir='ltr'><strong>laniare</strong></span> <span class='ocrx_word' id='word_1_438' title='bbox 3293 538 3639 599; x_wconf 87' lang='lat' dir='ltr'><strong>peccantem,</strong></span> <span class='ocrx_word' id='word_1_439' title='bbox 3676 527 3749 583; x_wconf 89' lang='lat' dir='ltr'><strong>de</strong></span> 
     </span>
    </p>
   </div>
   <div class='ocr_carea' id='block_1_63' title="bbox 2142 621 3747 694">
    <p class='ocr_par' dir='ltr' id='par_1_63' title="bbox 2142 621 3747 694">
     <span class='ocr_line' id='line_1_63' title="bbox 2142 621 3747 694; baseline -0.002 -16"><span class='ocrx_word' id='word_1_440' title='bbox 2142 638 2248 694; x_wconf 88' lang='lat' dir='ltr'><strong>qua</strong></span> <span class='ocrx_word' id='word_1_441' title='bbox 2294 632 2350 679; x_wconf 90' lang='lat' dir='ltr'><strong>et</strong></span> <span class='ocrx_word' id='word_1_442' title='bbox 2402 624 2454 677; x_wconf 90' lang='lat' dir='ltr'><strong>in</strong></span> <span class='ocrx_word' id='word_1_443' title='bbox 2494 621 2635 677; x_wconf 88' lang='lat' dir='ltr'><strong>Osee</strong></span> <span class='ocrx_word' id='word_1_444' title='bbox 2663 622 2907 679; x_wconf 89' lang='lat' dir='ltr'><strong>dicatur:</strong></span> <span class='ocrx_word' id='word_1_445' title='bbox 2944 621 3091 678; x_wconf 80' lang='lat' dir='ltr'><strong>Sicut</strong></span> <span class='ocrx_word' id='word_1_446' title='bbox 3127 623 3307 693; x_wconf 82' lang='lat' dir='ltr'><strong>aquila</strong></span> <span class='ocrx_word' id='word_1_447' title='bbox 3344 638 3501 692; x_wconf 83' lang='lat' dir='ltr'><strong>super</strong></span> <span class='ocrx_word' id='word_1_448' title='bbox 3532 621 3747 675; x_wconf 86' lang='lat' dir='ltr'><strong>domum</strong></span> 
     </span>
    </p>
   </div>
   <div class='ocr_carea' id='block_1_64' title="bbox 2149 714 3750 791">
    <p class='ocr_par' dir='ltr' id='par_1_64' title="bbox 2149 714 3750 791">
     <span class='ocr_line' id='line_1_64' title="bbox 2149 714 3750 791; baseline 0.001 -21"><span class='ocrx_word' id='word_1_449' title='bbox 2149 719 2250 791; x_wconf 77' lang='lat'><strong>13</strong></span> <span class='ocrx_word' id='word_1_450' title='bbox 2277 716 2375 772; x_wconf 86' lang='lat' dir='ltr'><strong>Dei</strong></span> <span class='ocrx_word' id='word_1_451' title='bbox 2402 717 2549 787; x_wconf 85' lang='lat' dir='ltr'><strong>(Ose.</strong></span> <span class='ocrx_word' id='word_1_452' title='bbox 2576 732 2708 783; x_wconf 87' lang='lat' dir='ltr'><strong>vut,</strong></span> <span class='ocrx_word' id='word_1_453' title='bbox 2744 716 2856 787; x_wconf 73' lang='lat'><strong>12),</strong></span> <span class='ocrx_word' id='word_1_454' title='bbox 2881 717 2934 772; x_wconf 91' lang='lat' dir='ltr'><strong>id</strong></span> <span class='ocrx_word' id='word_1_455' title='bbox 2959 725 3070 783; x_wconf 89' lang='lat' dir='ltr'><strong>est,</strong></span> <span class='ocrx_word' id='word_1_456' title='bbox 3106 716 3388 787; x_wconf 88' lang='lat' dir='ltr'><strong>templum.</strong></span> <span class='ocrx_word' id='word_1_457' title='bbox 3424 715 3491 770; x_wconf 87' lang='lat' dir='ltr'><strong>Et</strong></span> <span class='ocrx_word' id='word_1_458' title='bbox 3537 716 3593 770; x_wconf 92' lang='lat' dir='ltr'><strong>in</strong></span> <span class='ocrx_word' id='word_1_459' title='bbox 3643 714 3750 771; x_wconf 91' lang='lat' dir='ltr'><strong>hoc</strong></span> 
     </span>
    </p>
   </div>
   <div class='ocr_carea' id='block_1_65' title="bbox 2144 810 3748 885">
    <p class='ocr_par' dir='ltr' id='par_1_65' title="bbox 2144 810 3748 885">
     <span class='ocr_line' id='line_1_65' title="bbox 2144 810 3748 885; baseline -0.004 -16"><span class='ocrx_word' id='word_1_460' title='bbox 2144 814 2335 869; x_wconf 91' lang='lat' dir='ltr'><strong>eodem</strong></span> <span class='ocrx_word' id='word_1_461' title='bbox 2360 812 2622 884; x_wconf 90' lang='lat' dir='ltr'><strong>propheta</strong></span> <span class='ocrx_word' id='word_1_462' title='bbox 2650 810 2833 885; x_wconf 79' lang='lat' dir='ltr'><strong>(Infra</strong></span> <span class='ocrx_word' id='word_1_463' title='bbox 2860 812 3016 881; x_wconf 77' lang='lat' dir='ltr'><strong>xvn),</strong></span> <span class='ocrx_word' id='word_1_464' title='bbox 3048 810 3287 880; x_wconf 88' lang='lat' dir='ltr'><strong>aquilam</strong></span> <span class='ocrx_word' id='word_1_465' title='bbox 3344 824 3593 880; x_wconf 88' lang='lat' dir='ltr'><strong>magnam</strong></span> <span class='ocrx_word' id='word_1_466' title='bbox 3627 822 3748 863; x_wconf 91' lang='lat' dir='ltr'><strong>ma-</strong></span> 
     </span>
    </p>
   </div>
   <div class='ocr_carea' id='block_1_66' title="bbox 2142 904 3751 978">
    <p class='ocr_par' dir='ltr' id='par_1_66' title="bbox 2142 904 3751 978">
     <span class='ocr_line' id='line_1_66' title="bbox 2142 904 3751 978; baseline -0.002 -16"><span class='ocrx_word' id='word_1_467' title='bbox 2142 921 2370 978; x_wconf 89' lang='lat' dir='ltr'><strong>gnarum</strong></span> <span class='ocrx_word' id='word_1_468' title='bbox 2398 908 2608 962; x_wconf 89' lang='lat' dir='ltr'><strong>alarum</strong></span> <span class='ocrx_word' id='word_1_469' title='bbox 2637 917 2692 961; x_wconf 92' lang='lat' dir='ltr'><strong>et</strong></span> <span class='ocrx_word' id='word_1_470' title='bbox 2723 906 3005 977; x_wconf 85' lang='lat' dir='ltr'><strong>unguium,</strong></span> <span class='ocrx_word' id='word_1_471' title='bbox 3038 920 3159 975; x_wconf 68' lang='lat' dir='ltr'><strong>quae</strong></span> <span class='ocrx_word' id='word_1_472' title='bbox 3186 905 3384 961; x_wconf 88' lang='lat' dir='ltr'><strong>habeat</strong></span> <span class='ocrx_word' id='word_1_473' title='bbox 3416 904 3640 961; x_wconf 90' lang='lat' dir='ltr'><strong>ductum</strong></span> <span class='ocrx_word' id='word_1_474' title='bbox 3667 904 3751 959; x_wconf 90' lang='lat' dir='ltr'><strong>in-</strong></span> 
     </span>
    </p>
   </div>
   <div class='ocr_carea' id='block_1_67' title="bbox 2146 996 3748 1067">
    <p class='ocr_par' dir='ltr' id='par_1_67' title="bbox 2146 996 3748 1067">
     <span class='ocr_line' id='line_1_67' title="bbox 2146 996 3748 1067; baseline -0.003 -10"><span class='ocrx_word' id='word_1_475' title='bbox 2146 1001 2324 1057; x_wconf 90' lang='lat' dir='ltr'><strong>trandi</strong></span> <span class='ocrx_word' id='word_1_476' title='bbox 2354 1001 2406 1055; x_wconf 91' lang='lat' dir='ltr'><strong>in</strong></span> <span class='ocrx_word' id='word_1_477' title='bbox 2437 999 2728 1066; x_wconf 91' lang='lat' dir='ltr'><strong>Libanum,</strong></span> <span class='ocrx_word' id='word_1_478' title='bbox 2758 997 3264 1054; x_wconf 85' lang='lat' dir='ltr'><strong>Nabuchodonosor</strong></span> <span class='ocrx_word' id='word_1_479' title='bbox 3300 996 3559 1067; x_wconf 88' lang='lat' dir='ltr'><strong>intelligi,</strong></span> <span class='ocrx_word' id='word_1_480' title='bbox 3580 1010 3748 1067; x_wconf 90' lang='lat' dir='ltr'><strong>quem</strong></span> 
     </span>
    </p>
   </div>
   <div class='ocr_carea' id='block_1_68' title="bbox 2145 1089 3754 1164">
    <p class='ocr_par' dir='ltr' id='par_1_68' title="bbox 2145 1089 3754 1164">
     <span class='ocr_line' id='line_1_68' title="bbox 2145 1089 3754 1164; baseline -0.002 -15"><span class='ocrx_word' id='word_1_481' title='bbox 2145 1103 2200 1150; x_wconf 91' lang='lat' dir='ltr'><strong>et</strong></span> <span class='ocrx_word' id='word_1_482' title='bbox 2229 1107 2376 1149; x_wconf 91' lang='lat' dir='ltr'><strong>nunc</strong></span> <span class='ocrx_word' id='word_1_483' title='bbox 2410 1091 2679 1164; x_wconf 84' lang='lat' dir='ltr'><strong>signiticet</strong></span> <span class='ocrx_word' id='word_1_484' title='bbox 2708 1106 2831 1148; x_wconf 86' lang='lat' dir='ltr'><strong>esse</strong></span> <span class='ocrx_word' id='word_1_485' title='bbox 2855 1103 3165 1160; x_wconf 81' lang='lat' dir='ltr'><strong>venturum,</strong></span> <span class='ocrx_word' id='word_1_486' title='bbox 3205 1105 3269 1146; x_wconf 92' lang='lat' dir='ltr'><strong>ac</strong></span> <span class='ocrx_word' id='word_1_487' title='bbox 3297 1104 3462 1160; x_wconf 86' lang='lat' dir='ltr'><strong>super</strong></span> <span class='ocrx_word' id='word_1_488' title='bbox 3492 1089 3754 1160; x_wconf 89' lang='lat' dir='ltr'><strong>hujusce-</strong></span> 
     </span>
    </p>
   </div>
   <div class='ocr_carea' id='block_1_69' title="bbox 2144 1184 3752 1257">
    <p class='ocr_par' dir='ltr' id='par_1_69' title="bbox 2144 1184 3752 1257">
     <span class='ocr_line' id='line_1_69' title="bbox 2144 1184 3752 1257; baseline -0.003 -14"><span class='ocrx_word' id='word_1_489' title='bbox 2144 1186 2291 1243; x_wconf 90' lang='lat' dir='ltr'><strong>modi</strong></span> <span class='ocrx_word' id='word_1_490' title='bbox 2320 1185 2637 1257; x_wconf 80' lang='lat' dir='ltr'><strong>quadrigam</strong></span> <span class='ocrx_word' id='word_1_491' title='bbox 2670 1186 2843 1241; x_wconf 80' lang='lat' dir='ltr'><strong>inSIar</strong></span> <span class='ocrx_word' id='word_1_492' title='bbox 2872 1186 3074 1256; x_wconf 78' lang='lat' dir='ltr'><strong>auriga:</strong></span> <span class='ocrx_word' id='word_1_493' title='bbox 3100 1185 3295 1242; x_wconf 89' lang='lat' dir='ltr'><strong>sedere</strong></span> <span class='ocrx_word' id='word_1_494' title='bbox 3337 1185 3533 1250; x_wconf 86' lang='lat' dir='ltr'><strong>Deum,</strong></span> <span class='ocrx_word' id='word_1_495' title='bbox 3581 1194 3636 1240; x_wconf 93' lang='lat' dir='ltr'><strong>et</strong></span> <span class='ocrx_word' id='word_1_496' title='bbox 3667 1184 3752 1239; x_wconf 80' lang='lat' dir='ltr'><strong>fa-</strong></span> 
     </span>
    </p>
   </div>
   <div class='ocr_carea' id='block_1_70' title="bbox 2146 1277 3748 1349">
    <p class='ocr_par' dir='ltr' id='par_1_70' title="bbox 2146 1277 3748 1349">
     <span class='ocr_line' id='line_1_70' title="bbox 2146 1277 3748 1349; baseline -0.002 -14"><span class='ocrx_word' id='word_1_497' title='bbox 2146 1279 2339 1336; x_wconf 89' lang='lat' dir='ltr'><strong>cienda</strong></span> <span class='ocrx_word' id='word_1_498' title='bbox 2366 1323 2380 1347; x_wconf 91' lang='lat'><strong>,</strong></span> <span class='ocrx_word' id='word_1_499' title='bbox 2442 1280 2527 1336; x_wconf 86' lang='lat' dir='ltr'><strong>vel</strong></span> <span class='ocrx_word' id='word_1_500' title='bbox 2579 1295 2687 1334; x_wconf 92' lang='lat' dir='ltr'><strong>non</strong></span> <span class='ocrx_word' id='word_1_501' title='bbox 2745 1278 2993 1334; x_wconf 89' lang='lat' dir='ltr'><strong>facienda</strong></span> <span class='ocrx_word' id='word_1_502' title='bbox 3028 1279 3347 1349; x_wconf 64' lang='lat' dir='ltr'><strong>praecipere.</strong></span> <span class='ocrx_word' id='word_1_503' title='bbox 3390 1277 3504 1333; x_wconf 85' lang='lat' dir='ltr'><strong>Hoc</strong></span> <span class='ocrx_word' id='word_1_504' title='bbox 3540 1287 3748 1349; x_wconf 89' lang='lat' dir='ltr'><strong>autem,</strong></span> 
     </span>
    </p>
   </div>
   <div class='ocr_carea' id='block_1_71' title="bbox 2148 1372 3748 1445">
    <p class='ocr_par' dir='ltr' id='par_1_71' title="bbox 2148 1372 3748 1445">
     <span class='ocr_line' id='line_1_71' title="bbox 2148 1372 3748 1445; baseline -0.003 -16"><span class='ocrx_word' id='word_1_505' title='bbox 2148 1374 2352 1445; x_wconf 91' lang='lat' dir='ltr'><strong>inquit,</strong></span> <span class='ocrx_word' id='word_1_506' title='bbox 2405 1373 2604 1444; x_wconf 90' lang='lat' dir='ltr'><strong>populo</strong></span> <span class='ocrx_word' id='word_1_507' title='bbox 2634 1374 2834 1429; x_wconf 91' lang='lat' dir='ltr'><strong>dicitur</strong></span> <span class='ocrx_word' id='word_1_508' title='bbox 2859 1414 2874 1439; x_wconf 91' lang='lat'><strong>,</strong></span> <span class='ocrx_word' id='word_1_509' title='bbox 2905 1374 2998 1441; x_wconf 90' lang='lat' dir='ltr'><strong>qui</strong></span> <span class='ocrx_word' id='word_1_510' title='bbox 3052 1374 3100 1427; x_wconf 91' lang='lat' dir='ltr'><strong>in</strong></span> <span class='ocrx_word' id='word_1_511' title='bbox 3151 1372 3430 1445; x_wconf 84' lang='lat' dir='ltr'><strong>Babylone</strong></span> <span class='ocrx_word' id='word_1_512' title='bbox 3470 1381 3748 1440; x_wconf 78' lang='lat' dir='ltr'><strong>versatur,</strong></span> 
     </span>
    </p>
   </div>
   <div class='ocr_carea' id='block_1_72' title="bbox 2146 1465 3755 1538">
    <p class='ocr_par' dir='ltr' id='par_1_72' title="bbox 2146 1465 3755 1538">
     <span class='ocr_line' id='line_1_72' title="bbox 2146 1465 3755 1538; baseline -0.001 -17"><span class='ocrx_word' id='word_1_513' title='bbox 2146 1466 2291 1538; x_wconf 90' lang='lat' dir='ltr'><strong>quod</strong></span> <span class='ocrx_word' id='word_1_514' title='bbox 2318 1466 2364 1519; x_wconf 93' lang='lat' dir='ltr'><strong>si</strong></span> <span class='ocrx_word' id='word_1_515' title='bbox 2387 1466 2497 1521; x_wconf 92' lang='lat' dir='ltr'><strong>Deo</strong></span> <span class='ocrx_word' id='word_1_516' title='bbox 2513 1466 2650 1521; x_wconf 90' lang='lat' dir='ltr'><strong>colla</strong></span> <span class='ocrx_word' id='word_1_517' title='bbox 2683 1465 3002 1535; x_wconf 84' lang='lat' dir='ltr'><strong>subjeeerit,</strong></span> <span class='ocrx_word' id='word_1_518' title='bbox 3042 1466 3322 1535; x_wconf 89' lang='lat' dir='ltr'><strong>ipsiusque</strong></span> <span class='ocrx_word' id='word_1_519' title='bbox 3350 1466 3593 1536; x_wconf 87' lang='lat' dir='ltr'><strong>paruerit</strong></span> <span class='ocrx_word' id='word_1_520' title='bbox 3616 1465 3755 1520; x_wconf 90' lang='lat' dir='ltr'><strong>reti-</strong></span> 
     </span>
    </p>
   </div>
   <div class='ocr_carea' id='block_1_73' title="bbox 2150 1558 3750 1628">
    <p class='ocr_par' dir='ltr' id='par_1_73' title="bbox 2150 1558 3750 1628">
     <span class='ocr_line' id='line_1_73' title="bbox 2150 1558 3750 1628; baseline -0.001 -15"><span class='ocrx_word' id='word_1_521' title='bbox 2150 1559 2381 1625; x_wconf 92' lang='lat' dir='ltr'><strong>naculis,</strong></span> <span class='ocrx_word' id='word_1_522' title='bbox 2413 1574 2631 1614; x_wconf 85' lang='lat' dir='ltr'><strong>rursum</strong></span> <span class='ocrx_word' id='word_1_523' title='bbox 2661 1558 2779 1628; x_wconf 88' lang='lat' dir='ltr'><strong>ejus</strong></span> <span class='ocrx_word' id='word_1_524' title='bbox 2807 1566 3086 1614; x_wconf 86' lang='lat' dir='ltr'><strong>mereatur</strong></span> <span class='ocrx_word' id='word_1_525' title='bbox 3124 1558 3404 1626; x_wconf 83' lang='lat' dir='ltr'><strong>auxilium,</strong></span> <span class='ocrx_word' id='word_1_526' title='bbox 3455 1568 3514 1614; x_wconf 90' lang='lat' dir='ltr'><strong>et</strong></span> <span class='ocrx_word' id='word_1_527' title='bbox 3543 1567 3750 1614; x_wconf 87' lang='lat' dir='ltr'><strong>terram</strong></span> 
     </span>
    </p>
   </div>
   <div class='ocr_carea' id='block_1_74' title="bbox 2149 1652 2906 1726">
    <p class='ocr_par' dir='ltr' id='par_1_74' title="bbox 2149 1652 2906 1726">
     <span class='ocr_line' id='line_1_74' title="bbox 2149 1652 2906 1726; baseline -0.001 -18"><span class='ocrx_word' id='word_1_528' title='bbox 2149 1670 2309 1726; x_wconf 89' lang='lat' dir='ltr'><strong>quam</strong></span> <span class='ocrx_word' id='word_1_529' title='bbox 2339 1654 2618 1718; x_wconf 89' lang='lat' dir='ltr'><strong>amiserat,</strong></span> <span class='ocrx_word' id='word_1_530' title='bbox 2650 1652 2906 1723; x_wconf 86' lang='lat' dir='ltr'><strong>recipiat.</strong></span> 
     </span>
    </p>
   </div>
   <div class='ocr_carea' id='block_1_75' title="bbox 2073 1744 3751 1821">
    <p class='ocr_par' dir='ltr' id='par_1_75' title="bbox 2073 1744 3751 1821">
     <span class='ocr_line' id='line_1_75' title="bbox 2073 1744 3751 1821; baseline -0.002 -18"><span class='ocrx_word' id='word_1_531' title='bbox 2073 1761 2124 1821; x_wconf 81' lang='grc' dir='ltr'>Β</span> <span class='ocrx_word' id='word_1_532' title='bbox 2224 1745 2405 1819; x_wconf 75' lang='lat' dir='ltr'><strong>(Vcrs.</strong></span> <span class='ocrx_word' id='word_1_533' title='bbox 2439 1746 2495 1814; x_wconf 89' lang='lat'><strong>8,</strong></span> <span class='ocrx_word' id='word_1_534' title='bbox 2518 1745 2600 1816; x_wconf 88' lang='lat'><strong>9.)</strong></span> <span class='ocrx_word' id='word_1_535' title='bbox 2636 1744 2703 1799; x_wconf 80' lang='lat' dir='ltr'><strong>Et</strong></span> <span class='ocrx_word' id='word_1_536' title='bbox 2731 1746 2889 1817; x_wconf 75' lang='lat' dir='ltr'><strong>facies</strong></span> <span class='ocrx_word' id='word_1_537' title='bbox 2919 1754 2965 1799; x_wconf 89' lang='lat' dir='ltr'><strong>et</strong></span> <span class='ocrx_word' id='word_1_538' title='bbox 2986 1760 3180 1816; x_wconf 82' lang='lat' dir='ltr'><strong>pennas</strong></span> <span class='ocrx_word' id='word_1_539' title='bbox 3208 1761 3298 1813; x_wconf 83' lang='lat' dir='ltr'><strong>per</strong></span> <span class='ocrx_word' id='word_1_540' title='bbox 3312 1752 3542 1816; x_wconf 85' lang='lat' dir='ltr'><strong>quatuor</strong></span> <span class='ocrx_word' id='word_1_541' title='bbox 3569 1752 3751 1813; x_wconf 81' lang='lat' dir='ltr'><strong>partes</strong></span> 
     </span>
    </p>
   </div>
   <div class='ocr_carea' id='block_1_76' title="bbox 2154 1833 3752 1909">
    <p class='ocr_par' dir='ltr' id='par_1_76' title="bbox 2154 1833 3752 1909">
     <span class='ocr_line' id='line_1_76' title="bbox 2154 1833 3752 1909; baseline 0.001 -21"><span class='ocrx_word' id='word_1_542' title='bbox 2154 1836 2403 1891; x_wconf 74' lang='lat' dir='ltr'><strong>[rubebant</strong></span> <span class='ocrx_word' id='word_1_543' title='bbox 2426 1852 2444 1890; x_wconf 91' lang='lat'><em>:</em></span> <span class='ocrx_word' id='word_1_544' title='bbox 2456 1839 2756 1908; x_wconf 82' lang='lat' dir='ltr'><strong>junctteque</strong></span> <span class='ocrx_word' id='word_1_545' title='bbox 2781 1842 2925 1889; x_wconf 86' lang='lat' dir='ltr'><strong>erant</strong></span> <span class='ocrx_word' id='word_1_546' title='bbox 2969 1850 3151 1906; x_wconf 71' lang='lat' dir='ltr'><strong>penna:</strong></span> <span class='ocrx_word' id='word_1_547' title='bbox 3173 1837 3286 1909; x_wconf 82' lang='lat' dir='ltr'><strong>ejus</strong></span> <span class='ocrx_word' id='word_1_548' title='bbox 3312 1833 3493 1906; x_wconf 57' lang='lat' dir='ltr'><strong>[Vulg</strong></span> <span class='ocrx_word' id='word_1_549' title='bbox 3523 1834 3752 1907; x_wconf 81' lang='lat' dir='ltr'><strong>eorum],</strong></span> 
     </span>
    </p>
   </div>
   <div class='ocr_carea' id='block_1_77' title="bbox 2150 1927 3754 1985">
    <p class='ocr_par' dir='ltr' id='par_1_77' title="bbox 2150 1927 3754 1985">
     <span class='ocr_line' id='line_1_77' title="bbox 2150 1927 3754 1985; baseline -0.001 -2"><span class='ocrx_word' id='word_1_550' title='bbox 2150 1930 2363 1985; x_wconf 81' lang='lat' dir='ltr'><strong>alterius</strong></span> <span class='ocrx_word' id='word_1_551' title='bbox 2379 1930 2447 1983; x_wconf 86' lang='lat' dir='ltr'><strong>ad</strong></span> <span class='ocrx_word' id='word_1_552' title='bbox 2472 1929 2715 1985; x_wconf 87' lang='lat' dir='ltr'><strong>alterum.</strong></span> <span class='ocrx_word' id='word_1_553' title='bbox 2733 1928 2856 1984; x_wconf 87' lang='lat' dir='ltr'><strong>Non</strong></span> <span class='ocrx_word' id='word_1_554' title='bbox 2886 1929 3266 1984; x_wconf 84' lang='lat' dir='ltr'><strong>revertebantur</strong></span> <span class='ocrx_word' id='word_1_555' title='bbox 3292 1944 3409 1981; x_wconf 87' lang='lat' dir='ltr'><strong>cum</strong></span> <span class='ocrx_word' id='word_1_556' title='bbox 3430 1927 3754 1983; x_wconf 82' lang='lat' dir='ltr'><strong>incederent:</strong></span> 
     </span>
    </p>
   </div>
   <div class='ocr_carea' id='block_1_78' title="bbox 2150 2022 3751 2096">
    <p class='ocr_par' dir='ltr' id='par_1_78' title="bbox 2150 2022 3751 2096">
     <span class='ocr_line' id='line_1_78' title="bbox 2150 2022 3751 2096; baseline -0.001 -18"><span class='ocrx_word' id='word_1_557' title='bbox 2150 2025 2242 2079; x_wconf 88' lang='lat' dir='ltr'><strong>sed</strong></span> <span class='ocrx_word' id='word_1_558' title='bbox 2298 2024 2699 2094; x_wconf 85' lang='lat' dir='ltr'><strong>unumquodque</strong></span> <span class='ocrx_word' id='word_1_559' title='bbox 2765 2033 2884 2078; x_wconf 88' lang='lat' dir='ltr'><strong>ante</strong></span> <span class='ocrx_word' id='word_1_560' title='bbox 2936 2024 3119 2096; x_wconf 82' lang='lat' dir='ltr'><strong>faciem</strong></span> <span class='ocrx_word' id='word_1_561' title='bbox 3189 2039 3337 2078; x_wconf 87' lang='lat' dir='ltr'><strong>suam</strong></span> <span class='ocrx_word' id='word_1_562' title='bbox 3394 2022 3751 2096; x_wconf 87' lang='lat' dir='ltr'><strong>gradiebatur.</strong></span> 
     </span>
    </p>
   </div>
   <div class='ocr_carea' id='block_1_79' title="bbox 2152 2116 3761 2188">
    <p class='ocr_par' dir='ltr' id='par_1_79' title="bbox 2152 2116 3761 2188">
     <span class='ocr_line' id='line_1_79' title="bbox 2152 2116 3761 2188; baseline -0.001 -14"><span class='ocrx_word' id='word_1_563' title='bbox 2152 2116 2351 2174; x_wconf 75' lang='lat' dir='ltr'><strong>Iuncta</strong></span> <span class='ocrx_word' id='word_1_564' title='bbox 2406 2118 2512 2174; x_wconf 84' lang='lat' dir='ltr'><strong>sibi</strong></span> <span class='ocrx_word' id='word_1_565' title='bbox 2551 2128 2678 2174; x_wconf 92' lang='lat' dir='ltr'><strong>sunt</strong></span> <span class='ocrx_word' id='word_1_566' title='bbox 2719 2118 3018 2188; x_wconf 79' lang='lat' dir='ltr'><strong>Evangelia</strong></span> <span class='ocrx_word' id='word_1_567' title='bbox 3062 2118 3381 2188; x_wconf 76' lang='lat' dir='ltr'><strong>luerentque</strong></span> <span class='ocrx_word' id='word_1_568' title='bbox 3429 2125 3642 2184; x_wconf 91' lang='lat' dir='ltr'><strong>mutuo,</strong></span> <span class='ocrx_word' id='word_1_569' title='bbox 3697 2124 3761 2173; x_wconf 89' lang='lat' dir='ltr'><strong>et</strong></span> 
     </span>
    </p>
   </div>
   <div class='ocr_carea' id='block_1_80' title="bbox 2155 2211 3753 2283">
    <p class='ocr_par' dir='ltr' id='par_1_80' title="bbox 2155 2211 3753 2283">
     <span class='ocr_line' id='line_1_80' title="bbox 2155 2211 3753 2283; baseline -0.001 -15"><span class='ocrx_word' id='word_1_570' title='bbox 2155 2214 2212 2268; x_wconf 93' lang='lat' dir='ltr'><strong>in</strong></span> <span class='ocrx_word' id='word_1_571' title='bbox 2267 2222 2382 2268; x_wconf 90' lang='lat' dir='ltr'><strong>toto</strong></span> <span class='ocrx_word' id='word_1_572' title='bbox 2428 2213 2562 2269; x_wconf 87' lang='lat' dir='ltr'><strong>orbe</strong></span> <span class='ocrx_word' id='word_1_573' title='bbox 2608 2212 2897 2268; x_wconf 91' lang='lat' dir='ltr'><strong>volitantia</strong></span> <span class='ocrx_word' id='word_1_574' title='bbox 2940 2211 3045 2267; x_wconf 93' lang='lat' dir='ltr'><strong>huc</strong></span> <span class='ocrx_word' id='word_1_575' title='bbox 3095 2211 3336 2283; x_wconf 87' lang='lat' dir='ltr'><strong>illucque</strong></span> <span class='ocrx_word' id='word_1_576' title='bbox 3387 2211 3753 2267; x_wconf 88' lang='lat' dir='ltr'><strong>discurrunt:</strong></span> 
     </span>
    </p>
   </div>
   <div class='ocr_carea' id='block_1_81' title="bbox 2154 2304 3759 2380">
    <p class='ocr_par' dir='ltr' id='par_1_81' title="bbox 2154 2304 3759 2380">
     <span class='ocr_line' id='line_1_81' title="bbox 2154 2304 3759 2380; baseline -0.004 -16"><span class='ocrx_word' id='word_1_577' title='bbox 2154 2322 2258 2364; x_wconf 89' lang='lat' dir='ltr'><strong>nec</strong></span> <span class='ocrx_word' id='word_1_578' title='bbox 2285 2306 2488 2380; x_wconf 67' lang='lat' dir='ltr'><strong>habent</strong></span> <span class='ocrx_word' id='word_1_579' title='bbox 2512 2306 2675 2362; x_wconf 90' lang='lat' dir='ltr'><strong>linem</strong></span> <span class='ocrx_word' id='word_1_580' title='bbox 2700 2306 2939 2375; x_wconf 86' lang='lat' dir='ltr'><strong>volatus,</strong></span> <span class='ocrx_word' id='word_1_581' title='bbox 2973 2320 3075 2362; x_wconf 92' lang='lat' dir='ltr'><strong>nec</strong></span> <span class='ocrx_word' id='word_1_582' title='bbox 3099 2304 3396 2375; x_wconf 90' lang='lat' dir='ltr'><strong>aliquando</strong></span> <span class='ocrx_word' id='word_1_583' title='bbox 3425 2312 3759 2375; x_wconf 88' lang='lat' dir='ltr'><strong>superantur</strong></span> 
     </span>
    </p>
   </div>
   <div class='ocr_carea' id='block_1_82' title="bbox 2154 2397 3756 2473">
    <p class='ocr_par' dir='ltr' id='par_1_82' title="bbox 2154 2397 3756 2473">
     <span class='ocr_line' id='line_1_82' title="bbox 2154 2397 3756 2473; baseline -0.002 -16"><span class='ocrx_word' id='word_1_584' title='bbox 2154 2400 2505 2473; x_wconf 68' lang='lat' dir='ltr'><strong>etfreceduut,</strong></span> <span class='ocrx_word' id='word_1_585' title='bbox 2526 2401 2623 2456; x_wconf 90' lang='lat' dir='ltr'><strong>sed</strong></span> <span class='ocrx_word' id='word_1_586' title='bbox 2645 2415 2863 2471; x_wconf 87' lang='lat' dir='ltr'><strong>semper</strong></span> <span class='ocrx_word' id='word_1_587' title='bbox 2879 2399 2945 2455; x_wconf 91' lang='lat' dir='ltr'><strong>ad</strong></span> <span class='ocrx_word' id='word_1_588' title='bbox 2971 2400 3233 2456; x_wconf 88' lang='lat' dir='ltr'><strong>ulteriora</strong></span> <span class='ocrx_word' id='word_1_589' title='bbox 3249 2398 3567 2470; x_wconf 89' lang='lat' dir='ltr'><strong>procedunt.</strong></span> <span class='ocrx_word' id='word_1_590' title='bbox 3582 2398 3666 2456; x_wconf 86' lang='lat' dir='ltr'><strong>Un</strong></span> <span class='ocrx_word' id='word_1_591' title='bbox 3680 2397 3756 2454; x_wconf 89' lang='lat' dir='ltr'><strong>de</strong></span> 
     </span>
    </p>
   </div>
   <div class='ocr_carea' id='block_1_83' title="bbox 2154 2491 3762 2562">
    <p class='ocr_par' dir='ltr' id='par_1_83' title="bbox 2154 2491 3762 2562">
     <span class='ocr_line' id='line_1_83' title="bbox 2154 2491 3762 2562; baseline -0.002 -13"><span class='ocrx_word' id='word_1_592' title='bbox 2154 2502 2210 2549; x_wconf 86' lang='lat' dir='ltr'><strong>et</strong></span> <span class='ocrx_word' id='word_1_593' title='bbox 2238 2492 2441 2548; x_wconf 87' lang='lat' dir='ltr'><strong>Paulus</strong></span> <span class='ocrx_word' id='word_1_594' title='bbox 2470 2492 2603 2548; x_wconf 91' lang='lat' dir='ltr'><strong>dicit</strong></span> <span class='ocrx_word' id='word_1_595' title='bbox 2633 2510 2646 2547; x_wconf 90' lang='lat'><strong>:</strong></span> <span class='ocrx_word' id='word_1_596' title='bbox 2681 2491 3078 2548; x_wconf 77' lang='lat' dir='ltr'><strong>Prteteritorunt</strong></span> <span class='ocrx_word' id='word_1_597' title='bbox 3100 2492 3422 2561; x_wconf 81' lang='lat' dir='ltr'><strong>obliviscens,</strong></span> <span class='ocrx_word' id='word_1_598' title='bbox 3445 2500 3494 2546; x_wconf 87' lang='lat' dir='ltr'><strong>et</strong></span> <span class='ocrx_word' id='word_1_599' title='bbox 3522 2492 3576 2545; x_wconf 91' lang='lat' dir='ltr'><strong>in</strong></span> <span class='ocrx_word' id='word_1_600' title='bbox 3610 2494 3762 2562; x_wconf 77' lang='lat' dir='ltr'><strong>futu-</strong></span> 
     </span>
    </p>
   </div>
   <div class='ocr_carea' id='block_1_84' title="bbox 2155 2583 3759 2658">
    <p class='ocr_par' dir='ltr' id='par_1_84' title="bbox 2155 2583 3759 2658">
     <span class='ocr_line' id='line_1_84' title="bbox 2155 2583 3759 2658; baseline -0.001 -19"><span class='ocrx_word' id='word_1_601' title='bbox 2155 2602 2271 2641; x_wconf 90' lang='lat' dir='ltr'><strong>rum</strong></span> <span class='ocrx_word' id='word_1_602' title='bbox 2300 2602 2380 2640; x_wconf 89' lang='lat' dir='ltr'><strong>me</strong></span> <span class='ocrx_word' id='word_1_603' title='bbox 2428 2589 2705 2642; x_wconf 72' lang='lat' dir='ltr'><strong>extendens</strong></span> <span class='ocrx_word' id='word_1_604' title='bbox 2751 2583 2979 2658; x_wconf 85' lang='lat' dir='ltr'><strong>(Philip.</strong></span> <span class='ocrx_word' id='word_1_605' title='bbox 3014 2601 3095 2654; x_wconf 92' lang='grc' dir='ltr'>ιιι,</span> <span class='ocrx_word' id='word_1_606' title='bbox 3142 2586 3250 2656; x_wconf 75' lang='grc'><strong>15).</strong></span> <span class='ocrx_word' id='word_1_607' title='bbox 3286 2584 3402 2639; x_wconf 90' lang='lat' dir='ltr'><strong>Hoc</strong></span> <span class='ocrx_word' id='word_1_608' title='bbox 3431 2583 3572 2639; x_wconf 88' lang='lat' dir='ltr'><strong>idem</strong></span> <span class='ocrx_word' id='word_1_609' title='bbox 3600 2583 3759 2639; x_wconf 88' lang='lat' dir='ltr'><strong>etde</strong></span> 
     </span>
    </p>
   </div>
   <div class='ocr_carea' id='block_1_85' title="bbox 2154 2677 3761 2749">
    <p class='ocr_par' dir='ltr' id='par_1_85' title="bbox 2154 2677 3761 2749">
     <span class='ocr_line' id='line_1_85' title="bbox 2154 2677 3761 2749; baseline -0.001 -14"><span class='ocrx_word' id='word_1_610' title='bbox 2154 2680 2456 2735; x_wconf 88' lang='lat' dir='ltr'><strong>virtutibus</strong></span> <span class='ocrx_word' id='word_1_611' title='bbox 2481 2679 2644 2734; x_wconf 89' lang='lat' dir='ltr'><strong>animi</strong></span> <span class='ocrx_word' id='word_1_612' title='bbox 2670 2692 2966 2749; x_wconf 87' lang='lat' dir='ltr'><strong>possumus</strong></span> <span class='ocrx_word' id='word_1_613' title='bbox 2989 2678 3201 2747; x_wconf 86' lang='lat' dir='ltr'><strong>dicere,</strong></span> <span class='ocrx_word' id='word_1_614' title='bbox 3227 2686 3282 2734; x_wconf 86' lang='lat' dir='ltr'><strong>et</strong></span> <span class='ocrx_word' id='word_1_615' title='bbox 3310 2677 3379 2733; x_wconf 90' lang='lat' dir='ltr'><strong>de</strong></span> <span class='ocrx_word' id='word_1_616' title='bbox 3400 2677 3586 2733; x_wconf 87' lang='lat' dir='ltr'><strong>volatu</strong></span> <span class='ocrx_word' id='word_1_617' title='bbox 3611 2685 3761 2733; x_wconf 88' lang='lat' dir='ltr'><strong>tem-</strong></span> 
     </span>
    </p>
   </div>
   <div class='ocr_carea' id='block_1_86' title="bbox 2158 2771 3759 2845">
    <p class='ocr_par' dir='ltr' id='par_1_86' title="bbox 2158 2771 3759 2845">
     <span class='ocr_line' id='line_1_86' title="bbox 2158 2771 3759 2845; baseline -0.001 -16"><span class='ocrx_word' id='word_1_618' title='bbox 2158 2788 2374 2844; x_wconf 92' lang='lat' dir='ltr'><strong>porum,</strong></span> <span class='ocrx_word' id='word_1_619' title='bbox 2403 2773 2905 2845; x_wconf 80' lang='lat' dir='ltr'><strong>commixtioneque</strong></span> <span class='ocrx_word' id='word_1_620' title='bbox 2934 2773 3357 2839; x_wconf 86' lang='lat' dir='ltr'><strong>elementorum,</strong></span> <span class='ocrx_word' id='word_1_621' title='bbox 3381 2771 3527 2843; x_wconf 91' lang='lat' dir='ltr'><strong>quod</strong></span> <span class='ocrx_word' id='word_1_622' title='bbox 3556 2781 3759 2842; x_wconf 85' lang='lat' dir='ltr'><strong>praete-</strong></span> 
     </span>
    </p>
   </div>
   <div class='ocr_carea' id='block_1_87' title="bbox 2156 2863 3759 2937">
    <p class='ocr_par' dir='ltr' id='par_1_87' title="bbox 2156 2863 3759 2937">
     <span class='ocr_line' id='line_1_87' title="bbox 2156 2863 3759 2937; baseline -0.002 -14"><span class='ocrx_word' id='word_1_623' title='bbox 2156 2867 2260 2923; x_wconf 89' lang='lat' dir='ltr'><strong>rita</strong></span> <span class='ocrx_word' id='word_1_624' title='bbox 2287 2866 2688 2937; x_wconf 91' lang='lat' dir='ltr'><strong>relinquentes,</strong></span> <span class='ocrx_word' id='word_1_625' title='bbox 2713 2882 2932 2937; x_wconf 88' lang='lat' dir='ltr'><strong>semper</strong></span> <span class='ocrx_word' id='word_1_626' title='bbox 2956 2865 3024 2921; x_wconf 90' lang='lat' dir='ltr'><strong>ad</strong></span> <span class='ocrx_word' id='word_1_627' title='bbox 3055 2866 3233 2936; x_wconf 87' lang='lat' dir='ltr'><strong>priora</strong></span> <span class='ocrx_word' id='word_1_628' title='bbox 3261 2864 3545 2921; x_wconf 88' lang='lat' dir='ltr'><strong>festinent.</strong></span> <span class='ocrx_word' id='word_1_629' title='bbox 3591 2863 3759 2933; x_wconf 84' lang='lat' dir='ltr'><strong>Quod</strong></span> 
     </span>
    </p>
   </div>
   <div class='ocr_carea' id='block_1_88' title="bbox 2157 2955 3759 3031">
    <p class='ocr_par' dir='ltr' id='par_1_88' title="bbox 2157 2955 3759 3031">
     <span class='ocr_line' id='line_1_88' title="bbox 2157 2955 3759 3031; baseline -0.002 -15"><span class='ocrx_word' id='word_1_630' title='bbox 2157 2972 2339 3016; x_wconf 89' lang='lat' dir='ltr'><strong>autem</strong></span> <span class='ocrx_word' id='word_1_631' title='bbox 2368 2969 2613 3031; x_wconf 87' lang='lat' dir='ltr'><strong>tempora</strong></span> <span class='ocrx_word' id='word_1_632' title='bbox 2636 2959 2891 3015; x_wconf 89' lang='lat' dir='ltr'><strong>labantur</strong></span> <span class='ocrx_word' id='word_1_633' title='bbox 2936 2968 2993 3015; x_wconf 91' lang='lat' dir='ltr'><strong>et</strong></span> <span class='ocrx_word' id='word_1_634' title='bbox 3023 2960 3255 3030; x_wconf 83' lang='lat' dir='ltr'><strong>fugiant,</strong></span> <span class='ocrx_word' id='word_1_635' title='bbox 3290 2958 3441 3015; x_wconf 88' lang='lat' dir='ltr'><strong>brevi</strong></span> <span class='ocrx_word' id='word_1_636' title='bbox 3472 2955 3759 3014; x_wconf 89' lang='lat' dir='ltr'><strong>versiculo</strong></span> 
     </span>
    </p>
   </div>
   <div class='ocr_carea' id='block_1_89' title="bbox 2159 3046 3304 3127">
    <p class='ocr_par' dir='ltr' id='par_1_89' title="bbox 2159 3046 3304 3127">
     <span class='ocr_line' id='line_1_89' title="bbox 2159 3046 3304 3127; baseline -0.004 -14"><span class='ocrx_word' id='word_1_637' title='bbox 2159 3056 2566 3113; x_wconf 90' lang='lat' dir='ltr'><strong>demonstratur</strong></span> <span class='ocrx_word' id='word_1_638' title='bbox 2586 3054 2807 3127; x_wconf 74' lang='lat' dir='ltr'><strong>(Virgil.</strong></span> <span class='ocrx_word' id='word_1_639' title='bbox 2832 3069 2891 3109; x_wconf 90' lang='grc' dir='ltr'><strong>ιιι</strong></span> <span class='ocrx_word' id='word_1_640' title='bbox 2917 3051 3134 3123; x_wconf 84' lang='lat' dir='ltr'><strong>Georg.)</strong></span> <span class='ocrx_word' id='word_1_641' title='bbox 3162 3071 3176 3108; x_wconf 89' lang='lat'>:</span> <span class='ocrx_word' id='word_1_642' title='bbox 3294 3046 3304 3057; x_wconf 80' lang='grc'><strong>’</strong></span> 
     </span>
    </p>
   </div>
   <div class='ocr_carea' id='block_1_90' title="bbox 2285 3167 3504 3235">
    <p class='ocr_par' dir='ltr' id='par_1_90' title="bbox 2285 3167 3504 3235">
     <span class='ocr_line' id='line_1_90' title="bbox 2285 3167 3504 3235; baseline -0.006 -12"><span class='ocrx_word' id='word_1_643' title='bbox 2285 3172 2384 3223; x_wconf 88' lang='lat' dir='ltr'><strong>Sed</strong></span> <span class='ocrx_word' id='word_1_644' title='bbox 2407 3171 2532 3235; x_wconf 81' lang='lat' dir='ltr'><strong>fugit</strong></span> <span class='ocrx_word' id='word_1_645' title='bbox 2556 3172 2770 3234; x_wconf 85' lang='lat' dir='ltr'><strong>interea,</strong></span> <span class='ocrx_word' id='word_1_646' title='bbox 2792 3167 2919 3233; x_wconf 87' lang='lat' dir='ltr'><strong>fugit</strong></span> <span class='ocrx_word' id='word_1_647' title='bbox 2940 3168 3264 3231; x_wconf 85' lang='lat' dir='ltr'><strong>irreparabile</strong></span> <span class='ocrx_word' id='word_1_648' title='bbox 3287 3172 3504 3230; x_wconf 84' lang='lat' dir='ltr'><strong>tempus.</strong></span> 
     </span>
    </p>
   </div>
   <div class='ocr_carea' id='block_1_91' title="bbox 2140 3252 3535 3350">
    <p class='ocr_par' dir='ltr' id='par_1_91' title="bbox 2140 3252 3535 3350">
     <span class='ocr_line' id='line_1_91' title="bbox 2140 3252 3535 3350; baseline -0.006 -14"><span class='ocrx_word' id='word_1_649' title='bbox 2140 3252 2223 3337; x_wconf 77' lang='lat' dir='ltr'><strong>Et</strong></span> <span class='ocrx_word' id='word_1_650' title='bbox 2250 3280 2303 3335; x_wconf 89' lang='lat' dir='ltr'><strong>in</strong></span> <span class='ocrx_word' id='word_1_651' title='bbox 2330 3280 2574 3334; x_wconf 88' lang='lat' dir='ltr'><strong>carmine</strong></span> <span class='ocrx_word' id='word_1_652' title='bbox 2602 3277 2775 3349; x_wconf 86' lang='lat' dir='ltr'><strong>lyrico</strong></span> <span class='ocrx_word' id='word_1_653' title='bbox 2810 3274 3031 3350; x_wconf 87' lang='lat' dir='ltr'><strong>(Horat.</strong></span> <span class='ocrx_word' id='word_1_654' title='bbox 3067 3272 3243 3330; x_wconf 85' lang='lat' dir='ltr'><strong>Carm.</strong></span> <span class='ocrx_word' id='word_1_655' title='bbox 3278 3274 3365 3329; x_wconf 87' lang='lat' dir='ltr'><strong>od.</strong></span> <span class='ocrx_word' id='word_1_656' title='bbox 3400 3271 3491 3338; x_wconf 74' lang='grc'><strong>14)</strong></span> <span class='ocrx_word' id='word_1_657' title='bbox 3519 3289 3535 3328; x_wconf 81' lang='lat' dir='ltr'><strong>t</strong></span> 
     </span>
    </p>
   </div>
   <div class='ocr_carea' id='block_1_92' title="bbox 2310 3386 3443 3457">
    <p class='ocr_par' dir='ltr' id='par_1_92' title="bbox 2310 3386 3443 3457">
     <span class='ocr_line' id='line_1_92' title="bbox 2310 3386 3443 3457; baseline -0.005 -14"><span class='ocrx_word' id='word_1_658' title='bbox 2310 3392 2444 3457; x_wconf 78' lang='lat' dir='ltr'><strong>Heu,</strong></span> <span class='ocrx_word' id='word_1_659' title='bbox 2463 3392 2586 3457; x_wconf 89' lang='lat' dir='ltr'><strong>bcu,</strong></span> <span class='ocrx_word' id='word_1_660' title='bbox 2610 3391 2830 3457; x_wconf 76' lang='lat' dir='ltr'><strong>fugaces,</strong></span> <span class='ocrx_word' id='word_1_661' title='bbox 2850 3388 3133 3450; x_wconf 87' lang='lat' dir='ltr'><strong>Posthume,</strong></span> <span class='ocrx_word' id='word_1_662' title='bbox 3154 3386 3443 3447; x_wconf 87' lang='lat' dir='ltr'><strong>Posthume,</strong></span> 
     </span>
    </p>
   </div>
   <div class='ocr_carea' id='block_1_93' title="bbox 2404 3455 2822 3505">
    <p class='ocr_par' dir='ltr' id='par_1_93' title="bbox 2404 3455 2822 3505">
     <span class='ocr_line' id='line_1_93' title="bbox 2404 3455 2822 3505; baseline -0.005 -1"><span class='ocrx_word' id='word_1_663' title='bbox 2404 3455 2653 3505; x_wconf 80' lang='lat' dir='ltr'><strong>Labuotur</strong></span> <span class='ocrx_word' id='word_1_664' title='bbox 2674 3455 2788 3503; x_wconf 89' lang='lat' dir='ltr'><strong>anui</strong></span> <span class='ocrx_word' id='word_1_665' title='bbox 2810 3455 2822 3502; x_wconf 88' lang='lat'><strong>!</strong></span> 
     </span>
    </p>
   </div>
   <div class='ocr_carea' id='block_1_94' title="bbox 2230 3574 3763 3654">
    <p class='ocr_par' dir='ltr' id='par_1_94' title="bbox 2230 3574 3763 3654">
     <span class='ocr_line' id='line_1_94' title="bbox 2230 3574 3763 3654; baseline -0.003 -18"><span class='ocrx_word' id='word_1_666' title='bbox 2230 3582 2412 3654; x_wconf 86' lang='lat' dir='ltr'><strong>(Vers.</strong></span> <span class='ocrx_word' id='word_1_667' title='bbox 2445 3580 2561 3652; x_wconf 72' lang='grc'><strong>10.)</strong></span> <span class='ocrx_word' id='word_1_668' title='bbox 2590 3579 2895 3637; x_wconf 88' lang='lat' dir='ltr'><strong>Similitudo</strong></span> <span class='ocrx_word' id='word_1_669' title='bbox 2917 3589 3086 3635; x_wconf 84' lang='lat' dir='ltr'><strong>autem</strong></span> <span class='ocrx_word' id='word_1_670' title='bbox 3137 3578 3310 3633; x_wconf 82' lang='lat' dir='ltr'><strong>uultus</strong></span> <span class='ocrx_word' id='word_1_671' title='bbox 3348 3590 3557 3640; x_wconf 88' lang='lat' dir='ltr'><strong>eorum,</strong></span> <span class='ocrx_word' id='word_1_672' title='bbox 3588 3574 3763 3646; x_wconf 80' lang='lat' dir='ltr'><strong>facies</strong></span> 
     </span>
    </p>
   </div>
   <div class='ocr_carea' id='block_1_95' title="bbox 2158 3670 3762 3744">
    <p class='ocr_par' dir='ltr' id='par_1_95' title="bbox 2158 3670 3762 3744">
     <span class='ocr_line' id='line_1_95' title="bbox 2158 3670 3762 3744; baseline -0.003 -16"><span class='ocrx_word' id='word_1_673' title='bbox 2158 3676 2403 3741; x_wconf 85' lang='lat' dir='ltr'><strong>hominis,</strong></span> <span class='ocrx_word' id='word_1_674' title='bbox 2434 3684 2482 3726; x_wconf 90' lang='lat' dir='ltr'><strong>et</strong></span> <span class='ocrx_word' id='word_1_675' title='bbox 2533 3674 2694 3744; x_wconf 80' lang='lat' dir='ltr'><strong>facies</strong></span> <span class='ocrx_word' id='word_1_676' title='bbox 2721 3674 2884 3739; x_wconf 80' lang='lat' dir='ltr'><strong>leonis</strong></span> <span class='ocrx_word' id='word_1_677' title='bbox 2914 3689 2947 3726; x_wconf 91' lang='lat' dir='ltr'><strong>a</strong></span> <span class='ocrx_word' id='word_1_678' title='bbox 2976 3671 3174 3726; x_wconf 77' lang='lat' dir='ltr'><strong>dextris</strong></span> <span class='ocrx_word' id='word_1_679' title='bbox 3209 3670 3445 3740; x_wconf 86' lang='lat' dir='ltr'><strong>ipsorum</strong></span> <span class='ocrx_word' id='word_1_680' title='bbox 3473 3675 3699 3737; x_wconf 86' lang='lat' dir='ltr'><strong>quatuor</strong></span> <span class='ocrx_word' id='word_1_681' title='bbox 3737 3683 3762 3723; x_wconf 92' lang='lat'><strong><em>:</em></strong></span> 
     </span>
    </p>
   </div>
   <div class='ocr_carea' id='block_1_96' title="bbox 2158 3763 3763 3839">
    <p class='ocr_par' dir='ltr' id='par_1_96' title="bbox 2158 3763 3763 3839">
     <span class='ocr_line' id='line_1_96' title="bbox 2158 3763 3763 3839; baseline -0.004 -17"><span class='ocrx_word' id='word_1_682' title='bbox 2158 3768 2314 3839; x_wconf 80' lang='lat' dir='ltr'><strong>facies</strong></span> <span class='ocrx_word' id='word_1_683' title='bbox 2379 3775 2553 3820; x_wconf 88' lang='lat' dir='ltr'><strong>autem</strong></span> <span class='ocrx_word' id='word_1_684' title='bbox 2609 3765 2745 3819; x_wconf 87' lang='lat' dir='ltr'><strong>bovis</strong></span> <span class='ocrx_word' id='word_1_685' title='bbox 2808 3782 2840 3818; x_wconf 92' lang='lat' dir='ltr'><strong>a</strong></span> <span class='ocrx_word' id='word_1_686' title='bbox 2901 3764 3122 3818; x_wconf 86' lang='lat' dir='ltr'><strong>sinistris</strong></span> <span class='ocrx_word' id='word_1_687' title='bbox 3184 3763 3419 3831; x_wconf 85' lang='lat' dir='ltr'><strong>ipsorum</strong></span> <span class='ocrx_word' id='word_1_688' title='bbox 3483 3767 3704 3827; x_wconf 82' lang='lat' dir='ltr'><strong>quatuor</strong></span> <span class='ocrx_word' id='word_1_689' title='bbox 3738 3776 3763 3815; x_wconf 87' lang='lat'><strong><em>:</em></strong></span> 
     </span>
    </p>
   </div>
   <div class='ocr_carea' id='block_1_97' title="bbox 2158 3849 3760 3930">
    <p class='ocr_par' dir='ltr' id='par_1_97' title="bbox 2158 3849 3760 3930">
     <span class='ocr_line' id='line_1_97' title="bbox 2158 3849 3760 3930; baseline -0.005 -17"><span class='ocrx_word' id='word_1_690' title='bbox 2158 3869 2205 3913; x_wconf 91' lang='lat' dir='ltr'><strong>et</strong></span> <span class='ocrx_word' id='word_1_691' title='bbox 2226 3860 2381 3930; x_wconf 80' lang='lat' dir='ltr'><strong>facies</strong></span> <span class='ocrx_word' id='word_1_692' title='bbox 2406 3856 2597 3928; x_wconf 77' lang='lat' dir='ltr'><strong>aquilw</strong></span> <span class='ocrx_word' id='word_1_693' title='bbox 2636 3857 2858 3929; x_wconf 86' lang='lat' dir='ltr'><strong>desuper</strong></span> <span class='ocrx_word' id='word_1_694' title='bbox 2879 3854 3062 3929; x_wconf 68' lang='lat' dir='ltr'><strong>[\‘ulg.</strong></span> <span class='ocrx_word' id='word_1_695' title='bbox 3090 3853 3216 3908; x_wconf 85' lang='lat' dir='ltr'><strong>silet</strong></span> <span class='ocrx_word' id='word_1_696' title='bbox 3253 3849 3496 3924; x_wconf 84' lang='lat' dir='ltr'><strong>desuper]</strong></span> <span class='ocrx_word' id='word_1_697' title='bbox 3517 3852 3760 3922; x_wconf 86' lang='lat' dir='ltr'><strong>ipsorum</strong></span> 
     </span>
    </p>
   </div>
   <div class='ocr_carea' id='block_1_98' title="bbox 2157 3944 3757 4023">
    <p class='ocr_par' dir='ltr' id='par_1_98' title="bbox 2157 3944 3757 4023">
     <span class='ocr_line' id='line_1_98' title="bbox 2157 3944 3757 4023; baseline -0.003 -17"><span class='ocrx_word' id='word_1_698' title='bbox 2157 3964 2398 4023; x_wconf 84' lang='lat' dir='ltr'><strong>quatuor.</strong></span> <span class='ocrx_word' id='word_1_699' title='bbox 2419 3951 2609 4007; x_wconf 82' lang='lat' dir='ltr'><strong>Facies</strong></span> <span class='ocrx_word' id='word_1_700' title='bbox 2629 3950 2892 4020; x_wconf 87' lang='lat' dir='ltr'><strong>principia</strong></span> <span class='ocrx_word' id='word_1_701' title='bbox 2906 3948 3035 4004; x_wconf 90' lang='lat' dir='ltr'><strong>dicit</strong></span> <span class='ocrx_word' id='word_1_702' title='bbox 3052 3946 3530 4019; x_wconf 86' lang='lat' dir='ltr'><strong>Evangeliorum,e</strong></span> <span class='ocrx_word' id='word_1_703' title='bbox 3547 3944 3757 4016; x_wconf 88' lang='lat' dir='ltr'><strong>quibus</strong></span> 
     </span>
    </p>
   </div>
   <div class='ocr_carea' id='block_1_99' title="bbox 2159 4040 3753 4115">
    <p class='ocr_par' dir='ltr' id='par_1_99' title="bbox 2159 4040 3753 4115">
     <span class='ocr_line' id='line_1_99' title="bbox 2159 4040 3753 4115; baseline -0.003 -13"><span class='ocrx_word' id='word_1_704' title='bbox 2159 4048 2324 4103; x_wconf 93' lang='lat' dir='ltr'><strong>homo</strong></span> <span class='ocrx_word' id='word_1_705' title='bbox 2337 4046 2513 4113; x_wconf 91' lang='lat' dir='ltr'><strong>etleo,</strong></span> <span class='ocrx_word' id='word_1_706' title='bbox 2529 4046 2631 4101; x_wconf 91' lang='lat' dir='ltr'><strong>hoc</strong></span> <span class='ocrx_word' id='word_1_707' title='bbox 2645 4044 3027 4115; x_wconf 80' lang='lat' dir='ltr'><strong>eSt,_nativitas</strong></span> <span class='ocrx_word' id='word_1_708' title='bbox 3039 4043 3263 4111; x_wconf 89' lang='lat' dir='ltr'><strong>Christi,</strong></span> <span class='ocrx_word' id='word_1_709' title='bbox 3282 4040 3629 4114; x_wconf 70' lang='lat' dir='ltr'><strong>etpr0pbetae</strong></span> <span class='ocrx_word' id='word_1_710' title='bbox 3644 4053 3753 4098; x_wconf 72' lang='lat' dir='ltr'><strong>vox</strong></span> 
     </span>
    </p>
   </div>
   <div class='ocr_carea' id='block_1_100' title="bbox 2158 4134 3746 4208">
    <p class='ocr_par' dir='ltr' id='par_1_100' title="bbox 2158 4134 3746 4208">
     <span class='ocr_line' id='line_1_100' title="bbox 2158 4134 3746 4208; baseline -0.006 -13"><span class='ocrx_word' id='word_1_711' title='bbox 2158 4141 2397 4197; x_wconf 89' lang='lat' dir='ltr'><strong>tonantis</strong></span> <span class='ocrx_word' id='word_1_712' title='bbox 2414 4141 2465 4194; x_wconf 92' lang='lat' dir='ltr'><strong>in</strong></span> <span class='ocrx_word' id='word_1_713' title='bbox 2480 4154 2664 4195; x_wconf 90' lang='lat' dir='ltr'><strong>eremo</strong></span> <span class='ocrx_word' id='word_1_714' title='bbox 2678 4137 2903 4194; x_wconf 82' lang='lat' dir='ltr'><strong>dextras</strong></span> <span class='ocrx_word' id='word_1_715' title='bbox 2919 4148 3104 4208; x_wconf 89' lang='lat' dir='ltr'><strong>partes</strong></span> <span class='ocrx_word' id='word_1_716' title='bbox 3119 4144 3329 4193; x_wconf 91' lang='lat' dir='ltr'><strong>tenent.</strong></span> <span class='ocrx_word' id='word_1_717' title='bbox 3353 4134 3519 4189; x_wconf 75' lang='lat' dir='ltr'><strong>Vituli</strong></span> <span class='ocrx_word' id='word_1_718' title='bbox 3538 4143 3746 4201; x_wconf 87' lang='lat' dir='ltr'><strong>autem,</strong></span> 
     </span>
    </p>
   </div>
   <div class='ocr_carea' id='block_1_101' title="bbox 2159 4226 3755 4301">
    <p class='ocr_par' dir='ltr' id='par_1_101' title="bbox 2159 4226 3755 4301">
     <span class='ocr_line' id='line_1_101' title="bbox 2159 4226 3755 4301; baseline -0.005 -12"><span class='ocrx_word' id='word_1_719' title='bbox 2159 4234 2209 4289; x_wconf 91' lang='lat' dir='ltr'><strong>id</strong></span> <span class='ocrx_word' id='word_1_720' title='bbox 2241 4242 2360 4301; x_wconf 89' lang='lat' dir='ltr'><strong>est,</strong></span> <span class='ocrx_word' id='word_1_721' title='bbox 2393 4233 2735 4288; x_wconf 91' lang='lat' dir='ltr'><strong>victimarum</strong></span> <span class='ocrx_word' id='word_1_722' title='bbox 2767 4240 2822 4287; x_wconf 93' lang='lat' dir='ltr'><strong>et</strong></span> <span class='ocrx_word' id='word_1_723' title='bbox 2852 4229 3143 4287; x_wconf 87' lang='lat' dir='ltr'><strong>sacerdotii</strong></span> <span class='ocrx_word' id='word_1_724' title='bbox 3170 4229 3510 4296; x_wconf 82' lang='lat' dir='ltr'><strong>Judaeorum,</strong></span> <span class='ocrx_word' id='word_1_725' title='bbox 3537 4226 3592 4282; x_wconf 89' lang='lat' dir='ltr'><strong>in</strong></span> <span class='ocrx_word' id='word_1_726' title='bbox 3624 4226 3755 4282; x_wconf 87' lang='lat' dir='ltr'><strong>sini-</strong></span> 
     </span>
    </p>
   </div>
   <div class='ocr_carea' id='block_1_102' title="bbox 2156 4316 3757 4396">
    <p class='ocr_par' dir='ltr' id='par_1_102' title="bbox 2156 4316 3757 4396">
     <span class='ocr_line' id='line_1_102' title="bbox 2156 4316 3757 4396; baseline -0.004 -12"><span class='ocrx_word' id='word_1_727' title='bbox 2156 4328 2286 4384; x_wconf 89' lang='lat' dir='ltr'><strong>stris</strong></span> <span class='ocrx_word' id='word_1_728' title='bbox 2300 4316 2411 4383; x_wconf 69' lang='lat' dir='ltr'><strong>est&#39;:</strong></span> <span class='ocrx_word' id='word_1_729' title='bbox 2427 4327 2571 4396; x_wconf 92' lang='lat' dir='ltr'><strong>quod</strong></span> <span class='ocrx_word' id='word_1_730' title='bbox 2584 4326 2849 4382; x_wconf 90' lang='lat' dir='ltr'><strong>abolitum</strong></span> <span class='ocrx_word' id='word_1_731' title='bbox 2866 4324 3195 4381; x_wconf 88' lang='lat' dir='ltr'><strong>transivitad</strong></span> <span class='ocrx_word' id='word_1_732' title='bbox 3212 4323 3579 4380; x_wconf 88' lang='lat' dir='ltr'><strong>sacerdotium</strong></span> <span class='ocrx_word' id='word_1_733' title='bbox 3595 4320 3757 4392; x_wconf 81' lang='lat' dir='ltr'><strong>Spiri-</strong></span> 
     </span>
    </p>
   </div>
   <div class='ocr_carea' id='block_1_103' title="bbox 2157 4416 3753 4489">
    <p class='ocr_par' dir='ltr' id='par_1_103' title="bbox 2157 4416 3753 4489">
     <span class='ocr_line' id='line_1_103' title="bbox 2157 4416 3753 4489; baseline -0.003 -16"><span class='ocrx_word' id='word_1_734' title='bbox 2157 4418 2856 4489; x_wconf 85' lang='lat' dir='ltr'><strong>tuale,dequodictumest:</strong></span> <span class='ocrx_word' id='word_1_735' title='bbox 2876 4416 2954 4472; x_wconf 85' lang='lat' dir='ltr'><strong>Tu</strong></span> <span class='ocrx_word' id='word_1_736' title='bbox 2984 4435 3035 4472; x_wconf 87' lang='lat' dir='ltr'><strong>es</strong></span> <span class='ocrx_word' id='word_1_737' title='bbox 3051 4416 3367 4472; x_wconf 82' lang='lat' dir='ltr'><strong>sacerdosin</strong></span> <span class='ocrx_word' id='word_1_738' title='bbox 3392 4424 3643 4471; x_wconf 69' lang='lat' dir='ltr'><strong>internum</strong></span> <span class='ocrx_word' id='word_1_739' title='bbox 3668 4429 3753 4469; x_wconf 87' lang='lat' dir='ltr'><strong>sc-</strong></span> 
     </span>
    </p>
   </div>
   <div class='ocr_carea' id='block_1_104' title="bbox 2153 4505 3752 4579">
    <p class='ocr_par' dir='ltr' id='par_1_104' title="bbox 2153 4505 3752 4579">
     <span class='ocr_line' id='line_1_104' title="bbox 2153 4505 3752 4579; baseline -0.002 -16"><span class='ocrx_word' id='word_1_740' title='bbox 2153 4510 2383 4563; x_wconf 83' lang='lat' dir='ltr'><strong>cnndum</strong></span> <span class='ocrx_word' id='word_1_741' title='bbox 2402 4508 2635 4563; x_wconf 84' lang='lat' dir='ltr'><strong>ordinem</strong></span> <span class='ocrx_word' id='word_1_742' title='bbox 2655 4508 3033 4564; x_wconf 77' lang='lat' dir='ltr'><strong>Melchisedech</strong></span> <span class='ocrx_word' id='word_1_743' title='bbox 3056 4506 3397 4579; x_wconf 73' lang='lat' dir='ltr'><strong>(Ps.c1x,2);</strong></span> <span class='ocrx_word' id='word_1_744' title='bbox 3438 4509 3511 4561; x_wconf 89' lang='lat' dir='ltr'><strong>ita</strong></span> <span class='ocrx_word' id='word_1_745' title='bbox 3539 4505 3752 4561; x_wconf 85' lang='lat' dir='ltr'><strong>dumta-</strong></span> 
     </span>
    </p>
   </div>
   <div class='ocr_carea' id='block_1_105' title="bbox 2156 4599 3750 4672">
    <p class='ocr_par' dir='ltr' id='par_1_105' title="bbox 2156 4599 3750 4672">
     <span class='ocr_line' id='line_1_105' title="bbox 2156 4599 3750 4672; baseline -0.001 -16"><span class='ocrx_word' id='word_1_746' title='bbox 2156 4612 2265 4667; x_wconf 76' lang='lat' dir='ltr'><strong>xat,</strong></span> <span class='ocrx_word' id='word_1_747' title='bbox 2282 4609 2343 4656; x_wconf 91' lang='lat' dir='ltr'><strong>ut</strong></span> <span class='ocrx_word' id='word_1_748' title='bbox 2364 4602 2544 4656; x_wconf 91' lang='lat' dir='ltr'><strong>omnia</strong></span> <span class='ocrx_word' id='word_1_749' title='bbox 2560 4600 2662 4655; x_wconf 91' lang='lat' dir='ltr'><strong>sibi</strong></span> <span class='ocrx_word' id='word_1_750' title='bbox 2682 4601 2949 4666; x_wconf 70' lang='lat' dir='ltr'><strong>haereant,</strong></span> <span class='ocrx_word' id='word_1_751' title='bbox 2963 4599 3221 4672; x_wconf 71' lang='lat' dir='ltr'><strong>unoqueb</strong></span> <span class='ocrx_word' id='word_1_752' title='bbox 3236 4615 3467 4671; x_wconf 89' lang='lat' dir='ltr'><strong>corpore</strong></span> <span class='ocrx_word' id='word_1_753' title='bbox 3480 4613 3750 4655; x_wconf 85' lang='lat' dir='ltr'><strong>censean-</strong></span> 
     </span>
    </p>
   </div>
   <div class='ocr_carea' id='block_1_106' title="bbox 2154 4692 3752 4763">
    <p class='ocr_par' dir='ltr' id='par_1_106' title="bbox 2154 4692 3752 4763">
     <span class='ocr_line' id='line_1_106' title="bbox 2154 4692 3752 4763; baseline 0.001 -15"><span class='ocrx_word' id='word_1_754' title='bbox 2154 4704 2262 4749; x_wconf 91' lang='lat' dir='ltr'><strong>tur.</strong></span> <span class='ocrx_word' id='word_1_755' title='bbox 2312 4692 2507 4763; x_wconf 87' lang='lat' dir='ltr'><strong>Aquila</strong></span> <span class='ocrx_word' id='word_1_756' title='bbox 2567 4703 2771 4763; x_wconf 86' lang='lat' dir='ltr'><strong>autem,</strong></span> <span class='ocrx_word' id='word_1_757' title='bbox 2831 4710 2951 4763; x_wconf 72' lang='lat' dir='ltr'><strong>qum</strong></span> <span class='ocrx_word' id='word_1_758' title='bbox 2978 4702 3033 4748; x_wconf 87' lang='lat' dir='ltr'><strong>et</strong></span> <span class='ocrx_word' id='word_1_759' title='bbox 3081 4708 3247 4763; x_wconf 86' lang='lat' dir='ltr'><strong>super</strong></span> <span class='ocrx_word' id='word_1_760' title='bbox 3300 4692 3645 4748; x_wconf 88' lang='lat' dir='ltr'><strong>nativitatem</strong></span> <span class='ocrx_word' id='word_1_761' title='bbox 3691 4698 3752 4749; x_wconf 86' lang='lat' dir='ltr'><strong>et</strong></span> 
     </span>
    </p>
   </div>
   <div class='ocr_carea' id='block_1_107' title="bbox 2151 4784 3743 4857">
    <p class='ocr_par' dir='ltr' id='par_1_107' title="bbox 2151 4784 3743 4857">
     <span class='ocr_line' id='line_1_107' title="bbox 2151 4784 3743 4857; baseline -0.001 -16"><span class='ocrx_word' id='word_1_762' title='bbox 2151 4799 2314 4856; x_wconf 87' lang='lat' dir='ltr'><strong>super</strong></span> <span class='ocrx_word' id='word_1_763' title='bbox 2335 4785 2675 4856; x_wconf 88' lang='lat' dir='ltr'><strong>prophetiam</strong></span> <span class='ocrx_word' id='word_1_764' title='bbox 2708 4792 2812 4851; x_wconf 84' lang='lat' dir='ltr'><strong>est,</strong></span> <span class='ocrx_word' id='word_1_765' title='bbox 2829 4800 2953 4857; x_wconf 69' lang='lat' dir='ltr'><strong>qua:</strong></span> <span class='ocrx_word' id='word_1_766' title='bbox 2980 4786 3193 4841; x_wconf 89' lang='lat' dir='ltr'><strong>Domini</strong></span> <span class='ocrx_word' id='word_1_767' title='bbox 3214 4785 3468 4855; x_wconf 81' lang='lat' dir='ltr'><strong>expletur</strong></span> <span class='ocrx_word' id='word_1_768' title='bbox 3486 4784 3743 4855; x_wconf 82' lang='lat' dir='ltr'><strong>adventu,</strong></span> 
     </span>
    </p>
   </div>
   <div class='ocr_carea' id='block_1_108' title="bbox 2147 4876 3746 4951">
    <p class='ocr_par' dir='ltr' id='par_1_108' title="bbox 2147 4876 3746 4951">
     <span class='ocr_line' id='line_1_108' title="bbox 2147 4876 3746 4951; baseline -0.002 -15"><span class='ocrx_word' id='word_1_769' title='bbox 2147 4889 2202 4936; x_wconf 93' lang='lat' dir='ltr'><strong>et</strong></span> <span class='ocrx_word' id='word_1_770' title='bbox 2232 4895 2396 4951; x_wconf 86' lang='lat' dir='ltr'><strong>super</strong></span> <span class='ocrx_word' id='word_1_771' title='bbox 2445 4879 2812 4937; x_wconf 89' lang='lat' dir='ltr'><strong>sacerdotium</strong></span> <span class='ocrx_word' id='word_1_772' title='bbox 2865 4878 3009 4950; x_wconf 91' lang='lat' dir='ltr'><strong>quod</strong></span> <span class='ocrx_word' id='word_1_773' title='bbox 3059 4880 3345 4949; x_wconf 66' lang='lat' dir='ltr'><strong>praateriit,</strong></span> <span class='ocrx_word' id='word_1_774' title='bbox 3379 4876 3483 4950; x_wconf 62' lang='grc' dir='ltr'>ιη</span> <span class='ocrx_word' id='word_1_775' title='bbox 3507 4890 3562 4934; x_wconf 86' lang='lat' dir='ltr'><strong>et</strong></span> <span class='ocrx_word' id='word_1_776' title='bbox 3586 4884 3746 4934; x_wconf 85' lang='lat' dir='ltr'><strong>extra</strong></span> 
     </span>
    </p>
   </div>
   <div class='ocr_carea' id='block_1_109' title="bbox 2148 4970 3745 5041">
    <p class='ocr_par' dir='ltr' id='par_1_109' title="bbox 2148 4970 3745 5041">
     <span class='ocr_line' id='line_1_109' title="bbox 2148 4970 3745 5041; baseline -0.002 -14"><span class='ocrx_word' id='word_1_777' title='bbox 2148 4974 2265 5028; x_wconf 66' lang='lat' dir='ltr'><strong>hzrc</strong></span> <span class='ocrx_word' id='word_1_778' title='bbox 2319 4974 2499 5028; x_wconf 87' lang='lat' dir='ltr'><strong>omnia</strong></span> <span class='ocrx_word' id='word_1_779' title='bbox 2549 4982 2658 5038; x_wconf 89' lang='lat' dir='ltr'><strong>est,</strong></span> <span class='ocrx_word' id='word_1_780' title='bbox 2710 4972 2777 5027; x_wconf 92' lang='lat' dir='ltr'><strong>de</strong></span> <span class='ocrx_word' id='word_1_781' title='bbox 2828 4971 3119 5026; x_wconf 89' lang='lat' dir='ltr'><strong>nativitate</strong></span> <span class='ocrx_word' id='word_1_782' title='bbox 3149 4971 3398 5027; x_wconf 89' lang='lat' dir='ltr'><strong>referens</strong></span> <span class='ocrx_word' id='word_1_783' title='bbox 3448 4970 3745 5041; x_wconf 87' lang='lat' dir='ltr'><strong>spirituali,</strong></span> 
     </span>
    </p>
   </div>
   <div class='ocr_carea' id='block_1_110' title="bbox 2148 5062 3745 5137">
    <p class='ocr_par' dir='ltr' id='par_1_110' title="bbox 2148 5062 3745 5137">
     <span class='ocr_line' id='line_1_110' title="bbox 2148 5062 3745 5137; baseline 0.001 -17"><span class='ocrx_word' id='word_1_784' title='bbox 2148 5065 2422 5137; x_wconf 90' lang='lat' dir='ltr'><strong>quomodo</strong></span> <span class='ocrx_word' id='word_1_785' title='bbox 2444 5064 2608 5120; x_wconf 89' lang='lat' dir='ltr'><strong>Pater</strong></span> <span class='ocrx_word' id='word_1_786' title='bbox 2637 5066 2687 5118; x_wconf 90' lang='lat' dir='ltr'><strong>in</strong></span> <span class='ocrx_word' id='word_1_787' title='bbox 2720 5063 2861 5119; x_wconf 88' lang='lat' dir='ltr'><strong>Filio</strong></span> <span class='ocrx_word' id='word_1_788' title='bbox 2883 5108 2897 5133; x_wconf 90' lang='lat'><strong>,</strong></span> <span class='ocrx_word' id='word_1_789' title='bbox 2952 5073 3007 5119; x_wconf 89' lang='lat' dir='ltr'><strong>et</strong></span> <span class='ocrx_word' id='word_1_790' title='bbox 3037 5062 3211 5119; x_wconf 89' lang='lat' dir='ltr'><strong>Filius</strong></span> <span class='ocrx_word' id='word_1_791' title='bbox 3238 5063 3290 5119; x_wconf 90' lang='lat' dir='ltr'><strong>in</strong></span> <span class='ocrx_word' id='word_1_792' title='bbox 3320 5062 3485 5120; x_wconf 84' lang='lat' dir='ltr'><strong>Patre</strong></span> <span class='ocrx_word' id='word_1_793' title='bbox 3514 5064 3604 5119; x_wconf 92' lang='lat' dir='ltr'><strong>sit.</strong></span> <span class='ocrx_word' id='word_1_794' title='bbox 3668 5064 3745 5121; x_wconf 90' lang='lat' dir='ltr'><strong>De</strong></span> 
     </span>
    </p>
   </div>
   <div class='ocr_carea' id='block_1_111' title="bbox 2152 5155 3742 5230">
    <p class='ocr_par' dir='ltr' id='par_1_111' title="bbox 2152 5155 3742 5230">
     <span class='ocr_line' id='line_1_111' title="bbox 2152 5155 3742 5230; baseline -0.001 -16"><span class='ocrx_word' id='word_1_795' title='bbox 2152 5174 2259 5230; x_wconf 88' lang='lat' dir='ltr'><strong>qua</strong></span> <span class='ocrx_word' id='word_1_796' title='bbox 2288 5158 2590 5213; x_wconf 90' lang='lat' dir='ltr'><strong>rectissime</strong></span> <span class='ocrx_word' id='word_1_797' title='bbox 2612 5156 2850 5212; x_wconf 88' lang='lat' dir='ltr'><strong>dicitur:</strong></span> <span class='ocrx_word' id='word_1_798' title='bbox 2886 5155 3281 5212; x_wconf 79' lang='lat' dir='ltr'><strong>Generationem</strong></span> <span class='ocrx_word' id='word_1_799' title='bbox 3309 5159 3425 5229; x_wconf 83' lang='lat' dir='ltr'><strong>ejus</strong></span> <span class='ocrx_word' id='word_1_800' title='bbox 3452 5158 3566 5228; x_wconf 83' lang='lat' dir='ltr'><strong>quis</strong></span> <span class='ocrx_word' id='word_1_801' title='bbox 3587 5174 3742 5212; x_wconf 87' lang='lat' dir='ltr'><strong>enar-</strong></span> 
     </span>
    </p>
   </div>
   <div class='ocr_carea' id='block_1_112' title="bbox 2148 5250 3740 5325">
    <p class='ocr_par' dir='ltr' id='par_1_112' title="bbox 2148 5250 3740 5325">
     <span class='ocr_line' id='line_1_112' title="bbox 2148 5250 3740 5325; baseline 0.001 -19"><span class='ocrx_word' id='word_1_802' title='bbox 2148 5251 2467 5325; x_wconf 85' lang='lat' dir='ltr'><strong>rabit(lsai.</strong></span> <span class='ocrx_word' id='word_1_803' title='bbox 2508 5265 2623 5320; x_wconf 78' lang='lat' dir='ltr'><strong>uti,</strong></span> <span class='ocrx_word' id='word_1_804' title='bbox 2674 5250 2769 5317; x_wconf 88' lang='lat'><strong>8)?</strong></span> <span class='ocrx_word' id='word_1_805' title='bbox 2822 5250 2926 5307; x_wconf 87' lang='lat' dir='ltr'><strong>Ista</strong></span> <span class='ocrx_word' id='word_1_806' title='bbox 2979 5259 3107 5305; x_wconf 90' lang='lat' dir='ltr'><strong>sunt</strong></span> <span class='ocrx_word' id='word_1_807' title='bbox 3149 5250 3306 5321; x_wconf 77' lang='lat' dir='ltr'><strong>juxta</strong></span> <span class='ocrx_word' id='word_1_808' title='bbox 3356 5250 3740 5324; x_wconf 80' lang='lat' dir='ltr'><strong>Apocalypsim</strong></span> 
     </span>
    </p>
   </div>
   <div class='ocr_carea' id='block_1_113' title="bbox 2146 5342 3741 5417">
    <p class='ocr_par' dir='ltr' id='par_1_113' title="bbox 2146 5342 3741 5417">
     <span class='ocr_line' id='line_1_113' title="bbox 2146 5342 3741 5417; baseline -0.001 -16"><span class='ocrx_word' id='word_1_809' title='bbox 2146 5344 2302 5417; x_wconf 87' lang='lat' dir='ltr'><strong>(Cap.</strong></span> <span class='ocrx_word' id='word_1_810' title='bbox 2336 5347 2437 5415; x_wconf 84' lang='grc' dir='ltr'><strong>ιν),</strong></span> <span class='ocrx_word' id='word_1_811' title='bbox 2474 5353 2535 5399; x_wconf 89' lang='lat' dir='ltr'><strong>ut</strong></span> <span class='ocrx_word' id='word_1_812' title='bbox 2572 5353 2701 5400; x_wconf 90' lang='lat' dir='ltr'><strong>ante</strong></span> <span class='ocrx_word' id='word_1_813' title='bbox 2737 5344 2849 5414; x_wconf 87' lang='lat' dir='ltr'><strong>jam</strong></span> <span class='ocrx_word' id='word_1_814' title='bbox 2895 5342 3156 5408; x_wconf 81' lang='lat' dir='ltr'><strong>diximus,</strong></span> <span class='ocrx_word' id='word_1_815' title='bbox 3211 5351 3445 5411; x_wconf 89' lang='lat' dir='ltr'><strong>quatuor</strong></span> <span class='ocrx_word' id='word_1_816' title='bbox 3487 5344 3741 5400; x_wconf 88' lang='lat' dir='ltr'><strong>animalia</strong></span> 
     </span>
    </p>
   </div>
   <div class='ocr_carea' id='block_1_114' title="bbox 2146 5436 3741 5507">
    <p class='ocr_par' dir='ltr' id='par_1_114' title="bbox 2146 5436 3741 5507">
     <span class='ocr_line' id='line_1_114' title="bbox 2146 5436 3741 5507; baseline 0.003 -20"><span class='ocrx_word' id='word_1_817' title='bbox 2146 5437 2305 5507; x_wconf 83' lang='lat' dir='ltr'><strong>plena</strong></span> <span class='ocrx_word' id='word_1_818' title='bbox 2336 5437 2509 5493; x_wconf 90' lang='lat' dir='ltr'><strong>oculis</strong></span> <span class='ocrx_word' id='word_1_819' title='bbox 2536 5444 2667 5492; x_wconf 91' lang='lat' dir='ltr'><strong>ante</strong></span> <span class='ocrx_word' id='word_1_820' title='bbox 2694 5446 2749 5489; x_wconf 91' lang='lat' dir='ltr'><strong>et</strong></span> <span class='ocrx_word' id='word_1_821' title='bbox 2776 5444 2947 5502; x_wconf 92' lang='lat' dir='ltr'><strong>retro,</strong></span> <span class='ocrx_word' id='word_1_822' title='bbox 2979 5450 3213 5505; x_wconf 90' lang='lat' dir='ltr'><strong>quorum</strong></span> <span class='ocrx_word' id='word_1_823' title='bbox 3239 5451 3405 5492; x_wconf 91' lang='lat' dir='ltr'><strong>unum</strong></span> <span class='ocrx_word' id='word_1_824' title='bbox 3436 5436 3644 5493; x_wconf 89' lang='lat' dir='ltr'><strong>animal</strong></span> <span class='ocrx_word' id='word_1_825' title='bbox 3667 5438 3741 5492; x_wconf 85' lang='lat' dir='ltr'><strong>si—</strong></span> 
     </span>
    </p>
   </div>
   <div class='ocr_carea' id='block_1_115' title="bbox 2144 5527 3734 5597">
    <p class='ocr_par' dir='ltr' id='par_1_115' title="bbox 2144 5527 3734 5597">
     <span class='ocr_line' id='line_1_115' title="bbox 2144 5527 3734 5597; baseline 0 -11"><span class='ocrx_word' id='word_1_826' title='bbox 2144 5530 2272 5586; x_wconf 91' lang='lat' dir='ltr'><strong>mile</strong></span> <span class='ocrx_word' id='word_1_827' title='bbox 2301 5529 2473 5597; x_wconf 88' lang='lat' dir='ltr'><strong>leoni,</strong></span> <span class='ocrx_word' id='word_1_828' title='bbox 2496 5537 2551 5586; x_wconf 90' lang='lat' dir='ltr'><strong>et</strong></span> <span class='ocrx_word' id='word_1_829' title='bbox 2577 5527 2878 5586; x_wconf 90' lang='lat' dir='ltr'><strong>secundum</strong></span> <span class='ocrx_word' id='word_1_830' title='bbox 2929 5527 3111 5584; x_wconf 87' lang='lat' dir='ltr'><strong>simile</strong></span> <span class='ocrx_word' id='word_1_831' title='bbox 3142 5528 3343 5597; x_wconf 88' lang='lat' dir='ltr'><strong>vitulo,</strong></span> <span class='ocrx_word' id='word_1_832' title='bbox 3400 5538 3457 5586; x_wconf 89' lang='lat' dir='ltr'><strong>et</strong></span> <span class='ocrx_word' id='word_1_833' title='bbox 3512 5530 3734 5588; x_wconf 90' lang='lat' dir='ltr'><strong>tertium</strong></span> 
     </span>
    </p>
   </div>
   <div class='ocr_carea' id='block_1_116' title="bbox 2132 5645 2431 5701">
    <p class='ocr_par' dir='ltr' id='par_1_116' title="bbox 2132 5645 2431 5701">
     <span class='ocr_line' id='line_1_116' title="bbox 2132 5645 2431 5701; baseline 0.007 -2"><span class='ocrx_word' id='word_1_834' title='bbox 2132 5645 2431 5701; x_wconf 91' lang='lat' dir='ltr'><strong>admonito.</strong></span> 
     </span>
    </p>
   </div>
   <div class='ocr_carea' id='block_1_117' title="bbox 2168 5645 3523 5788">
    <p class='ocr_par' dir='ltr' id='par_1_117' title="bbox 2168 5645 3523 5788">
     <span class='ocr_line' id='line_1_117' title="bbox 2206 5645 2431 5701; baseline 0.009 -2"><span class='ocrx_word' id='word_1_835' title='bbox 2206 5645 2374 5699; x_wconf 92' lang='lat' dir='ltr'><strong>monit</strong></span> <span class='ocrx_word' id='word_1_836' title='bbox 2417 5686 2431 5701; x_wconf 95' lang='lat'><strong>.</strong></span> 
     </span>
     <span class='ocr_line' id='line_1_118' title="bbox 2168 5645 3523 5788; baseline 0.004 -18"><span class='ocrx_word' id='word_1_837' title='bbox 2168 5645 2221 5753; x_wconf 46' lang='lat' dir='ltr'><strong>de</strong></span> <span class='ocrx_word' id='word_1_838' title='bbox 2253 5659 2418 5773; x_wconf 55' lang='lat' dir='ltr'><strong>Ante?!</strong></span> <span class='ocrx_word' id='word_1_839' title='bbox 2450 5728 2566 5774; x_wconf 82' lang='lat' dir='ltr'><strong>erat</strong></span> <span class='ocrx_word' id='word_1_840' title='bbox 2590 5724 2914 5788; x_wconf 77' lang='lat' dir='ltr'><strong>unaquaque,</strong></span> <span class='ocrx_word' id='word_1_841' title='bbox 2947 5724 3135 5774; x_wconf 80' lang='lat' dir='ltr'><strong>contra</strong></span> <span class='ocrx_word' id='word_1_842' title='bbox 3165 5732 3299 5776; x_wconf 86' lang='lat' dir='ltr'><strong>mss.</strong></span> <span class='ocrx_word' id='word_1_843' title='bbox 3336 5715 3523 5779; x_wconf 77' lang='lat' dir='ltr'><strong>fidem.</strong></span> 
     </span>
    </p>
   </div>
  </div>
