4018 6322
74 5976 95 6021 τ.

193 299 255 355 25
932 293 1586 356 COMMENTARIORUM
1626 296 1693 355 IN
1734 286 2175 356 EZECIIIELEM
2216 299 2347 355 LIB.
2390 299 2431 355 1.
2471 298 2624 355 CAP.
2672 299 2715 355 l.
3398 300 3474 356 26

192 414 377 470 habere
442 412 642 469 faciem
695 410 852 484 quasi
894 412 1161 482 hominis,
1208 422 1264 470 et
1302 423 1563 487 quartum
1596 414 1775 471 simile
1801 417 1852 479 Α
1879 415 2088 471 verbiis
2112 416 2164 471 in
2188 416 2379 473 eodem
2429 416 2550 472 loco
2593 416 2857 489 scriptum
2887 423 3011 472 est:
3043 414 3126 472 Ne
3165 415 3478 487 respondeas

189 507 369 579 aquila:
420 506 685 561 volantis.
731 505 921 577 Ibique
974 507 1234 563 dicuntur
1262 507 1318 562 in
1360 508 1580 563 modum
1609 506 1774 564 Sera-

188 600 320 673 ptiim
349 615 522 656 senas
554 600 753 656 habere
780 600 921 667 alas,
970 601 1183 657 duabus
1208 601 1428 669 faciem,
1464 610 1520 656 ct
1568 602 1777 657 duabus

188 694 339 765 pedes
364 692 703 762 aperientia,
740 692 952 749 duabus
976 703 1155 748 autem
1188 694 1453 759 volantia,
1486 705 1538 749 et
1589 709 1693 749 nec
1724 693 1777 748 in

188 788 264 843 die
290 800 393 841 nec
439 786 498 840 in
528 793 689 842 nocte
714 788 987 841 cessantia
1029 796 1192 857 atque
1215 787 1453 843 dicentia
1483 804 1496 842 :
1526 786 1776 853 Sanctus,

185 890 397 945 sanctus,
426 889 648 935 sanctus
676 876 957 946 Dominus,
992 879 1132 935 Deus
1152 881 1499 950 omnipotens,
1532 880 1620 950 qui
1648 887 1777 943 erat,

187 984 227 1029 et
250 975 334 1040 qui
361 983 463 1035 est,
492 982 546 1027 et
565 973 657 1045 qui
676 981 926 1028 venturus
956 982 1029 1028 est
1055 971 1243 1047 (Apoc.
1278 990 1351 1042 tv,
1378 973 1458 1045 8).

247 1066 420 1137 (νει-ε.
456 1065 581 1136 Η.)
628 1065 696 1120 Et
715 1068 878 1136 facies
910 1084 1088 1123 eorum
1114 1077 1159 1123 et
1187 1083 1373 1140 penna:
1394 1083 1575 1122 eorum
1606 1076 1780 1122 exten-

189 1162 510 1233 tadesuper,
547 1163 664 1218 dum
709 1179 896 1232 pennte
940 1164 1268 1235 singulorum
1315 1164 1697 1237 jungebantur,
1729 1172 1780 1218 et

188 1258 286 1312 dua
314 1257 562 1328 tegebant
596 1274 820 1327 corpora
847 1275 1044 1313 eorum.
1080 1257 1149 1313 Et
1194 1272 1358 1329 supra
1396 1257 1631 1313 diximus
1650 1256 1776 1326 juno

186 1358 253 1402 ευ
279 1349 381 1402 sibi
417 1362 552 1404 esse
580 1348 885 1421 Evangelia
930 1359 986 1407 et
1009 1361 1287 1421 tempora,
1316 1359 1369 1406 et
1391 1366 1581 1407 omnes
1608 1351 1778 1404 ratio-

186 1444 318 1498 nales
343 1454 671 1512 creaturas,
696 1454 1044 1515 quatuorque
1073 1446 1330 1511 virtutes,
1366 1445 1438 1499 ita
1465 1458 1523 1499 ut
1546 1444 1638 1514 qui
1668 1459 1776 1498 una

186 1538 426 1603 caruerit,
486 1538 753 1594 omnibus
807 1546 1018 1595 careat.
1051 1538 1315 1609 Quodque
1362 1538 1484 1593 dum
1543 1545 1777 1592 extentat

185 1643 316 1697 sunt,
340 1639 397 1687 et
430 1631 490 1686 in
519 1633 697 1687 altum
734 1647 795 1689 se
825 1634 1081 1699 elevant,
1113 1634 1557 1705 praedicationem
1579 1632 1775 1688 coeles-

189 1735 279 1780 tem
303 1722 606 1794 signiﬁcat,
628 1734 683 1781 et
708 1726 890 1781 omnia
921 1727 991 1781 ad
1022 1725 1121 1782 Dei
1153 1726 1379 1782 tendere
1410 1727 1774 1796 maiestatem.

1882 510 2043 564 stulto
2063 510 2347 565 secundant
2373 511 2645 565 stultitiam
2673 527 2838 577 suam,
2867 528 2932 565 ne
2959 512 3143 566 sintilis
3168 512 3264 581 ﬁas
3293 509 3478 583 (Prov.

1883 606 2109 673 νωμᾶ,
2144 603 2240 674 5);
2285 612 2341 660 ct
2368 620 2583 659 rursum
2636 604 2855 672 ponitur
2884 605 3026 674 quod
3070 604 3226 660 nobis
3268 604 3480 660 videtur

1882 711 2004 754 esse
2026 697 2362 752 contrarium
2385 715 2397 750 :
2427 697 2700 770 Responde
2728 697 2885 752 stulto
2910 698 3190 752 secundum
3205 696 3477 751 stultitiam

1883 810 2050 859 suam,
2084 810 2148 848 ne
2179 794 2277 848 sibi
2318 793 2524 863 sapiens
2554 808 2666 846 esse
2686 792 2921 846 videatur
2943 809 2961 858 ;
2983 802 3037 847 et
3065 800 3355 862 utrumque
3378 804 3480 860 pro

1886 894 2186 955 temporum
2200 893 2257 939 et
2278 898 2634 954 personarum
2658 882 2980 939 diversitate
3002 882 3320 949 concordat,
3343 880 3475 937 dum

1882 979 2150 1035 etsmltus
2179 978 2569 1045 contemnitur,
2608 978 2731 1046 quia
2755 992 2863 1031 non
2893 976 3089 1047 recipit
3112 976 3471 1046 sapientiam;

1883 1082 1938 1128 et
1967 1072 2131 1129 stulta
2165 1072 2418 1141 superbia
2446 1071 2549 1126 alia
2579 1070 2855 1126 decutitur
2885 1070 3133 1137 stultitia,
3154 1070 3302 1139 juxta
3334 1068 3478 1141 quod

1882 1176 1936 1222 et
1956 1166 2250 1237 Apostolus
2273 1165 2408 1220 dicit
2436 1182 2449 1219 :
2475 1163 2676 1220 Factus
2701 1181 2817 1218 sum
2844 1164 3116 1237 insipiens,
3167 1180 3255 1218 vos
3285 1180 3367 1217 me
3385 1180 3474 1218 co—

1881 1260 2060 1333 egistis
2083 1258 2147 1329 (II
2180 1256 2299 1313 Cor.
2335 1273 2433 1323 xu,
2470 1256 2558 1327 ll)
2594 1274 2606 1310 :
2642 1257 2713 1311 ita
2747 1264 2805 1312 et
2855 1256 2906 1310 in
2961 1255 3063 1310 hoc
3108 1255 3228 1310 loco
3276 1254 3479 1310 debere

1883 1370 1983 1411 nos
2003 1368 2250 1425 quaerere
2268 1394 2284 1421 ,
2340 1367 2507 1422 quare
2535 1367 2693 1422 supra
2717 1351 2958 1406 secundo
2975 1351 3181 1406 dielnm
3208 1348 3281 1403 sit
3310 1366 3322 1401 :
3354 1347 3477 1402 Non

1881 1448 2263 1503 revertebantur
2277 1446 2522 1500 animalia
2544 1461 2659 1499 cum
2675 1445 2965 1499 incederent
2990 1460 3007 1507 ;
3037 1452 3093 1498 et
3113 1456 3259 1496 nunc
3282 1440 3476 1507 semel,

1882 1541 2133 1597 attimalia
2158 1541 2435 1595 currebant
2456 1548 2503 1593 et
2530 1538 2929 1593 revertebantur.
2960 1535 3223 1603 Essetquc
3244 1530 3478 1602 qtttestio

1882 1641 1983 1697 nisi
2014 1646 2358 1710 sequeretur,
2388 1638 2440 1691 in
2471 1636 2860 1691 similitudinem
2888 1632 3110 1705 fulguris
3135 1630 3478 1684 coruscantis:

1883 1732 2025 1804 quod
2069 1731 2335 1787 llebraico
2377 1742 2633 1784 sermone
2691 1726 2893 1781 dicitur
2921 1720 3480 1811 nezectpn),etin-

188 1818 299 1872 Dua:
323 1826 509 1872 autem
538 1818 742 1888 quibus
775 1829 1031 1889 teguntur
1051 1834 1308 1889 corpora,
1334 1818 1565 1873 humana
1593 1817 1772 1873 exclu-

1884 1834 2209 1896 tcrprctatus
2235 1833 2319 1879 est
2368 1820 2751 1895 Symmachus,
2801 1819 2950 1889 quasi
2979 1818 3170 1889 species
3195 1814 3336 1868 radii
3364 1813 3471 1884 ful-

190 1911 313 1966 ditur
336 1912 603 1975 scientia,
636 1927 736 1967 nec
776 1912 1048 1982 perlectus
1095 1912 1659 1982 praebeturiutuitus,
1691 1909 1774 1964 di-

191 2013 326 2060 rente
348 2003 620 2073 Apostolo
653 2020 670 2060 :
702 2004 786 2059 Ea:
816 2014 963 2077 parte
1010 2006 1389 2076 cognoscimus,
1424 2012 1469 2059 et
1514 2020 1580 2059 ea:
1627 1990 1791 2073 parte

194 2099 564 2168 prapltetamus.
602 2098 729 2153 Cum
770 2108 942 2153 autem
969 2100 1163 2153 venerit
1185 2098 1324 2169 quod
1362 2101 1644 2170 perfectum
1676 2105 1771 2160 est,

194 2189 497 2244 destrueretur
526 2206 593 2244 ea
607 2206 723 2261 qua:
744 2206 809 2245 ea:
839 2200 984 2260 parte
1015 2202 1133 2245 sunt
1166 2190 1209 2260 (I
1232 2188 1355 2245 Cor.
1380 2204 1503 2257 xm,
1533 2188 1612 2259 9).

254 2282 421 2354 (Vera.
458 2283 581 2347 12.)
617 2281 683 2336 Et
713 2282 1106 2354 unumquodque
1153 2298 1325 2336 coram
1354 2282 1489 2353 facie
1530 2298 1625 2335 sua
1649 2296 1771 2350 gra-

197 2374 423 2430 diebatur.
454 2375 561 2431 Ubi
604 2385 756 2429 erant
785 2377 1005 2445 impetus
1038 2376 1269 2447 spiritus,
1302 2374 1432 2428 illuc
1454 2372 1773 2444 gradieban-

199 2475 286 2533 tur,
312 2484 398 2521 nec
422 2466 841 2533 revertebantur,
900 2483 1017 2520 cum
1068 2467 1408 2520 ambularent.
1456 2464 1560 2531 Qui
1608 2464 1775 2519 aratri

199 2561 366 2614 stivam
394 2569 571 2627 tenet,
604 2573 713 2615 non
745 2559 909 2613 debet
937 2557 1209 2629 respicere
1231 2564 1355 2626 post
1381 2565 1588 2627 tergum
1619 2553 1772 2626 (Luc.

202 2669 263 2720 ts,
290 2652 513 2725 62),nec
542 2653 752 2708 imitari
777 2667 1004 2709 uxorem
1026 2651 1163 2709 Loth
1189 2650 1397 2720 (Cenes.
1431 2650 1574 2722 xIx),
1600 2664 1667 2705 ne
1697 2649 1778 2704 in-

201 2745 326 2800 cidat
351 2748 400 2801 in
431 2745 657 2817 plagam
688 2744 1098 2801 Deuteronomii
1145 2743 1299 2816 (Cap.
1330 2741 1479 2813 xIx),
1504 2751 1560 2797 et
1584 2748 1778 2811 pereat

204 2838 487 2912 ὃπιστοτὸνῳ
512 2838 835 2902 insanabili,
868 2852 978 2908 quo
1004 2837 1199 2892 cecidit
1241 2846 1297 2891 et
1323 2835 1468 2902 lleli,
1494 2833 1619 2905 quia
1644 2832 1777 2887 vitio

205 2929 408 2985 filiorum
438 2931 754 2988 olfenderat
788 2930 959 2985 Deum
984 2930 1077 3001 (1V
1115 2929 1248 3001 Reg.
1283 2930 1357 3000 tv)
1390 2946 1402 2981 :
1433 2935 1636 2998 quanto
1663 2941 1778 2980 ma-

205 3024 272 3093 gis
289 3034 521 3095 quatuor
546 3024 806 3080 animalia
837 3038 958 3094 quas
992 3023 1148 3093 plena
1187 3033 1345 3078 erant
1377 3021 1582 3076 lumine
1613 3030 1777 3090 atque

204 3127 433 3187 pennata,
486 3134 618 3190 qua:
647 3126 952 3189 sequuntur
994 3116 1256 3186 Spiritum
1283 3122 1530 3170 sanctum
1564 3129 1774 3184 pra‘ce-

1876 1921 2037 1992 guris.
2064 1917 2348 1985 Quomodo
2378 1916 2543 1986 igitur
2568 1914 2779 1969 crebris
2809 1913 2973 1967 micat
3004 1910 3220 1979 ignibus
3257 1905 3469 1971 :ether;

1877 2023 1933 2069 et
1963 2015 2013 2068 in
2045 2012 2152 2069 ictu
2181 2011 2326 2067 oculi
2357 2018 2519 2080 atque
2558 2017 2839 2063 momento
2887 2006 3204 2061 discurrunt
3258 2002 3475 2073 fulgura

1877 2116 1932 2162 et
1958 2116 2324 2171 revertuntur,
2352 2118 2460 2158 non
2508 2100 2810 2157 amittentia
2843 2098 3149 2164 matricem,
3185 2103 3260 2160 et,
3289 2101 3350 2149 ut
3392 2093 3469 2147 ita

1878 2200 2078 2263 dicam,
2134 2200 2335 2254 fontem
2377 2197 2515 2267 ignis
2570 2204 2735 2264 atque
2782 2190 3067 2248 materiam
3103 2206 3115 2241 :
3147 2188 3221 2243 ita
3273 2194 3329 2242 et
3356 2186 3474 2241 haec

1878 2295 2140 2351 animalia
2185 2309 2308 2347 cum
2352 2290 2623 2346 inoffenso
2667 2296 2897 2359 pergant
2945 2284 3105 2356 pede,
3170 2281 3239 2338 ad
3292 2281 3475 2351 priora

1880 2388 2164 2443 festinant.
2220 2383 2314 2441 Sin
2347 2393 2526 2438 autem
2559 2380 2777 2436 conatui
2810 2380 2912 2452 ιθ
2959 2392 3058 2432 suo
3090 2374 3292 2446 aliquid
3325 2373 3473 2429 obsi-

1881 2488 1989 2533 tum
2023 2477 2285 2543 viderint,
2317 2491 2424 2530 non
2482 2484 2590 2529 tam
2622 2481 2998 2535 revertuntur,
3048 2482 3209 2539 quam
3255 2473 3475 2521 contra-

1880 2571 2017 2627 bunt
2043 2585 2125 2633 se,
2175 2567 2521 2624 extendendo
2554 2580 2792 2632 rursum,
2851 2572 2908 2619 et
2960 2561 3254 2633 praebitura
3285 2560 3469 2613 lumen

1876 2662 2021 2735 quod
2047 2676 2340 2733 parumper
2362 2658 2784 2723 absconderant,
2820 2665 2879 2710 ut
2900 2655 3027 2709 dent
3058 2650 3235 2708 servis
3265 2648 3471 2704 cibaria

1880 2758 1933 2814 in
1967 2768 2216 2829 tempore
2246 2771 2369 2821 suo,
2404 2769 2507 2809 nec
2533 2753 2776 2808 tribuant
2814 2756 3060 2805 sanctum
3089 2744 3338 2811 canibus,
3372 2756 3474 2797 nec

1879 2855 2098 2910 mittant
2125 2851 2450 2921 margaritas
2476 2856 2601 2903 ante
2623 2861 2819 2917 porcos
2838 2842 3059 2915 (Matth.
3084 2839 3202 2911 vn).
3236 2836 3392 2894 Unde
3419 2844 3474 2892 et

1881 2947 2079 3002 Paulus
2108 2944 2243 3001 dicit
2276 2962 2289 2997 :
2318 2942 2426 2998 Lac
2446 2942 2587 2996 vobis
2605 2948 2780 3011 potum
2811 2937 2949 3005 dedi,
2987 2952 3088 2990 non
3133 2948 3323 2997 escam,
3351 2944 3470 2984 nec-

1880 3039 2005 3093 dum
2035 3038 2169 3092 enim
2199 3051 2387 3106 capere
2417 3034 2662 3105 poteratis
2685 3030 2728 3101 (l
2754 3028 2876 3084 Cor.
2911 3043 2992 3094 nt,
3026 3025 3104 3098 '2).
3153 3021 3478 3091 Electioque

1879 3129 2058 3191 Judte.
2078 3138 2133 3184 et
2162 3127 2342 3185 Saulis
2373 3125 2558 3181 unctio
2610 3138 2718 3178 non
2749 3128 2988 3192 arguunt
3023 3118 3192 3172 Deum
3226 3115 3483 3185 ignoran-

207 3211 432 3269 dentem:
461 3228 593 3285 qua:
623 3213 697 3267 ita
739 3227 837 3283 per
880 3211 1072 3267 orbem
1108 3210 1363 3276 volitant,
1415 3217 1470 3264 et
1496 3224 1557 3264 se
1585 3208 1651 3263 ad
1680 3223 1773 3263 ex-

1885 3229 1975 3283 tiae
2005 3228 2339 3292 futurorum,
2375 3222 2471 3279 sed
2504 3219 2858 3292 prmsentium
2912 3220 3221 3271 monstrant
3246 3223 3369 3266 esse
3395 3208 3482 3279 ju-

206 3306 326 3360 celsa
359 3306 684 3370 sustollant,
736 3316 795 3360 ut
846 3319 1074 3375 corpora
1123 3317 1220 3358 sua
1264 3310 1553 3372 protegant
1580 3301 1775 3372 pennis

208 3401 441 3471 historias,
490 3416 600 3458 nec
628 3400 794 3456 nobis
845 3409 1125 3470 aspectum
1170 3397 1413 3452 tribuant
1435 3394 1776 3466 pleniorem?

210 3495 334 3562 Quod
355 3508 538 3553 autem
564 3495 805 3552 secundo
826 3493 1027 3550 dicitur
1062 3511 1075 3548 :
1107 3492 1231 3547 Non
1251 3491 1633 3547 revertebantur
1660 3506 1775 3543 cum

208 3588 488 3658 incederent,
514 3592 805 3660 utriusque
837 3587 1180 3643 inStruntenti
1215 3585 1422 3641 indicat
1463 3598 1779 3639 sacramen-

210 3694 324 3755 tum,
352 3689 487 3759 quod
517 3689 574 3744 in
597 3696 831 3759 quatuor
883 3688 1000 3742 istis
1047 3686 1438 3750 animantibus,
1491 3693 1544 3740 et
1566 3683 1700 3750 Lex,
1724 3691 1779 3738 et

210 3776 530 3851 Evangelium
564 3781 634 3836 ad
683 3781 862 3836 futura
892 3778 1184 3845 festinent;
1220 3779 1322 3851 15
1375 3788 1429 3834 et
1475 3791 1775 3848 numquam

210 3884 334 3929 retro
357 3886 562 3931 motum
585 3876 879 3944 accipiant.

270 3966 433 4038 (Vers.
468 3970 560 4037 15,
591 3968 708 4040 14.)
741 3966 809 4022 Et
834 3966 1122 4021 similitudo
1148 3964 1490 4031 animalium,
1516 3972 1563 4018 et
1592 3962 1772 4036 [Vulg.

214 4060 391 4131 absque
415 4062 481 4135 et]
504 4071 751 4134 aspectus
776 4077 955 4116 eorum
977 4062 1125 4131 quasi
1146 4060 1425 4114 carbonum
1444 4060 1578 4129 ignis
1597 4058 1781 4112 arden-

214 4155 339 4222 tium,
380 4166 422 4211 et
448 4158 601 4227 quasi
626 4166 865 4228 aspectus
892 4153 1276 4225 lampadarum.
1328 4151 1455 4206 "me
1498 4162 1602 4206 erat
1650 4150 1778 4204 visio

216 4250 476 4307 discurrens
506 4252 561 4305 in
588 4249 763 4303 medio
793 4248 1119 4313 animalium,
1168 4246 1413 4316 splendor
1453 4244 1612 4315 ignis,
1640 4254 1685 4296 et
1715 4241 1780 4296 de

216 4342 313 4411 igne
328 4341 496 4416 fulgur
525 4343 811 4417 egrediens.
859 4339 926 4394 Et
950 4340 1198 4394 animalia
1229 4340 1369 4392 ibant
1390 4348 1437 4393 et
1461 4334 1779 4390 reverteban—

217 4440 286 4484 tur
308 4435 355 4486 in
381 4435 772 4489 similitudinem
802 4433 1024 4505 fulguris
1045 4431 1381 4485 coruscantis.
1414 4426 1560 4483 LXX
1589 4445 1601 4481 :
1637 4426 1703 4480 Et
1724 4427 1778 4479 in

218 4526 359 4579 medio
402 4527 712 4582 animalium
745 4526 897 4592 visio,
939 4525 1072 4580 sicut
1098 4525 1379 4578 carbonum
1420 4521 1558 4592 ignis
1588 4518 1779 4573 arden-

1880 3306 2053 3376 dicem
2078 3316 2295 3391 (Matth.
2320 3316 2400 3387 x).
2433 3313 2590 3370 Unde
2618 3320 2675 3367 et
2726 3307 3005 3379 Apostolis
3038 3303 3383 3376 praecipitur,
3420 3307 3481 3354 ut

1880 3412 1924 3466 si
1955 3410 2234 3480 indignam
2257 3407 2479 3462 domum
2514 3402 2842 3458 salutatione
2880 3396 3286 3471 perspexerint,
3312 3406 3480 3448 excu-

1882 3504 2018 3558 tiant
2042 3501 2193 3572 prius
2226 3498 2427 3568 pedes;
2452 3506 2506 3552 et
2534 3511 2636 3566 pax
2666 3508 2829 3565 quam
2858 3488 3045 3546 domui
3079 3486 3364 3546 dederant.
3390 3498 3480 3540 re-

1880 3603 2123 3651 vertatur
2154 3592 2220 3647 ad
2255 3604 2372 3647 eos.
2401 3586 2682 3644 Carbones
2733 3593 2915 3638 autem
2966 3578 3109 3650 ignis
3157 3576 3398 3632 ardentis
3423 3584 3480 3630 et

1880 3688 2162 3759 lampades
2188 3686 2243 3741 in
2295 3683 2476 3740 medio
2507 3678 2825 3735 animalium
2854 3677 3251 3736 discurrentes,
3291 3671 3359 3726 de
3384 3670 3478 3724 illo

1881 3785 2001 3839 loco
2030 3781 2402 3850 interpretatur
2429 3783 2558 3830 sunt
2584 3774 2737 3828 Isaia:
2770 3790 2782 3825 :
2819 3769 2888 3822 Et
2918 3767 3146 3822 comedet
3182 3765 3317 3837 ignis
3345 3763 3476 3817 sicut

1882 3881 2073 3948 frenum
2102 3872 2371 3927 materiam
2396 3909 2410 3933 ,
2443 3877 2490 3921 et
2531 3861 2868 3932 sanetiﬁcabo
2924 3874 3009 3913 eos
3038 3874 3093 3911 tn
3119 3858 3238 3926 igne
3266 3852 3479 3907 ardente

1884 3942 2039 4043 (Isai.
2075 3982 2126 4031 v,
2156 3964 2275 4034 ΞΔ).
2300 3963 2376 4020 De
2408 3959 2611 4030 quibus
2652 3967 2706 4011 et
2734 3953 2864 4009 alibi
2913 3951 3175 4019 scriptum
3218 3956 3302 4003 est
3335 3962 3349 3999 :
3385 3942 3486 3999 Ca-

1882 4038 2002 4117 dent
2047 4075 2200 4131 super
2246 4072 2333 4110 eos
2373 4054 2621 4108 carbones
2668 4050 2804 4123 ignis
2837 4044 2956 4119 (Ps.
3005 4057 3225 4107 cxxxtx,
3263 4040 3376 4109 ll).
3413 4038 3482 4093 Et

1881 4162 2072 4208 contra
2114 4130 2266 4205 labia
2313 4146 2527 4209 dolosa,
2563 4143 2615 4196 in
2666 4140 2773 4194 alio
2808 4137 3018 4207 psalmo
3049 4133 3290 4189 dicitur:
3325 4130 3479 4197 Quod

1882 4248 2030 4301 detur
2058 4243 2149 4300 tibi
2171 4251 2259 4296 aut
2282 4240 2407 4311 quid
2432 4244 2728 4309 apponatur
2756 4233 2846 4286 tibi
2870 4230 2937 4283 ad
2956 4228 3190 4298 linguam
3218 4223 3481 4278 dolosam?

1884 4341 2106 4413 Sagith
2134 4336 2354 4407 potentis
2386 4341 2575 4396 acutw,
2623 4344 2740 4382 cum
2782 4324 3093 4379 carbonibus
3148 4317 3480 4373 desolaloriis

1884 4409 2058 4505 (Psal.
2084 4446 2229 4491 cstx,
2273 4428 2327 4491 '5,
2356 4424 2438 4495 4).
2496 4424 2561 4477 Et
2587 4421 2641 4474 itt
2682 4418 2790 4471 alio
2818 4418 2982 4471 loco:
3019 4412 3187 4466 Habes
3235 4409 3481 4463 carbones

1880 4499 2239 4599 ignis,sedcbis
2251 4535 2409 4591 supra
2423 4534 2507 4570 eos
2521 4532 2538 4569 :
2551 4514 2605 4568 hi
2619 4519 2768 4567 erunt
2784 4509 2878 4563 tibi
2900 4510 2951 4562 in
2966 4506 3290 4579 adjutorium
3307 4499 3364 4573 (Ι
3367 4502 3469 4555 sai.

219 4620 340 4682 tium.
368 4623 491 4677 sicut
513 4622 674 4693 facies
703 4620 1066 4691 lampadamm
1100 4618 1505 4672 discurrentium
1531 4616 1583 4669 itt
1610 4613 1776 4668 medio
1804 4613 1856 4673 D
1884 4595 2051 4679 ίιγιι,
2082 4614 2197 4686 14).
2248 4613 2665 4681 Quamcumque
2711 4611 3020 4659 creaturam
3080 4595 3478 4668 aspexerimus,

220 4712 527 4780 animalium;
554 4724 602 4769 et
632 4713 881 4783 splendor
908 4713 1066 4784 ignis,
1090 4723 1135 4766 et
1167 4711 1233 4764 de
1275 4710 1393 4779 igne
1420 4707 1781 4781 egrediebatur

221 4808 343 4872 quasi
369 4809 559 4881 fulgur.
575 4808 844 4879 Quodque
860 4808 1108 4877 sequitur
1129 4822 1142 4861 :
1163 4803 1231 4858 Et
1244 4804 1495 4858 animalia
1507 4806 1779 4857 currebant

224 4909 262 4951 et
281 4904 646 4957 revertebantur
666 4903 814 4974 quasi
842 4902 1044 4972 species
1058 4899 1231 4967 bezec,
1253 4898 1321 4953 de
1343 4897 1582 4952 editione
1606 4896 1781 4951 Theo-

226 4993 432 5051 dotionis
461 4998 512 5052 in
540 4996 900 5067 Septuaginta
933 4994 1176 5049 additum
1216 5002 1329 5046 est:
1350 4991 1464 5062 qui,
1493 5007 1561 5045 ne
1589 5000 1779 5044 contra

224 5086 405 5154 priores
416 5091 547 5146 duas
560 5089 863 5147 sententias
878 5087 1140 5159 propheta
1156 5087 1340 5143 dicere
1359 5086 1660 5151 videretur,
1679 5084 1782 5139 hoc

227 5184 344 5251 quod
358 5187 610 5256 putabant
626 5201 751 5241 esse
768 5184 1130 5248 contrarium,
1151 5182 1203 5237 id
1218 5192 1322 5250 est,
1344 5189 1393 5236 et
1404 5177 1655 5235 animalia
1668 5196 1784 5233 cur-

228 5277 386 5331 rebant
411 5290 456 5334 et
484 5280 885 5346 revertebantur,
910 5276 1180 5332 silendum
1210 5285 1566 5345 putaverunt,
1604 5288 1672 5327 ne
1705 5273 1784 5329 le-

230 5370 351 5436 genti
372 5372 674 5426 scandalum
704 5370 927 5427 faceret.
953 5368 1145 5425 Melius
1172 5379 1255 5423 cst
1294 5378 1473 5422 autem
1504 5366 1557 5422 in
1586 5365 1783 5420 divinis

232 5460 357 5516 libris
381 5465 672 5522 transferre
700 5464 846 5536 quod
878 5465 1083 5520 dictum
1114 5472 1219 5531 est,
1252 5461 1387 5518 licet
1438 5476 1544 5516 non
1576 5459 1784 5514 intelli-

235 5568 312 5622 gas
353 5572 509 5627 qttare
554 5559 758 5614 dictum
787 5559 877 5623 sit,
907 5572 1067 5628 quam
1097 5555 1317 5611 auferre
1359 5553 1503 5625 quod
1546 5551 1779 5609 nescias.

235 5647 459 5720 Alioquin
488 5654 724 5708 etmulta
750 5650 854 5708 alia
882 5668 1004 5724 qua:
1022 5651 1317 5707 inell'abilia
1339 5660 1485 5713 sunt,
1520 5658 1573 5705 et
1596 5648 1787 5703 huma-

240 5755 322 5794 nus
341 5740 537 5825 animus
564 5760 762 5816 capere
784 5761 892 5801 non
921 5755 1122 5816 potest,
1152 5744 1253 5799 hac
1282 5743 1496 5800 licentia
1522 5742 1785 5797 deleban-

243 5829 439 5894 "1th
467 5826 641 5897 autem
667 5829 769 5895 hoc
799 5828 1031 5895 dicimus
1051 5845 1063 5901 i
1085 5837 1228 5910 quod
1256 5834 1532 5907 quomodo
1560 5834 1614 5889 in
1647 5830 1780 5888 Proa

1890 4711 2127 4782 fulgurat
2170 4706 2263 4761 Dei
2305 4702 2584 4765 notitiam,
2634 4699 2762 4753 dum
2813 4711 2882 4750 ex
2936 4690 3209 4749 creaturis
3254 4689 3484 4743 Creator

1890 4805 2226 4878 agnoscitur.
2256 4802 2333 4857 De
2350 4797 2645 4863 medioque
2666 4789 3026 4847 animantium
3042 4782 3303 4854 splendor
3320 4783 3483 4852 ignis,

1890 4913 1945 4960 et
1976 4903 2153 4971 fulgur
2186 4896 2483 4969 egreditur.
2519 4891 2576 4948 Si
2617 4890 2762 4946 enim
2790 4884 3087 4955 Evangelia
3138 4881 3239 4938 sibi
3269 4878 3485 4935 collise-

1891 5000 1989 5064 ris,
2014 4997 2066 5051 in
2102 4994 2282 5049 medio
2314 4991 2508 5045 litterae
2534 4986 2769 5056 vilisque
2800 4975 3324 5048 liistorim,Spiritus
3354 4987 3483 5029 san-

1887 5092 1959 5148 cti
1988 5095 2324 5144 sacramenta
2359 5080 2620 5150 reperies.
2694 5127 2702 5135 .

1958 5180 2146 5251 (Vers.
2179 5177 2248 5232 15
2270 5174 2453 5244 seqq.)
2484 5170 2717 5241 Cumque
2769 5168 3054 5239 aspicerem
3093 5160 3366 5224 animalia,
3390 5174 3484 5229 ap-

1886 5276 2065 5347 paruit
2094 5282 2207 5327 rota
2235 5286 2339 5324 una
2378 5282 2532 5339 super
2558 5275 2749 5318 terram
2771 5263 2929 5333 juxta
2967 5257 3219 5312 animalia
3246 5252 3485 5308 habentia

1888 5362 2312 5443 [Vulg.ltabens]
2341 5371 2558 5431 quatuor
2601 5358 2775 5429 facies.
2831 5353 2897 5407 Et
2942 5361 3179 5425 aspectus
3228 5357 3482 5413 rotarum,

1888 5438 1933 5514 et
1957 5474 2084 5528 opus
2115 5471 2315 5520 earum,
2338 5452 2487 5517 quasi
2508 5450 2639 5505 visio
2668 5448 2846 5514 maris,
2878 5456 2923 5499 et
2961 5460 3066 5497 una
3095 5438 3379 5496 similitudo
3406 5440 3489 5509 ip-

1890 5568 2067 5609 sarum
2095 5559 2341 5622 quatuor,
2372 5555 2419 5600 et
2445 5553 2683 5617 aspectus
2722 5556 2903 5595 earum
2932 5547 2977 5592 et
3022 5551 3202 5606 Opera,
3254 5534 3400 5601 quasi
3421 5534 3488 5587 sit

1890 5653 2005 5698 rota
2035 5642 2088 5696 in
2112 5640 2281 5694 medio
2310 5647 2457 5693 rotw.
2513 5635 2619 5690 Per
2642 5641 2867 5706 quatuor
2896 5638 3068 5700 partes
3114 5643 3294 5682 earum
3314 5637 3488 5680 euntes

1892 5738 2055 5805 ibant,
2102 5745 2151 5791 et
2182 5750 2285 5789 non
2314 5732 2696 5787 revertebantur
2724 5743 2839 5782 cum
2876 5725 3224 5780 ambularent.
3267 5722 3487 5779 Statura

1890 5846 2090 5902 quoque
2129 5827 2406 5889 eratrotis,
2436 5832 2481 5879 et
2516 5821 2761 5887 altitudo,
2796 5827 2842 5873 et
2871 5812 3137 5873 horribilis
3158 5826 3414 5888 aspectus,
3439 5816 3485 5863 ιιι
