3996 6322
486 292 557 348 97
1725 290 1782 346 8.
1827 286 2105 346 EUSEB“

2224 286 2532 345 ERONYMI
3712 283 3778 345 ξε

486 414 649 461 totum
679 423 867 478 corpus
903 404 1116 472 plenum
1142 405 1308 460 oculis
1348 405 1401 458 in
1433 404 1648 459 circuitu
1678 404 1910 467 ipsarum
1955 419 2085 475 qua-
2114 405 2168 466 Α
2193 412 2504 459 mentorum
2537 402 3028 474 est,quodindloat
3044 404 3186 459 scala
3204 402 3374 459 Jacob
3397 401 3779 475 (Gemxxvut),

485 507 621 553 tuor.
657 498 800 554 LXX
835 516 848 554 :
887 498 950 552 Et
980 498 1105 562 vidi,
1134 508 1180 551 et
1200 515 1315 554 ecce
1340 508 1455 552 rota
1480 515 1583 552 una
1612 513 1768 569 super
1790 506 1980 550 terram
2008 513 2088 550 se-
2196 507 2249 553 et
2276 494 2491 562 forceps
2512 496 2662 552 Isaiae
2686 495 2839 568 (Isai.
2876 496 2973 566 Vl),
3003 506 3058 552 et
3085 495 3296 567 gladius
3328 497 3413 551 bis
3443 505 3632 553 acutus
3661 494 3782 553 :vel

489 608 650 661 quens
672 592 923 645 animalia
944 603 1185 661 quatuor.
1217 590 1282 645 Et
1312 603 1551 658 aspectus
1578 601 1825 653 rotarum,
1852 599 1899 645 et
1920 590 2090 659 factu-
2196 590 2489 661 Evangelia
2520 592 2620 646 sibi
2652 590 3003 656 coluereutia,
3028 605 3256 658 quorum
3280 604 3472 645 cursus
3494 597 3548 644 et
3578 597 3782 646 statura

495 701 556 738 ra
584 700 784 749 eorum,
826 686 974 754 quasi
996 685 1186 755 species
1218 683 1428 739 tharsis.
1482 681 1550 737 Et
1572 683 1858 739 similitudo
1883 684 1935 736 in
1962 699 2091 752 qua-
2196 686 2368 740 tendit
2396 686 2463 753 ad
2478 684 2697 752 ctelum,
2729 684 3118 754 paululumque
3143 682 3269 751 quid
3287 684 3501 753 attingit
3530 684 3584 737 in
3612 693 3781 752 terra,

496 785 617 831 tuor
644 794 660 831 :
684 788 733 834 et
759 796 891 844 opus
931 795 1109 832 earum
1138 778 1272 832 sicut
1311 780 1438 833 solet
1477 794 1587 833 esse
1614 786 1730 831 rota
1775 778 1829 831 in
1864 785 1996 831 rota.
2024 775 2092 830 lu
2196 788 2249 833 et
2277 794 2492 850 semper
2517 790 2836 847 properans,
2868 776 2934 831 ad
2962 776 3172 832 excelsa
3205 775 3444 830 feelinat.
3486 775 3562 830 De
3588 776 3785 844 quibus

495 880 715 938 quatuor
746 880 919 942 partes
935 887 1116 926 eorum
1135 869 1487 935 ambulabant,
1516 881 1563 925 et
1576 871 2089 936 nonrevertebantur,
2194 884 2248 929 et
2279 872 2406 927 alibi
2441 870 2640 926 dicitur
2670 889 2683 925 :
2714 869 2936 940 Lapides
2963 868 3129 922 sancti
3173 868 3448 922 volvuntur
3488 883 3642 938 super
3685 876 3788 921 ter-

496 978 612 1017 cunt
640 963 981 1018 ambularent.
1009 963 1075 1016 Et
1117 968 1277 1018 dorsa
1305 979 1509 1029 eorum,
1539 972 1586 1017 et
1618 961 1844 1017 altitudo
1863 972 1970 1016 erat
1995 962 2088 1015 eis.
2195 981 2307 1018 ram
2335 962 2521 1035 (Zach.
2558 979 2632 1027 ιι,
2668 960 2791 1033 16);
2848 970 2914 1015 ex
2964 961 3161 1029 quibus
3193 958 3493 1013 a-dilicatur
3543 958 3789 1015 caelestis

497 1054 564 1109 Et
606 1057 709 1110 vidi
731 1073 836 1118 eas.
872 1067 918 1110 et
947 1060 1102 1111 dorsa
1132 1072 1311 1110 earum
1360 1057 1514 1123 plena
1557 1055 1722 1110 oculis
1774 1055 1827 1108 in
1876 1054 2092 1108 circuitu
2196 1056 2519 1113 Jerusalem.
2559 1055 2674 1109 lloc
2703 1054 2879 1125 ipsum
2905 1062 3038 1124 puto
3069 1051 3375 1123 signiﬁcare
3405 1060 3459 1105 et
3484 1052 3613 1106 illud
3643 1052 3787 1122 quod

494 1150 731 1215 ipsarum
753 1158 994 1218 quatuor.
1031 1149 1324 1219 llttcusque
1342 1158 1577 1216 quatuor
1592 1148 1949 1204 animantium
1970 1162 2095 1214 «ruas
2198 1152 2251 1206 in
2284 1150 2494 1221 psalmo
2525 1148 2787 1205 canitur:
2824 1146 2941 1202 νοω
2986 1148 3204 1201 tonitrui
3255 1148 3329 1200 tui
3364 1148 3417 1199 in
3463 1155 3578 1200 rota
3609 1145 3788 1217 (Psal.

506 1244 606 1315 ι’]
639 1251 936 1311 quaternas
963 1244 1238 1300 habebant
1282 1244 1474 1309 facies,
1498 1245 1709 1313 pictura
1739 1241 2091 1307 describitur,
2202 1259 2379 1309 uxvt,
2414 1243 2519 1310 t9).
2552 1243 2617 1297 Et
2644 1242 2772 1297 alibi
2800 1258 2814 1297 ε
2843 1239 2971 1306 Quae
2995 1241 3288 1312 inﬂammat
3314 1250 3485 1293 rotam
3506 1240 3794 1294 nativitatis

503 1336 849 1404 sequentium
880 1336 1158 1406 spiritum,
1188 1346 1243 1391 et
1274 1336 1495 1403 nubem,
1541 1351 1663 1407 quas
1690 1343 1810 1390 erat
1831 1334 1883 1390 in
1913 1332 2096 1388 medio
2200 1336 2340 1408 (Jac.
2375 1352 2450 1397 ut,
2486 1337 2565 1406 6).
2596 1335 2727 1404 Quae
2751 1334 3086 1401 testimonia,
3119 1349 3282 1405 quem
3324 1346 3546 1388 sensum
3582 1334 3633 1388 in
3678 1332 3793 1388 suis

505 1427 755 1494 spiritus,
787 1444 929 1482 nunc
958 1445 1052 1498 per
1079 1429 1285 1498 singula
1318 1428 1570 1483 animalia
1621 1426 1850 1497 singulae
1886 1441 2098 1496 ponun-
2200 1432 2336 1487 locis
2364 1429 2620 1496 habeant,
2656 1445 2763 1483 non
2813 1427 2973 1497 hujus
3003 1436 3087 1483 est
3132 1426 3414 1497 temporis.
3470 1426 3663 1480 Totum
3696 1442 3797 1480 att-

502 1532 591 1577 tur
618 1533 774 1591 rutro,
806 1539 930 1594 quae
976 1540 1085 1579 non
1115 1532 1277 1579 erant
1310 1523 1513 1593 juncta:
1562 1522 1949 1586 animantibus,
1999 1519 2096 1576 sed
2202 1534 2307 1579 tem
2339 1536 2539 1592 corpus
2565 1520 2795 1576 etdorsa
2825 1520 2983 1590 plena
3015 1517 3187 1573 oculis
3210 1515 3555 1586 approbabit,
3585 1517 3677 1587 qui
3709 1517 3796 1571 vi-

504 1614 875 1684 sequebantur
903 1632 988 1671 ea.
1027 1615 1161 1673 Sive
1192 1631 1293 1671 una
1341 1626 1459 1670 rota
1503 1615 1756 1684 apparuit
1799 1628 1960 1683 super
1992 1623 2099 1668 ter-
2201 1618 2343 1675 derit
2377 1616 2514 1672 nihil
2545 1629 2667 1671 esse
2720 1616 2773 1670 in
2808 1613 3116 1684 Evangeliis
3166 1612 3310 1683 quod
3360 1627 3464 1666 non
3512 1611 3714 1676 luceat,
3741 1620 3799 1668 et

496 1724 635 1773 Pam.
676 1725 817 1780 (tum.
848 1708 1020 1764 (“Visa
1054 1725 1148 1779 μετ
1190 1721 1446 1779 quatuor.
1503 1719 1583 1763 ιοι
1632 1707 1868 1765 habebat
1908 1705 2096 1771 Γίιοίθε,
2203 1710 2495 1784 splendore
2521 1725 2621 1765 suo
2649 1708 2910 1764 mundum
2942 1708 3235 1773 illuminet,
3260 1718 3312 1762 ut
3338 1708 3501 1762 etiam
3526 1723 3646 1778 qua:
3671 1722 3801 1778 par-

500 1810 632 1869 quot
658 1800 912 1857 animalia
937 1802 1289 1874 sequebatur.
1317 1802 1597 1872 Tantaque
1642 1799 1946 1855 similitudo
1977 1809 2094 1854 erat
2126 1798 2171 1864 Β
2198 1820 2265 1860 va
2288 1811 2544 1874 putantur
2562 1800 3021 1871 etvilia,Spiritus
3042 1800 3211 1853 sancti
3229 1798 3468 1869 fulgeant
3487 1800 3797 1870 majestate.

501 1902 748 1947 rotarum
794 1904 1029 1965 quatuor
1068 1896 1411 1964 sequentium
1450 1893 1702 1949 animalia
1735 1903 1992 1963 quatuor,
2041 1902 2098 1947 ut
2276 1895 2458 1967 (Vera.
2514 1894 2582 1948 19
2635 1894 2815 1962 seqq.)
2875 1892 3108 1963 Cumque
3149 1890 3473 1945 ambularent
3519 1892 3801 1958 animalia,

422 2016 423 2019 η
501 2001 601 2037 una
630 1996 746 2040 rota
776 1986 1070 2041 verissime
1099 1986 1438 2041 crederetur.
1491 1986 1745 2057 Opusque
1771 2000 1960 2040 earum
1979 1993 2100 2040 erat
2203 1989 2539 2045 auibulabant
2566 1990 2761 2057 pariter
2779 1996 2828 2041 et
2856 1995 2985 2040 reue
3010 1986 3168 2055 juxta
3192 2001 3273 2039 ea.
3302 1983 3369 2038 Et
3395 2000 3515 2038 cum
3534 1983 3802 2038 elevare".

496 2088 657 2147 atque
679 2077 909 2144 factura,
940 2082 1093 2150 quasi
1130 2079 1267 2134 visio
1292 2079 1506 2147 tharsis,
1552 2095 1713 2148 quam
1745 2093 1843 2134 nos
1872 2078 1923 2132 ill
1955 2092 2100 2130 mare
2204 2096 2286 2138 tur
2311 2082 2562 2136 animalia
2579 2081 2643 2135 de
2666 2089 2833 2148 terra,
2856 2078 3189 2133 elevabanmr
3218 2077 3375 2131 simul
3396 2087 3444 2131 et
3474 2084 3620 2131 τοίω,
3657 2077 3803 2144 Quo.

498 2172 787 2227 vertimus.
813 2174 1007 2243 Aquila
1037 2183 1059 2208 υ
1080 2173 1422 2244 Ityacintltum
1453 2174 1662 2243 posuit;
1689 2174 1780 2243 qui
1808 2173 1948 2242 lapis
1975 2170 2099 2227 caeli
2203 2192 2420 2245 cumque
2442 2176 2544 2228 ibat
2571 2174 2805 2246 spiritus,
2847 2171 2977 2225 illuc
3003 2179 3154 2225 eunte
3184 2170 3389 2240 spiritu,
3416 2178 3460 2223 et
3492 2179 3617 2224 rota:
3652 2171 3804 2240 pari-

508 2264 674 2321 babet
706 2266 1144 2321 similitudinem.
1180 2271 1561 2336 ASpectusque
1582 2281 1768 2321 earum
1802 2274 1918 2320 erat
1944 2262 2100 2334 quasi
2203 2282 2279 2325 ter
2302 2268 2625 2333 levabantur,
2658 2275 2924 2339 sequentes
2952 2282 3098 2332 eunt;
3128 2266 3343 2338 spiritus
3379 2264 3514 2319 enint
3542 2267 3661 2319 vita
3688 2275 3804 2320 erat

508 2368 625 2413 rota
657 2358 711 2414 in
740 2370 885 2425 rota,
913 2368 971 2413 ut
1002 2376 1111 2414 non
1143 2374 1303 2413 unam
1329 2373 1504 2415 rutam
1526 2361 1808 2427 crederes,
1842 2358 1936 2414 sed
1966 2357 2099 2413 alte-
2203 2365 2257 2418 in
2278 2364 2427 2417 rotis.
2471 2360 2604 2416 Cum
2633 2359 2876 2415 euntibus
2924 2360 3087 2425 ibant,
3140 2368 3187 2411 et
3225 2374 3344 2413 cum
3390 2358 3644 2413 stantibus
3686 2366 3802 2412 sta-

503 2468 618 2507 ram
649 2452 810 2507 alteri
840 2454 1177 2523 copulatam.
1222 2454 1326 2511 Per
1348 2466 1582 2523 quatuor
1612 2464 1796 2525 partes
1845 2454 2016 2516 ibant,
2045 2463 2102 2509 et
2207 2457 2329 2511 bant
2360 2472 2377 2510 :
2404 2464 2453 2509 et
2502 2471 2618 2510 cum
2646 2452 2853 2508 elevatis
2891 2470 2922 2506 a
2964 2463 3119 2515 terra,
3168 2452 3363 2525 pariter
3399 2452 3731 2506 elevabantur
3756 2460 3809 2507 et

504 2562 612 2602 non
649 2546 1031 2613 trahebantur,
1065 2563 1165 2603 nec
1216 2551 1636 2604 revertebantur
1652 2558 1973 2604 retrorsum.
1998 2544 2104 2615 Qui
2205 2556 2334 2603 rotae
2372 2558 2632 2619 sequentes
2659 2564 2718 2601 ea
2758 2564 2775 2600 :
2820 2551 2945 2618 quia
2988 2544 3205 2618 spiritus
3236 2547 3355 2600 vitta
3393 2554 3503 2599 erat
3549 2547 3601 2599 in
3644 2548 3802 2600 rotis.

499 2644 646 2698 enim
674 2641 795 2698 ﬁeri
816 2652 1051 2713 poterat,
1086 2652 1143 2697 ut
1172 2652 1610 2710 reverterentur,
1643 2658 1766 2698 cum
1800 2657 2101 2713 sequeren-
2204 2642 2449 2708 Quatuor
2477 2640 2734 2693 animalia
2766 2642 3019 2708 spiritum
3062 2638 3458 2709 sequebantur,
3505 2649 3558 2693 et
3593 2638 3806 2694 nubem

503 2746 591 2790 tur
628 2738 910 2801 animalia,
936 2752 1060 2806 qua:
1106 2752 1322 2807 semper
1353 2737 1420 2792 ad
1452 2742 1635 2806 priora
1678 2752 1738 2792 se
1771 2736 2104 2791 tenderent?
2207 2748 2328 2803 quae
2353 2742 2473 2787 erat
2502 2734 2554 2787 in
2582 2733 2798 2803 spiritu.
2830 2732 3176 2802 llurSumque
3218 2743 3354 2785 rotae
3381 2747 3503 2785 cum
3536 2732 3807 2788 animalia

502 2827 949 2899 Staturaquoque
965 2838 1209 2884 rotarum
1231 2828 2099 2897 etaltitudotantaerat,utmira-
2209 2836 2569 2898 sequerentur
2588 2825 2860 2881 elevantia
2901 2840 2961 2879 se
2991 2824 3058 2878 de
3093 2836 3259 2892 terra,
3296 2838 3639 2894 nequaquam
3680 2827 3811 2881 ani-

503 2924 683 2979 culum
718 2924 1008 2978 vdentibus
1050 2924 1272 2979 laceret.
1304 2924 1608 2993 Totumque
1636 2937 1836 2992 corpus
1860 2931 1913 2977 et
1939 2922 2102 2981 dorsa
2210 2923 2391 2988 malis,
2443 2921 2538 2976 sed
2596 2919 2849 2989 spiritum
2896 2918 3289 2986 sequebantur,
3336 2926 3391 2971 ut
3445 2917 3813 2975 ostenderent

505 3028 661 3073 erant
693 3018 854 3086 plena
877 3017 1015 3072 luris
1044 3018 1097 3072 in
1130 3018 1381 3083 circuitu,
1414 3027 1472 3072 ut
1501 3017 1706 3072 nullum
1734 3015 2106 3071 membrorum

506 3109 785 3179 aspiceres
805 3110 946 3179 quod
966 3110 1157 3164 oculos
1177 3110 1395 3164 luminis
1422 3125 1529 3165 non
1557 3109 1781 3164 haberet
1808 3125 1821 3161 :
1852 3106 2101 3178 qualem-

2212 3017 2483 3085 propriam
2507 3013 2841 3068 voluntatem
2870 3029 2884 3066 :
2914 3011 3037 3080 quia
3067 3012 3283 3079 spiritus
3305 3010 3425 3063 vitm
3462 3018 3570 3063 erat
3618 3010 3674 3063 in
3719 3027 3817 3065 ro-

2208 3110 2290 3162 tis.
2318 3107 2448 3162 Tria
2487 3117 2668 3161 autem
2695 3114 2749 3158 et
2776 3103 2829 3158 in
2873 3104 3205 3158 animalibus
3234 3113 3291 3158 et
3322 3103 3375 3157 in
3427 3104 3563 3158 rotis
3596 3104 3814 3172 pariter

509 3190 2182 3275 quedescribuntl'abulrepoetarumArgumluissecentocu-C
2214 3202 2540 3266 indicantur,
2595 3213 2717 3253 cum
2775 3206 3017 3260 starent,
3066 3210 3189 3250 cum
3248 3195 3621 3259 ambularent,
3678 3211 3817 3251 cum

516 3298 626 3350 lum
661 3297 776 3352 sive
804 3299 1094 3353 multorqu
1119 3300 1426 3365 oculorum,
1458 3312 1618 3367 quem
1652 3295 1797 3351 Juno
1823 3298 1875 3350 in
1911 3308 2104 3363 parum

512 3390 673 3443 vertit
693 3389 764 3444 ob
792 3392 1157 3460 negligentem
1187 3390 1515 3457 custodiam,
1544 3386 1763 3457 utquod
1782 3386 2106 3441 miraculum

509 3495 591 3539 est
609 3486 909 3539 conditoris
936 3486 1054 3549 Dei,
1082 3488 1183 3540 boc
1207 3485 1589 3540 condemnatio
1604 3490 1751 3538 esset
1777 3482 1932 3536 inulti
1957 3479 2111 3534 adul-

512 3579 655 3633 terii.
692 3577 885 3633 Omnia
916 3581 1189 3641 ctelesua,
1215 3591 1263 3631 et
1298 3578 1600 3633 terrestria.
1636 3574 1971 3645 etquidqnid
2009 3572 2111 3627 sub

517 3674 815 3729 humanam
847 3675 993 3729 cadit
1025 3675 1464 3744 intelligentiam,
1497 3671 1642 3727 Solis
1672 3670 1809 3725 rotis
1850 3668 2107 3723 volvitur.

518 3766 664 3823 Solis
712 3783 953 3823 annuum
985 3767 1270 3832 circulum,
1319 3783 1415 3836 per
1450 3765 1697 3837 singulos
1739 3777 1956 3819 menses
1985 3762 2111 3817 luna

518 3861 776 3916 decurrit.
810 3861 1027 3916 Lucifer
1051 3861 1141 3932 qui
1174 3861 1292 3930 ipse
1316 3875 1512 3931 vesper
1541 3871 1643 3926 eet,
1674 3859 1802 3913 dum
1832 3857 1899 3912 ad
1920 3856 2115 3912 Orien-

523 3963 652 4019 tem,
688 3966 740 4009 et
764 3955 828 4009 ad
853 3954 1210 4010 Occidentem
1235 3955 1428 4009 rutilus
1460 3955 1641 4021 micat,
1672 3956 1727 4008 et
1764 3950 1939 4006 noctis
1963 3961 2115 4006 tene-

528 4046 652 4099 bras
685 4061 848 4115 parvo
879 4057 1147 4117 temperat
1174 4048 1402 4112 lumine,
1433 4046 1645 4102 duobus
1678 4045 1838 4100 annis
1862 4043 2115 4099 eumdem

521 4141 744 4194 coniicit
773 4155 993 4195 cursum
1028 4159 1040 4194 :
1070 4141 1287 4210 aliaque
1322 4149 1465 4195 astra
1496 4150 1725 4210 quatuor
1761 4153 1880 4209 qua:
1913 4151 2114 4192 vocan-

528 4240 613 4287 tur
635 4234 894 4301 errantia,
947 4242 999 4289 et
1030 4233 1289 4304 quidquid
1342 4234 1513 4305 fulget
1549 4232 1602 4287 in
1660 4230 1825 4296 ctelo,
1873 4239 2117 4300 segetum

524 4342 741 4398 quoque
797 4338 852 4383 et
893 4329 1177 4395 arborum,
1232 4328 1637 4398 herbarumque
1682 4326 1973 4381 varietates
2024 4340 2119 4393 per

530 4428 759 4488 quatuor
792 4429 1035 4492 tempora
1058 4422 1167 4477 suis
1198 4432 1424 4476 currunt
1452 4422 1608 4488 rotis,
1634 4420 1881 4488 nihilque
1918 4418 2120 4487 aspici-

534 4526 653 4566 mus
672 4512 814 4582 quod
840 4522 968 4568 ante
1001 4528 1105 4568 non
1136 4514 1318 4569 luerit.
1352 4513 1559 4585 Gyrans
1589 4511 1823 4584 gyrando
1850 4510 1989 4563 vadit
2011 4510 2120 4579 spi-

2205 3298 2572 3357 elevarentur,
2608 3309 2730 3363 qua:
2762 3300 2816 3347 et
2848 3289 3130 3355 animalia,
3171 3297 3224 3343 et
3255 3302 3391 3342 rota:
3423 3288 3477 3342 in
3516 3302 3821 3344 commune

2211 3390 2503 3447 faciebant.
2556 3387 2741 3457 Neque
2770 3386 2916 3440 enim
2967 3384 3237 3438 stantibus
3280 3382 3612 3436 animalibus
3659 3391 3810 3437 rotae

2212 3495 2461 3557 poterant
2491 3482 2793 3547 ambulare,
2826 3493 2923 3533 nec
2956 3475 3361 3531 ambulantibus
3410 3490 3575 3542 super
3601 3483 3820 3530 terram

2213 3581 2558 3643 animalibus,
2591 3577 2809 3632 elevare
2855 3588 2913 3628 se
2946 3583 3097 3640 rotat,
3138 3571 3241 3642 ιθ
3284 3569 3378 3625 sed
3423 3584 3655 3638 quorum
3702 3583 3823 3624 una

2212 3686 2328 3731 erat
2361 3671 2524 3733 actio,
2560 3684 2668 3723 una
2697 3675 2816 3722 erat
2836 3673 2893 3721 et
2915 3666 3153 3734 requies,
3192 3674 3241 3716 et
3280 3676 3498 3726 cursus,
3543 3670 3598 3715 et
3624 3662 3826 3717 eleva-

2217 3771 2313 3824 tio.
2370 3763 2733 3830 Secundoque
2793 3757 3013 3825 dicitur,
3066 3756 3190 3826 quia
3242 3754 3456 3826 spiritus
3518 3753 3637 3807 uiue
3702 3761 3827 3808 erat

2216 3864 2271 3918 in
2327 3860 2453 3914 rotis
2502 3875 2519 3911 :
2568 3864 2627 3911 ut
2676 3866 3021 3923 nequaquam
3074 3863 3171 3903 vas
3227 3846 3434 3917 aliquid
3480 3845 3830 3903 arbitremur

2219 3964 2463 4011 rotarum
2493 3991 2507 4016 ,
2549 3948 2577 3987 b
2622 3962 2757 4017 quas
2804 3945 2856 3999 in
2916 3942 3195 4012 carpentis
3250 3941 3619 4011 plaustrorum
3680 3941 3826 3997 rhe-

2220 4050 2523 4115 darumque
2577 4049 2632 4096 et
2678 4051 2936 4094 curruum
2978 4033 3301 4101 aspicimus,
3333 4032 3431 4088 sed
3478 4032 3829 4098 animantia,

2221 4142 2388 4195 immo
2419 4150 2584 4206 super
2625 4128 2943 4186 animantia.
2994 4125 3265 4183 Animalia
3304 4125 3449 4179 enim
3499 4124 3661 4177 homo
3705 4140 3831 4181 non

2222 4229 2451 4302 percipit
2476 4241 2539 4282 ea
2576 4238 2697 4295 qum
2724 4222 2948 4292 spiritus
2977 4226 3130 4273 sunt.
3181 4216 3301 4271 lsltc
3348 4231 3484 4284 ergo
3529 4225 3703 4280 rotae,
3760 4217 3825 4272 in

2219 4323 2417 4394 quibus
2441 4329 2559 4375 erat
2590 4316 2819 4387 spiritus
2844 4312 2992 4375 vitae,
3025 4310 3207 4365 omnia
3239 4309 3433 4364 ordine
3466 4308 3670 4362 faciunt
3718 4319 3821 4361 at-

2220 4429 2328 4485 que
2357 4426 2637 4474 mensura,
2688 4406 2998 4473 habentque
3030 4416 3152 4456 cum
3194 4400 3526 4455 animalibus
3583 4413 3831 4456 concor-

2222 4512 2388 4573 diam,
2412 4514 2706 4578 sequenlcs
2729 4517 2815 4565 ea,
2863 4506 2918 4553 et
2965 4511 3064 4566 per
3106 4511 3171 4552 ea
3221 4495 3482 4565 Spiritum
3514 4504 3823 4559 sanctum;

528 4603 680 4670 ritus,
706 4614 752 4659 et
774 4607 825 4659 in
848 4608 1064 4661 circulos
1083 4624 1205 4662 suos
1231 4611 1521 4663 revertitur.
1550 4606 1736 4661 Omnes
1759 4612 2005 4658 torrentes
2030 4618 2118 4657 va-
2145 4592 2199 4653 D
2225 4606 2393 4659 immo
2423 4600 2616 4656 mediis
2638 4598 3047 4669 prtetermi~sis,
3080 4593 3253 4647 sancti
3286 4591 3519 4660 SPi'illIS
3549 4588 3836 4644 εοοίθιθιθ

531 4698 657 4753 dunt
688 4699 741 4753 in
764 4717 925 4769 mare,
954 4710 1001 4756 et
1018 4718 1159 4756 mare
1180 4718 1285 4756 non
1311 4702 1627 4771 adimpletur
1648 4698 1876 4770 (Eccles.
1910 4714 1948 4762 ι,
1980 4698 2120 4769 6,7).

530 4793 749 4859 Quare?
779 4797 900 4866 quia
923 4797 988 4850 ad
1020 4797 1196 4851 fontes
1229 4798 1333 4868 ιε
1359 4810 1486 4850 suos
1535 4795 1603 4850 de
1654 4796 1880 4850 matrice
1923 4792 2125 4866 abysso

531 4894 897 4943 revertuntur.
938 4888 1361 4959 Evangeliorum
1404 4894 1610 4952 autem,
1642 4886 1693 4941 id
1742 4895 1845 4953 est,
1892 4896 2127 4956 quatuor

529 4979 844 5036 animalium
868 4998 987 5052 quzc
1016 4984 1248 5048 spirant,
1296 4981 1508 5046 vivunt,
1544 4980 1876 5050 intelligunt,
1927 4981 1973 5035 si
2003 4982 2125 5049 quis

528 5085 701 5132 rotam
734 5092 1061 5147 cursumque
1086 5078 1417 5141 consideret,
1447 5078 1498 5130 in
1530 5075 1679 5130 brevi
1709 5084 1953 5145 tempore
1971 5074 2125 5130 vide-

529 5173 606 5227 bit
636 5171 894 5225 mttndum
927 5184 1051 5226 esse
1095 5170 1429 5239 completum
1477 5183 1733 5225 sermone
1780 5169 2117 5238 Apostolico.

531 5263 669 5320 Rota
698 5278 914 5334 quoque
943 5264 996 5319 in
1039 5274 1185 5328 rota,
1242 5264 1328 5318 vel
1379 5265 1609 5319 duorum
1649 5263 1902 5333 junctura
1931 5264 2122 5320 Testa-

606 5409 632 5436 α
670 5398 741 5455 At
787 5416 915 5456 vero
961 5399 1368 5472 Symmachum,
1423 5414 1528 5455 non
1582 5400 1831 5470 Aquilam
1887 5398 2120 5472 vertisse

532 5472 887 5541 hyacinthina,
917 5469 1080 5541 epist.
1113 5471 1165 5525 in
1195 5481 1381 5525 nostra
1411 5469 1732 5527 recensione
1774 5471 1861 5537 54,
1888 5474 1953 5523 ad
1985 5469 2123 5525 Mar-

533 5544 750 5608 cellam,
789 5559 937 5597 num.
972 5545 1022 5605 l,
1053 5554 1185 5607 etc.,
1228 5544 1281 5596 in
1332 5547 1434 5598 hoc
1483 5547 1599 5610 ipso
1643 5542 2014 5598 Cmnntcnlar.
2072 5542 2124 5596 in

536 5613 809 5669 Ezechiel.
855 5614 983 5668 inlr.
1025 5630 1143 5683 cap.
1176 5632 1204 5670 κ
1250 5616 1431 5671 tradit.
1465 5615 1619 5681 Quod
1663 5616 1824 5669 etiam
1856 5614 2036 5670 discas
2061 5629 2124 5668 ex

536 5683 795 5754 Gregorio
819 5685 1243 5742 Neocaesariensi
1269 5689 1317 5741 in
1353 5688 1633 5751 lﬂzet-biel;
1664 5687 1753 5755 qui
1783 5690 2128 5741 Commenta.

540 5757 656 5810 ritis
690 5755 825 5811 falso
866 5761 1156 5814 ascribitnr
1188 5759 1540 5821 Nazianzeno,
1575 5769 1685 5811 tum
1728 5775 1791 5812 ex
1820 5756 2133 5811 Tlteodore-

541 5838 624 5900 to,
645 5839 699 5886 et
721 5844 788 5889 ex
815 5833 940 5890 cod.
969 5832 1211 5906 cxaplari
1234 5845 1336 5890 ius.
1369 5830 1695 5892 lesuitarum
1724 5827 2135 5899 Parisiensium,

2223 4697 2541 4769 gaudentes.
2568 4694 2702 4761 Quae
2727 4693 2908 4747 omnia
2932 4692 3083 4759 juxta
3108 4687 3344 4757 priorem
3372 4682 3826 4751 intelligentiam,

2228 4790 2392 4847 variae
2442 4787 2877 4859 interpretationi
2911 4783 3148 4854 prudens
3194 4780 3366 4835 lector
3408 4776 3610 4848 poterit
3654 4790 3839 4848 conp.

2230 4896 2364 4941 tare.

2302 4976 2480 5048 (Vere.
2512 4975 2582 5029 ‘22
2612 4971 2792 5043 seqq.)
2834 4967 3393 5053 Etsimilitudosuper
3420 4970 3575 5031 caput
3617 4961 3842 5031 animo-

2229 5076 2353 5145 lium
2387 5068 2891 5145 ﬁrmamentiquasi
2914 5074 3149 5145 aspectus
3180 5060 3411 5139 crystalli
3442 5056 3735 5123 horribilis,
3790 5067 3843 5112 et

2228 5140 2596 5236 alienam"
2626 5165 2799 5231 capita
2840 5140 3023 5215 eorum.
3064 5159 3307 5227 desuper.
3358 5153 3469 5208 Sub
3501 5152 3847 5218 ﬁrmamento

2229 5273 2396 5321 autem
2415 5272 2596 5329 penum
2619 5270 2799 5311 eorum
2833 5262 2986 5309 rectte
3017 5250 3228 5306 alterius
3256 5247 3327 5301 ad
3356 5246 3594 5300 alterum.
3625 5241 3851 5299 Unum-

2228 5406 2366 5451 teste
2398 5390 2819 5455 Montfauconio,
2854 5386 2943 5462 ubi
2972 5381 3344 5462 inmeriti-act;
3374 5381 3631 5462 ὖακίγβου.
3667 5375 3850 5462 Sy_m-

2230 5467 2462 5531 machus,
2494 5464 2643 5534 quasi
2675 5451 2877 5534 species
2900 5451 3438 5534 Ityacintltiglegitnr.‘
3477 5451 3665 5534 Atque
3688 5451 3851 5506 adeo

2232 5539 2424 5607 Opinor
2453 5523 2561 5589 aut
2588 5523 2799 5607 lapsum
2828 5531 2917 5607 hic
2936 5523 3220 5607 'memoria
3266 5523 3521 5607 sanctiss.
3550 5523 3853 5607 doctorem

2232 5593 2323 5665 aut
2349 5610 2595 5663 vitiatum
2627 5593 2657 5660 a
2696 5604 2940 5660 librariis
2971 5601 3173 5674 locum,
3208 5606 3263 5654 et
3286 5596 3514 5674 Aquilus,
3541 5593 3853 5674 quichry-

2238 5662 2483 5737 solithum
2507 5679 2688 5743 vertit,
2722 5690 2826 5728 non
2862 5669 3217 5743 hyacinthum,
3251 5662 3363 5741 pro
3391 5662 3705 5738 Symmachi
3742 5662 3857 5720 no-

2246 5755 2391 5808 mine
2418 5751 2789 5823 subStitututn:
2885 5818 2894 5823 _
3064 5814 3074 5823 .
3110 5814 3120 5823 .
3164 5816 3165 5819 η
3382 5810 3411 5823 Α,

2316 5826 2341 5864 ι)
2393 5825 2664 5881 Hactenus
2689 5818 2897 5890 Vulgati
2927 5814 3075 5888 quasi
3106 5814 3165 5871 in
3179 5814 3460 5885 carpentis,
3494 5823 3589 5883 pro
3607 5822 3770 5879 quas.
