3996 6322
473 301 538 362 3i
1703 297 1760 356 S.
1805 298 2078 358 EUSEBII
2118 297 2496 358 HIERONYMI
3694 294 3764 352 32

472 422 616 479 sicut
642 433 809 478 arcus
834 417 1248 476 similitudinem
1270 459 1286 486 ,
1335 431 1457 490 quae
1492 417 1656 490 vulgo
1693 416 1795 473 iris
1835 417 2064 485 dicitur,
2097 417 2150 480 Α
2173 432 2238 474 ea
2275 417 2571 474 Salvatoris
2611 424 2902 488 exspectat
2937 415 3250 472 adventum.
3292 413 3361 470 Et
3383 414 3437 470 in
3471 412 3763 485 Evangelia

471 533 597 574 cum
626 515 789 572 fuerit
826 515 880 570 in
914 514 1059 570 nube
1095 514 1149 569 in
1173 510 1263 569 die
1294 513 1516 585 pluvias.
1567 513 1669 569 Iris
1689 513 1834 570 enim
1865 529 1987 584 quas
2014 513 2067 570 in

472 619 666 666 sancta
710 607 994 677 Scriptura
1043 615 1274 663 vocatur
1312 621 1499 672 arcus,
1541 612 1598 661 et
1646 606 1699 660 in
1741 604 2065 678 Apocalypsi

472 700 700 760 Joannis
743 701 937 756 eodem
981 699 1205 755 nomine
1245 697 1345 754 Iris
1374 697 1577 754 dicitur
1611 697 1800 770 (Apoc.
1830 697 1933 770 Iv),
1965 696 2069 753 nisi

472 796 528 851 in
559 793 774 865 pluvia,
827 802 883 848 et
923 793 977 847 in
1017 807 1225 863 aquosa
1259 791 1402 847 nube
1429 806 1536 846 non
1569 799 1747 861 potest
1774 805 2063 861 apparere,

473 888 814 945 diversorum
840 891 1114 952 colorum,
1149 894 1203 942 et
1227 885 1718 957 pulcherrimorum
1740 926 1756 952 ,
1788 893 1844 940 et
1866 885 2066 940 sensim

475 982 528 1037 in
581 981 722 1036 alios
769 980 1196 1036 trauseuntidm.
1261 977 1415 1035 Unde
1453 987 1508 1034 et
1533 988 1693 1050 poeta
1739 977 1972 1052 (Virgil.
2016 993 2068 1032 IV

477 1072 725 1146 /Eneid.)
744 1091 756 1127 :

632 1164 766 1215 Mille
789 1165 917 1228 rapit
939 1165 1098 1215 varios
1119 1165 1324 1214 adversa
1343 1163 1456 1214 luce
1474 1163 1688 1214 colores.

476 1256 584 1313 Sed
627 1265 681 1313 et
704 1273 910 1313 morem
931 1257 1079 1328 vulgi
1104 1271 1344 1328 sequens
1371 1257 1509 1312 idem
1539 1265 1731 1327 poeta:
1765 1254 1896 1311 Cum
1922 1254 2063 1322 bibit,

477 1351 687 1422 inquit,
739 1366 914 1404 arcus.
970 1350 1064 1404 Ex.
1092 1365 1202 1420 quo
1241 1349 1518 1420 signiﬁcat
1561 1365 1855 1418 numquam
1879 1364 2067 1403 arcum

475 1457 761 1512 apparere.
798 1443 905 1497 nisi
931 1443 983 1497 in
1008 1442 1151 1497 nube
1181 1443 1308 1496 etin
1332 1442 1506 1513 aquis.
1545 1441 1642 1496 Hic
1669 1457 1827 1496 arcus
1853 1441 2069 1511 signum

475 1544 559 1590 est
596 1535 933 1602 clementiae,
973 1540 1031 1589 et
1075 1535 1391 1590 testamenti
1423 1532 1555 1601 Dei,
1608 1533 1753 1604 quod
1781 1532 1908 1588 fecit
1944 1547 2066 1588 cum

476 1628 794 1684 hominibus
820 1647 834 1682 :
866 1637 926 1684 ut
955 1629 1176 1701 quando
1201 1630 1519 1700 apparuerit
1552 1630 1602 1684 in
1631 1629 1795 1697 nube,
1831 1629 2070 1684 sciamus

473 1736 594 1787 nos,
629 1722 929 1778 secundum
961 1723 1306 1794 antiquitatis
1345 1723 1681 1793 exemplum,
1725 1737 2064 1793 nequaquam

2173 513 2468 568 secundum
2497 512 2787 580 Joannem,
2825 513 2917 583 qui
2948 511 3016 566 ad
3051 509 3626 581 comprehendendum
3665 525 3762 565 ve-

2173 617 2370 664 nerant
2396 609 2706 674 Dominum,
2734 616 3018 678 postquam
3041 605 3133 660 ille
3155 604 3471 676 respondit:
3501 603 3615 676 Ego
3629 620 3763 672 sum,

2173 703 2465 758 ceciderunt
2492 713 2774 758 retrorsum
2804 705 2858 757 in
2883 712 3074 757 terram
3115 701 3298 769 (Joan.
3336 716 3490 766 xvm,
3520 699 3574 770 6)
3599 717 3614 766 ;
3644 714 3766 756 ser-

2173 810 2392 850 monem
2445 795 2596 865 ejus,
2645 797 2735 866 qui
2776 794 2948 866 Moysi
3000 795 3244 849 dixerat:
3311 791 3484 857 Vade,
3527 791 3612 845 dic
3639 790 3764 862 ﬁliis

2174 884 2382 941 Israel:
2410 887 2515 951 Qui
2544 896 2645 954 est,
2681 887 2820 940 misit
2848 903 2928 940 me
2955 886 3023 940 ad
3053 901 3138 940 ros
3169 883 3372 954 (Exod.
3400 899 3482 952 ιιι,
3512 882 3636 955 Μ),
3673 882 3767 937 ιιιί-

2172 981 2318 1035 nime
2345 980 2694 1035 sustinentes.

2245 1069 2313 1126 Et
2343 1072 2473 1125 dixit
2503 1071 2573 1124 ad
2603 1088 2713 1125 me:
2745 1069 2854 1124 Fili
2884 1069 3132 1134 hominis,
3162 1079 3240 1123 sta
3267 1086 3422 1138 super
3453 1067 3605 1138 pedes
3628 1075 3765 1134 tuos,

2172 1172 2219 1218 et
2245 1163 2426 1232 loquar
2456 1165 2548 1216 tibi
2593 1162 2788 1235 [ναις.
2819 1161 3040 1235 tecum].
3099 1161 3299 1217 Jaceus
3329 1174 3641 1216 sermonem
3666 1157 3766 1214 Dei

2171 1257 2362 1313 audire
2385 1273 2490 1311 non
2518 1268 2752 1325 poterat,
2787 1257 2880 1312 sed
2913 1256 3062 1310 audit
3101 1271 3226 1310 cum
3263 1254 3479 1326 Moyse:
3537 1252 3614 1305 Tu
3649 1267 3767 1306 vero

2174 1351 2256 1404 hic
2277 1359 2358 1404 sta
2385 1367 2581 1404 mecum
2610 1349 2811 1414 (Exod.
2843 1365 3025 1415 xxxw,
3051 1347 3132 1420 2).
3181 1346 3337 1414 Quod
3367 1354 3423 1401 et
3451 1343 3640 1400 Daniel
3661 1341 3768 1398 sibi

2171 1445 2435 1502 accidisse
2465 1455 2858 1500 commemorat
2889 1444 3052 1517 (Dan.
3089 1443 3167 1514 κ).

2244 1541 2428 1612 (Vers.
2453 1541 2538 1610 9..)
2569 1540 2636 1595 Et
2670 1541 2934 1614 ingressus
2956 1550 3030 1593 est
3055 1540 3108 1592 in
3133 1555 3213 1593 me
3238 1537 3470 1610 spiritus,
3495 1543 3768 1606 postquam

2172 1635 2373 1690 locutus
2405 1645 2481 1690 est
2512 1633 2670 1699 mihi,
2713 1643 2760 1687 et
2785 1633 2964 1686 statuit
3006 1648 3086 1684 me
3115 1646 3276 1699 supra
3306 1628 3459 1701 pedes
3491 1643 3654 1682 meos.
3701 1625 3769 1679 Et

2172 1736 2345 1789 audivi
2387 1735 2676 1804 loquentem
2716 1731 2784 1784 ad
2809 1747 2907 1798 me,
2948 1739 2995 1784 et
3028 1730 3318 1782 dicentem:
3361 1723 3470 1778 Fili
3512 1723 3765 1778 hominis.

480 1815 754 1886 perituros
782 1830 906 1872 esse
932 1816 1135 1871 diluvio
1176 1815 1400 1886 (Genes.
1440 1817 1542 1885 ιιι).
1595 1815 1670 1870 Ex
1694 1830 1801 1884 quo
1822 1814 2066 1870 ostendi-
2099 1813 2147 1873 B
2172 1827 2353 1884 Lxx;
2387 1825 2457 1880 Et
2495 1827 2628 1880 υεηὶι
2670 1826 2738 1878 ad
2781 1841 2860 1878 me
2896 1824 3143 1893 spiritus,
3169 1830 3214 1874 et
3252 1819 3532 1888 assumpsit
3563 1833 3666 1882 me,
3709 1825 3762 1869 et

478 1923 567 1970 tur
613 1923 734 1983 post
785 1927 976 1981 poenas
1022 1919 1186 1981 atque
1235 1911 1543 1981 supplicia,
1592 1919 1646 1964 et
1686 1909 2068 1980 purgationem

469 2015 846 2080 peccatorum,
881 2005 1119 2059 futuram
1170 2003 1630 2068 misericordiam,
1681 2003 1967 2057 dumtaxat
2011 2003 2065 2057 in

474 2101 559 2157 his
599 2101 695 2172 qui
744 2102 912 2155 Deum
957 2098 1260 2155 meruerint
1296 2097 1482 2153 videre
1514 2106 1857 2167 regnantem.
1907 2096 2068 2152 Unde

471 2193 710 2250 dicitur:
741 2192 847 2247 Hic
873 2201 982 2246 erat
1013 2201 1249 2263 aspectus
1284 2191 1581 2264 splendoris
1608 2207 1698 2261 per
1722 2206 1927 2262 gyrum.
1963 2190 2067 2245 Per

469 2300 661 2356 gyrum
691 2284 784 2338 Dei
811 2325 826 2349 ,
876 2283 962 2338 vel
997 2281 1210 2346 throni,
1241 2282 1328 2336 vel
1355 2279 1598 2336 omnium
1632 2296 1752 2348 qua:
1783 2289 2066 2350 perspecta

471 2387 619 2434 sunt.
653 2377 722 2432 Et
749 2375 866 2430 haec
887 2375 1026 2430 visio
1045 2373 1239 2445 gloria:
1265 2373 1645 2428 similitudinis
1671 2373 1793 2427 Dei:
1829 2388 1936 2427 non
1960 2387 2068 2442 quo

470 2470 702 2542 gloriam
749 2469 964 2524 Domini
1015 2466 1243 2534 viderit,
1296 2465 1392 2522 sed
1430 2466 1843 2522 similitudinem
1875 2467 2066 2537 gloriae

471 2563 612 2633 ejus.
665 2561 820 2616 Visio
850 2569 1031 2615 autem
1059 2559 1237 2616 omnis
1267 2558 1385 2614 haec
1409 2568 1525 2614 est:
1559 2559 1799 2628 Spiritus
1821 2560 2061 2625 elevans,

473 2666 530 2713 et
561 2656 733 2711 nubes
780 2670 1004 2726 magna,
1039 2666 1092 2711 et
1119 2662 1358 2725 quatuor
1388 2653 1676 2718 animalia,
1710 2661 1766 2708 et
1804 2662 1939 2708 rota:
1979 2663 2062 2707 to-

457 2751 640 2806 tidem
671 2757 968 2821 sequentes
998 2749 1282 2815 animalia,
1307 2757 1364 2804 et
1390 2749 1664 2818 spiritum,
1695 2762 1816 2818 qua:
1842 2747 1948 2802 sub
1971 2747 2065 2801 ﬁr-

474 2852 756 2899 mamento
795 2843 888 2899 Dei
928 2857 1050 2898 esse
1089 2850 1427 2898 meruerunt.
1476 2841 1607 2909 Quze
1639 2849 1925 2910 postquam
1953 2840 2064 2893 elc-

471 2947 596 2993 vata
625 2945 774 3004 sunt,
818 2948 875 2993 et
913 2936 1206 2992 audierunt
1233 2951 1425 2990 vocem
1451 2936 1605 3005 quasi
1633 2950 1894 3005 aquarum
1927 2935 2066 2988 mul-

474 3040 676 3097 tarum,
725 3040 782 3087 et
827 3030 988 3102 quasi
1021 3031 1174 3086 verbi
1201 3029 1455 3085 sublimis
1494 3030 1625 3095 Dei,
1654 3043 1951 3099 vocemque
1978 3044 2066 3083 ca-

475 3135 714 3182 strorum
745 3135 800 3182 et
818 3113 1126 3191 exercitus,
1175 3126 1512 3182 demiserunt
1540 3127 1675 3194 alas,
1702 3135 1757 3181 et
1778 3135 2060 3196 stuporem

2172 1919 2406 1983 elevavit,
2432 1928 2478 1973 et
2500 1918 2678 1972 statuit
2705 1934 2784 1972 me
2807 1932 2961 1986 super
2984 1915 3138 1985 pedes
3173 1927 3344 1967 meos:
3375 1921 3421 1964 et
3446 1910 3622 1964 audivi
3649 1923 3770 1963 eum

2171 2015 2460 2084 loquentem
2498 2011 2565 2065 ad
2598 2027 2708 2077 me,
2753 2018 2802 2063 et
2831 2009 2962 2062 dixit
2993 2007 3148 2062 mihi:
3174 2005 3286 2059 Fili
3319 2005 3561 2058 hominis.
3617 2001 3772 2056 Prae—

2170 2116 2391 2179 ceperat
2422 2106 2703 2177 propheta:
2728 2118 2910 2159 sermo
2936 2102 3152 2157 divinus
3182 2109 3233 2155 et
3251 2099 3522 2170 jusserat:
3565 2095 3662 2152 Sta
3683 2111 3772 2148 su-

2169 2218 2258 2274 per
2288 2200 2440 2273 pedes
2463 2209 2578 2252 tuos
2617 2196 2772 2270 (Psal
2794 2211 2986 2262 xxxtx,
3019 2192 3110 2265 3);
3157 2192 3251 2247 sed
3290 2192 3409 2246 sine
3434 2187 3638 2243 auxilio
3667 2186 3766 2241 Dei

2169 2305 2226 2352 et
2255 2295 2492 2350 adventu
2525 2293 2764 2362 Spiritus
2785 2289 2961 2345 sancti
2992 2298 3136 2345 stare
3173 2303 3280 2342 non
3323 2291 3567 2358 poterat:
3603 2295 3770 2352 prop-

2170 2399 2315 2444 terea
2366 2387 2670 2458 ingreditur
2714 2387 2766 2441 in
2814 2401 2976 2452 eum,
3023 2384 3138 2439 sive
3171 2380 3402 2436 assumit
3429 2388 3484 2435 et
3510 2378 3765 2441 suscitat,

2169 2491 2229 2540 ut
2257 2483 2412 2539 ﬁrmo
2447 2483 2516 2536 sit
2560 2480 2764 2552 gradu,
2793 2489 2848 2535 et
2880 2477 3052 2549 possit
3077 2477 3292 2532 dicere:
3348 2472 3548 2528 Statuit
3598 2485 3767 2540 supra

2169 2585 2366 2649 petram
2398 2577 2551 2645 pedes
2591 2589 2731 2627 meos
2762 2571 2982 2642 (Ephes.
3015 2586 3090 2634 Vt,
3122 2567 3236 2641 M).
3282 2566 3609 2634 Nullumque
3635 2577 3769 2632 pec-

2167 2680 2410 2728 catorem
2450 2678 2684 2723 stantem
2728 2667 2982 2737 legimus,
3026 2663 3122 2719 sed
3164 2661 3232 2716 ad
3269 2668 3493 2714 sanctos
3520 2657 3763 2712 dicitur:

2171 2765 2318 2819 State
2345 2779 2464 2834 ergo
2487 2761 2734 2816 succincti
2765 2758 2964 2813 lumbos
3000 2766 3213 2811 uestros.
3267 2753 3529 2808 Peccator
3571 2758 3761 2804 autem

2169 2859 2300 2915 illud
2333 2853 2860 2925 Deuteronomiizﬁ.
2887 2860 3126 2907 meretur
3153 2848 3372 2903 audire:
3408 2845 3528 2900 Non
3546 2845 3638 2896 erit
3651 2852 3765 2897 sta-

2169 2953 2268 3006 bile
2289 2951 2559 3019 uestigium
2595 2947 2746 3019 pedis
2776 2948 2849 2999 tui
2890 2945 3070 3018 (Deut.
3103 2956 3292 3006 xxvm,
3321 2939 3433 3008 56).
3460 2936 3670 2991 Crebro
3695 2935 3761 2989 ad

2171 3042 2428 3100 Ezechiel
2464 3042 2702 3096 dicitur:
2751 3038 2859 3092 Fili
2881 3037 3107 3092 hominis
3137 3033 3352 3106 (Matth.
3390 3047 3509 3097 vm,
3536 3029 3654 3101 ‘20).
3708 3039 3763 3084 et

2170 3139 2236 3192 ad
2286 3135 2472 3191 Daniel
2516 3149 2681 3190 raro:
2736 3146 2968 3202 quorum
3008 3137 3235 3198 uterque
3281 3127 3332 3180 in
3369 3137 3598 3194 persona
3642 3120 3763 3190 ejus

471 3219 691 3275 silentio
734 3219 1221 3276 demonstrarunt:
1275 3221 1638 3291 apparuitque
1669 3220 1866 3275 sedens
1897 3236 2065 3290 super

2176 3231 2258 3302 qui
2293 3229 2530 3284 dixerat:
2579 3225 2751 3280 Filius
2783 3234 2955 3278 autem
2981 3221 3208 3275 hominis
3237 3235 3340 3272 non
3373 3216 3524 3270 habet
3557 3214 3640 3267 ubi
3677 3231 3764 3266 ca—

471 3311 880 3368 similitudinem
910 3312 1326 3383 sapphiriquasi
1350 3312 1650 3367 similitudo
1681 3312 1944 3378 hominis,
1973 3313 2063 3380 qui

472 3418 503 3458 a
536 3404 736 3460 lumbis
762 3419 924 3474 supra
959 3405 1192 3460 habebat
1224 3407 1462 3475 speciem
1488 3405 1705 3469 eleCIri,
1735 3414 1790 3460 et
1810 3419 1840 3459 a
1866 3405 2065 3460 lumbis

469 3494 727 3551 deorsum
759 3497 1000 3566 speciem
1033 3499 1174 3568 ignis
1207 3499 1262 3552 in
1297 3499 1552 3554 circuitu.
1605 3500 1734 3554 Post
1763 3515 1922 3570 quem
1957 3509 2063 3554 ter-

467 3601 649 3643 rorem
695 3589 855 3644 datur
895 3591 1112 3656 signum
1156 3592 1580 3658 misericordize;
1625 3593 1775 3647 velut
1810 3605 2062 3662 aspectus

471 3695 632 3737 arcus
661 3698 783 3737 cum
824 3683 989 3739 fuerit
1033 3687 1085 3738 in
1118 3686 1262 3741 nube
1301 3687 1354 3740 in
1387 3687 1475 3741 die
1500 3687 1714 3754 pluvize.
1750 3687 1824 3742 De
1857 3686 1958 3742 hac
1985 3689 2066 3741 vi-

469 3775 624 3829 sione
667 3777 936 3858 prolixius
987 3777 1227 3834 diximus
1269 3780 1396 3850 quia
1447 3787 1504 3834 et
1547 3781 1779 3836 obscura
1809 3790 1926 3846 est,
1953 3789 2008 3836 et
2034 3797 2060 3836 a

470 3867 662 3922 multis
703 3873 856 3924 varie
895 3873 1204 3940 exponitur.
1261 3873 1319 3928 lu
1363 3874 1588 3944 reliquis
1637 3886 1894 3946 quantum
1942 3877 2057 3931 ﬁeri

470 3970 650 4031 potest
675 3962 885 4032 absque
915 3963 1114 4019 damno
1145 3981 1402 4022 sensuum
1424 4010 1437 4031 ,
1473 3976 1698 4038 propter
1723 3969 2060 4039 magnitudi-

471 4068 595 4107 nem
620 4055 914 4110 voluminis
942 4057 1197 4113 brevitati
1227 4059 1583 4115 studebimus.

540 4143 692 4215 (Cap.
710 4143 1027 4204 ll.——Vers.
1057 4153 1135 4218 ί.)
1312 4150 1518 4220 Eteidi,
1541 4161 1589 4207 et
1612 4153 1775 4207 cecidi
1801 4154 1855 4207 in
1881 4154 2062 4223 faciem

469 4251 666 4303 meam,
707 4247 754 4291 et
785 4240 962 4294 audivi
995 4256 1169 4296 vocem
1199 4245 1475 4314 loquentis.
1517 4245 1632 4300 Non
1665 4255 1751 4302 est
1778 4247 1954 4302 elatus
1984 4246 2063 4300 vi-

467 4329 680 4386 sionum
710 4333 1105 4403 magnitudine,
1137 4337 1233 4392 sed
1260 4338 1595 4393 conscientia
1621 4339 1936 4410 fragilitatis
1965 4341 2063 4395 hu-

469 4437 644 4478 manae
688 4425 924 4495 procidit
967 4428 1018 4482 in
1049 4427 1240 4484 faciem
1281 4445 1455 4485 suam.
1512 4431 1668 4487 Unde
1695 4441 1750 4488 et
1779 4435 2064 4504 apostolus

468 4514 673 4571 Paulus
706 4529 832 4588 post
857 4520 1233 4577 ascensionem
1275 4523 1397 4578 caeli
1427 4533 1482 4578 et
1509 4525 1776 4595 paradisi,
1825 4535 1879 4580 et
1911 4526 2065 4581 audi-

468 4608 674 4663 tionem
713 4611 1003 4668 verborum
1050 4613 1427 4684 ineﬁ'abilium,
1455 4617 1640 4672 datum
1673 4617 1774 4673 sibi
1805 4618 1939 4673 dicit
1966 4636 2065 4674 an—
2091 4601 2142 4662 D

469 4701 649 4771 gelum
693 4701 942 4788 Satauaz,
979 4708 1072 4777 qui
1111 4724 1170 4762 se
1211 4709 1550 4779 colaphizet,
1593 4725 1665 4766 ne
1705 4712 2065 4768 extolleretur

468 4789 678 4862 (lCor.
713 4793 832 4864 xu).
884 4797 948 4850 Et
976 4798 1251 4853 Abraham
1297 4800 1497 4855 cecidit
1536 4801 1592 4855 in
1626 4800 1822 4857 faciem
1852 4843 1865 4867 ,
1919 4815 2066 4872 p051-

468 4899 628 4954 quam
677 4887 885 4944 audivit
935 4904 1220 4948 sermones
1260 4891 1380 4949 Dei.
1457 4892 1527 4948 Et
1565 4903 1748 4949 tamen
1792 4895 1916 4964 quia
1957 4909 2062 4950 non

475 4986 721 5047 peccato,
759 4981 853 5036 sed
881 4981 1192 5064 humilitate
1221 4993 1530 5051 corruerat,
1563 5001 1594 5040 a
1625 4986 1856 5040 Domino
1878 4986 2064 5041 suble-

469 5084 646 5141 vatur,
695 5084 750 5129 et
793 5078 959 5132 verba
1005 5079 1126 5146 ejus
1172 5065 1396 5149 jubetur
1453 5080 1644 5135 audire
1686 5079 1841 5151 (Gen.
1902 5081 2062 5149 xvn).
2091 5099 2104 5112 -

471 5164 763 5222 Sciendum
789 5185 1008 5241 quoque
1028 5211 1044 5236 ,
1083 5173 1229 5242 quod
1262 5173 1404 5228 aliud
1441 5173 1512 5227 sit
1535 5172 1589 5226 iu
1617 5171 1811 5226 faciem
1840 5169 2067 5236 cadere,

467 5259 615 5315 aliud
660 5275 984 5320 retrorsum.
1053 5268 1362 5340 Abraham,
1409 5278 1695 5339 postquam
1743 5254 1951 5321 audivit
1995 5265 2066 5322 de

469 5353 751 5426 nativitate
776 5358 947 5424 Isaac,
977 5359 1177 5415 cecidit
1199 5362 1247 5414 in
1274 5362 1492 5428 faciem,
1523 5370 1578 5417 et
1596 5361 1716 5415 risit
1743 5359 1786 5431 (l
1811 5359 1940 5432 Reg.
1965 5358 2060 5429 IV).

468 5443 589 5500 Heli
617 5459 836 5518 autem,
881 5452 973 5522 qui
1000 5463 1351 5522 peccaverat,
1385 5461 1692 5508 retrorsum
1720 5453 1944 5507 cecidit.
1999 5451 2068 5506 Et

467 5537 536 5594 de
562 5539 677 5598 Dan
709 5542 764 5598 in
793 5545 996 5602 Genesi
1025 5547 1296 5617 scriptum
1328 5555 1412 5602 est
1438 5566 1451 5602 :
1484 5547 1606 5601 Fiat
1631 5545 1750 5600 Dan
1773 5544 1981 5600 coluber
2012 5545 2065 5598 in

465 5636 670 5704 semita,
704 5639 945 5694 mordens
987 5643 1222 5712 plantam
1260 5644 1396 5713 equi,
1444 5652 1491 5696 et
1523 5641 1672 5696 cadet
1691 5657 1842 5712 eques
1869 5649 2064 5692 retror-

462 5740 605 5820 sum,
639 5730 858 5785 salutem
881 5743 1161 5806 expectans
1187 5735 1284 5790 Dei
1308 5734 1462 5805 (Gen.
1489 5749 1640 5803 xux,
1669 5734 1758 5800 l7,
1789 5731 1900 5805 18).
1926 5730 2062 5797 Quia

457 5819 601 5874 enim
627 5821 691 5875 ad
713 5837 952 5880 morsum
974 5827 1183 5882 colubri
1210 5827 1494 5883 ceciderat
1527 5843 1594 5884 ex
1620 5841 1783 5898 equo,
1811 5833 2062 5896 propter-

2171 3331 2262 3394 put
2283 3337 2435 3376 suum
2471 3319 2707 3381 reclinet,
2753 3316 3028 3384 captivum
3051 3311 3310 3384 populum
3339 3307 3680 3371 consolatur,
3708 3311 3764 3360 et

2168 3412 2407 3470 retrahit
2435 3412 2501 3466 ad
2527 3409 2927 3481 paenitentiam.

2243 3509 2422 3576 (Vers.
2451 3505 2530 3576 5.)
2587 3504 2736 3559 Mitto
2779 3520 2874 3574 ego
2906 3511 2953 3557 te
2988 3500 3057 3555 ad
3087 3500 3225 3570 ﬁlios
3262 3495 3464 3561 Israel,
3498 3493 3564 3548 ad
3589 3501 3764 3564 gentes

2167 3602 2508 3676 apostatrices
2531 3641 2544 3662 ,
2577 3613 2694 3668 qua:
2722 3604 3041 3650 recesserunt
3069 3609 3099 3645 α
3127 3608 3225 3644 me.
3259 3588 3376 3662 Ipsi
3400 3599 3446 3642 et
3478 3599 3653 3660 patres
3677 3602 3767 3638 ea-

2169 3712 2284 3750 rum
2313 3691 2640 3765 prtevaricati
2689 3698 2808 3742 sunt
2857 3697 3064 3758 pactum
3118 3699 3284 3737 meum
3320 3697 3482 3752 usque
3522 3678 3590 3731 ad
3622 3679 3764 3731 diem

2168 3786 2323 3840 hanc.
2368 3785 2719 3854 Nequaquam
2768 3779 3030 3849 populum
3078 3776 3176 3831 Dei
3217 3774 3417 3838 Israel,
3448 3772 3542 3827 sed
3571 3783 3766 3841 gentes

2167 3879 2526 3950 apostatriees
2576 3883 2734 3930 vocat
2780 3888 2907 3936 eos,
2951 3872 3040 3943 qui
3075 3887 3104 3925 a
3138 3869 3365 3923 Domino
3385 3873 3762 3931 recesserunt,

2169 3988 2276 4028 non
2306 3969 2480 4024 solum
2514 3978 2696 4039 patres
2719 4008 2734 4035 ,
2776 3965 2872 4022 sed
2897 3973 2952 4021 et
2992 3965 3109 4018 ﬁlii.
3156 3962 3266 4017 Nec
3293 3969 3517 4031 peccato
3544 3969 3763 4027 patrum

2168 4065 2264 4121 ﬁlii
2307 4064 2632 4118 viderentur
2678 4061 2934 4126 obnoxii;
2980 4058 3075 4114 sed
3118 4066 3175 4112 ut
3217 4072 3314 4127 par
3342 4064 3396 4110 et
3439 4062 3649 4124 patrum
3705 4059 3761 4106 et

2169 4155 2405 4211 ﬁliorum
2435 4162 2583 4209 esset
2611 4152 2879 4223 impietas.
2947 4151 3120 4205 Porro
3151 4148 3295 4220 quod
3349 4145 3492 4201 LXX
3525 4153 3781 4198 traustu--

2169 4249 2370 4314 lerunt,
2401 4249 2663 4301 irritantes
2707 4262 2808 4311 me,
2861 4245 2977 4299 sive
3019 4245 3073 4297 in
3113 4241 3512 4296 amaritudinem
3549 4253 3766 4292 conver—

2169 4351 2355 4407 tentes,
2381 4339 2518 4395 illud
2548 4337 2838 4410 signiﬁcat,
2869 4336 3017 4408 quod
3061 4336 3203 4391 Deus
3235 4334 3502 4403 benignus
3545 4339 3599 4385 et
3642 4329 3764 4384 dul-

2167 4433 2247 4489 cis
2289 4443 2481 4488 natura
2530 4431 2731 4487 nostris
2772 4431 2920 4484 vitiis
2952 4438 3195 4483 mutetur
3221 4427 3274 4481 in
3312 4424 3760 4480 amaritudinem.

2167 4528 2318 4585 Sicut
2363 4526 2508 4582 enim
2548 4525 2754 4582 sanctis
2800 4510 3035 4578 dicitur:
3088 4519 3306 4575 Gustata
3345 4529 3390 4573 et
3425 4517 3589 4571 videte
3628 4533 3761 4588 quo-

2170 4623 2310 4677 niam
2332 4622 2502 4676 suavis
2541 4628 2614 4674 est
2638 4619 2892 4672 Dominus
2923 4615 3099 4686 (Psal.
3133 4630 3322 4679 χχχιιι,
3357 4613 3436 4682 9);
3466 4614 3545 4667 sic
3570 4626 3766 4684 pecca-

2170 4726 2318 4772 tores
2347 4730 2470 4771 eum
2502 4727 2747 4766 amarum
2781 4709 3046 4764 sentiunt.
3093 4705 3250 4762 Unde
3270 4717 3324 4761 et
3349 4704 3644 4776 Apostolus
3669 4705 3768 4758 ho-

2169 4808 2394 4862 nitatem
2425 4813 2483 4859 et
2511 4802 2855 4858 severitatem
2887 4800 2982 4853 Dei
3006 4814 3171 4867 super
3220 4811 3278 4851 sa
3292 4805 3446 4852 nctos
3484 4807 3537 4852 et
3564 4810 3764 4866 pecca-

2171 4910 2320 4956 tores
2363 4896 2532 4954 refert
2565 4896 2744 4967 (Rom.
2775 4893 2915 4964 xxi).
2961 4891 3028 4948 Et
3061 4893 3129 4948 de
3158 4893 3541 4963 peccatoribus
3568 4892 3656 4960 qui
3679 4890 3768 4961 ja-

2171 4994 2385 5057 cehant,
2419 4991 2680 5059 scriptum
2715 4999 2800 5043 est
2828 5006 2842 5042 :
2889 4986 3150 5042 Dominus
3183 4989 3332 5060 erigit
3364 4988 3551 5055 elisos,
3584 4985 3770 5040 Domi-

2173 5101 2269 5138 nus
2300 5082 2469 5153 diligit
2494 5085 2671 5153 justas
2694 5122 2708 5145 ,
2744 5080 3002 5134 Dominus
3044 5081 3193 5134 soluit
3229 5080 3544 5152 compeditos
3587 5077 3764 5151 (Psal.

2171 5192 2328 5238 CXLV,
2364 5174 2439 5245 8).
2492 5175 2709 5229 San’ctis
2741 5189 2872 5229 vero
2900 5174 3171 5229 stantibus
3205 5176 3424 5244 prmmia
3457 5174 3764 5243 pollicetur.

2247 5268 2432 5338 (Vers.
2461 5267 2547 5327 4.)
2583 5264 2648 5319 Et
2680 5266 2780 5336 ﬁlii
2824 5267 2960 5320 dura
3004 5268 3172 5336 facie,
3204 5275 3253 5320 et
3285 5266 3588 5320 indomabili
3615 5267 3770 5319 corde

2171 5368 2310 5426 sunt,
2335 5359 2402 5410 ad
2431 5374 2558 5426 quos
2581 5375 2673 5431 ego
2696 5360 2842 5412 mitto
2872 5371 2938 5412 te.
2988 5359 3100 5414 Hoc
3131 5360 3184 5413 in
3209 5359 3352 5414 LXX
3381 5376 3489 5414 non
3517 5360 3766 5416 habetur.

2172 5452 2485 5522 Magnteque
2532 5452 2841 5506 clementiae
2889 5461 2974 5506 est
3012 5451 3079 5505 ad
3124 5451 3263 5506 tales
3311 5453 3484 5508 Deum
3525 5454 3765 5515 mittere.

2174 5561 2276 5600 nec
2319 5544 2614 5616 deSperare
2657 5561 2848 5600 eorum
2885 5545 3145 5611 salutem;
3180 5554 3236 5601 et
3259 5547 3608 5602 conﬁdentia:
3644 5563 3768 5616 pro-

2171 5638 2429 5711 phetalis,
2461 5639 2602 5710 quod
2635 5638 2702 5694 ad
2732 5638 2870 5692 tales
2900 5653 3120 5708 quoque
3160 5638 3240 5693 ire
3271 5654 3376 5694 non
3409 5641 3620 5695 timeat.
3680 5640 3761 5694 iu-

2171 5731 2425 5788 domabili
2455 5743 2637 5788 autem
2665 5730 2832 5785 corde
2852 5775 2866 5799 ,
2897 5738 2953 5785 et
2979 5730 3112 5785 dura
3141 5730 3313 5798 facie,
3342 5731 3496 5802 juxta
3520 5729 3648 5786 illud
3673 5731 3770 5786 de-

2175 5823 2366 5879 beatus
2400 5822 2649 5895 accipere
2683 5817 2824 5892 quod
2857 5823 3125 5894 peccatori
3150 5817 3388 5882 dicitur:
3442 5817 3644 5878 Nervus
3669 5823 3766 5888 fero
