4018 6322
206 278 276 333 3'5
946 286 1603 349 COMMENTARIORUM
1642 290 1707 348 IN
1750 289 2189 355 EZECHIELEM
2226 298 2356 357 LIB.
2398 304 2439 359 Ι.
2480 303 2632 361 CAP.
2677 304 2741 359 ll.
3423 316 3495 373 54

204 410 312 447 reus
338 396 531 448 collum
555 406 735 467 tuum,
772 412 820 456 et
845 404 989 473 frons
1010 416 1103 460 tua
1122 424 1267 462 wnea
1295 408 1454 481 (Isai.
1491 427 1675 473 XLVIII.
1708 410 1789 479 6).
1818 410 1873 470 A
1898 412 2075 485 (Vulg.
2107 434 2443 491 quwcumque
2485 423 2689 495 loquor]
2731 422 2803 477 ad
2832 431 2901 479 te.
2946 425 3066 482 Non
3095 440 3228 497 ergo
3268 442 3496 487 cessan-

202 488 294 555 Qui
322 500 377 543 et
409 490 461 545 in
504 499 970 564 consequentibus
997 510 1299 572 arguuntur
1337 504 1522 561 cordis
1569 506 1789 577 lapidei,

199 581 334 650 quod
368 584 507 637 Deus
539 588 859 645 evulsurum
899 608 1023 649 esse
1063 610 1124 650 se
1158 595 1318 663 dicit,
1346 606 1398 652 et
1426 613 1523 667 pro
1555 599 1650 654 illo
1674 614 1794 655 car-

196 688 351 727 neurn
407 676 746 735 redditurum
783 699 796 736 :
849 691 908 738 ut
954 684 1186 743 mollitie
1232 703 1351 754 sua,
1396 688 1494 745 Dei
1521 698 1792 762 praecepta

196 766 476 835 suscipiat.

258 856 460 929 (Vers.
489 863 584 933 5.)
633 864 703 919 Et
722 867 862 922 dices
906 871 975 923 ad
1025 887 1150 926 eos:
1197 873 1329 929 Ha'c
1365 875 1489 929 dicit
1536 874 1790 932 Dominus

194 953 327 1006 Deus
359 970 380 1006 :
426 954 491 1010 Si
529 960 663 1027 forte
692 961 770 1015 vel
792 962 893 1028 ipsi
924 963 1164 1031 audiant,
1203 977 1248 1021 et
1268 968 1313 1019 si
1339 970 1471 1037 forte
1492 970 1790 1037 quiescant:

192 1048 433 1114 quoniam
457 1048 645 1102 domus
669 1067 985 1139 exasperatis
1008 1066 1101 1123 est,
1133 1065 1182 1111 et
1203 1059 1363 1112 scient
1390 1061 1512 1130 quia
1538 1061 1790 1130 prap/tcta

194 1140 335 1204 fuerit
358 1139 415 1190 in
445 1140 619 1193 medio
647 1158 840 1197 eorum.
874 1145 1070 1201 Simile
1099 1148 1226 1217 quid
1256 1149 1572 1205 in'Jeremia
1612 1152 1786 1223 scrip-

193 1242 293 1288 tum
321 1245 444 1288 est:
480 1236 544 1292 Si
577 1240 710 1306 [Orte
737 1242 955 1294 audiant
991 1251 1037 1296 et
1069 1254 1228 1315 agant
1270 1246 1620 1313 paznitentiant
1649 1246 1783 1316 (Jer.

189 1342 323 1391 nvi,
362 1329 447 1399 3).
494 1330 563 1384 Et
589 1330 642 1385 in
678 1332 975 1403 Evangelia
1003 1353 1014 1388 :
1048 1333 1298 1390 Forsitan
1322 1338 1487 1405 filium
1516 1357 1683 1393 meum
1708 1358 1788 1395 ve-

186 1418 431 1474 rebuntur
485 1423 701 1493 (Matth.
754 1443 881 1495 ut,
932 1428 1042 1499 57).
1117 1429 1385 1500 Loquitur
1435 1443 1613 1489 autem
1666 1435 1786 1491 hcc

186 1512 320 1567 Deus
348 1516 689 1586 ambigentis
713 1518 933 1587 all‘ectu,
969 1530 994 1557 ει
1027 1530 1084 1576 ιιι
1110 1522 1343 1578 liberum
1367 1522 1606 1581 hominis
1632 1544 1786 1583 mon-

184 1615 315 1661 stret
346 1609 462 1680 25
508 1610 797 1664 arbitrium
818 1653 832 1671 .
855 1628 922 1667 ne
948 1616 1285 1682 praescientia
1319 1616 1624 1673 futurorum
1657 1621 1783 1675 mali

183 1699 261 1752 vel
282 1699 409 1754 boni
446 1702 785 1759 immutabile
813 1704 972 1760 faciat
995 1707 1138 1777 quod
1170 1708 1311 1764 Deus
1348 1711 1588 1766 futurum
1616 1729 1782 1768 nove-

1898 504 2049 573 dum,
2084 508 2214 564 licet
2244 514 2365 566 tnali
2395 514 2526 579 sint,
2576 517 2771 585 quibus
2797 517 3105 589 loquimur;
3139 521 3267 591 quin
3298 538 3499 579 secun-

1897 597 2022 653 dum
2055 599 2371 671 Apostolum
2401 603 2468 675 (ll
2489 606 2625 662 Tim.
2660 607 2778 679 tv),
2812 621 3153 680 opportune,
3188 613 3498 684 importune

1896 692 2124 748 verbum
2170 695 2267 752 Dei
2317 698 2709 767 praedicemus,
2744 702 2869 772 quia
2902 714 3083 773 potest
3110 706 3219 778 26
3249 706 3366 764 lieri
3388 750 3403 775 ,
3434 718 3499 765 ut

1894 793 1950 840 et
1978 785 2148 842 durus
2178 791 2486 863 corrigatur
2531 794 2598 849 ad
2642 796 2928 853 mollitiem
2954 844 2969 869 ,
3002 807 3056 855 et
3093 801 3186 871 qui
3223 800 3493 859 obediens

1894 884 1998 943 est,
2033 888 2243 935 mutata
2273 883 2563 941 voluntate
2595 904 2702 942 non
2735 890 2941 946 audiat.

1967 972 2097 1027 Noli
2129 992 2236 1031 esse
2271 994 2612 1051 erasperans,
2644 984 2777 1039 sicut
2806 986 2990 1042 domus
3016 993 3370 1062 exasperatrix
3394 1002 3489 1049 est.

1891 1065 2074 1121 Semel
2104 1068 2343 1125 diximus
2374 1076 2853 1143 exasperationem
2875 1120 2890 1144 ,
2944 1080 3060 1134 sive
3094 1081 3488 1151 irritationem,

1892 1159 2245 1232 Septuaginta
2278 1168 2703 1223 amaritudinem
2736 1186 2962 1241 ponere.
2993 1173 3148 1242 Quod
3179 1190 3309 1247 ergo
3334 1177 3489 1247 dicit,

1891 1251 1995 1308 hoc
2023 1264 2110 1310 est
2158 1273 2172 1308 :
2213 1257 2331 1312 Non
2364 1260 2529 1316 debes
2560 1277 2657 1317 eos
2688 1265 2914 1333 imitari,
2949 1268 3016 1322 ad
3044 1284 3180 1338 quos
3213 1272 3495 1343 corrigen-

1891 1346 1989 1402 dos
2037 1350 2293 1417 mitteris,
2326 1368 2395 1409 ne
2422 1368 2704 1424 peccatum
2735 1359 2916 1415 simile
2945 1362 3177 1418 similem
3209 1376 3494 1422 mereatur

1889 1447 1945 1493 et
1974 1455 2213 1509 poenam.

1958 1537 2114 1607 Aperi
2131 1553 2189 1591 os
2213 1549 2379 1607 tuum,
2400 1534 2446 1594 et
2467 1544 2674 1598 comede
2693 1561 2808 1614 qua:
2828 1562 2921 1618 ego
2943 1549 3008 1603 do
3031 1548 3142 1603 tibi.
3160 1550 3390 1621 Dignum
3408 1559 3488 1620 te,

1886 1628 2084 1699 inquit,
2120 1632 2303 1700 praebe
2350 1638 2699 1693 sermonibus
2749 1640 2920 1706 meis,
2968 1652 3024 1698 et
3052 1644 3235 1699 cibum
3270 1646 3487 1716 suscipe

1887 1723 2255 1793 spiritualetn,
2288 1739 2343 1783 ut
2375 1732 2650 1801 quomodo
2681 1735 2733 1789 in
2766 1735 3066 1807 Evangelia
3096 1741 3298 1798 dicitur
3336 1761 3348 1796 :
3381 1744 3486 1811 Qui

2244 1791 2250 1793 _
2393 1791 2407 1801 ,
2922 1791 3059 1807 ορ.-
3103 1791 3287 1798 ---ην
3337 1791 3484 1811 ,κη

184 1793 268 1845 rit.
315 1791 441 1847 Non
471 1796 620 1849 enim
667 1797 791 1867 quia
840 1798 933 1854 ille
962 1814 1185 1855 ventura
1219 1804 1524 1873 cognoscit,
1555 1821 1781 1862 necesse
1810 1809 1859 1870 B
1887 1814 2037 1869 habet
2069 1834 2219 1873 aures
2257 1824 2539 1891 audiendi,
2585 1828 2769 1881 audiat
2801 1827 2973 1900 (Luc.
3008 1848 3129 1900 vm,
3160 1835 3268 1904 8);
3302 1847 3357 1890 et
3399 1839 3486 1894 hic

186 1893 259 1939 est
307 1900 413 1940 nos
467 1887 653 1943 facere
699 1890 843 1959 quod
884 1890 978 1946 ille
1012 1892 1314 1963 pracscivit:
1367 1896 1465 1951 sed
1505 1898 1650 1967 quod
1682 1914 1781 1953 nos

186 1980 392 2048 propria
436 1982 724 2038 voluntate
764 2000 954 2039 sumus
984 1984 1210 2057 facturi,
1245 1989 1336 2046 ille
1358 1991 1511 2045 novit
1534 1990 1778 2048 futurum

185 2077 323 2143 quasi
358 2075 531 2131 Deus.

250 2168 448 2239 (νει-ς.
476 2172 577 2242 6.)
609 2173 691 2228 Tu
720 2192 864 2245 ergo,
907 2176 986 2245 [ili
1012 2178 1258 2248 hominis,
1297 2197 1403 2236 non
1440 2184 1628 2238 timeas
1667 2200 1775 2254 eos,

186 2279 327 2331 neque
371 2263 575 2337 [Vulg
606 2266 698 2340 ne]
724 2286 980 2326 sermones
1027 2288 1207 2327 eorum
1250 2284 1483 2345 metuas,
1532 2278 1777 2346 quoniam

183 2358 431 2413 increduli
462 2370 513 2414 et
539 2361 867 2417 subversores
887 2375 1006 2419 sunt
1035 2374 1222 2421 tecum.
1253 2366 1399 2422 LXX
1441 2388 1453 2421 :
1496 2368 1565 2423 Et
1594 2379 1669 2435 tu,
1702 2371 1779 2439 ﬁli

184 2451 426 2517 hominis,
458 2471 563 2508 non
585 2455 768 2509 timeas
792 2472 901 2524 eos,
932 2474 1026 2512 nec
1057 2476 1087 2511 tl
1116 2461 1250 2529 facie
1276 2476 1451 2515 eorum
1483 2463 1733 2532 formidas
1758 2479 1776 2516 :

183 2551 425 2618 quoniam
468 2550 769 2620 insanient,
817 2562 866 2608 et
914 2554 1361 2628 congregabantur
1406 2567 1587 2612 contra
1628 2567 1675 2611 te
1720 2560 1775 2613 in

180 2646 419 2699 circuitu.
454 2645 609 2703 Licet
633 2647 769 2703 dura
800 2650 1014 2706 cervice
1045 2655 1189 2718 sint,
1235 2660 1292 2707 et
1330 2652 1493 2709 corde
1530 2653 1777 2711 indoma-

180 2734 308 2799 bili,
358 2749 545 2793 tamen
597 2755 719 2794 mea
769 2750 897 2795 sunt
945 2740 1175 2797 fortiora
1218 2754 1518 2814 praecepta.
1566 2745 1675 2802 Nec
1724 2757 1775 2803 te

180 2841 333 2900 putes
376 2846 499 2887 esse
540 2831 827 2903 deceptum
847 2879 861 2902 ,
924 2834 971 2889 si
995 2836 1230 2892 mittaris
1262 2836 1328 2891 ad
1357 2852 1453 2894 eos
1480 2839 1572 2909 qui
1604 2848 1656 2895 te
1696 2839 1774 2895 lo-

180 2932 434 2993 quentem
463 2939 575 2979 non
607 2925 855 2981 audiant.
888 2924 1031 2983 Ecce
1058 2928 1298 2998 praedico
1328 2931 1421 2986 tibi
1454 2930 1599 3001 quod
1629 2932 1775 2987 insa-

181 3016 345 3075 niant.
381 3025 441 3072 et
464 3029 877 3090 congregemur
903 3020 1193 3077 adversum
1228 3032 1302 3091 te,
1344 3035 1399 3079 et
1431 3024 1776 3081 circumdent

184 3118 268 3175 te,
314 3110 525 3166 nullum
569 3112 670 3167 tibi
703 3112 967 3184 ell‘ugium
1012 3116 1405 3187 relinquentes.
1441 3118 1559 3174 lloc
1587 3129 1770 3174 autent

179 3199 398 3269 facient,
433 3205 561 3274 quia
611 3204 882 3262 increduli
914 3216 1072 3276 sunt,
1108 3216 1165 3265 et
1211 3210 1305 3265 Dei
1356 3211 1584 3281 imperia
1638 3226 1766 3267 cou-
1796 3208 1840 3272 C
1874 3220 2198 3283 pmpuetam
2246 3235 2259 3270 :

184 3301 501 3352 temnetttes.

249 3387 316 3443 Et
355 3406 473 3443 cum
512 3393 869 3464 scorpionibus
898 3395 1124 3451 habitas.
1184 3395 1351 3450 Verba
1391 3414 1567 3453 eorum
1613 3416 1675 3453 ne
1704 3402 1766 3452 ti.

183 3501 332 3549 meas,
361 3496 409 3539 et
445 3488 622 3541 vultus
650 3504 831 3543 eorum
859 3508 921 3545 ne
945 3490 1213 3562 formides,
1243 3493 1366 3563 quia
1404 3493 1589 3548 domus
1619 3510 1768 3549 exas-

181 3596 357 3651 peratis
378 3592 471 3635 est.
504 3582 608 3649 Qui
640 3583 849 3653 possint
873 3583 1071 3653 ferire,
1104 3585 1196 3656 qui
1225 3596 1449 3641 arcuato
1478 3597 1767 3658 percutere

180 3674 418 3745 vulnere,
444 3684 503 3732 et
527 3678 723 3733 aculeo
748 3677 1014 3745 fistulato,
1035 3688 1095 3734 ut
1115 3680 1302 3737 eadem
1328 3683 1484 3753 plaga
1508 3692 1562 3738 et
1583 3691 1763 3738 cutem

179 3769 408 3838 aperiat,
443 3781 499 3824 et
527 3785 738 3826 venena
771 3770 1062 3827 dilfundat.
1097 3773 1480 3844 Unusquisque
1512 3790 1612 3844 pro
1643 3790 1765 3830 mo-

176 3860 318 3917 ribus
347 3863 461 3917 suis
490 3864 720 3918 sortitur
758 3864 1110 3920 vocabulum.
1147 3865 1358 3922 Scribis
1390 3876 1442 3923 et
1470 3868 1767 3924 Pharismis

174 3955 362 4012 dicitur
387 3976 400 4012 :
423 3958 700 4013 Generatio
719 3961 1013 4033 viperarum
1045 3960 1260 4031 (Matth.
1294 3979 1447 4030 xxnt,
1471 3962 1583 4034 55).
1614 3964 1766 4020 Etde

179 4050 384 4108 Herode
412 4054 504 4124 qui
532 4054 844 4123 versipellis
875 4064 996 4111 erat
1020 4072 1033 4109 :
1059 4054 1141 4110 Ite
1183 4065 1230 4111 et
1269 4057 1427 4111 dicite
1466 4056 1612 4128 vulpi
1643 4057 1764 4112 huic

178 4142 339 4213 (Luc.
371 4162 489 4214 xm,
525 4147 653 4220 52).
689 4147 756 4203 Ει
782 4148 1279 4220 pseudoprophetis
1321 4152 1375 4205 in
1419 4150 1522 4206 hoc
1567 4152 1762 4208 eodem

179 4235 439 4307 Propheta
494 4241 752 4310 vulpibus
811 4253 1225 4313 comparantur.
1286 4244 1356 4299 Et
1406 4262 1551 4301 nunc
1601 4247 1766 4302 corde

177 4330 490 4387 indomabili
537 4336 862 4406 scorpiones
910 4351 1036 4393 esse
1083 4337 1358 4395 dicuntur.
1416 4338 1570 4396 Unde
1614 4349 1668 4395 et
1710 4340 1761 4395 in

176 4422 466 4496 Evangelia
500 4428 731 4499 legimus
779 4446 792 4483 :
846 4429 1034 4486 Omnes
1075 4434 1163 4502 qui
1203 4442 1321 4488 ante
1361 4449 1442 4487 me
1482 4445 1761 4501 venerunt,

176 4521 377 4586 fuerunt
417 4521 557 4589 [ures
589 4531 637 4576 et
667 4523 925 4593 latrones,
975 4534 1025 4579 et
1068 4542 1174 4580 non
1211 4527 1491 4582 audierunt
1534 4544 1618 4583 eos
1648 4544 1762 4582 oves

178 4608 387 4678 (locum,
420 4629 475 4680 x,
510 4614 590 4684 8).
623 4614 695 4668 Et
720 4617 996 4686 quomodo
1031 4632 1163 4672 oves
1194 4620 1423 4688 perdita:
1455 4619 1651 4673 domus
1680 4619 1759 4674 ls-
1788 4598 1841 4656 Ῑ)

180 4707 282 4761 rael
308 4708 603 4763 audierunt
628 4709 1016 4765 adversarios?
1048 4712 1126 4767 Ex
1154 4727 1265 4783 quo
1294 4713 1628 4778 ostenditur,
1662 4727 1758 4768 eos

179 4800 257 4868 qui
298 4801 575 4857 audierint
620 4801 773 4859 fures
818 4814 872 4859 et
904 4805 1179 4875 latrones,
1217 4806 1403 4862 ovium
1436 4807 1763 4863 vocabulum

180 4895 496 4963 perdidisse,
520 4906 575 4953 et
598 4897 702 4952 alia
728 4901 1096 4967 assumpsisse
1120 4903 1363 4971 nomina,
1392 4913 1450 4958 ut
1471 4920 1581 4959 non
1607 4906 1761 4974 quasi

148 5003 293 5044 .oves
339 4992 638 5062 perierint,
690 4994 786 5050 sed
832 4995 988 5066 quasi
1019 4997 1225 5068 viperae
1246 5040 1260 5065 ,
1296 5000 1499 5069 vulpes
1525 5011 1579 5057 et
1609 5016 1761 5059 scor-

176 5083 376 5152 piones.

240 5179 418 5249 (Vers.
453 5180 507 5247 7,
538 5182 620 5253 8.)
650 5182 719 5237 Et
747 5184 970 5254 loqueris
999 5186 1147 5241 verba
1173 5204 1284 5242 mea
1312 5190 1380 5241 ad
1416 5206 1538 5244 eos:
1561 5192 1606 5244 si
1628 5194 1763 5261 forte

173 5275 399 5341 audiant,
420 5286 468 5330 et
490 5278 722 5347 timeant,
740 5276 767 5316 ι’
782 5280 867 5336 vel
889 5281 1177 5351 quiescant,
1201 5285 1447 5353 quoniam
1472 5285 1762 5341 irritatores

171 5377 297 5421 sunt.
345 5367 389 5424 Τ
394 5385 428 5423 u
453 5380 625 5425 autem
648 5414 661 5439 ,
707 5372 785 5441 ﬁli
835 5373 1086 5441 hominis,
1117 5374 1244 5430 audi
1282 5376 1423 5446 quod
1451 5393 1544 5447 ego
1575 5378 1761 5449 loquor

235 5585 281 5659 “_
299 5576 507 5659 Confer
526 5579 808 5659 Babanutn
835 5583 927 5659 ubi
954 5586 1097 5659 hunc
1118 5600 1184 5641 ex
1213 5586 1546 5659 Hieronymo
1576 5587 1758 5643 locum

170 5645 341 5703 laudat
370 5652 425 5723 in
450 5649 627 5723 Epist.
657 5653 724 5708 ad
756 5653 1124 5712 lleberardutn
1145 5660 1402 5714 comitem
1423 5645 1620 5715 contra
1646 5659 1761 5716 ba:-

169 5723 322 5776 tesim
351 5722 767 5781 Gothescalchi.

232 5789 260 5832 ι
293 5793 529 5866 Victam,
555 5796 774 5854 inverso
797 5798 1012 5871 ordine,
1033 5810 1082 5857 et
1104 5803 1393 5874 quiescant,
1418 5800 1495 5860 vel
1519 5804 1761 5861 timeant:

1886 1907 2102 1963 dicatur
2149 1930 2162 1964 :
2206 1913 2307 1980 Qui
2357 1915 2522 1971 habet
2566 1929 2814 1988 apertum
2848 1939 2910 1977 as
2947 1925 3014 1978 ad
3046 1929 3484 2001 comedendum,

1884 2003 2153 2057 comedat.
2202 2005 2356 2062 Unde
2402 2019 2457 2063 et
2502 2010 2808 2068 Psalmistae
2861 2016 3126 2075 Dominus
3191 2021 3472 2094 loquitur:

1882 2094 2041 2164 Aperi
2070 2113 2125 2151 os
2157 2106 2334 2167 tuum,
2376 2110 2424 2154 et
2446 2102 2674 2171 implebo
2695 2104 2833 2161 illud
2859 2108 3034 2180 (Psal.
3069 2129 3231 2177 Lxxx,
3266 2117 3376 2188 11).
3413 2118 3484 2173 ΕΙ.

1882 2185 1973 2241 ille
2003 2191 2333 2259 respondit:
2364 2193 2436 2247 ()s
2461 2211 2632 2250 meum
2672 2201 2875 2271 aperui,
2918 2212 2968 2256 et
3009 2207 3203 2260 attraxi
3237 2185 3481 2278 spiritum

1883 2278 2053 2349 (Psal.
2087 2298 2278 2351 cxvm,
2313 2286 2462 2357 151).
2491 2288 2557 2343 Et
2585 2294 2864 2359 apostolus
2896 2294 3129 2365 Paulus,
3163 2300 3254 2369 qui
3304 2301 3476 2359 habe-

1882 2371 1972 2427 bat
2001 2373 2056 2428 in
2083 2389 2143 2429 se
2172 2376 2461 2434 thesauros
2491 2383 2777 2451 sapientia:
2804 2395 2859 2440 et
2890 2389 3158 2459 scientiae,
3190 2403 3244 2447 et
3274 2393 3326 2447 in
3359 2411 3469 2466 quo

1878 2460 2127 2519 Christus
2155 2467 2421 2526 Dominus
2443 2472 2790 2543 loquebatur,
2815 2480 3007 2535 scribit
3031 2481 3335 2540 Corinthiis
3360 2460 3472 2543 ξοδ

1878 2571 2045 2611 meum
2066 2570 2302 2627 apertum
2328 2572 2400 2618 est
2430 2565 2499 2617 ad
2518 2582 2626 2633 vos,
2653 2584 2683 2621 ο
2703 2566 2961 2624 Corinthii
2992 2572 3059 2642 (ll
3084 2573 3202 2628 Cor.
3234 2592 3308 2643 vt,
3343 2576 3403 2632 H
3431 2578 3474 2649 ).

1876 2650 1946 2704 Et
1969 2651 2037 2706 de
2063 2652 2345 2710 Salvatore
2372 2658 2658 2717 Matthaeus
2690 2663 2858 2719 refert
2881 2682 2895 2723 :
2922 2665 3171 2737 Aperiens
3203 2687 3260 2725 os
3301 2688 3474 2743 suum,

1878 2744 2089 2800 docebat
2111 2747 2398 2818 discipulos
2422 2752 2643 2825 (Matth.
2668 2771 2727 2823 ‘v,
2762 2756 2841 2830 2).

1950 2836 2019 2891 Et
2050 2840 2189 2907 vidi,
2223 2852 2270 2896 et
2300 2860 2413 2898 ecce
2459 2863 2641 2903 manus
2685 2850 2844 2904 missa
2894 2852 2964 2905 ad
3009 2870 3108 2909 me.
3158 2856 3264 2912 Pro
3308 2874 3473 2916 manu

1878 2930 2063 2997 missa,
2090 2944 2347 2989 extentam
2381 2937 2727 3011 Septuaginta
2761 2946 3169 3003 transtulerunt.
3197 2950 3328 3017 Quae
3349 2954 3477 3009 mit-

1876 3024 2010 3080 titur
2037 3038 2093 3082 et
2122 3031 2434 3087 extenditur
2463 3034 2529 3088 ad
2558 3049 2672 3103 eos,
2706 3038 2796 3107 qui
2828 3038 3095 3097 beneﬁcia
3118 3058 3470 3115 consequun-

1879 3125 1985 3171 tur.
2031 3120 2388 3180 Contrahitur
2414 3134 2592 3198 autem
2640 3130 2711 3184 ab
2753 3130 2839 3186 his
2869 3134 3068 3203 quibus
3104 3135 3348 3207 loquitur
3373 3154 3472 3209 per

2311 3217 2583 3292 Numquid
2630 3224 2932 3280 abbreviala
2986 3237 3034 3282 et
3088 3240 3355 3287 contracta
3398 3242 3477 3289 est

1874 3323 2054 3361 manus
2086 3308 2297 3365 Domini
2342 3314 2496 3385 (lsa.
2533 3332 2584 3379 L,
2615 3318 2647 3370 ‘2
2672 3316 2720 3387 )‘.’
2748 3316 2819 3372 Et
2848 3319 2901 3373 itt
2936 3319 3196 3377 Psalmo:
3240 3323 3311 3379 Ut
3345 3326 3474 3397 quid

1871 3402 2058 3455 avertis
2083 3419 2289 3457 manum
2316 3416 2481 3470 tuam,
2508 3418 2557 3461 et
2585 3409 2850 3465 dexteram
2883 3422 3023 3466 tuam
3049 3415 3113 3469 de
3143 3418 3310 3471 medio
3352 3420 3472 3473 sinu

1873 3500 1959 3546 tuo
1994 3494 2047 3547 in
2077 3495 2235 3564 ﬁnem
2276 3495 2456 3569 (Psal.
2491 3516 2679 3568 Lsxm,
2712 3500 2841 3574 ll)?
2868 3504 3111 3577 Denique
3140 3509 3389 3566 extendit
3414 3511 3468 3567 in

1870 3586 2122 3654 passione
2176 3605 2384 3660 pennas
2434 3592 2595 3660 suas,
2645 3597 2995 3668 suscepitque
3039 3600 3361 3674 discipulos,
3412 3617 3469 3663 et

1870 3680 2105 3747 portavit
2132 3681 2258 3738 illos
2286 3684 2340 3739 in
2375 3684 2618 3741 humeris
2643 3688 2782 3756 suis,
2809 3698 2865 3746 et
2895 3691 3112 3749 locutus
3139 3705 3223 3751 est
3268 3715 3281 3752 :
3337 3697 3467 3755 Tota

1868 3772 1953 3827 die
1991 3776 2218 3845 expandi
2264 3794 2449 3833 manus
2488 3795 2628 3835 meas
2662 3783 2729 3836 ad
2766 3785 3021 3854 populant
3046 3804 3150 3842 non
3175 3793 3469 3849 credentem

1868 3862 2007 3934 (Isa.
2035 3883 2162 3937 va,
2194 3868 2276 3941 2),
2310 3878 2367 3924 ut
2392 3884 2754 3944 congregaret
2786 3876 2928 3933 ﬁlios
2954 3860 3321 3949 lsrae|,.sicut
3344 3887 3466 3956 gal-

1867 3956 1978 4013 lina
2018 3971 2322 4032 congregat
2359 3964 2537 4033 pullos
2564 3966 2665 4022 sub
2692 3969 2808 4024 alas
2836 3984 2963 4026 suas
3007 3989 3021 4026 :
3055 3984 3110 4030 et
3139 3977 3469 4038 extensione

1866 4067 2126 4108 manuum
2154 4056 2355 4126 Moysi,
2380 4056 2546 4112 Israel
2575 4070 2798 4129 superat
2823 4064 3049 4121 Amalec
3077 4065 3275 4137 (Exod.
3310 4072 3465 4143 xvn).

1940 4145 1958 4215 (
1984 4146 2138 4201 Vers.
2171 4146 2264 4219 9.)
2302 4148 2365 4203 In
2407 4167 2511 4219 qua
2532 4163 2642 4206 erat
2670 4154 2937 4210 involutus
2965 4156 3114 4225 liber,
3145 4171 3191 4214 et
3216 4164 3470 4233 expandit

1864 4239 2013 4293 illum
2040 4257 2213 4295 coram
2244 4258 2343 4309 me,
2374 4253 2422 4298 et
2463 4244 2643 4317 [Vulg
2677 4246 2788 4320 qui]
2816 4260 2925 4304 erat
2972 4253 3193 4323 scriptus
3238 4255 3381 4311 intus
3419 4268 3467 4312 et

1866 4334 2351 4407 [at'is:scriptwque
2373 4349 2522 4393 erant
2548 4340 2602 4393 in
2631 4357 2692 4394 eo
2715 4342 3131 4413 lamentationes,
3163 4360 3210 4403 et
3236 4366 3466 4420 carmen,

1866 4435 1915 4479 et
1938 4443 2033 4481 vw.
2064 4425 2136 4482 Et
2155 4428 2287 4483 dixit
2313 4432 2382 4484 ad
2416 4448 2536 4487 me:
2562 4431 2679 4487 Fili
2706 4433 2964 4502 hominis,
2998 4439 3359 4511 quodcumque
3380 4447 3462 4499 in-

1865 4520 2098 4586 veneris,
2144 4523 2375 4578 eomede.
2426 4524 2535 4579 Pro
2584 4525 2829 4583 involuto
2880 4530 3053 4597 libro,
3103 4532 3463 4606 Septuaginta

1868 4614 2155 4686 capitulum
2199 4617 2319 4672 libri
2361 4620 2782 4676 transtulerunt.
2831 4623 2887 4677 ln
2937 4639 3105 4681 manu
3138 4614 3349 4685 Domini
3380 4646 3468 4687 se—

1866 4710 2016 4765 denti
2045 4727 2211 4782 super
2236 4712 2517 4780 thronum,
2552 4731 2676 4785 quae
2703 4716 2874 4772 missa
2904 4730 2989 4774 est
3023 4732 3075 4775 et
3105 4732 3349 4779 extenta.
3387 4726 3468 4782 De

1866 4819 1973 4873 qua
2005 4815 2057 4859 ct
2087 4805 2139 4859 in
2173 4806 2402 4864 Psalmis
2443 4808 2644 4864 dicitur
2670 4828 2682 4864 :
2708 4808 2775 4865 In
2807 4813 3039 4884 capitulo
3062 4816 3185 4871 libri
3215 4820 3467 4890 scriptum

1864 4908 1938 4952 est
1971 4898 2036 4952 de
2061 4916 2139 4953 me
2168 4899 2341 4971 (Psal.
2376 4919 2563 4971 χχχιιι,
2598 4902 2679 4975 8).
2712 4904 3019 4975 Capitulutu
3053 4910 3158 4981 27
3192 4912 3466 4985 intelliga-

1864 5008 1987 5046 mus
2030 4995 2337 5050 exordium.
2372 4996 2483 5052 lste
2510 4997 2652 5053 liber
2678 4998 2965 5056 involutus
2994 5015 3160 5073 atque
3192 5006 3459 5077 signatus,

1864 5088 2210 5159 scriptusque
2240 5090 2385 5145 intus
2415 5100 2473 5146 et
2516 5090 2650 5147 foris
2672 5134 2686 5158 ,
2736 5092 2821 5148 vel
2851 5103 2977 5149 ante
3007 5106 3061 5151 et
3092 5106 3249 5167 post,
3301 5109 3464 5155 tantae

1864 5179 2199 5237 difﬁcultatis
2240 5183 2363 5250 fuit,
2397 5193 2458 5239 ut
2505 5184 2690 5240 nullus
2722 5187 2968 5255 potuerit
2995 5204 3174 5261 neque
3219 5190 3274 5245 in
3301 5192 3465 5261 caelo,

1864 5292 2041 5347 neque
2085 5278 2138 5332 in
2171 5285 2343 5349 terra,
2376 5294 2556 5349 neque
2600 5279 2794 5336 subtus
2826 5291 3027 5339 terram
3066 5286 3284 5356 aperire
3312 5286 3466 5343 illum

1866 5380 1921 5427 et
1949 5371 2154 5442 legere,
2188 5371 2295 5428 nisi
2326 5372 2483 5430 solus
2517 5372 2607 5431 leo
2637 5373 2708 5432 de
2736 5375 2883 5433 tribu
2912 5378 3071 5449 Juda,
3105 5379 3261 5436 radix
3294 5379 3468 5439 David

1866 5586 2011 5657 quod
2056 5584 2351 5659 enim_a_it_
2369 5585 2636 5644 llebraice
2679 5597 2766 5645 est
2812 5584 2983 5659 πιπτιν,
3022 5591 3247 5651 llieron.
3300 5598 3469 5653 vertit

1864 5656 2160 5729 quiescant;
2212 5656 2377 5713 LXX.
2433 5674 2566 5714 vero
2617 5663 2902 5721 πτοηθᾶσιν
2932 5656 2977 5728 ,’
3005 5665 3235 5722 timeant.
3291 5667 3467 5724 Porro

1867 5729 2349 5812 Hieronymianam
2396 5730 2911 5812 interpretationem
2952 5733 3470 5812 Septuagintavirali

1871 5801 2131 5861 continuo
2153 5801 2286 5859 facit
2308 5801 2641 5873 praecedere.
