3996 6322
512 275 596 334 $5”
1762 272 1821 330 S.
1865 267 2134 331 EUSEBII
2176 269 2560 330 "IERONYMI
3740 276 3806 344 36

503 406 559 453 et
583 397 759 458 Jesse,
791 409 950 465 quem
976 394 1217 449 Joannes
1261 391 1314 446 in
1345 389 1680 463 Apocalypsi
1722 389 2020 445 devorasse
2048 405 2108 445 se
2136 390 2191 450 Α
2214 387 2420 460 eloquia
2453 400 2560 452 tua,
2608 405 2763 461 super
2801 387 2903 443 mel
2946 387 3026 443 ori
3056 403 3171 446 meo
3198 387 3215 459 (
3243 386 3393 446 Psal.
3427 407 3615 460 cxvut,
3648 394 3805 468 105).

509 490 653 546 dixit
678 490 862 561 (Apoc.
897 488 974 558 v),
1010 502 1115 541 non
1148 494 1345 551 totum,
1377 485 1481 541 sed
1515 486 1566 539 in
1600 484 1871 554 capitulo,
1909 484 1960 537 id
1990 490 2107 549 est,

512 582 567 637 iit
616 580 900 651 principio.
952 578 1139 649 Neque
1166 578 1309 633 enim
1354 576 1474 632 ﬁeri
1521 587 1720 645 potest,
1770 586 1827 629 ut
1875 578 2110 629 humana

513 686 702 729 natura
754 680 899 728 totos
943 673 1064 727 libri
1099 671 1262 740 hujus
1311 671 1599 725 thesauros
1629 668 1876 723 devoret.
1911 667 1979 722 Et
2009 682 2108 722 ex-

511 768 701 839 pandit
730 767 877 822 illum
925 782 1115 822 coram
1165 765 1457 836 propheta,
1493 773 1551 819 ct
1592 763 1878 833 legendum
1904 772 2107 831 cog'hl'

510 864 888 930 scendumque
924 860 1177 930 pra-butt,
1211 859 1303 929 qui
1352 860 1403 912 in
1444 857 1577 913 Isaia
1614 857 1817 926 populo
1848 871 1952 909 non
1986 870 2106 909 (πιθα

511 953 659 1007 denti
690 950 893 1007 dicitur
924 948 1493 1022 esscsignatttsusoi.
1531 950 1709 1023 uta).
1737 949 1916 1017 Usque
1948 948 2110 1002 hodie

511 1048 655 1104 enim
690 1047 946 1101 velamen
979 1046 1186 1102 Judasis
1218 1046 1271 1099 itt
1311 1044 1482 1099 veleri
1526 1045 1758 1113 positum
1792 1053 1874 1097 est
1921 1041 2112 1095 Testa-

513 1147 723 1193 mento.
770 1139 1127 1207 Scriptusque
1166 1146 1287 1191 erat
1321 1146 1449 1190 ante
1482 1145 1537 1189 et
1584 1145 1770 1198 retro;
1812 1133 1880 1187 de
1918 1134 2110 1187 futuris

513 1241 567 1286 ct
596 1231 665 1287 de
697 1231 1014 1301 prmteritis.
1055 1230 1149 1285 Vel
1178 1239 1330 1285 certe
1362 1228 1514 1293 foris,
1550 1228 1603 1283 in
1632 1227 1873 1282 historia:
1907 1227 2106 1295 littera,

513 1323 692 1387 intus,
733 1324 1089 1392 intelligentia
1122 1321 1394 1391 spirituali
1416 1363 1429 1383 ,
1462 1320 1531 1375 de
1560 1336 1665 1391 qua
1694 1330 1748 1375 et
1779 1318 2066 1374 Psalmista
2095 1338 2106 1373 :

515 1416 717 1484 Omnis,
754 1415 949 1485 inquit,
982 1416 1151 1486 gloria
1178 1414 1306 1483 ﬁlia:
1330 1416 1466 1485 regis
1493 1414 1556 1465 ab
1589 1413 1730 1466 intus
1755 1410 1929 1482 (Psal.
1962 1426 2108 1472 κων,

516 1510 621 1582 ιι).
665 1509 1009 1579 Scriptaque
1039 1518 1198 1563 erant
1229 1509 1281 1561 in
1312 1524 1378 1562 eo
1421 1517 1527 1561 tant
1574 1507 1721 1561 intus
1766 1521 1928 1576 quam
1976 1504 2109 1559 foris

512 1604 967 1669 lamentationes,
1019 1612 1073 1657 et
1110 1617 1362 1667 carmen,
1411 1608 1469 1656 et
1495 1616 1596 1655 van
1629 1598 2106 1662 Lamentationes,

510 1698 579 1755 de
612 1698 696 1753 his
735 1698 826 1768 qui
873 1697 939 1751 ad
972 1696 1349 1766 pmnitentiam
1400 1701 1791 1763 provocantnr,
1824 1692 1960 1746 sicut
2011 1691 2110 1747 Sa-

2219 482 2284 535 Et
2309 482 2438 535 alibi
2479 497 2493 535 :
2531 481 2748 536 Iudicia
2778 480 2995 537 Domini
3033 498 3174 546 vera,
3207 492 3231 520 α
3263 483 3637 539 desiderabilia
3662 505 3809 562 super

2212 591 2400 628 aurum
2428 584 2474 627 et
2503 575 2732 642 lapidem
2770 578 3053 647 pretiosum
3082 575 3299 630 multum
3325 592 3343 643 ;
3371 588 3416 632 et
3439 579 3677 634 dulciora
3719 576 3807 637 su-

2213 684 2304 738 per
2350 669 2453 721 mel
2490 678 2536 721 et
2582 669 2756 738 {avum
2797 667 2992 738 (PsaI.
3029 684 3182 733 XVIII,
3218 671 3301 735 τί),
3336 672 3394 724 Η
3420 670 3458 740 ).
3490 670 3556 724 Et
3582 672 3807 731 Samson

2216 760 2397 815 favum
2432 762 2617 831 mellis,
2641 763 2690 815 in
2722 777 2819 816 ore
2852 762 3028 816 leonis
3061 763 3270 817 invenit
3302 762 3520 836 (Iudic.
3554 781 3643 820 xlv
3668 766 3715 839 );
3757 777 3811 825 et

2216 853 2482 909 Dominus
2529 867 2649 925 post
2701 858 3167 911 resurrectionem
3220 868 3426 927 partem
3484 859 3595 914 assl
3649 862 3808 931 piscis

2213 949 2452 1003 comedit
2475 960 2525 1004 et
2557 950 2735 1005 favum
2770 949 2925 1022 (Luc.
2961 950 3043 1019 tt).
3082 952 3141 1004 Et
3177 952 3229 1005 in
3273 952 3585 1007 Proverbiis
3612 951 3678 1010 de
3713 970 3812 1026 ape

2213 1041 2439 1107 dicitur,
2474 1058 2803 1112 quamquam
2839 1044 2940 1098 hoc
2970 1043 3198 1099 Hebraea
3220 1061 3335 1109 ,non
3366 1044 3601 1101 habeant
3628 1064 3812 1103 exem-

2212 1138 2382 1208 plaria
2413 1157 2423 1192 :
2462 1137 2603 1193 Vade
2629 1139 2697 1193 ad
2719 1156 2890 1210 apem,
2918 1150 2965 1193 et
2992 1140 3135 1194 disce
3154 1141 3413 1204 quomodo
3442 1146 3703 1211 operatria:
3722 1146 3810 1208 sit,

2210 1240 2259 1284 et
2285 1246 2412 1303 aptis
2436 1246 2586 1285 suum
2616 1242 2812 1286 castum
2860 1233 3026 1302 faciat
3069 1249 3085 1284 :
3126 1235 3276 1303 cujus
3316 1233 3573 1288 laboribus
3603 1251 3745 1305 rcges
3768 1246 3813 1291 et

2210 1324 2433 1394 imperiti
2458 1340 2552 1396 pro
2572 1327 2796 1381 sanitate
2818 1326 3298 1398 abutuntur(Prov.
3325 1342 3399 1395 v1,
3416 1328 3470 1395 8,
3490 1346 3592 1383 sec.
3616 1328 3812 1401 LXX):

2211 1416 2354 1485 quod
2387 1420 2597 1487 operati
2645 1429 2771 1473 sunt
2805 1420 3019 1491 Moyses
3047 1432 3099 1474 et
3133 1423 3442 1491 propheta,
3479 1434 3531 1480 et
3578 1439 3813 1495 cvange-

2212 1509 2384 1573 listaa,
2422 1521 2475 1565 et
2506 1514 2779 1581 apostoli;
2815 1525 2867 1567 ut
2916 1514 3244 1586 quicumque
3291 1531 3384 1572 rex
3417 1517 3569 1572 lieret
3592 1562 3605 1584 ,
3660 1518 3817 1588 cujus

2211 1617 2305 1657 cor
2349 1606 2400 1657 itt
2441 1621 2604 1660 manu
2641 1607 2733 1661 Dei
2778 1616 2897 1672 est,
2943 1607 3193 1663 dulcibus
3243 1608 3454 1664 fruatur
3500 1611 3659 1666 cibis.
3714 1612 3815 1679 Qui

2212 1712 2344 1751 vero
2390 1698 2621 1768 simplex
2653 1708 2707 1754 et
2740 1700 2948 1768 absque
2981 1704 3257 1771 serpentis
3293 1705 3491 1759 astutia
3539 1703 3702 1761 habet
3736 1707 3818 1761 itt-

512 1792 655 1847 muel
688 1799 744 1846 et
774 1790 1076 1860 Apostolus
1123 1789 1326 1844 Paulus
1380 1787 1715 1857 plangebant
1758 1792 1922 1855 atque
1956 1784 2107 1853 lngc-
2140 1775 2182 1834 Β
2215 1791 2523 1843 nocentiant
2557 1792 2957 1856 columbarum,
3008 1794 3239 1865 simplici
3275 1796 3377 1851 lide
3423 1797 3610 1852 credat
3651 1809 3819 1871 atque

512 1886 644 1940 bant
690 1885 819 1941 Saul
867 1894 922 1940 et
965 1880 1310 1951 Corinthios,
1356 1896 1497 1951 quos
1547 1881 1760 1935 salvere
1814 1878 2107 1946 cupiebant

510 1977 577 2047 (ll
601 1977 724 2031 Par.
760 1992 880 2041 xvi;
912 1976 952 2031 ll
988 1976 1105 2031 Cor.
1141 1975 1259 2047 xu).
1287 1972 1520 2030 Carmen
1551 1988 1717 2041 super
1748 1972 1829 2025 bis
1850 2014 1863 2036 ,
1886 1972 1979 2042 qui
2014 1970 2109 2026 Dei

508 2072 659 2143 digni
691 2082 821 2127 sunt
846 2071 1187 2134 testimonio,
1207 2081 1263 2124 et
1289 2069 1491 2137 quibus
1518 2067 1804 2121 Psalmista
1834 2065 2104 2134 pra-cipit:

510 2166 724 2221 Caritate
756 2162 980 2218 Domino
1011 2163 1269 2215 canticum
1291 2176 1482 2213 nouunt
1514 2157 1686 2231 (Psal.
1719 2173 1822 2213 xcv
1850 2165 1908 2212 et
1940 2170 2106 2222 xcvu,

517 2256 592 2330 l).
626 2258 799 2312 Porro
832 2273 912 2311 vae
952 2270 1115 2324 super
1164 2255 1276 2309 illis
1321 2255 1410 2324 qui
1460 2252 1676 2322 penitus
1719 2253 2106 2322 desperamur,

512 2360 717 2406 etcum
764 2348 1020 2404 venerint
1071 2349 1125 2402 in
1167 2346 1498 2417 profundum
1548 2355 1928 2416 peccatorum,
1973 2359 2105 2399 con-

515 2449 764 2498 temnunt
789 2439 971 2513 (Prov.
1001 2438 1186 2511 xvm).
1730 2453 1755 2472 ο

586 2535 761 2607 (Cap.
793 2533 878 2590 Ill.
903 2562 975 2573 —
996 2531 1155 2588 Vera.
1192 2533 1242 2587 l.
1273 2531 1293 2604 )
1320 2530 1538 2587 Comedc
1576 2529 1817 2584 volumen
1848 2529 1983 2583 istud
2004 2569 2017 2593 ,
2063 2538 2110 2582 et

514 2632 642 2687 vade
683 2629 883 2703 (Vulg.
917 2629 1104 2684 vadens
1127 2626 1179 2700 ],
1213 2628 1419 2698 loquere
1453 2626 1578 2695 ﬁliis
1605 2624 1625 2698 [
1650 2624 1807 2694 Vulg.
1833 2624 1901 2676 ad
1932 2622 2109 2694 ﬁlios]

516 2724 705 2779 Israel.
759 2723 873 2778 Nisi
924 2734 1052 2777 ante
1095 2718 1501 2776 comederimus
1532 2726 1785 2790 apertum
1818 2716 2107 2785 volumen,

515 2817 715 2874 docere
748 2834 854 2871 non
883 2830 1173 2887 possumus
1198 2814 1340 2869 ﬁlios
1364 2813 1554 2869 Israel.
1587 2812 1831 2881 Denique
1856 2821 1909 2867 et
1941 2811 2108 2865 David

517 2920 806 2980 postquam
841 2910 959 2978 ipse
992 2908 1430 2962 misericordiam
1461 2915 1797 2961 consecutus
1826 2912 1912 2959 est
1947 2922 1960 2957 :
2009 2903 2111 2957 Do-

513 3001 657 3065 cebo,
692 3002 888 3070 inquit,
920 3000 1125 3070 iniquos
1156 2999 1263 3052 vias
1291 3007 1432 3065 tuas,
1468 3007 1514 3052 et
1553 2997 1702 3068 impii
1728 2996 1797 3049 ad
1826 3008 1872 3049 te
1903 3012 2110 3050 conver-

517 3104 688 3151 tentur
716 3093 888 3167 (Psal.
923 3110 975 3157 ι,
1006 3095 1113 3163 15).

2213 1882 2489 1937 salvetur:
2516 1885 2640 1952 quia
2670 1884 2869 1954 ubique
2897 1885 3106 1939 insidia:
3137 1896 3282 1953 sunt,
3313 1896 3368 1943 et
3394 1903 3540 1959 sa-pe
3562 1890 3816 1945 diabolus

2213 1976 2564 2045 transﬁgurat
2591 1991 2650 2029 se
2679 1976 2730 2030 in
2763 1977 3012 2047 angelum
3042 1979 3179 2033 lucis
3223 1980 3288 2051 (ll
3316 1979 3434 2034 Cor.
3464 1979 3525 2052 tt)
3555 1999 3566 2032 τ
3595 1984 3818 2054 melque

2213 2067 2442 2121 distillat
2474 2068 2538 2121 de
2571 2067 2731 2122 labiis
2765 2070 3014 2124 mulieris
3046 2073 3373 2139 meretricis,
3408 2074 3587 2129 dulcia
3618 2089 3817 2145 repro-

2209 2162 2432 2213 mittens
2464 2168 2522 2213 ut
2550 2175 2757 2214 venena
2788 2161 3081 2216 interserat
3110 2162 3292 2234 (Prov.
3327 2168 3406 2234 ν).

2281 2252 2467 2317 (Vers.
2503 2253 2588 2321 5.)
2622 2253 2687 2306 Et
2717 2255 2849 2308 dixit
2891 2257 2961 2308 ad
3001 2272 3082 2309 me
3118 2272 3136 2310 :
3171 2255 3278 2310 Fili
3320 2257 3569 2325 hominis,
3602 2262 3739 2315 vade
3772 2270 3820 2316 et

2211 2349 2479 2418 ingredere
2511 2348 2603 2420 [in
2640 2347 2797 2418 Vulg.
2840 2366 2947 2403 nun
2973 2359 3057 2405 est
3082 2361 3137 2405 et
3172 2352 3479 2425 ingredere]
3507 2356 3575 2407 ad
3600 2354 3822 2410 domum

2214 2438 2403 2500 Israel.
2428 2453 2473 2495 rt
2495 2442 2718 2508 loqueris
2740 2444 2892 2497 verba
2920 2460 3031 2498 mea
3052 2445 3120 2497 ad
3144 2461 3247 2500 eos.
3275 2444 3371 2501 Ctti
3396 2446 3590 2501 dicitur
3616 2465 3634 2504 :
3674 2449 3829 2504 Vade

2212 2545 2261 2587 et
2285 2534 2554 2605 ingredere
2581 2535 2650 2587 ad
2673 2536 2886 2589 domum
2911 2534 3114 2605 Israel,
3159 2538 3476 2595 ostenditur
3502 2555 3608 2596 nou
3646 2543 3827 2601 fuisse

2213 2644 2336 2681 cttm
2388 2629 2588 2698 popqu
2638 2639 2961 2698 peccatore;
3014 2630 3142 2686 licet
3187 2632 3241 2687 in
3286 2634 3491 2688 eisdem
3536 2635 3829 2692 videretur

2215 2736 2377 2789 super
2410 2720 2608 2777 flumen
2648 2722 2868 2777 Chobar
2902 2723 3099 2776 linihus
3138 2728 3490 2781 commorari.
3535 2727 3824 2797 Scriptum

2215 2825 2298 2867 est
2329 2814 2503 2868 enim:
2525 2814 2589 2867 Et
2610 2832 2704 2887 ego
2731 2831 2871 2868 eram
2898 2818 2951 2869 in
2974 2817 3145 2870 medio
3168 2819 3642 2890 transmigrationis
3663 2824 3832 2892 juxta

2214 2913 2407 2979 [iumen
2451 2908 2675 2965 Cltobar.
2706 2909 2967 2981 Separata
3009 2914 3156 2966 enim
3188 2921 3308 2967 erat
3352 2914 3642 2985 prophetae
3693 2932 3831 2971 con-

2215 3002 2473 3063 versatio,
2526 3012 2579 3056 et
2626 3001 2940 3071 iniquorum
2990 3000 3373 3061 oﬂ‘endehatur
3403 3014 3662 3074 aspectu.
3714 3006 3834 3063 Hoc

2216 3098 2359 3152 idem
2393 3096 2626 3151 faciebat
2657 3105 2713 3151 et
2762 3096 2979 3168 Moyses
3022 3098 3037 3170 (
3068 3097 3242 3153 Exod.
3278 3115 3448 3154 χχχιιι
3475 3099 3526 3165 ),
3563 3102 3768 3169 procul
3797 3117 3828 3154 a

588 3186 771 3258 (Vers.
804 3184 889 3256 ‘2.)
934 3184 1001 3239 Et
1040 3187 1223 3257 aperui
1249 3201 1306 3239 os
1345 3200 1537 3245 ineunt.
1580 3192 1630 3238 et
1668 3184 2113 3238 cibavitmerolu-
2141 3168 2186 3232 Ο
2219 3191 2413 3244 castris
2446 3190 2810 3243 multitudinis
2850 3168 3461 3259 ﬁgens-tabernaculum
3486 3211 3497 3244 :
3522 3194 3639 3265 29
3668 3192 3827 3264 quod

519 3281 655 3335 nunc
680 3279 791 3336 illo.
823 3279 889 3333 Et
917 3279 1050 3335 dixit
1076 3279 1145 3333 ad
1170 3294 1248 3334 me
1272 3295 1289 3333 :
1310 3275 1420 3332 Fili
1447 3277 1692 3331 hominis.
1724 3278 1866 3347 Ego,
1900 3276 2107 3345 inquit,

522 3373 709 3442 aperui
752 3386 817 3427 os
862 3387 1076 3437 meum,
1118 3372 1243 3441 quia
1276 3370 1407 3424 mihi
1441 3369 1647 3423 dictum
1681 3379 1767 3422 est
1802 3386 1814 3422 :
1860 3368 2014 3439 Aperi
2054 3384 2110 3419 os

513 3476 682 3531 tuum,
704 3476 753 3520 et
770 3464 998 3520 comede.
1025 3466 1114 3532 Et,
1142 3474 1333 3533 aperto
1350 3479 1469 3526 ore,
1500 3464 1758 3517 Dominus
1777 3462 2003 3532 largitus
2026 3471 2111 3516 est

515 3561 697 3625 cibos;
731 3568 792 3615 ut
821 3560 973 3615 initia
1006 3558 1308 3613 voluntatis
1340 3557 1393 3611 in
1426 3557 1582 3612 nobis
1614 3557 1746 3621 sint,
1797 3565 1853 3611 et
1896 3554 2105 3625 pcrl‘cc~

512 3654 714 3708 tionem
743 3649 1093 3706 beatitudinis
1112 3668 1137 3701 a
1167 3652 1398 3704 Domino
1428 3664 1848 3719 consequamur.
1880 3647 2004 3702 Non
2037 3659 2109 3703 est

513 3747 649 3803 enim
674 3746 888 3799 volentis
913 3760 1071 3814 neque
1088 3745 1367 3809 currentis,
1391 3744 1482 3798 sed
1503 3743 1789 3797 miserantis
1808 3740 1903 3795 Dei
1925 3743 2107 3814 (Rom.

515 3853 592 3904 tx,
642 3836 753 3908 16).
790 3824 1046 3890 Kttamen
1079 3845 1134 3892 et
1165 3835 1305 3890 velle
1334 3846 1386 3889 et
1416 3850 1662 3902 currere,
1697 3834 1872 3889 nostri
1899 3834 2109 3890 arbitrii

512 3942 619 3989 est.
651 3932 759 3987 Pro
789 3930 992 4003 aperui,
1020 3930 1376 4001 Septuaginta
1410 3930 1846 3995 transtulerunt,
1881 3930 2103 3997 aperuit,

511 4037 569 4082 ut
618 4027 729 4099 28
777 4023 1136 4080 subaudiatur
1168 4025 1315 4080 Deus
1355 4042 1368 4078 :
1414 4024 1539 4093 quia
1574 4026 1693 4093 ipse
1720 4033 1772 4077 ot
1809 4022 2023 4092 aperuit
2047 4036 2109 4077 os

513 4120 819 4191 pmpbetae,
846 4128 900 4173 et
925 4117 1126 4173 cihavit
1154 4132 1300 4171 eum.

584 4215 749 4285 (Vers
781 4215 862 4280 5.)
902 4211 1092 4267 Venter
1115 4222 1237 4265 tuus
1260 4211 1520 4276 comedet;
1551 4220 1597 4265 et
1627 4211 1821 4266 viscera
1848 4220 1939 4265 tua
1969 4226 2110 4264 com-

511 4310 787 4382 plebantur
817 4309 1074 4363 volumine
1098 4307 1214 4371 illo,
1251 4308 1389 4376 quod
1417 4324 1512 4380 ego
1551 4308 1618 4360 do
1648 4308 1757 4361 tibi.
1792 4308 1935 4365 LXX
1979 4329 1990 4365 :
2036 4311 2107 4367 Os

510 4412 655 4455 tuum
681 4400 933 4467 comedet,
965 4408 1011 4453 et
1043 4406 1213 4454 venter
1244 4407 1363 4451 tuus
1396 4398 1695 4469 implebitur
1740 4402 1969 4470 capitulo
2007 4402 2105 4458 isto

514 4496 605 4549 tibi
633 4495 776 4549 dato.
820 4492 1089 4562 Principia
1123 4492 1405 4560 lectionis,
1438 4504 1491 4548 et
1535 4493 1799 4563 simplicis
1829 4496 2100 4564 historias,

512 4605 638 4645 esus
670 4588 962 4643 voluminis
999 4596 1104 4643 est.
1151 4588 1380 4655 Quando
1426 4602 1559 4643 vero
1603 4588 1825 4643 assidua
1872 4590 2100 4647 medita-
2129 4557 2181 4617 Β

511 4681 661 4735 tione
696 4681 748 4735 in
798 4679 1075 4735 memoria:
1108 4679 1367 4734 thesauro
1413 4679 1609 4735 librum
1654 4680 1861 4737 Domini
1910 4682 2103 4737 condi-

510 4773 798 4839 derimus,
844 4773 1104 4842 impletur
1152 4772 1514 4841 spiritualiter
1563 4782 1756 4828 tenter
1786 4784 1991 4842 noster,
2055 4785 2111 4831 et

507 4876 824 4924 saturantur
847 4868 1082 4930 viscera,
1112 4874 1171 4922 ttt
1194 4866 1493 4922 habeamus
1521 4883 1646 4922 cum
1670 4869 1919 4937 apostolo
1937 4869 2105 4925 Paulo

508 4960 717 5014 viscera
751 4957 1146 5015 misericordia:
1176 4958 1194 5029 (
1221 4957 1422 5014 Coloss.
1459 4974 1517 5014 tn
1539 4960 1578 5029 ),
1611 4970 1664 5014 et
1696 4960 1985 5029 impleatur
2014 4962 2105 5017 ille

510 5064 722 5117 venter,
754 5052 824 5108 tle
853 5066 961 5122 quo
991 5050 1257 5107 Jeremias
1302 5051 1538 5120 loquitur
1580 5069 1590 5103 :
1625 5049 1867 5105 Ventrem
1909 5068 2103 5118 meum,

506 5158 731 5204 ventrem
752 5162 919 5202 meum
946 5163 1042 5216 ego
1070 5143 1222 5200 doleo
1247 5156 1327 5199 :et
1356 5161 1534 5200 sensus
1563 5146 1735 5200 cordis
1764 5147 1862 5200 mei
1895 5157 2104 5201 contur-

510 5243 631 5296 bant
652 5256 734 5295 tne
761 5240 979 5311 (Ierem.
1010 5254 1083 5299 tv,
1124 5236 1233 5309 l9}.

581 5333 649 5389 Et
669 5332 869 5388 comedi
892 5330 1050 5397 illud,
1076 5340 1123 5385 et
1157 5333 1353 5400 factum
1390 5332 1542 5386 estin
1570 5346 1659 5387 ore
1685 5348 1795 5387 meo
1836 5331 1970 5387 sicut
2005 5333 2106 5388 mel

510 5426 678 5480 dulce.
725 5427 988 5496 Loquitur
1021 5433 1074 5478 et
1104 5422 1271 5477 David
1317 5441 1329 5478 :
1361 5422 1527 5488 Quam
1558 5426 1735 5480 dulcia
1767 5428 1964 5498 gutturi
1994 5443 2106 5480 meo

582 5595 607 5623 ιι
634 5583 909 5641 interserit
960 5585 1192 5653 Victor,
1234 5582 1520 5655 iustificata
1568 5582 1619 5637 in
1661 5583 1970 5653 semetipsa,
2022 5599 2086 5639 ex

512 5658 702 5731 psalmi
737 5666 899 5712 textu.

582 5727 610 5767 ι’
639 5728 869 5794 Vlcmr.,
898 5744 963 5783 ex
987 5724 1214 5800 Hehrteo
1254 5736 1309 5800 et
1344 5724 1571 5800 Vulgata
1614 5724 1933 5800 Hieronymi
1980 5725 2096 5800 edi-

514 5800 663 5859 tione
684 5843 699 5871 ,
744 5800 976 5856 restituit
1006 5798 1075 5854 ad
1106 5799 1322 5871 populos
1353 5796 1540 5854 multos
1570 5796 2096 5869 profundi'sermonis

2212 3298 2333 3338 cum
2367 3281 2557 3336 luisset
2601 3282 2900 3352 ingressus,
2932 3282 3299 3339 descendebat
3329 3285 3580 3339 columna
3627 3285 3822 3353 nobis,

2212 3383 2267 3429 et
2296 3374 2478 3427 stabat
2505 3384 2630 3427 ante
2660 3374 2859 3426 ostium
2895 3373 3249 3429 tabernaculi.

2282 3470 2463 3541 (Vera.
2495 3471 2548 3535 ii,
2578 3468 2659 3540 6.)
2691 3468 2809 3523 Non
2842 3472 2978 3523 enim
3008 3470 3076 3523 ad
3101 3468 3363 3537 'populunt
3405 3468 3664 3538 profundi
3712 3485 3832 3522 ser-

2210 3564 2395 3626 monis,
2417 3573 2463 3615 et
2483 3561 2717 3632 difﬁcilis
2748 3560 2929 3633 [Vulg.
2956 3561 3169 3632 ignotae]
3217 3560 3410 3634 lingua:
3455 3570 3510 3615 tu
3555 3560 3795 3616 mitteris
3815 3598 3833 3626 ,

2209 3657 2277 3709 ad
2308 3655 2517 3709 domum
2539 3653 2730 3723 Israel,
2756 3670 2922 3724 neque
2941 3655 3009 3707 ad
3037 3654 3257 3726 populos
3283 3656 3493 3720 multos,
3524 3652 3552 3692 δ
3577 3666 3624 3709 et
3657 3656 3835 3725 ignoti

2210 3748 2480 3811 sermonis,
2516 3762 2735 3817 quarunt
2768 3762 2870 3799 non
2898 3744 3063 3814 possis
3103 3744 3289 3797 audire
3324 3758 3639 3799 sermonem.
3680 3742 3757 3798 Et
3788 3744 3839 3799 si

2208 3838 2277 3891 ad
2306 3839 2427 3892 illos
2459 3840 2713 3893 mitterem
2741 3848 2809 3904 te,
2836 3838 2937 3910 ipsi
2965 3836 3206 3891 audirent
3240 3845 3304 3890 te.
3326 3835 3602 3901 Quoniam
3644 3837 3728 3891 illi
3764 3836 3836 3892 ad

2212 3942 2262 3987 te
2294 3932 2480 3987 nolunt
2514 3933 2723 3997 venire,
2759 3943 2814 3986 tu
2852 3946 3019 4000 perge
3049 3928 3117 3984 ad
3144 3944 3262 3985 eos.
3297 3927 3422 3984 Non
3451 3928 3593 3982 enim
3627 3928 3837 3984 habent

2208 4026 2322 4079 sani
2345 4041 2472 4096 opus
2501 4024 2731 4088 medico,
2774 4026 2865 4079 sed
2908 4022 3042 4076 ntale
3086 4022 3330 4075 habentes
3377 4018 3538 4091 (Luc.
3589 4035 3650 4087 ν,
3708 4019 3835 4091 51).

2208 4117 2394 4187 Neque
2419 4125 2575 4187 potes
2603 4118 2823 4171 dicere:
2854 4115 2972 4170 Non
3002 4128 3225 4185 possunt
3258 4112 3404 4184 loqui
3436 4111 3501 4167 ad
3531 4128 3663 4180 eos,
3698 4116 3839 4185 quia

2210 4212 2410 4283 linguae
2434 4210 2661 4267 alterius
2682 4220 2830 4277 Sunt,
2847 4220 2901 4265 et
2929 4209 3163 4265 invicem
3182 4208 3341 4264 nobis
3359 4206 3577 4263 barbari
3600 4224 3839 4275 sumus,

2210 4322 2310 4363 nec
2367 4314 2614 4362 mutuum
2674 4318 2972 4374 possumus
3034 4304 3225 4359 audire
3279 4316 3619 4358 sermonem.
3684 4304 3841 4370 Quid

2208 4400 2402 4469 loquar
2452 4399 2519 4453 de
2565 4414 2674 4453 uno
2707 4396 2949 4468 populo?
2980 4396 3035 4451 Si
3068 4395 3135 4451 ad
3166 4395 3410 4451 diversas
3446 4405 3497 4449 te
3531 4394 3844 4452 mitterent

2210 4493 2480 4557 nationes,
2536 4502 2717 4547 tamen
2759 4490 3061 4546 auctoritas
3088 4499 3141 4544 et
3170 4487 3417 4558 potentia
3448 4501 3564 4541 mea
3594 4500 3844 4545 omnem

2207 4587 2591 4644 tlillicultatetu
2621 4588 2887 4642 vinceret.
2940 4586 3123 4655 Atque
3150 4586 3356 4640 utinam
3386 4593 3612 4651 tempus
3648 4585 3849 4641 insta-

2208 4692 2314 4748 ret,
2349 4681 2491 4751 quod
2526 4681 2592 4736 ad
2623 4697 2814 4736 omnes
2866 4682 3134 4736 missurus
3159 4694 3280 4735 sunt
3315 4678 3595 4745 nationes,
3631 4694 3759 4751 quo
3788 4688 3853 4738 et

2209 4776 2517 4846 linguarum
2570 4775 2797 4830 daturus
2851 4789 2973 4828 sum
3004 4772 3232 4843 gratias,
3262 4779 3324 4826 ut
3346 4769 3667 4840 pricdicent
3702 4789 3853 4845 apo-

2208 4868 2332 4923 stoli
2358 4869 2489 4933 mei,
2511 4878 2565 4923 et
2592 4876 2764 4922 totum
2790 4865 3051 4921 mundum
3079 4880 3107 4919 a
3133 4864 3452 4919 diversitate
3475 4863 3847 4934 linguarum,

2209 4976 2313 5015 una
2339 4961 2445 5015 lide
2474 4976 2594 5016 meo
2620 4958 3044 5030 sobdantjugo;
3075 4957 3288 5014 facilius
3318 4957 3391 5010 illi
3421 4955 3722 5027 audirent,
3749 4963 3854 5032 qui

2207 5054 2459 5125 profundi
2514 5064 2641 5109 sunt
2688 5054 2892 5123 altique
2940 5052 3232 5112 sermonis.
3268 5061 3323 5106 et
3349 5050 3483 5105 nihil
3510 5051 3746 5109 habent
3772 5056 3850 5112 de

2205 5147 2427 5202 levitate
2478 5146 2729 5211 Judaica,
2775 5147 2873 5203 sed
2918 5147 3069 5218 gravi
3111 5156 3168 5201 et
3210 5143 3386 5201 solido
3421 5144 3850 5216 ingrediuntur

2208 5242 2366 5311 pede,
2400 5251 2453 5297 et
2481 5256 2605 5297 cum
2639 5243 2835 5313 ignota:
2863 5241 2976 5297 sint
3004 5243 3236 5312 linguas,
3289 5251 3431 5295 noun
3478 5239 3617 5295 lidei
3677 5256 3850 5301 sunt.

2204 5332 2358 5389 Unde
2389 5336 2676 5404 sequitur;
2708 5333 2776 5387 Et
2803 5335 2847 5389 si
2875 5334 2943 5388 ad
2973 5333 3093 5389 illos
3127 5334 3383 5387 mitterem
3410 5342 3491 5398 te,
3524 5332 3642 5400 ipsi
3676 5340 3858 5393 audi-

2209 5439 2317 5481 rent
2348 5438 2413 5483 te.
2445 5429 2686 5501 Denique
2712 5439 2894 5500 postea
2926 5428 3110 5494 misit,
3149 5436 3202 5481 et
3233 5441 3427 5483 omnes
3459 5427 3686 5496 pariter
3719 5448 3861 5489 crc-

2200 5596 2247 5638 et
2273 5586 2461 5656 ignotis
2482 5585 2694 5655 lingula,
2734 5587 3165 5653 impressamque
3188 5562 3484 5656 lcetionen}
3519 5589 3859 5656 contendit

2207 5650 2605 5787 nia—ncqmbcss'e
2623 5650 2968 5714 et'ntutilaut.
2995 5650 3126 5713 Mss.
3151 5669 3284 5711 vero
3308 5650 3481 5709 nostri
3506 5652 3665 5712 nihil
3696 5674 3755 5730 pi
3775 5677 3858 5717 ω.

2207 5737 2351 5786 terea
2400 5747 2445 5784 ta
2490 5740 2603 5787 ent.

2207 5737 2351 5786 terea
2384 5737 2603 5787 habent.
