  <div class='ocr_page' id='page_1' title='image "/cluster/home/n/w/nwhite01/storage/ocr_20150623/25/hvd.32044015471394/026.png"; bbox 0 0 4018 6322; ppageno 0'>
   <div class='ocr_carea' id='block_1_1' title="bbox 222 281 1820 360">
    <p class='ocr_par' dir='ltr' id='par_1_1' title="bbox 222 290 1820 360">
     <span class='ocr_line' id='line_1_1' title="bbox 222 290 1820 360; baseline -0.006 0"><span class='ocrx_word' id='word_1_1' title='bbox 222 300 287 360; x_wconf 70' lang='grc'><strong>87</strong></span> <span class='ocrx_word' id='word_1_2' title='bbox 973 292 1623 355; x_wconf 69' lang='lat' dir='ltr'><strong>COMMENTARIORUM</strong></span> <span class='ocrx_word' id='word_1_3' title='bbox 1664 292 1732 353; x_wconf 86' lang='lat' dir='ltr'><strong>IN</strong></span> <span class='ocrx_word' id='word_1_4' title='bbox 1774 290 1820 351; x_wconf 85' lang='lat' dir='ltr'><strong>E&#39;</strong></span> 
     </span>
    </p>
   </div>
   <div class='ocr_carea' id='block_1_2' title="bbox 1927 281 3516 360">
    <p class='ocr_par' dir='ltr' id='par_1_2' title="bbox 1927 282 3516 353">
     <span class='ocr_line' id='line_1_2' title="bbox 1927 282 3516 353; baseline 0 -3"><span class='ocrx_word' id='word_1_5' title='bbox 1927 282 2219 353; x_wconf 67' lang='lat' dir='ltr'><strong>ZIIIELEM</strong></span> <span class='ocrx_word' id='word_1_6' title='bbox 2258 282 2388 351; x_wconf 75' lang='lat' dir='ltr'><strong>LIB.</strong></span> <span class='ocrx_word' id='word_1_7' title='bbox 2430 294 2472 349; x_wconf 91' lang='lat' dir='ltr'><strong>I.</strong></span> <span class='ocrx_word' id='word_1_8' title='bbox 2515 292 2666 351; x_wconf 79' lang='lat' dir='ltr'><strong>CAP.</strong></span> <span class='ocrx_word' id='word_1_9' title='bbox 2709 291 2798 349; x_wconf 91' lang='lat' dir='ltr'><strong>III.</strong></span> <span class='ocrx_word' id='word_1_10' title='bbox 3445 292 3516 351; x_wconf 72' lang='lat'><strong>88</strong></span> 
     </span>
    </p>
   </div>
   <div class='ocr_carea' id='block_1_3' title="bbox 213 404 3524 479">
    <p class='ocr_par' dir='ltr' id='par_1_3' title="bbox 213 404 3524 479">
     <span class='ocr_line' id='line_1_3' title="bbox 213 404 3524 479; baseline -0.004 -9"><span class='ocrx_word' id='word_1_11' title='bbox 213 416 484 470; x_wconf 77' lang='lat' dir='ltr'><strong>diderunt.</strong></span> <span class='ocrx_word' id='word_1_12' title='bbox 536 413 693 471; x_wconf 83' lang='lat' dir='ltr'><strong>Unde</strong></span> <span class='ocrx_word' id='word_1_13' title='bbox 738 412 941 470; x_wconf 84' lang='lat' dir='ltr'><strong>Paulus</strong></span> <span class='ocrx_word' id='word_1_14' title='bbox 987 424 1040 470; x_wconf 86' lang='lat' dir='ltr'><strong>et</strong></span> <span class='ocrx_word' id='word_1_15' title='bbox 1093 413 1366 468; x_wconf 81' lang='lat' dir='ltr'><strong>Barnabas</strong></span> <span class='ocrx_word' id='word_1_16' title='bbox 1418 411 1721 478; x_wconf 78' lang='lat' dir='ltr'><strong>loquuntur</strong></span> <span class='ocrx_word' id='word_1_17' title='bbox 1751 407 1816 463; x_wconf 82' lang='lat' dir='ltr'><strong>ad</strong></span> <span class='ocrx_word' id='word_1_18' title='bbox 1846 406 1899 469; x_wconf 80' lang='grc' dir='ltr'>Α</span> <span class='ocrx_word' id='word_1_19' title='bbox 1926 419 2047 479; x_wconf 83' lang='lat' dir='ltr'><strong>post</strong></span> <span class='ocrx_word' id='word_1_20' title='bbox 2072 418 2278 479; x_wconf 77' lang='lat' dir='ltr'><strong>tergum</strong></span> <span class='ocrx_word' id='word_1_21' title='bbox 2308 407 2662 478; x_wconf 88' lang='lat' dir='ltr'><strong>relinqueret.</strong></span> <span class='ocrx_word' id='word_1_22' title='bbox 2684 407 2818 463; x_wconf 84' lang='lat' dir='ltr'><strong>Tale</strong></span> <span class='ocrx_word' id='word_1_23' title='bbox 2843 404 2972 475; x_wconf 84' lang='lat' dir='ltr'><strong>quid</strong></span> <span class='ocrx_word' id='word_1_24' title='bbox 3002 411 3057 461; x_wconf 85' lang='lat' dir='ltr'><strong>et</strong></span> <span class='ocrx_word' id='word_1_25' title='bbox 3089 404 3143 460; x_wconf 87' lang='lat' dir='ltr'><strong>in</strong></span> <span class='ocrx_word' id='word_1_26' title='bbox 3178 404 3364 460; x_wconf 80' lang='lat' dir='ltr'><strong>Exodo</strong></span> <span class='ocrx_word' id='word_1_27' title='bbox 3387 404 3524 474; x_wconf 75' lang='lat' dir='ltr'><strong>lrgi-</strong></span> 
     </span>
    </p>
   </div>
   <div class='ocr_carea' id='block_1_4' title="bbox 213 503 1815 580">
    <p class='ocr_par' dir='ltr' id='par_1_4' title="bbox 213 503 1815 580">
     <span class='ocr_line' id='line_1_4' title="bbox 213 503 1815 580; baseline -0.004 -16"><span class='ocrx_word' id='word_1_28' title='bbox 213 507 424 564; x_wconf 67' lang='lat' dir='ltr'><strong>Judzeos</strong></span> <span class='ocrx_word' id='word_1_29' title='bbox 456 507 566 580; x_wconf 82' lang='grc' dir='ltr'><strong>[ΑΙ.</strong></span> <span class='ocrx_word' id='word_1_30' title='bbox 602 506 723 579; x_wconf 89' lang='lat' dir='ltr'><strong>eos]</strong></span> <span class='ocrx_word' id='word_1_31' title='bbox 748 526 761 560; x_wconf 87' lang='lat'><strong>:</strong></span> <span class='ocrx_word' id='word_1_32' title='bbox 794 506 955 563; x_wconf 75' lang='lat' dir='ltr'><strong>Vobis</strong></span> <span class='ocrx_word' id='word_1_33' title='bbox 977 508 1188 579; x_wconf 79' lang='lat' dir='ltr'><strong>quidem</strong></span> <span class='ocrx_word' id='word_1_34' title='bbox 1219 513 1521 578; x_wconf 73' lang='lat' dir='ltr'><strong>oportuerat</strong></span> <span class='ocrx_word' id='word_1_35' title='bbox 1542 503 1815 576; x_wconf 59' lang='lat' dir='ltr'><strong>praedicari</strong></span> 
     </span>
    </p>
   </div>
   <div class='ocr_carea' id='block_1_5' title="bbox 212 598 1814 670">
    <p class='ocr_par' dir='ltr' id='par_1_5' title="bbox 212 598 1814 670">
     <span class='ocr_line' id='line_1_5' title="bbox 212 598 1814 670; baseline -0.006 -15"><span class='ocrx_word' id='word_1_36' title='bbox 212 600 409 655; x_wconf 71' lang='lat' dir='ltr'><strong>saltum</strong></span> <span class='ocrx_word' id='word_1_37' title='bbox 446 598 590 655; x_wconf 88' lang='lat' dir='ltr'><strong>Dei:</strong></span> <span class='ocrx_word' id='word_1_38' title='bbox 617 600 708 655; x_wconf 82' lang='lat' dir='ltr'><strong>sed</strong></span> <span class='ocrx_word' id='word_1_39' title='bbox 747 599 872 670; x_wconf 84' lang='lat' dir='ltr'><strong>quia</strong></span> <span class='ocrx_word' id='word_1_40' title='bbox 915 598 1159 653; x_wconf 88' lang='lat' dir='ltr'><strong>noluistis</strong></span> <span class='ocrx_word' id='word_1_41' title='bbox 1188 598 1447 668; x_wconf 81' lang='lat' dir='ltr'><strong>suscipere</strong></span> <span class='ocrx_word' id='word_1_42' title='bbox 1493 609 1814 659; x_wconf 76' lang='lat' dir='ltr'><strong>sermonem,</strong></span> 
     </span>
    </p>
   </div>
   <div class='ocr_carea' id='block_1_6' title="bbox 212 688 1816 761">
    <p class='ocr_par' dir='ltr' id='par_1_6' title="bbox 212 688 1816 761">
     <span class='ocr_line' id='line_1_6' title="bbox 212 688 1816 761; baseline -0.004 -14"><span class='ocrx_word' id='word_1_43' title='bbox 212 706 311 747; x_wconf 73' lang='lat' dir='ltr'><strong>ecce</strong></span> <span class='ocrx_word' id='word_1_44' title='bbox 340 692 697 746; x_wconf 77' lang='lat' dir='ltr'><strong>conrertimur</strong></span> <span class='ocrx_word' id='word_1_45' title='bbox 725 690 795 745; x_wconf 89' lang='lat' dir='ltr'><strong>ad</strong></span> <span class='ocrx_word' id='word_1_46' title='bbox 825 700 998 761; x_wconf 78' lang='lat' dir='ltr'><strong>gentes</strong></span> <span class='ocrx_word' id='word_1_47' title='bbox 1026 691 1168 755; x_wconf 78' lang='lat' dir='ltr'><strong>(Act.</strong></span> <span class='ocrx_word' id='word_1_48' title='bbox 1204 705 1320 756; x_wconf 66' lang='grc' dir='ltr'>λιιι,</span> <span class='ocrx_word' id='word_1_49' title='bbox 1356 688 1469 761; x_wconf 72' lang='lat' dir='ltr'><strong>l6).</strong></span> <span class='ocrx_word' id='word_1_50' title='bbox 1504 688 1572 741; x_wconf 84' lang='lat' dir='ltr'><strong>Et</strong></span> <span class='ocrx_word' id='word_1_51' title='bbox 1594 688 1660 742; x_wconf 91' lang='lat' dir='ltr'><strong>de</strong></span> <span class='ocrx_word' id='word_1_52' title='bbox 1687 702 1816 741; x_wconf 86' lang='lat' dir='ltr'><strong>cen-</strong></span> 
     </span>
    </p>
   </div>
   <div class='ocr_carea' id='block_1_7' title="bbox 209 779 1817 855">
    <p class='ocr_par' dir='ltr' id='par_1_7' title="bbox 209 779 1817 855">
     <span class='ocr_line' id='line_1_7' title="bbox 209 779 1817 855; baseline -0.005 -16"><span class='ocrx_word' id='word_1_53' title='bbox 209 786 421 839; x_wconf 86' lang='lat' dir='ltr'><strong>turione</strong></span> <span class='ocrx_word' id='word_1_54' title='bbox 453 783 657 841; x_wconf 85' lang='lat' dir='ltr'><strong>dicitur</strong></span> <span class='ocrx_word' id='word_1_55' title='bbox 692 800 706 838; x_wconf 89' lang='lat'><strong>:</strong></span> <span class='ocrx_word' id='word_1_56' title='bbox 742 782 929 855; x_wconf 78' lang='lat' dir='ltr'><strong>Neque</strong></span> <span class='ocrx_word' id='word_1_57' title='bbox 958 783 1011 837; x_wconf 90' lang='lat' dir='ltr'><strong>in</strong></span> <span class='ocrx_word' id='word_1_58' title='bbox 1041 781 1208 838; x_wconf 79' lang='lat' dir='ltr'><strong>Israel</strong></span> <span class='ocrx_word' id='word_1_59' title='bbox 1238 790 1436 836; x_wconf 85' lang='lat' dir='ltr'><strong>tantam</strong></span> <span class='ocrx_word' id='word_1_60' title='bbox 1463 780 1619 850; x_wconf 77' lang='lat' dir='ltr'><strong>ﬁdem</strong></span> <span class='ocrx_word' id='word_1_61' title='bbox 1646 779 1817 834; x_wconf 75' lang='lat' dir='ltr'><strong>inveni</strong></span> 
     </span>
    </p>
   </div>
   <div class='ocr_carea' id='block_1_8' title="bbox 208 876 731 948">
    <p class='ocr_par' dir='ltr' id='par_1_8' title="bbox 208 876 731 948">
     <span class='ocr_line' id='line_1_8' title="bbox 208 876 731 948; baseline 0.004 -17"><span class='ocrx_word' id='word_1_62' title='bbox 208 876 427 947; x_wconf 68' lang='lat' dir='ltr'><strong>(Iulli.</strong></span> <span class='ocrx_word' id='word_1_63' title='bbox 462 892 583 943; x_wconf 83' lang='lat' dir='ltr'><strong>vnt,</strong></span> <span class='ocrx_word' id='word_1_64' title='bbox 613 876 731 948; x_wconf 74' lang='lat' dir='ltr'><strong>ili).</strong></span> 
     </span>
    </p>
   </div>
   <div class='ocr_carea' id='block_1_9' title="bbox 272 965 1813 1041">
    <p class='ocr_par' dir='ltr' id='par_1_9' title="bbox 272 965 1813 1041">
     <span class='ocr_line' id='line_1_9' title="bbox 272 965 1813 1041; baseline -0.003 -18"><span class='ocrx_word' id='word_1_65' title='bbox 272 970 462 1041; x_wconf 56' lang='grc' dir='ltr'><strong>(ἵει-8.</strong></span> <span class='ocrx_word' id='word_1_66' title='bbox 492 968 577 1041; x_wconf 86' lang='lat'><strong>7.)</strong></span> <span class='ocrx_word' id='word_1_67' title='bbox 613 969 812 1025; x_wconf 84' lang='lat' dir='ltr'><strong>Domus</strong></span> <span class='ocrx_word' id='word_1_68' title='bbox 845 978 1020 1023; x_wconf 87' lang='lat' dir='ltr'><strong>autem</strong></span> <span class='ocrx_word' id='word_1_69' title='bbox 1066 967 1238 1021; x_wconf 80' lang='lat' dir='ltr'><strong>Israel</strong></span> <span class='ocrx_word' id='word_1_70' title='bbox 1281 965 1466 1020; x_wconf 87' lang='lat' dir='ltr'><strong>nolunt</strong></span> <span class='ocrx_word' id='word_1_71' title='bbox 1514 966 1696 1019; x_wconf 85' lang='lat' dir='ltr'><strong>audire</strong></span> <span class='ocrx_word' id='word_1_72' title='bbox 1734 974 1813 1030; x_wconf 91' lang='lat' dir='ltr'><strong>te,</strong></span> 
     </span>
    </p>
   </div>
   <div class='ocr_carea' id='block_1_10' title="bbox 210 1056 1816 1137">
    <p class='ocr_par' dir='ltr' id='par_1_10' title="bbox 210 1056 1816 1137">
     <span class='ocr_line' id='line_1_10' title="bbox 210 1056 1816 1137; baseline -0.004 -20"><span class='ocrx_word' id='word_1_73' title='bbox 210 1064 541 1137; x_wconf 70' lang='lat' dir='ltr'><strong>quianolunt</strong></span> <span class='ocrx_word' id='word_1_74' title='bbox 568 1064 754 1117; x_wconf 84' lang='lat' dir='ltr'><strong>audire</strong></span> <span class='ocrx_word' id='word_1_75' title='bbox 792 1077 892 1115; x_wconf 87' lang='lat' dir='ltr'><strong>me.</strong></span> <span class='ocrx_word' id='word_1_76' title='bbox 945 1059 1127 1115; x_wconf 86' lang='lat' dir='ltr'><strong>Omnis</strong></span> <span class='ocrx_word' id='word_1_77' title='bbox 1175 1060 1362 1131; x_wconf 78' lang='lat' dir='ltr'><strong>quippe</strong></span> <span class='ocrx_word' id='word_1_78' title='bbox 1412 1060 1595 1113; x_wconf 87' lang='lat' dir='ltr'><strong>domus</strong></span> <span class='ocrx_word' id='word_1_79' title='bbox 1644 1056 1816 1111; x_wconf 78' lang='lat' dir='ltr'><strong><em>Israel</em></strong></span> 
     </span>
    </p>
   </div>
   <div class='ocr_carea' id='block_1_11' title="bbox 211 1151 1814 1229">
    <p class='ocr_par' dir='ltr' id='par_1_11' title="bbox 211 1151 1814 1229">
     <span class='ocr_line' id='line_1_11' title="bbox 211 1151 1814 1229; baseline -0.006 -16"><span class='ocrx_word' id='word_1_80' title='bbox 211 1160 379 1213; x_wconf 78' lang='lat' dir='ltr'><strong>attrita</strong></span> <span class='ocrx_word' id='word_1_81' title='bbox 414 1161 596 1229; x_wconf 75' lang='lat' dir='ltr'><strong>fronte</strong></span> <span class='ocrx_word' id='word_1_82' title='bbox 621 1165 772 1211; x_wconf 78' lang='lat' dir='ltr'><strong>estet</strong></span> <span class='ocrx_word' id='word_1_83' title='bbox 800 1154 934 1209; x_wconf 89' lang='lat' dir='ltr'><strong>duro</strong></span> <span class='ocrx_word' id='word_1_84' title='bbox 962 1154 1134 1208; x_wconf 80' lang='lat' dir='ltr'><strong>corde.</strong></span> <span class='ocrx_word' id='word_1_85' title='bbox 1191 1153 1267 1207; x_wconf 85' lang='lat' dir='ltr'><strong>Ne</strong></span> <span class='ocrx_word' id='word_1_86' title='bbox 1314 1151 1683 1217; x_wconf 80' lang='lat' dir='ltr'><strong>contristeris,</strong></span> <span class='ocrx_word' id='word_1_87' title='bbox 1716 1152 1814 1216; x_wconf 84' lang='lat' dir='ltr'><strong>ait,</strong></span> 
     </span>
    </p>
   </div>
   <div class='ocr_carea' id='block_1_12' title="bbox 207 1244 1813 1313">
    <p class='ocr_par' dir='ltr' id='par_1_12' title="bbox 207 1244 1813 1313">
     <span class='ocr_line' id='line_1_12' title="bbox 207 1244 1813 1313; baseline -0.007 -5"><span class='ocrx_word' id='word_1_88' title='bbox 207 1253 326 1308; x_wconf 81' lang='lat' dir='ltr'><strong>site</strong></span> <span class='ocrx_word' id='word_1_89' title='bbox 352 1250 549 1306; x_wconf 84' lang='lat' dir='ltr'><strong>audire</strong></span> <span class='ocrx_word' id='word_1_90' title='bbox 580 1249 881 1305; x_wconf 87' lang='lat' dir='ltr'><strong>noluerint.</strong></span> <span class='ocrx_word' id='word_1_91' title='bbox 919 1247 1128 1303; x_wconf 84' lang='lat' dir='ltr'><strong>Idcirco</strong></span> <span class='ocrx_word' id='word_1_92' title='bbox 1155 1258 1207 1303; x_wconf 87' lang='lat' dir='ltr'><strong>te</strong></span> <span class='ocrx_word' id='word_1_93' title='bbox 1237 1261 1343 1300; x_wconf 92' lang='lat' dir='ltr'><strong>non</strong></span> <span class='ocrx_word' id='word_1_94' title='bbox 1386 1245 1611 1300; x_wconf 87' lang='lat' dir='ltr'><strong>audient</strong></span> <span class='ocrx_word' id='word_1_95' title='bbox 1645 1260 1657 1296; x_wconf 93' lang='lat'><strong>:</strong></span> <span class='ocrx_word' id='word_1_96' title='bbox 1691 1244 1813 1313; x_wconf 83' lang='lat' dir='ltr'><strong>quia</strong></span> 
     </span>
    </p>
   </div>
   <div class='ocr_carea' id='block_1_13' title="bbox 205 1336 1813 1411">
    <p class='ocr_par' dir='ltr' id='par_1_13' title="bbox 205 1336 1813 1411">
     <span class='ocr_line' id='line_1_13' title="bbox 205 1336 1813 1411; baseline -0.005 -10"><span class='ocrx_word' id='word_1_97' title='bbox 205 1360 291 1401; x_wconf 78' lang='lat' dir='ltr'><strong>ne</strong></span> <span class='ocrx_word' id='word_1_98' title='bbox 316 1343 511 1399; x_wconf 79' lang='lat' dir='ltr'><strong>audire</strong></span> <span class='ocrx_word' id='word_1_99' title='bbox 542 1352 905 1399; x_wconf 86' lang='lat' dir='ltr'><strong>contemnent</strong></span> <span class='ocrx_word' id='word_1_100' title='bbox 930 1358 944 1395; x_wconf 90' lang='lat'><strong>:</strong></span> <span class='ocrx_word' id='word_1_101' title='bbox 970 1341 1125 1411; x_wconf 83' lang='lat' dir='ltr'><strong>juxta</strong></span> <span class='ocrx_word' id='word_1_102' title='bbox 1156 1338 1301 1410; x_wconf 91' lang='lat' dir='ltr'><strong>quod</strong></span> <span class='ocrx_word' id='word_1_103' title='bbox 1332 1351 1385 1393; x_wconf 91' lang='lat' dir='ltr'><strong>et</strong></span> <span class='ocrx_word' id='word_1_104' title='bbox 1417 1338 1668 1393; x_wconf 74' lang='lat' dir='ltr'><strong>Salvator</strong></span> <span class='ocrx_word' id='word_1_105' title='bbox 1697 1336 1813 1393; x_wconf 83' lang='lat' dir='ltr'><strong>aie-</strong></span> 
     </span>
    </p>
   </div>
   <div class='ocr_carea' id='block_1_14' title="bbox 205 1427 1812 1504">
    <p class='ocr_par' dir='ltr' id='par_1_14' title="bbox 205 1427 1812 1504">
     <span class='ocr_line' id='line_1_14' title="bbox 205 1427 1812 1504; baseline -0.006 -13"><span class='ocrx_word' id='word_1_106' title='bbox 205 1435 325 1491; x_wconf 74' lang='lat' dir='ltr'><strong>bat:</strong></span> <span class='ocrx_word' id='word_1_107' title='bbox 359 1436 466 1503; x_wconf 87' lang='lat' dir='ltr'><strong>Qui</strong></span> <span class='ocrx_word' id='word_1_108' title='bbox 488 1452 577 1489; x_wconf 79' lang='lat' dir='ltr'><strong>ros</strong></span> <span class='ocrx_word' id='word_1_109' title='bbox 606 1451 711 1488; x_wconf 87' lang='lat' dir='ltr'><strong>non</strong></span> <span class='ocrx_word' id='word_1_110' title='bbox 737 1435 943 1504; x_wconf 79' lang='lat' dir='ltr'><strong>recipit,</strong></span> <span class='ocrx_word' id='word_1_111' title='bbox 971 1450 1052 1487; x_wconf 87' lang='lat' dir='ltr'><strong>me</strong></span> <span class='ocrx_word' id='word_1_112' title='bbox 1078 1449 1181 1486; x_wconf 87' lang='lat' dir='ltr'><strong>non</strong></span> <span class='ocrx_word' id='word_1_113' title='bbox 1203 1432 1385 1500; x_wconf 83' lang='lat' dir='ltr'><strong>recipit</strong></span> <span class='ocrx_word' id='word_1_114' title='bbox 1402 1429 1453 1500; x_wconf 89' lang='lat' dir='ltr'><strong>(I</strong></span> <span class='ocrx_word' id='word_1_115' title='bbox 1463 1429 1549 1484; x_wconf 81' lang='lat' dir='ltr'><strong>bid</strong></span> <span class='ocrx_word' id='word_1_116' title='bbox 1559 1468 1594 1495; x_wconf 90' lang='lat'><strong>.,</strong></span> <span class='ocrx_word' id='word_1_117' title='bbox 1615 1446 1671 1492; x_wconf 85' lang='lat' dir='ltr'><strong>x,</strong></span> <span class='ocrx_word' id='word_1_118' title='bbox 1695 1427 1812 1498; x_wconf 67' lang='lat'><strong>40).</strong></span> 
     </span>
    </p>
   </div>
   <div class='ocr_carea' id='block_1_15' title="bbox 204 1519 1814 1599">
    <p class='ocr_par' dir='ltr' id='par_1_15' title="bbox 204 1519 1814 1599">
     <span class='ocr_line' id='line_1_15' title="bbox 204 1519 1814 1599; baseline -0.006 -16"><span class='ocrx_word' id='word_1_119' title='bbox 204 1528 257 1583; x_wconf 87' lang='lat' dir='ltr'><strong>In</strong></span> <span class='ocrx_word' id='word_1_120' title='bbox 286 1543 399 1599; x_wconf 84' lang='lat' dir='ltr'><strong>quo</strong></span> <span class='ocrx_word' id='word_1_121' title='bbox 426 1540 622 1596; x_wconf 87' lang='lat' dir='ltr'><strong>aperte</strong></span> <span class='ocrx_word' id='word_1_122' title='bbox 644 1527 878 1583; x_wconf 90' lang='lat' dir='ltr'><strong>liberum</strong></span> <span class='ocrx_word' id='word_1_123' title='bbox 904 1535 1240 1581; x_wconf 81' lang='lat' dir='ltr'><strong>monstratur</strong></span> <span class='ocrx_word' id='word_1_124' title='bbox 1264 1522 1570 1577; x_wconf 78' lang='lat' dir='ltr'><strong>arbitrium.</strong></span> <span class='ocrx_word' id='word_1_125' title='bbox 1608 1522 1669 1576; x_wconf 82' lang='lat' dir='ltr'><strong>Et</strong></span> <span class='ocrx_word' id='word_1_126' title='bbox 1694 1519 1814 1575; x_wconf 77' lang='lat' dir='ltr'><strong>duae</strong></span> 
     </span>
    </p>
   </div>
   <div class='ocr_carea' id='block_1_16' title="bbox 204 1618 1808 1690">
    <p class='ocr_par' dir='ltr' id='par_1_16' title="bbox 204 1618 1808 1690">
     <span class='ocr_line' id='line_1_16' title="bbox 204 1618 1808 1690; baseline -0.005 -13"><span class='ocrx_word' id='word_1_127' title='bbox 204 1622 515 1678; x_wconf 86' lang='lat' dir='ltr'><strong>redduntur</strong></span> <span class='ocrx_word' id='word_1_128' title='bbox 538 1635 744 1689; x_wconf 59' lang='lat' dir='ltr'><strong>causa),</strong></span> <span class='ocrx_word' id='word_1_129' title='bbox 769 1636 937 1690; x_wconf 85' lang='lat' dir='ltr'><strong>quare</strong></span> <span class='ocrx_word' id='word_1_130' title='bbox 962 1635 1069 1674; x_wconf 89' lang='lat' dir='ltr'><strong>non</strong></span> <span class='ocrx_word' id='word_1_131' title='bbox 1091 1618 1347 1673; x_wconf 80' lang='lat' dir='ltr'><strong>audiant:</strong></span> <span class='ocrx_word' id='word_1_132' title='bbox 1372 1618 1494 1686; x_wconf 87' lang='lat' dir='ltr'><strong>quia</strong></span> <span class='ocrx_word' id='word_1_133' title='bbox 1515 1629 1808 1686; x_wconf 66' lang='lat' dir='ltr'><strong>perversae,</strong></span> 
     </span>
    </p>
   </div>
   <div class='ocr_carea' id='block_1_17' title="bbox 206 1709 1814 1785">
    <p class='ocr_par' dir='ltr' id='par_1_17' title="bbox 206 1709 1814 1785">
     <span class='ocr_line' id='line_1_17' title="bbox 206 1709 1814 1785; baseline -0.006 -15"><span class='ocrx_word' id='word_1_134' title='bbox 206 1714 400 1785; x_wconf 83' lang='lat' dir='ltr'><strong>inquit,</strong></span> <span class='ocrx_word' id='word_1_135' title='bbox 436 1723 566 1769; x_wconf 87' lang='lat' dir='ltr'><strong>sunt</strong></span> <span class='ocrx_word' id='word_1_136' title='bbox 597 1715 916 1777; x_wconf 81' lang='lat' dir='ltr'><strong>voluntatis,</strong></span> <span class='ocrx_word' id='word_1_137' title='bbox 972 1723 1029 1768; x_wconf 88' lang='lat' dir='ltr'><strong>et</strong></span> <span class='ocrx_word' id='word_1_138' title='bbox 1082 1712 1268 1765; x_wconf 90' lang='lat' dir='ltr'><strong>attrita</strong></span> <span class='ocrx_word' id='word_1_139' title='bbox 1323 1709 1526 1773; x_wconf 83' lang='lat' dir='ltr'><strong>fronte,</strong></span> <span class='ocrx_word' id='word_1_140' title='bbox 1559 1710 1702 1775; x_wconf 85' lang='lat' dir='ltr'><strong>sive,</strong></span> <span class='ocrx_word' id='word_1_141' title='bbox 1756 1716 1814 1762; x_wconf 90' lang='lat' dir='ltr'><strong>ut</strong></span> 
     </span>
    </p>
   </div>
   <div class='ocr_carea' id='block_1_18' title="bbox 205 1802 1816 1879">
    <p class='ocr_par' dir='ltr' id='par_1_18' title="bbox 205 1802 1816 1879">
     <span class='ocr_line' id='line_1_18' title="bbox 205 1802 1816 1879; baseline -0.004 -17"><span class='ocrx_word' id='word_1_142' title='bbox 205 1808 561 1879; x_wconf 73' lang='lat' dir='ltr'><strong>Septuaginta</strong></span> <span class='ocrx_word' id='word_1_143' title='bbox 592 1816 914 1874; x_wconf 88' lang='lat' dir='ltr'><strong>verterunt,</strong></span> <span class='ocrx_word' id='word_1_144' title='bbox 955 1806 1263 1860; x_wconf 84' lang='lat' dir='ltr'><strong>contentiosi</strong></span> <span class='ocrx_word' id='word_1_145' title='bbox 1288 1816 1445 1859; x_wconf 88' lang='lat' dir='ltr'><strong>sunt:</strong></span> <span class='ocrx_word' id='word_1_146' title='bbox 1474 1814 1527 1857; x_wconf 90' lang='lat' dir='ltr'><strong>et</strong></span> <span class='ocrx_word' id='word_1_147' title='bbox 1558 1802 1816 1858; x_wconf 84' lang='lat' dir='ltr'><strong>subaudi-</strong></span> 
     </span>
    </p>
   </div>
   <div class='ocr_carea' id='block_1_19' title="bbox 208 1896 1813 1972">
    <p class='ocr_par' dir='ltr' id='par_1_19' title="bbox 208 1896 1813 1972">
     <span class='ocr_line' id='line_1_19' title="bbox 208 1896 1813 1972; baseline -0.005 -16"><span class='ocrx_word' id='word_1_148' title='bbox 208 1910 311 1967; x_wconf 85' lang='lat' dir='ltr'><strong>tur,</strong></span> <span class='ocrx_word' id='word_1_149' title='bbox 360 1901 510 1972; x_wconf 90' lang='lat' dir='ltr'><strong>quod</strong></span> <span class='ocrx_word' id='word_1_150' title='bbox 558 1916 708 1971; x_wconf 67' lang='lat' dir='ltr'><strong>saepe</strong></span> <span class='ocrx_word' id='word_1_151' title='bbox 763 1902 828 1954; x_wconf 91' lang='lat' dir='ltr'><strong>ad</strong></span> <span class='ocrx_word' id='word_1_152' title='bbox 880 1899 1115 1955; x_wconf 85' lang='lat' dir='ltr'><strong>salutem</strong></span> <span class='ocrx_word' id='word_1_153' title='bbox 1164 1896 1465 1967; x_wconf 78' lang='lat' dir='ltr'><strong>provocati,</strong></span> <span class='ocrx_word' id='word_1_154' title='bbox 1519 1898 1813 1951; x_wconf 87' lang='lat' dir='ltr'><strong>noluerunt</strong></span> 
     </span>
    </p>
   </div>
   <div class='ocr_carea' id='block_1_20' title="bbox 211 1995 420 2049">
    <p class='ocr_par' dir='ltr' id='par_1_20' title="bbox 211 1995 420 2049">
     <span class='ocr_line' id='line_1_20' title="bbox 211 1995 420 2049; baseline -0.019 0"><span class='ocrx_word' id='word_1_155' title='bbox 211 1995 420 2049; x_wconf 82' lang='lat' dir='ltr'><strong>audire.</strong></span> 
     </span>
    </p>
   </div>
   <div class='ocr_carea' id='block_1_21' title="bbox 284 2080 1814 2156">
    <p class='ocr_par' dir='ltr' id='par_1_21' title="bbox 284 2080 1814 2156">
     <span class='ocr_line' id='line_1_21' title="bbox 284 2080 1814 2156; baseline -0.005 -15"><span class='ocrx_word' id='word_1_156' title='bbox 284 2086 471 2154; x_wconf 73' lang='lat' dir='ltr'><strong>(Vera.</strong></span> <span class='ocrx_word' id='word_1_157' title='bbox 502 2087 560 2154; x_wconf 81' lang='lat'><strong>8,</strong></span> <span class='ocrx_word' id='word_1_158' title='bbox 594 2086 677 2154; x_wconf 83' lang='lat'><strong>9.)</strong></span> <span class='ocrx_word' id='word_1_159' title='bbox 722 2084 859 2140; x_wconf 86' lang='lat' dir='ltr'><strong>Ecce</strong></span> <span class='ocrx_word' id='word_1_160' title='bbox 909 2084 1031 2139; x_wconf 89' lang='lat' dir='ltr'><strong>dedi</strong></span> <span class='ocrx_word' id='word_1_161' title='bbox 1078 2084 1263 2156; x_wconf 77' lang='lat' dir='ltr'><strong>facient</strong></span> <span class='ocrx_word' id='word_1_162' title='bbox 1311 2092 1451 2137; x_wconf 89' lang='lat' dir='ltr'><strong>luant</strong></span> <span class='ocrx_word' id='word_1_163' title='bbox 1482 2080 1814 2136; x_wconf 83' lang='lat' dir='ltr'><strong>valentiorem</strong></span> 
     </span>
    </p>
   </div>
   <div class='ocr_carea' id='block_1_22' title="bbox 206 2174 1813 2250">
    <p class='ocr_par' dir='ltr' id='par_1_22' title="bbox 206 2174 1813 2250">
     <span class='ocr_line' id='line_1_22' title="bbox 206 2174 1813 2250; baseline -0.001 -18"><span class='ocrx_word' id='word_1_164' title='bbox 206 2179 433 2250; x_wconf 74' lang='lat' dir='ltr'><strong>[aciebus</strong></span> <span class='ocrx_word' id='word_1_165' title='bbox 454 2196 661 2241; x_wconf 82' lang='lat' dir='ltr'><strong>eorum,</strong></span> <span class='ocrx_word' id='word_1_166' title='bbox 686 2189 730 2232; x_wconf 87' lang='lat' dir='ltr'><strong>et</strong></span> <span class='ocrx_word' id='word_1_167' title='bbox 758 2178 978 2248; x_wconf 75' lang='lat' dir='ltr'><strong>frontem</strong></span> <span class='ocrx_word' id='word_1_168' title='bbox 1008 2178 1429 2231; x_wconf 85' lang='lat' dir='ltr'><strong>tuamduriorem</strong></span> <span class='ocrx_word' id='word_1_169' title='bbox 1442 2176 1549 2248; x_wconf 81' lang='lat' dir='ltr'><strong>3o</strong></span> <span class='ocrx_word' id='word_1_170' title='bbox 1559 2174 1813 2247; x_wconf 80' lang='lat' dir='ltr'><strong>frontibus</strong></span> 
     </span>
    </p>
   </div>
   <div class='ocr_carea' id='block_1_23' title="bbox 205 2270 1810 2343">
    <p class='ocr_par' dir='ltr' id='par_1_23' title="bbox 205 2270 1810 2343">
     <span class='ocr_line' id='line_1_23' title="bbox 205 2270 1810 2343; baseline -0.004 -15"><span class='ocrx_word' id='word_1_171' title='bbox 205 2289 397 2328; x_wconf 80' lang='lat' dir='ltr'><strong>eorum.</strong></span> <span class='ocrx_word' id='word_1_172' title='bbox 431 2271 501 2328; x_wconf 88' lang='lat' dir='ltr'><strong>Ut</strong></span> <span class='ocrx_word' id='word_1_173' title='bbox 534 2275 894 2335; x_wconf 86' lang='lat' dir='ltr'><strong>adantantent,</strong></span> <span class='ocrx_word' id='word_1_174' title='bbox 921 2282 970 2326; x_wconf 91' lang='lat' dir='ltr'><strong>et</strong></span> <span class='ocrx_word' id='word_1_175' title='bbox 997 2282 1050 2327; x_wconf 87' lang='lat' dir='ltr'><strong>ut</strong></span> <span class='ocrx_word' id='word_1_176' title='bbox 1074 2270 1273 2326; x_wconf 83' lang='lat' dir='ltr'><strong>silicem</strong></span> <span class='ocrx_word' id='word_1_177' title='bbox 1296 2271 1415 2325; x_wconf 83' lang='lat' dir='ltr'><strong>dedi</strong></span> <span class='ocrx_word' id='word_1_178' title='bbox 1436 2272 1621 2343; x_wconf 80' lang='lat' dir='ltr'><strong>faciem</strong></span> <span class='ocrx_word' id='word_1_179' title='bbox 1647 2279 1810 2323; x_wconf 86' lang='lat' dir='ltr'><strong>tuam.</strong></span> 
     </span>
    </p>
   </div>
   <div class='ocr_carea' id='block_1_24' title="bbox 212 2362 1817 2435">
    <p class='ocr_par' dir='ltr' id='par_1_24' title="bbox 212 2362 1817 2435">
     <span class='ocr_line' id='line_1_24' title="bbox 212 2362 1817 2435; baseline -0.002 -14"><span class='ocrx_word' id='word_1_180' title='bbox 212 2366 293 2421; x_wconf 77' lang='lat' dir='ltr'><strong>Ne</strong></span> <span class='ocrx_word' id='word_1_181' title='bbox 320 2368 502 2419; x_wconf 85' lang='lat' dir='ltr'><strong>timeas</strong></span> <span class='ocrx_word' id='word_1_182' title='bbox 528 2382 635 2431; x_wconf 87' lang='lat' dir='ltr'><strong>eos,</strong></span> <span class='ocrx_word' id='word_1_183' title='bbox 668 2383 830 2435; x_wconf 81' lang='lat' dir='ltr'><strong>neque</strong></span> <span class='ocrx_word' id='word_1_184' title='bbox 861 2378 1061 2419; x_wconf 83' lang='lat' dir='ltr'><strong>metuas</strong></span> <span class='ocrx_word' id='word_1_185' title='bbox 1092 2381 1124 2418; x_wconf 92' lang='lat' dir='ltr'><strong>a</strong></span> <span class='ocrx_word' id='word_1_186' title='bbox 1150 2365 1284 2435; x_wconf 79' lang='lat' dir='ltr'><strong>[acie</strong></span> <span class='ocrx_word' id='word_1_187' title='bbox 1314 2380 1489 2418; x_wconf 85' lang='lat' dir='ltr'><strong>eorum</strong></span> <span class='ocrx_word' id='word_1_188' title='bbox 1510 2406 1525 2431; x_wconf 90' lang='lat'><strong>,</strong></span> <span class='ocrx_word' id='word_1_189' title='bbox 1573 2364 1694 2433; x_wconf 79' lang='lat' dir='ltr'><strong>quia</strong></span> <span class='ocrx_word' id='word_1_190' title='bbox 1723 2362 1817 2417; x_wconf 89' lang='lat' dir='ltr'><strong>do—</strong></span> 
     </span>
    </p>
   </div>
   <div class='ocr_carea' id='block_1_25' title="bbox 212 2454 1815 2525">
    <p class='ocr_par' dir='ltr' id='par_1_25' title="bbox 212 2454 1815 2525">
     <span class='ocr_line' id='line_1_25' title="bbox 212 2454 1815 2525; baseline -0.002 -13"><span class='ocrx_word' id='word_1_191' title='bbox 212 2476 322 2513; x_wconf 74' lang='lat' dir='ltr'><strong>nius</strong></span> <span class='ocrx_word' id='word_1_192' title='bbox 368 2475 692 2525; x_wconf 68' lang='lat' dir='ltr'><strong>exuperans</strong></span> <span class='ocrx_word' id='word_1_193' title='bbox 723 2468 819 2514; x_wconf 91' lang='lat' dir='ltr'><strong>est.</strong></span> <span class='ocrx_word' id='word_1_194' title='bbox 871 2457 937 2512; x_wconf 86' lang='lat' dir='ltr'><strong>Et</strong></span> <span class='ocrx_word' id='word_1_195' title='bbox 984 2458 1116 2512; x_wconf 73' lang='lat' dir='ltr'><strong>dixit</strong></span> <span class='ocrx_word' id='word_1_196' title='bbox 1153 2458 1220 2511; x_wconf 84' lang='lat' dir='ltr'><strong>ad</strong></span> <span class='ocrx_word' id='word_1_197' title='bbox 1264 2473 1361 2511; x_wconf 88' lang='lat' dir='ltr'><strong>me.</strong></span> <span class='ocrx_word' id='word_1_198' title='bbox 1408 2456 1611 2511; x_wconf 87' lang='lat' dir='ltr'><strong>Domus</strong></span> <span class='ocrx_word' id='word_1_199' title='bbox 1650 2454 1815 2509; x_wconf 90' lang='lat' dir='ltr'><strong>Israel</strong></span> 
     </span>
    </p>
   </div>
   <div class='ocr_carea' id='block_1_26' title="bbox 209 2550 1817 2621">
    <p class='ocr_par' dir='ltr' id='par_1_26' title="bbox 209 2550 1817 2621">
     <span class='ocr_line' id='line_1_26' title="bbox 209 2550 1817 2621; baseline -0.002 -15"><span class='ocrx_word' id='word_1_200' title='bbox 209 2553 409 2606; x_wconf 69' lang='lat' dir='ltr'><strong>attrita:</strong></span> <span class='ocrx_word' id='word_1_201' title='bbox 440 2551 643 2607; x_wconf 82' lang='lat' dir='ltr'><strong>frentis</strong></span> <span class='ocrx_word' id='word_1_202' title='bbox 675 2563 784 2616; x_wconf 76' lang='lat' dir='ltr'><strong>est,</strong></span> <span class='ocrx_word' id='word_1_203' title='bbox 817 2561 872 2607; x_wconf 91' lang='lat' dir='ltr'><strong>et</strong></span> <span class='ocrx_word' id='word_1_204' title='bbox 904 2553 1153 2621; x_wconf 84' lang='lat' dir='ltr'><strong>procacis</strong></span> <span class='ocrx_word' id='word_1_205' title='bbox 1177 2551 1456 2615; x_wconf 69' lang='lat' dir='ltr'><strong>audacim,</strong></span> <span class='ocrx_word' id='word_1_206' title='bbox 1485 2559 1541 2605; x_wconf 90' lang='lat' dir='ltr'><strong>et</strong></span> <span class='ocrx_word' id='word_1_207' title='bbox 1570 2551 1711 2603; x_wconf 92' lang='lat' dir='ltr'><strong>duro</strong></span> <span class='ocrx_word' id='word_1_208' title='bbox 1737 2550 1817 2603; x_wconf 92' lang='lat' dir='ltr'><strong>sic</strong></span> 
     </span>
    </p>
   </div>
   <div class='ocr_carea' id='block_1_27' title="bbox 208 2639 1813 2714">
    <p class='ocr_par' dir='ltr' id='par_1_27' title="bbox 208 2639 1813 2714">
     <span class='ocr_line' id='line_1_27' title="bbox 208 2639 1813 2714; baseline -0.004 -15"><span class='ocrx_word' id='word_1_209' title='bbox 208 2643 369 2699; x_wconf 85' lang='lat' dir='ltr'><strong>corde</strong></span> <span class='ocrx_word' id='word_1_210' title='bbox 390 2685 407 2706; x_wconf 86' lang='lat'><strong>,</strong></span> <span class='ocrx_word' id='word_1_211' title='bbox 437 2653 495 2697; x_wconf 88' lang='lat' dir='ltr'><strong>ut</strong></span> <span class='ocrx_word' id='word_1_212' title='bbox 526 2643 915 2714; x_wconf 86' lang='lat' dir='ltr'><strong>scorpionibus</strong></span> <span class='ocrx_word' id='word_1_213' title='bbox 945 2650 1316 2712; x_wconf 88' lang='lat' dir='ltr'><strong>comparetur.</strong></span> <span class='ocrx_word' id='word_1_214' title='bbox 1363 2641 1493 2696; x_wconf 87' lang='lat' dir='ltr'><strong>Ideo</strong></span> <span class='ocrx_word' id='word_1_215' title='bbox 1537 2639 1664 2695; x_wconf 88' lang='lat' dir='ltr'><strong>dedi</strong></span> <span class='ocrx_word' id='word_1_216' title='bbox 1719 2639 1813 2693; x_wconf 85' lang='lat' dir='ltr'><strong>tibi</strong></span> 
     </span>
    </p>
   </div>
   <div class='ocr_carea' id='block_1_28' title="bbox 206 2731 1817 2806">
    <p class='ocr_par' dir='ltr' id='par_1_28' title="bbox 206 2731 1817 2806">
     <span class='ocr_line' id='line_1_28' title="bbox 206 2731 1817 2806; baseline -0.001 -16"><span class='ocrx_word' id='word_1_217' title='bbox 206 2736 411 2790; x_wconf 76' lang='lat' dir='ltr'><strong>vultum</strong></span> <span class='ocrx_word' id='word_1_218' title='bbox 444 2735 827 2798; x_wconf 87' lang='lat' dir='ltr'><strong>durissimum,</strong></span> <span class='ocrx_word' id='word_1_219' title='bbox 874 2745 930 2790; x_wconf 90' lang='lat' dir='ltr'><strong>et</strong></span> <span class='ocrx_word' id='word_1_220' title='bbox 981 2736 1215 2789; x_wconf 76' lang='lat' dir='ltr'><strong>frontem</strong></span> <span class='ocrx_word' id='word_1_221' title='bbox 1253 2749 1375 2806; x_wconf 77' lang='lat' dir='ltr'><strong>qua:</strong></span> <span class='ocrx_word' id='word_1_222' title='bbox 1418 2733 1565 2788; x_wconf 91' lang='lat' dir='ltr'><strong>nullo</strong></span> <span class='ocrx_word' id='word_1_223' title='bbox 1610 2731 1817 2802; x_wconf 87' lang='lat' dir='ltr'><strong>pudore</strong></span> 
     </span>
    </p>
   </div>
   <div class='ocr_carea' id='block_1_29' title="bbox 206 2824 1817 2897">
    <p class='ocr_par' dir='ltr' id='par_1_29' title="bbox 206 2824 1817 2897">
     <span class='ocr_line' id='line_1_29' title="bbox 206 2824 1817 2897; baseline -0.002 -15"><span class='ocrx_word' id='word_1_224' title='bbox 206 2840 521 2897; x_wconf 83' lang='lat' dir='ltr'><strong>superetur.</strong></span> <span class='ocrx_word' id='word_1_225' title='bbox 555 2826 633 2882; x_wconf 83' lang='lat' dir='ltr'><strong>Ex</strong></span> <span class='ocrx_word' id='word_1_226' title='bbox 674 2842 782 2897; x_wconf 90' lang='lat' dir='ltr'><strong>quo</strong></span> <span class='ocrx_word' id='word_1_227' title='bbox 818 2824 1101 2891; x_wconf 88' lang='lat' dir='ltr'><strong>discimus,</strong></span> <span class='ocrx_word' id='word_1_228' title='bbox 1158 2826 1431 2881; x_wconf 87' lang='lat' dir='ltr'><strong>interdum</strong></span> <span class='ocrx_word' id='word_1_229' title='bbox 1477 2825 1665 2896; x_wconf 78' lang='lat' dir='ltr'><strong>gratia:</strong></span> <span class='ocrx_word' id='word_1_230' title='bbox 1696 2839 1817 2879; x_wconf 87' lang='lat' dir='ltr'><strong>esse</strong></span> 
     </span>
    </p>
   </div>
   <div class='ocr_carea' id='block_1_30' title="bbox 206 2917 1812 2989">
    <p class='ocr_par' dir='ltr' id='par_1_30' title="bbox 206 2917 1812 2989">
     <span class='ocr_line' id='line_1_30' title="bbox 206 2917 1812 2989; baseline -0.002 -16"><span class='ocrx_word' id='word_1_231' title='bbox 206 2918 299 2973; x_wconf 87' lang='lat' dir='ltr'><strong>Dei</strong></span> <span class='ocrx_word' id='word_1_232' title='bbox 329 2918 700 2989; x_wconf 62' lang='lat' dir='ltr'><strong>impudentiae</strong></span> <span class='ocrx_word' id='word_1_233' title='bbox 735 2918 1021 2983; x_wconf 63' lang='lat' dir='ltr'><strong>resistere,</strong></span> <span class='ocrx_word' id='word_1_234' title='bbox 1047 2928 1104 2973; x_wconf 89' lang='lat' dir='ltr'><strong>et</strong></span> <span class='ocrx_word' id='word_1_235' title='bbox 1133 2934 1256 2972; x_wconf 91' lang='lat' dir='ltr'><strong>cum</strong></span> <span class='ocrx_word' id='word_1_236' title='bbox 1293 2927 1317 2953; x_wconf 72' lang='grc' dir='ltr'><strong><em>η</em></strong></span> <span class='ocrx_word' id='word_1_237' title='bbox 1343 2931 1435 2973; x_wconf 90' lang='lat' dir='ltr'><strong>res</strong></span> <span class='ocrx_word' id='word_1_238' title='bbox 1467 2917 1812 2988; x_wconf 88' lang='lat' dir='ltr'><strong>poposcerit,</strong></span> 
     </span>
    </p>
   </div>
   <div class='ocr_carea' id='block_1_31' title="bbox 208 3008 1817 3074">
    <p class='ocr_par' dir='ltr' id='par_1_31' title="bbox 208 3008 1817 3074">
     <span class='ocr_line' id='line_1_31' title="bbox 208 3008 1817 3074; baseline 0 -9"><span class='ocrx_word' id='word_1_239' title='bbox 208 3010 443 3067; x_wconf 78' lang='lat' dir='ltr'><strong>frontem</strong></span> <span class='ocrx_word' id='word_1_240' title='bbox 474 3011 658 3067; x_wconf 78' lang='lat' dir='ltr'><strong>fronte</strong></span> <span class='ocrx_word' id='word_1_241' title='bbox 689 3022 1006 3066; x_wconf 89' lang='lat' dir='ltr'><strong>concutere.</strong></span> <span class='ocrx_word' id='word_1_242' title='bbox 1041 3011 1157 3065; x_wconf 83' lang='lat' dir='ltr'><strong>Hoc</strong></span> <span class='ocrx_word' id='word_1_243' title='bbox 1187 3021 1369 3066; x_wconf 88' lang='lat' dir='ltr'><strong>autem</strong></span> <span class='ocrx_word' id='word_1_244' title='bbox 1417 3008 1695 3074; x_wconf 82' lang='lat' dir='ltr'><strong>tribuitur,</strong></span> <span class='ocrx_word' id='word_1_245' title='bbox 1750 3025 1817 3065; x_wconf 90' lang='lat' dir='ltr'><strong>ne</strong></span> 
     </span>
    </p>
   </div>
   <div class='ocr_carea' id='block_1_32' title="bbox 217 3103 1815 3174">
    <p class='ocr_par' dir='ltr' id='par_1_32' title="bbox 217 3103 1815 3174">
     <span class='ocr_line' id='line_1_32' title="bbox 217 3103 1815 3174; baseline -0.001 -14"><span class='ocrx_word' id='word_1_246' title='bbox 217 3115 399 3161; x_wconf 78' lang='lat' dir='ltr'><strong>nostra</strong></span> <span class='ocrx_word' id='word_1_247' title='bbox 451 3105 783 3161; x_wconf 81' lang='lat' dir='ltr'><strong>verecundia</strong></span> <span class='ocrx_word' id='word_1_248' title='bbox 825 3113 881 3160; x_wconf 90' lang='lat' dir='ltr'><strong>et</strong></span> <span class='ocrx_word' id='word_1_249' title='bbox 927 3105 1191 3160; x_wconf 85' lang='lat' dir='ltr'><strong>humanus</strong></span> <span class='ocrx_word' id='word_1_250' title='bbox 1242 3103 1416 3174; x_wconf 89' lang='lat' dir='ltr'><strong>pudor</strong></span> <span class='ocrx_word' id='word_1_251' title='bbox 1463 3104 1815 3174; x_wconf 80' lang='lat' dir='ltr'><strong>pertimescat</strong></span> 
     </span>
    </p>
   </div>
   <div class='ocr_carea' id='block_1_33' title="bbox 210 3199 825 3255">
    <p class='ocr_par' dir='ltr' id='par_1_33' title="bbox 210 3199 825 3255">
     <span class='ocr_line' id='line_1_33' title="bbox 210 3199 825 3255; baseline 0 -3"><span class='ocrx_word' id='word_1_252' title='bbox 210 3199 438 3255; x_wconf 82' lang='lat' dir='ltr'><strong>insidias</strong></span> <span class='ocrx_word' id='word_1_253' title='bbox 468 3200 825 3254; x_wconf 58' lang='lat' dir='ltr'><strong>aemulorum.</strong></span> 
     </span>
    </p>
   </div>
   <div class='ocr_carea' id='block_1_34' title="bbox 276 3289 1818 3361">
    <p class='ocr_par' dir='ltr' id='par_1_34' title="bbox 276 3289 1818 3361">
     <span class='ocr_line' id='line_1_34' title="bbox 276 3289 1818 3361; baseline 0 -14"><span class='ocrx_word' id='word_1_254' title='bbox 276 3291 455 3361; x_wconf 66' lang='lat' dir='ltr'><strong>(Yers.</strong></span> <span class='ocrx_word' id='word_1_255' title='bbox 488 3291 606 3361; x_wconf 75' lang='lat'><strong>10.)</strong></span> <span class='ocrx_word' id='word_1_256' title='bbox 630 3289 741 3346; x_wconf 87' lang='lat' dir='ltr'><strong>Fili</strong></span> <span class='ocrx_word' id='word_1_257' title='bbox 773 3292 1016 3357; x_wconf 79' lang='lat' dir='ltr'><strong>hominis,</strong></span> <span class='ocrx_word' id='word_1_258' title='bbox 1044 3308 1219 3347; x_wconf 82' lang='lat' dir='ltr'><strong>omnes</strong></span> <span class='ocrx_word' id='word_1_259' title='bbox 1240 3308 1499 3346; x_wconf 84' lang='lat' dir='ltr'><strong>sermones</strong></span> <span class='ocrx_word' id='word_1_260' title='bbox 1528 3309 1669 3346; x_wconf 89' lang='lat' dir='ltr'><strong>meos</strong></span> <span class='ocrx_word' id='word_1_261' title='bbox 1691 3309 1818 3360; x_wconf 86' lang='lat' dir='ltr'><strong>quos</strong></span> 
     </span>
    </p>
   </div>
   <div class='ocr_carea' id='block_1_35' title="bbox 212 3383 1818 3454">
    <p class='ocr_par' dir='ltr' id='par_1_35' title="bbox 212 3383 1818 3454">
     <span class='ocr_line' id='line_1_35' title="bbox 212 3383 1818 3454; baseline 0.001 -17"><span class='ocrx_word' id='word_1_262' title='bbox 212 3385 474 3454; x_wconf 83' lang='lat' dir='ltr'><strong>loquarad</strong></span> <span class='ocrx_word' id='word_1_263' title='bbox 501 3395 572 3451; x_wconf 91' lang='lat' dir='ltr'><strong>te,</strong></span> <span class='ocrx_word' id='word_1_264' title='bbox 601 3401 808 3439; x_wconf 84' lang='lat' dir='ltr'><strong>assume</strong></span> <span class='ocrx_word' id='word_1_265' title='bbox 837 3386 889 3439; x_wconf 87' lang='lat' dir='ltr'><strong>in</strong></span> <span class='ocrx_word' id='word_1_266' title='bbox 916 3401 1005 3438; x_wconf 86' lang='lat' dir='ltr'><strong>cor</strong></span> <span class='ocrx_word' id='word_1_267' title='bbox 1030 3393 1196 3453; x_wconf 88' lang='lat' dir='ltr'><strong>tuum,</strong></span> <span class='ocrx_word' id='word_1_268' title='bbox 1226 3395 1275 3438; x_wconf 93' lang='lat' dir='ltr'><strong>et</strong></span> <span class='ocrx_word' id='word_1_269' title='bbox 1302 3385 1515 3439; x_wconf 81' lang='lat' dir='ltr'><strong>auribus</strong></span> <span class='ocrx_word' id='word_1_270' title='bbox 1538 3385 1686 3438; x_wconf 89' lang='lat' dir='ltr'><strong>audi.</strong></span> <span class='ocrx_word' id='word_1_271' title='bbox 1715 3383 1818 3440; x_wconf 85' lang='lat' dir='ltr'><strong>Iste</strong></span> 
     </span>
    </p>
   </div>
   <div class='ocr_carea' id='block_1_36' title="bbox 214 3476 1819 3547">
    <p class='ocr_par' dir='ltr' id='par_1_36' title="bbox 214 3476 1819 3547">
     <span class='ocr_line' id='line_1_36' title="bbox 214 3476 1819 3547; baseline -0.002 -14"><span class='ocrx_word' id='word_1_272' title='bbox 214 3487 297 3533; x_wconf 85' lang='lat' dir='ltr'><strong>est</strong></span> <span class='ocrx_word' id='word_1_273' title='bbox 324 3477 481 3532; x_wconf 87' lang='lat' dir='ltr'><strong>cibus</strong></span> <span class='ocrx_word' id='word_1_274' title='bbox 508 3477 829 3541; x_wconf 71' lang='lat' dir='ltr'><strong>voluminis,</strong></span> <span class='ocrx_word' id='word_1_275' title='bbox 859 3487 912 3533; x_wconf 92' lang='lat' dir='ltr'><strong>et</strong></span> <span class='ocrx_word' id='word_1_276' title='bbox 945 3478 1058 3532; x_wconf 64' lang='lat' dir='ltr'><strong>haec</strong></span> <span class='ocrx_word' id='word_1_277' title='bbox 1100 3484 1231 3532; x_wconf 85' lang='lat' dir='ltr'><strong>sunt</strong></span> <span class='ocrx_word' id='word_1_278' title='bbox 1278 3476 1448 3532; x_wconf 83' lang='lat' dir='ltr'><strong>verba</strong></span> <span class='ocrx_word' id='word_1_279' title='bbox 1490 3476 1683 3547; x_wconf 83' lang='lat' dir='ltr'><strong>quibus</strong></span> <span class='ocrx_word' id='word_1_280' title='bbox 1723 3493 1819 3546; x_wconf 87' lang='lat' dir='ltr'><strong>pro</strong></span> 
     </span>
    </p>
   </div>
   <div class='ocr_carea' id='block_1_37' title="bbox 213 3568 1817 3637">
    <p class='ocr_par' dir='ltr' id='par_1_37' title="bbox 213 3568 1817 3637">
     <span class='ocr_line' id='line_1_37' title="bbox 213 3568 1817 3637; baseline 0.002 -14"><span class='ocrx_word' id='word_1_281' title='bbox 213 3568 531 3626; x_wconf 79' lang='lat' dir='ltr'><strong>diversitate</strong></span> <span class='ocrx_word' id='word_1_282' title='bbox 563 3571 935 3635; x_wconf 87' lang='lat' dir='ltr'><strong>audientium,</strong></span> <span class='ocrx_word' id='word_1_283' title='bbox 977 3572 1059 3625; x_wconf 82' lang='lat' dir='ltr'><strong>vel</strong></span> <span class='ocrx_word' id='word_1_284' title='bbox 1095 3573 1376 3635; x_wconf 84' lang='lat' dir='ltr'><strong>lamenta,</strong></span> <span class='ocrx_word' id='word_1_285' title='bbox 1426 3572 1511 3625; x_wconf 90' lang='lat' dir='ltr'><strong>vel</strong></span> <span class='ocrx_word' id='word_1_286' title='bbox 1561 3587 1817 3637; x_wconf 85' lang='lat' dir='ltr'><strong>carmen,</strong></span> 
     </span>
    </p>
   </div>
   <div class='ocr_carea' id='block_1_38' title="bbox 215 3661 1821 3737">
    <p class='ocr_par' dir='ltr' id='par_1_38' title="bbox 215 3661 1821 3737">
     <span class='ocr_line' id='line_1_38' title="bbox 215 3661 1821 3737; baseline 0.001 -21"><span class='ocrx_word' id='word_1_287' title='bbox 215 3664 296 3717; x_wconf 85' lang='lat' dir='ltr'><strong>vel</strong></span> <span class='ocrx_word' id='word_1_288' title='bbox 324 3681 404 3717; x_wconf 62' lang='lat' dir='ltr'><strong>vae</strong></span> <span class='ocrx_word' id='word_1_289' title='bbox 437 3661 758 3719; x_wconf 82' lang='lat' dir='ltr'><strong>hominibus</strong></span> <span class='ocrx_word' id='word_1_290' title='bbox 790 3665 1032 3734; x_wconf 89' lang='lat' dir='ltr'><strong>loquitur</strong></span> <span class='ocrx_word' id='word_1_291' title='bbox 1063 3663 1169 3737; x_wconf 83' lang='grc' dir='ltr'><strong>[ΑΙ.</strong></span> <span class='ocrx_word' id='word_1_292' title='bbox 1205 3663 1518 3737; x_wconf 87' lang='lat' dir='ltr'><strong>loquimur].</strong></span> <span class='ocrx_word' id='word_1_293' title='bbox 1553 3666 1615 3718; x_wconf 75' lang='lat' dir='ltr'><strong>Et</strong></span> <span class='ocrx_word' id='word_1_294' title='bbox 1642 3676 1821 3719; x_wconf 90' lang='lat' dir='ltr'><strong>tamen</strong></span> 
     </span>
    </p>
   </div>
   <div class='ocr_carea' id='block_1_39' title="bbox 214 3756 1821 3828">
    <p class='ocr_par' dir='ltr' id='par_1_39' title="bbox 214 3756 1821 3828">
     <span class='ocr_line' id='line_1_39' title="bbox 214 3756 1821 3828; baseline -0.002 -16"><span class='ocrx_word' id='word_1_295' title='bbox 214 3757 539 3824; x_wconf 81' lang='lat' dir='ltr'><strong>uelandum,</strong></span> <span class='ocrx_word' id='word_1_296' title='bbox 566 3756 708 3828; x_wconf 89' lang='lat' dir='ltr'><strong>quod</strong></span> <span class='ocrx_word' id='word_1_297' title='bbox 739 3767 869 3813; x_wconf 82' lang='lat' dir='ltr'><strong>ante</strong></span> <span class='ocrx_word' id='word_1_298' title='bbox 897 3772 1186 3813; x_wconf 74' lang='lat' dir='ltr'><strong>sermoites</strong></span> <span class='ocrx_word' id='word_1_299' title='bbox 1218 3758 1316 3813; x_wconf 89' lang='lat' dir='ltr'><strong>Dei</strong></span> <span class='ocrx_word' id='word_1_300' title='bbox 1344 3758 1396 3811; x_wconf 92' lang='lat' dir='ltr'><strong>in</strong></span> <span class='ocrx_word' id='word_1_301' title='bbox 1432 3767 1622 3813; x_wconf 90' lang='lat' dir='ltr'><strong>nostro</strong></span> <span class='ocrx_word' id='word_1_302' title='bbox 1654 3756 1821 3812; x_wconf 86' lang='lat' dir='ltr'><strong>corde</strong></span> 
     </span>
    </p>
   </div>
   <div class='ocr_carea' id='block_1_40' title="bbox 212 3849 1820 3922">
    <p class='ocr_par' dir='ltr' id='par_1_40' title="bbox 212 3849 1820 3922">
     <span class='ocr_line' id='line_1_40' title="bbox 212 3849 1820 3922; baseline -0.001 -19"><span class='ocrx_word' id='word_1_303' title='bbox 212 3849 478 3905; x_wconf 85' lang='lat' dir='ltr'><strong>condendi</strong></span> <span class='ocrx_word' id='word_1_304' title='bbox 504 3849 1025 3918; x_wconf 78' lang='lat' dir='ltr'><strong>suntaudiendique</strong></span> <span class='ocrx_word' id='word_1_305' title='bbox 1044 3859 1099 3904; x_wconf 89' lang='lat' dir='ltr'><strong>et</strong></span> <span class='ocrx_word' id='word_1_306' title='bbox 1125 3849 1467 3922; x_wconf 79' lang='lat' dir='ltr'><strong>intelligendi</strong></span> <span class='ocrx_word' id='word_1_307' title='bbox 1486 3850 1820 3921; x_wconf 85' lang='lat' dir='ltr'><strong>diligentius;</strong></span> 
     </span>
    </p>
   </div>
   <div class='ocr_carea' id='block_1_41' title="bbox 212 3942 1136 4013">
    <p class='ocr_par' dir='ltr' id='par_1_41' title="bbox 212 3942 1136 4013">
     <span class='ocr_line' id='line_1_41' title="bbox 212 3942 1136 4013; baseline -0.003 -14"><span class='ocrx_word' id='word_1_308' title='bbox 212 3952 265 3999; x_wconf 88' lang='lat' dir='ltr'><strong>et</strong></span> <span class='ocrx_word' id='word_1_309' title='bbox 291 3945 369 3998; x_wconf 89' lang='lat' dir='ltr'><strong>sic</strong></span> <span class='ocrx_word' id='word_1_310' title='bbox 399 3943 465 3997; x_wconf 85' lang='lat' dir='ltr'><strong>ad</strong></span> <span class='ocrx_word' id='word_1_311' title='bbox 499 3943 762 4013; x_wconf 85' lang='lat' dir='ltr'><strong>populum</strong></span> <span class='ocrx_word' id='word_1_312' title='bbox 796 3942 1136 4012; x_wconf 83' lang='lat' dir='ltr'><strong>proferendi.</strong></span> 
     </span>
    </p>
   </div>
   <div class='ocr_carea' id='block_1_42' title="bbox 283 4036 1823 4110">
    <p class='ocr_par' dir='ltr' id='par_1_42' title="bbox 283 4036 1823 4110">
     <span class='ocr_line' id='line_1_42' title="bbox 283 4036 1823 4110; baseline 0 -18"><span class='ocrx_word' id='word_1_313' title='bbox 283 4038 466 4109; x_wconf 84' lang='lat' dir='ltr'><strong>(Vers.</strong></span> <span class='ocrx_word' id='word_1_314' title='bbox 502 4037 614 4109; x_wconf 88' lang='lat' dir='ltr'><strong>II.)</strong></span> <span class='ocrx_word' id='word_1_315' title='bbox 677 4037 843 4105; x_wconf 86' lang='lat' dir='ltr'><strong>Vade,</strong></span> <span class='ocrx_word' id='word_1_316' title='bbox 899 4038 1173 4110; x_wconf 84' lang='lat' dir='ltr'><strong>ingredere</strong></span> <span class='ocrx_word' id='word_1_317' title='bbox 1203 4036 1270 4089; x_wconf 86' lang='lat' dir='ltr'><strong>ad</strong></span> <span class='ocrx_word' id='word_1_318' title='bbox 1315 4037 1823 4109; x_wconf 86' lang='lat' dir='ltr'><strong>transmigrationem</strong></span> 
     </span>
    </p>
   </div>
   <div class='ocr_carea' id='block_1_43' title="bbox 216 4129 1825 4202">
    <p class='ocr_par' dir='ltr' id='par_1_43' title="bbox 216 4129 1825 4202">
     <span class='ocr_line' id='line_1_43' title="bbox 216 4129 1825 4202; baseline -0.002 -17"><span class='ocrx_word' id='word_1_319' title='bbox 216 4130 355 4200; x_wconf 86' lang='lat' dir='ltr'><strong>(sive</strong></span> <span class='ocrx_word' id='word_1_320' title='bbox 397 4130 797 4199; x_wconf 79' lang='lat' dir='ltr'><strong>captivitatem),</strong></span> <span class='ocrx_word' id='word_1_321' title='bbox 833 4129 904 4184; x_wconf 90' lang='lat' dir='ltr'><strong>ad</strong></span> <span class='ocrx_word' id='word_1_322' title='bbox 932 4129 1072 4198; x_wconf 80' lang='lat' dir='ltr'><strong>[ilics</strong></span> <span class='ocrx_word' id='word_1_323' title='bbox 1095 4129 1276 4202; x_wconf 86' lang='lat' dir='ltr'><strong>populi</strong></span> <span class='ocrx_word' id='word_1_324' title='bbox 1305 4131 1402 4195; x_wconf 84' lang='lat' dir='ltr'><strong>tui,</strong></span> <span class='ocrx_word' id='word_1_325' title='bbox 1427 4140 1476 4184; x_wconf 90' lang='lat' dir='ltr'><strong>et</strong></span> <span class='ocrx_word' id='word_1_326' title='bbox 1502 4129 1730 4201; x_wconf 87' lang='lat' dir='ltr'><strong>loqueris</strong></span> <span class='ocrx_word' id='word_1_327' title='bbox 1756 4132 1825 4185; x_wconf 87' lang='lat' dir='ltr'><strong>ad</strong></span> 
     </span>
    </p>
   </div>
   <div class='ocr_carea' id='block_1_44' title="bbox 219 4221 1827 4294">
    <p class='ocr_par' dir='ltr' id='par_1_44' title="bbox 219 4221 1827 4294">
     <span class='ocr_line' id='line_1_44' title="bbox 219 4221 1827 4294; baseline 0.001 -18"><span class='ocrx_word' id='word_1_328' title='bbox 219 4238 326 4286; x_wconf 88' lang='lat' dir='ltr'><strong>eos,</strong></span> <span class='ocrx_word' id='word_1_329' title='bbox 358 4233 405 4275; x_wconf 89' lang='lat' dir='ltr'><strong>et</strong></span> <span class='ocrx_word' id='word_1_330' title='bbox 431 4222 576 4276; x_wconf 83' lang='lat' dir='ltr'><strong>dices</strong></span> <span class='ocrx_word' id='word_1_331' title='bbox 604 4222 717 4277; x_wconf 87' lang='lat' dir='ltr'><strong>eis:</strong></span> <span class='ocrx_word' id='word_1_332' title='bbox 750 4221 877 4276; x_wconf 63' lang='lat' dir='ltr'><strong>Haec</strong></span> <span class='ocrx_word' id='word_1_333' title='bbox 908 4222 1038 4275; x_wconf 87' lang='lat' dir='ltr'><strong>dicit</strong></span> <span class='ocrx_word' id='word_1_334' title='bbox 1070 4222 1325 4277; x_wconf 85' lang='lat' dir='ltr'><strong>Dominus</strong></span> <span class='ocrx_word' id='word_1_335' title='bbox 1369 4221 1505 4276; x_wconf 84' lang='lat' dir='ltr'><strong>Deus</strong></span> <span class='ocrx_word' id='word_1_336' title='bbox 1542 4240 1560 4275; x_wconf 86' lang='lat'><strong><em>:</em></strong></span> <span class='ocrx_word' id='word_1_337' title='bbox 1605 4223 1650 4277; x_wconf 91' lang='lat' dir='ltr'><strong>si</strong></span> <span class='ocrx_word' id='word_1_338' title='bbox 1694 4224 1827 4294; x_wconf 81' lang='lat' dir='ltr'><strong>forte</strong></span> 
     </span>
    </p>
   </div>
   <div class='ocr_carea' id='block_1_45' title="bbox 220 4314 1824 4384">
    <p class='ocr_par' dir='ltr' id='par_1_45' title="bbox 220 4314 1824 4384">
     <span class='ocr_line' id='line_1_45' title="bbox 220 4314 1824 4384; baseline 0.001 -16"><span class='ocrx_word' id='word_1_339' title='bbox 220 4315 435 4368; x_wconf 83' lang='lat' dir='ltr'><strong>audiant</strong></span> <span class='ocrx_word' id='word_1_340' title='bbox 477 4323 526 4367; x_wconf 91' lang='lat' dir='ltr'><strong>et</strong></span> <span class='ocrx_word' id='word_1_341' title='bbox 566 4314 876 4384; x_wconf 83' lang='lat' dir='ltr'><strong>quiescant:</strong></span> <span class='ocrx_word' id='word_1_342' title='bbox 911 4316 976 4368; x_wconf 69' lang='lat' dir='ltr'><strong>iit</strong></span> <span class='ocrx_word' id='word_1_343' title='bbox 1022 4314 1284 4370; x_wconf 89' lang='lat' dir='ltr'><strong>Dominus</strong></span> <span class='ocrx_word' id='word_1_344' title='bbox 1333 4326 1519 4370; x_wconf 87' lang='lat' dir='ltr'><strong>noster</strong></span> <span class='ocrx_word' id='word_1_345' title='bbox 1562 4316 1711 4371; x_wconf 86' lang='lat' dir='ltr'><strong>venit</strong></span> <span class='ocrx_word' id='word_1_346' title='bbox 1758 4314 1824 4369; x_wconf 92' lang='lat' dir='ltr'><strong>ad</strong></span> 
     </span>
    </p>
   </div>
   <div class='ocr_carea' id='block_1_46' title="bbox 222 4407 1830 4479">
    <p class='ocr_par' dir='ltr' id='par_1_46' title="bbox 222 4407 1830 4479">
     <span class='ocr_line' id='line_1_46' title="bbox 222 4407 1830 4479; baseline 0.001 -17"><span class='ocrx_word' id='word_1_347' title='bbox 222 4408 489 4476; x_wconf 79' lang='lat' dir='ltr'><strong>pupulum</strong></span> <span class='ocrx_word' id='word_1_348' title='bbox 520 4407 863 4474; x_wconf 64' lang='lat' dir='ltr'><strong>Judteorum,</strong></span> <span class='ocrx_word' id='word_1_349' title='bbox 898 4410 1147 4464; x_wconf 83' lang='lat' dir='ltr'><strong>mittente</strong></span> <span class='ocrx_word' id='word_1_350' title='bbox 1178 4410 1358 4476; x_wconf 79' lang='lat' dir='ltr'><strong>Patre,</strong></span> <span class='ocrx_word' id='word_1_351' title='bbox 1408 4419 1466 4464; x_wconf 86' lang='lat' dir='ltr'><strong>ut</strong></span> <span class='ocrx_word' id='word_1_352' title='bbox 1509 4409 1830 4479; x_wconf 73' lang='lat' dir='ltr'><strong>prazdicaret</strong></span> 
     </span>
    </p>
   </div>
   <div class='ocr_carea' id='block_1_47' title="bbox 219 4502 1825 4573">
    <p class='ocr_par' dir='ltr' id='par_1_47' title="bbox 219 4502 1825 4573">
     <span class='ocr_line' id='line_1_47' title="bbox 219 4502 1825 4573; baseline 0.001 -18"><span class='ocrx_word' id='word_1_353' title='bbox 219 4502 443 4570; x_wconf 84' lang='lat' dir='ltr'><strong>captivis</strong></span> <span class='ocrx_word' id='word_1_354' title='bbox 473 4503 883 4565; x_wconf 88' lang='lat' dir='ltr'><strong>remissionem,</strong></span> <span class='ocrx_word' id='word_1_355' title='bbox 904 4512 959 4557; x_wconf 90' lang='lat' dir='ltr'><strong>et</strong></span> <span class='ocrx_word' id='word_1_356' title='bbox 976 4502 1302 4573; x_wconf 87' lang='lat' dir='ltr'><strong>impleretur</strong></span> <span class='ocrx_word' id='word_1_357' title='bbox 1325 4504 1375 4555; x_wconf 91' lang='lat' dir='ltr'><strong>in</strong></span> <span class='ocrx_word' id='word_1_358' title='bbox 1395 4518 1461 4557; x_wconf 90' lang='lat' dir='ltr'><strong>eo</strong></span> <span class='ocrx_word' id='word_1_359' title='bbox 1478 4502 1623 4571; x_wconf 87' lang='lat' dir='ltr'><strong>quod</strong></span> <span class='ocrx_word' id='word_1_360' title='bbox 1651 4503 1825 4571; x_wconf 87' lang='lat' dir='ltr'><strong>scrip-</strong></span> 
     </span>
    </p>
   </div>
   <div class='ocr_carea' id='block_1_48' title="bbox 223 4582 1905 4666">
    <p class='ocr_par' dir='ltr' id='par_1_48' title="bbox 223 4582 1905 4666">
     <span class='ocr_line' id='line_1_48' title="bbox 223 4582 1905 4666; baseline 0.001 -18"><span class='ocrx_word' id='word_1_361' title='bbox 223 4603 329 4648; x_wconf 85' lang='lat' dir='ltr'><strong>tum</strong></span> <span class='ocrx_word' id='word_1_362' title='bbox 361 4606 443 4649; x_wconf 87' lang='lat' dir='ltr'><strong>est</strong></span> <span class='ocrx_word' id='word_1_363' title='bbox 475 4612 489 4649; x_wconf 86' lang='lat'><strong>:</strong></span> <span class='ocrx_word' id='word_1_364' title='bbox 522 4596 815 4650; x_wconf 81' lang='lat' dir='ltr'><strong>Ascendens</strong></span> <span class='ocrx_word' id='word_1_365' title='bbox 845 4597 897 4650; x_wconf 91' lang='lat' dir='ltr'><strong>in</strong></span> <span class='ocrx_word' id='word_1_366' title='bbox 924 4595 1114 4663; x_wconf 88' lang='lat' dir='ltr'><strong>altum,</strong></span> <span class='ocrx_word' id='word_1_367' title='bbox 1148 4597 1403 4666; x_wconf 85' lang='lat' dir='ltr'><strong>captivam</strong></span> <span class='ocrx_word' id='word_1_368' title='bbox 1429 4596 1580 4651; x_wconf 74' lang='lat' dir='ltr'><strong>duxit</strong></span> <span class='ocrx_word' id='word_1_369' title='bbox 1608 4596 1825 4665; x_wconf 78' lang='lat' dir='ltr'><strong>captiui—</strong></span> <span class='ocrx_word' id='word_1_370' title='bbox 1852 4582 1905 4643; x_wconf 86' lang='grc' dir='ltr'><strong>Ι)</strong></span> 
     </span>
    </p>
   </div>
   <div class='ocr_carea' id='block_1_49' title="bbox 224 4685 1644 4758">
    <p class='ocr_par' dir='ltr' id='par_1_49' title="bbox 224 4685 1644 4758">
     <span class='ocr_line' id='line_1_49' title="bbox 224 4685 1644 4758; baseline -0.001 -18"><span class='ocrx_word' id='word_1_371' title='bbox 224 4696 416 4740; x_wconf 81' lang='lat' dir='ltr'><strong>tatem:</strong></span> <span class='ocrx_word' id='word_1_372' title='bbox 445 4687 593 4740; x_wconf 87' lang='lat' dir='ltr'><strong>dedit</strong></span> <span class='ocrx_word' id='word_1_373' title='bbox 622 4687 759 4741; x_wconf 88' lang='lat' dir='ltr'><strong>dona</strong></span> <span class='ocrx_word' id='word_1_374' title='bbox 793 4687 1088 4741; x_wconf 81' lang='lat' dir='ltr'><strong>hominibus</strong></span> <span class='ocrx_word' id='word_1_375' title='bbox 1118 4685 1292 4758; x_wconf 88' lang='lat' dir='ltr'><strong>(Psal.</strong></span> <span class='ocrx_word' id='word_1_376' title='bbox 1330 4702 1499 4751; x_wconf 77' lang='lat' dir='ltr'><strong>uvu,</strong></span> <span class='ocrx_word' id='word_1_377' title='bbox 1533 4687 1644 4751; x_wconf 84' lang='lat' dir='ltr'><strong>i9).</strong></span> 
     </span>
    </p>
   </div>
   <div class='ocr_carea' id='block_1_50' title="bbox 295 4779 1830 4853">
    <p class='ocr_par' dir='ltr' id='par_1_50' title="bbox 295 4779 1830 4853">
     <span class='ocr_line' id='line_1_50' title="bbox 295 4779 1830 4853; baseline 0 -20"><span class='ocrx_word' id='word_1_378' title='bbox 295 4780 481 4849; x_wconf 60' lang='grc' dir='ltr'><strong>(νοτε.</strong></span> <span class='ocrx_word' id='word_1_379' title='bbox 510 4781 628 4851; x_wconf 71' lang='grc'><strong>12.)</strong></span> <span class='ocrx_word' id='word_1_380' title='bbox 668 4780 734 4835; x_wconf 81' lang='lat' dir='ltr'><strong>Et</strong></span> <span class='ocrx_word' id='word_1_381' title='bbox 758 4782 1039 4850; x_wconf 78' lang='lat' dir='ltr'><strong>assumpsit</strong></span> <span class='ocrx_word' id='word_1_382' title='bbox 1068 4797 1145 4834; x_wconf 90' lang='lat' dir='ltr'><strong>me</strong></span> <span class='ocrx_word' id='word_1_383' title='bbox 1172 4781 1408 4853; x_wconf 83' lang='lat' dir='ltr'><strong>spiritus,</strong></span> <span class='ocrx_word' id='word_1_384' title='bbox 1440 4789 1486 4833; x_wconf 92' lang='lat' dir='ltr'><strong>et</strong></span> <span class='ocrx_word' id='word_1_385' title='bbox 1517 4779 1694 4833; x_wconf 81' lang='lat' dir='ltr'><strong>audiri</strong></span> <span class='ocrx_word' id='word_1_386' title='bbox 1717 4790 1830 4850; x_wconf 91' lang='lat' dir='ltr'><strong>post</strong></span> 
     </span>
    </p>
   </div>
   <div class='ocr_carea' id='block_1_51' title="bbox 223 4871 1830 4949">
    <p class='ocr_par' dir='ltr' id='par_1_51' title="bbox 223 4871 1830 4949">
     <span class='ocr_line' id='line_1_51' title="bbox 223 4871 1830 4949; baseline -0.003 -19"><span class='ocrx_word' id='word_1_387' title='bbox 223 4892 299 4930; x_wconf 80' lang='lat' dir='ltr'><strong>me</strong></span> <span class='ocrx_word' id='word_1_388' title='bbox 322 4893 498 4932; x_wconf 73' lang='lat' dir='ltr'><strong>vocem</strong></span> <span class='ocrx_word' id='word_1_389' title='bbox 525 4878 882 4932; x_wconf 86' lang='lat' dir='ltr'><strong>commotionis</strong></span> <span class='ocrx_word' id='word_1_390' title='bbox 914 4892 1151 4949; x_wconf 63' lang='lat' dir='ltr'><strong>magna:</strong></span> <span class='ocrx_word' id='word_1_391' title='bbox 1183 4873 1470 4929; x_wconf 83' lang='lat' dir='ltr'><strong>Benedicta</strong></span> <span class='ocrx_word' id='word_1_392' title='bbox 1514 4874 1682 4945; x_wconf 87' lang='lat' dir='ltr'><strong>gloria</strong></span> <span class='ocrx_word' id='word_1_393' title='bbox 1712 4871 1830 4926; x_wconf 72' lang='lat' dir='ltr'><strong>&#39;Do-</strong></span> 
     </span>
    </p>
   </div>
   <div class='ocr_carea' id='block_1_52' title="bbox 224 4969 1832 5042">
    <p class='ocr_par' dir='ltr' id='par_1_52' title="bbox 224 4969 1832 5042">
     <span class='ocr_line' id='line_1_52' title="bbox 224 4969 1832 5042; baseline -0.001 -19"><span class='ocrx_word' id='word_1_394' title='bbox 224 4972 349 5024; x_wconf 81' lang='lat' dir='ltr'><strong>mini</strong></span> <span class='ocrx_word' id='word_1_395' title='bbox 369 4972 433 5025; x_wconf 84' lang='lat' dir='ltr'><strong>de</strong></span> <span class='ocrx_word' id='word_1_396' title='bbox 455 4971 577 5026; x_wconf 65' lang='lat' dir='ltr'><strong>loco,</strong></span> <span class='ocrx_word' id='word_1_397' title='bbox 593 4988 711 5026; x_wconf 83' lang='lat' dir='ltr'><strong>suo.</strong></span> <span class='ocrx_word' id='word_1_398' title='bbox 732 4971 876 5027; x_wconf 89' lang='lat' dir='ltr'><strong>Deus</strong></span> <span class='ocrx_word' id='word_1_399' title='bbox 904 4970 974 5026; x_wconf 92' lang='lat' dir='ltr'><strong>de</strong></span> <span class='ocrx_word' id='word_1_400' title='bbox 994 4986 1101 5042; x_wconf 84' lang='lat' dir='ltr'><strong>quo</strong></span> <span class='ocrx_word' id='word_1_401' title='bbox 1125 4970 1391 5040; x_wconf 87' lang='lat' dir='ltr'><strong>scriptum</strong></span> <span class='ocrx_word' id='word_1_402' title='bbox 1412 4978 1493 5024; x_wconf 90' lang='lat' dir='ltr'><strong>est</strong></span> <span class='ocrx_word' id='word_1_403' title='bbox 1518 4986 1531 5022; x_wconf 90' lang='lat'>:</span> <span class='ocrx_word' id='word_1_404' title='bbox 1553 4969 1832 5023; x_wconf 83' lang='lat' dir='ltr'><strong>Assumens</strong></span> 
     </span>
    </p>
   </div>
   <div class='ocr_carea' id='block_1_53' title="bbox 226 5064 1835 5138">
    <p class='ocr_par' dir='ltr' id='par_1_53' title="bbox 226 5064 1835 5138">
     <span class='ocr_line' id='line_1_53' title="bbox 226 5064 1835 5138; baseline 0.001 -22"><span class='ocrx_word' id='word_1_405' title='bbox 226 5075 521 5120; x_wconf 80' lang='lat' dir='ltr'><strong>mansuetos</strong></span> <span class='ocrx_word' id='word_1_406' title='bbox 554 5064 811 5120; x_wconf 85' lang='lat' dir='ltr'><strong>Dominus</strong></span> <span class='ocrx_word' id='word_1_407' title='bbox 845 5064 1021 5138; x_wconf 90' lang='lat' dir='ltr'><strong>(Psal.</strong></span> <span class='ocrx_word' id='word_1_408' title='bbox 1054 5082 1211 5122; x_wconf 74' lang='lat' dir='ltr'><strong>exul</strong></span> <span class='ocrx_word' id='word_1_409' title='bbox 1234 5112 1247 5133; x_wconf 90' lang='lat'><strong>,</strong></span> <span class='ocrx_word' id='word_1_410' title='bbox 1280 5064 1362 5134; x_wconf 85' lang='lat'><strong>6),</strong></span> <span class='ocrx_word' id='word_1_411' title='bbox 1393 5066 1510 5132; x_wconf 85' lang='lat' dir='ltr'><strong>ipse</strong></span> <span class='ocrx_word' id='word_1_412' title='bbox 1536 5064 1835 5133; x_wconf 79' lang='lat' dir='ltr'><strong>assumpsit</strong></span> 
     </span>
    </p>
   </div>
   <div class='ocr_carea' id='block_1_54' title="bbox 227 5156 1831 5229">
    <p class='ocr_par' dir='ltr' id='par_1_54' title="bbox 227 5156 1831 5229">
     <span class='ocr_line' id='line_1_54' title="bbox 227 5156 1831 5229; baseline -0.001 -16"><span class='ocrx_word' id='word_1_413' title='bbox 227 5168 279 5213; x_wconf 88' lang='lat' dir='ltr'><strong>et</strong></span> <span class='ocrx_word' id='word_1_414' title='bbox 310 5160 660 5228; x_wconf 83' lang='lat' dir='ltr'><strong>prophetam,</strong></span> <span class='ocrx_word' id='word_1_415' title='bbox 689 5160 780 5229; x_wconf 90' lang='lat' dir='ltr'><strong>qui</strong></span> <span class='ocrx_word' id='word_1_416' title='bbox 808 5176 916 5214; x_wconf 89' lang='lat' dir='ltr'><strong>non</strong></span> <span class='ocrx_word' id='word_1_417' title='bbox 948 5170 1066 5214; x_wconf 86' lang='lat' dir='ltr'><strong>erat</strong></span> <span class='ocrx_word' id='word_1_418' title='bbox 1097 5160 1152 5215; x_wconf 90' lang='lat' dir='ltr'><strong>in</strong></span> <span class='ocrx_word' id='word_1_419' title='bbox 1183 5175 1367 5223; x_wconf 82' lang='lat' dir='ltr'><strong>carne,</strong></span> <span class='ocrx_word' id='word_1_420' title='bbox 1405 5156 1500 5213; x_wconf 87' lang='lat' dir='ltr'><strong>sed</strong></span> <span class='ocrx_word' id='word_1_421' title='bbox 1534 5157 1585 5212; x_wconf 90' lang='lat' dir='ltr'><strong>in</strong></span> <span class='ocrx_word' id='word_1_422' title='bbox 1614 5158 1831 5227; x_wconf 76' lang='lat' dir='ltr'><strong>Spiritu,</strong></span> 
     </span>
    </p>
   </div>
   <div class='ocr_carea' id='block_1_55' title="bbox 227 5252 1829 5325">
    <p class='ocr_par' dir='ltr' id='par_1_55' title="bbox 227 5252 1829 5325">
     <span class='ocr_line' id='line_1_55' title="bbox 227 5252 1829 5325; baseline 0.001 -17"><span class='ocrx_word' id='word_1_423' title='bbox 227 5264 280 5308; x_wconf 88' lang='lat' dir='ltr'><strong>et</strong></span> <span class='ocrx_word' id='word_1_424' title='bbox 308 5253 600 5311; x_wconf 76' lang='lat' dir='ltr'><strong>ambulans</strong></span> <span class='ocrx_word' id='word_1_425' title='bbox 629 5256 684 5309; x_wconf 92' lang='lat' dir='ltr'><strong>in</strong></span> <span class='ocrx_word' id='word_1_426' title='bbox 712 5255 932 5323; x_wconf 83' lang='lat' dir='ltr'><strong>spiritu,</strong></span> <span class='ocrx_word' id='word_1_427' title='bbox 968 5256 1153 5309; x_wconf 83' lang='lat' dir='ltr'><strong>carnis</strong></span> <span class='ocrx_word' id='word_1_428' title='bbox 1175 5270 1342 5325; x_wconf 83' lang='lat' dir='ltr'><strong>opera</strong></span> <span class='ocrx_word' id='word_1_429' title='bbox 1386 5270 1491 5309; x_wconf 91' lang='lat' dir='ltr'><strong>non</strong></span> <span class='ocrx_word' id='word_1_430' title='bbox 1535 5252 1829 5325; x_wconf 82' lang='lat' dir='ltr'><strong>implebat:</strong></span> 
     </span>
    </p>
   </div>
   <div class='ocr_carea' id='block_1_56' title="bbox 228 5343 1835 5413">
    <p class='ocr_par' dir='ltr' id='par_1_56' title="bbox 228 5343 1835 5413">
     <span class='ocr_line' id='line_1_56' title="bbox 228 5343 1835 5413; baseline 0.002 -16"><span class='ocrx_word' id='word_1_431' title='bbox 228 5343 459 5410; x_wconf 87' lang='lat' dir='ltr'><strong>spiritus</strong></span> <span class='ocrx_word' id='word_1_432' title='bbox 490 5344 638 5399; x_wconf 89' lang='lat' dir='ltr'><strong>enim</strong></span> <span class='ocrx_word' id='word_1_433' title='bbox 674 5345 769 5400; x_wconf 89' lang='lat' dir='ltr'><strong>Dei</strong></span> <span class='ocrx_word' id='word_1_434' title='bbox 803 5355 922 5400; x_wconf 90' lang='lat' dir='ltr'><strong>erat</strong></span> <span class='ocrx_word' id='word_1_435' title='bbox 953 5346 1003 5399; x_wconf 93' lang='lat' dir='ltr'><strong>in</strong></span> <span class='ocrx_word' id='word_1_436' title='bbox 1031 5361 1115 5401; x_wconf 88' lang='lat' dir='ltr'><strong>eo.</strong></span> <span class='ocrx_word' id='word_1_437' title='bbox 1144 5345 1511 5413; x_wconf 84' lang='lat' dir='ltr'><strong>Quamobrem</strong></span> <span class='ocrx_word' id='word_1_438' title='bbox 1536 5354 1595 5401; x_wconf 83' lang='lat' dir='ltr'><strong>et</strong></span> <span class='ocrx_word' id='word_1_439' title='bbox 1616 5357 1835 5403; x_wconf 86' lang='lat' dir='ltr'><strong>terrena</strong></span> 
     </span>
    </p>
   </div>
   <div class='ocr_carea' id='block_1_57' title="bbox 228 5440 1833 5510">
    <p class='ocr_par' dir='ltr' id='par_1_57' title="bbox 228 5440 1833 5510">
     <span class='ocr_line' id='line_1_57' title="bbox 228 5440 1833 5510; baseline 0.001 -18"><span class='ocrx_word' id='word_1_440' title='bbox 228 5447 596 5493; x_wconf 84' lang='lat' dir='ltr'><strong>contemnens</strong></span> <span class='ocrx_word' id='word_1_441' title='bbox 624 5440 838 5507; x_wconf 88' lang='lat' dir='ltr'><strong>rapitur</strong></span> <span class='ocrx_word' id='word_1_442' title='bbox 862 5457 888 5490; x_wconf 74' lang='grc' dir='ltr'>τι</span> <span class='ocrx_word' id='word_1_443' title='bbox 922 5440 1137 5509; x_wconf 81' lang='lat' dir='ltr'><strong>Spiritu,</strong></span> <span class='ocrx_word' id='word_1_444' title='bbox 1166 5450 1219 5495; x_wconf 91' lang='lat' dir='ltr'><strong>et</strong></span> <span class='ocrx_word' id='word_1_445' title='bbox 1248 5440 1396 5495; x_wconf 88' lang='lat' dir='ltr'><strong>audit</strong></span> <span class='ocrx_word' id='word_1_446' title='bbox 1419 5449 1539 5510; x_wconf 87' lang='lat' dir='ltr'><strong>post</strong></span> <span class='ocrx_word' id='word_1_447' title='bbox 1564 5455 1623 5495; x_wconf 89' lang='lat' dir='ltr'><strong>se</strong></span> <span class='ocrx_word' id='word_1_448' title='bbox 1646 5455 1833 5495; x_wconf 79' lang='lat' dir='ltr'><strong>vocem</strong></span> 
     </span>
    </p>
   </div>
   <div class='ocr_carea' id='block_1_58' title="bbox 229 5534 1836 5604">
    <p class='ocr_par' dir='ltr' id='par_1_58' title="bbox 229 5534 1836 5604">
     <span class='ocr_line' id='line_1_58' title="bbox 229 5534 1836 5604; baseline -0.001 -16"><span class='ocrx_word' id='word_1_449' title='bbox 229 5535 627 5590; x_wconf 88' lang='lat' dir='ltr'><strong>commotionis</strong></span> <span class='ocrx_word' id='word_1_450' title='bbox 654 5550 866 5604; x_wconf 78' lang='lat' dir='ltr'><strong>magna-</strong></span> <span class='ocrx_word' id='word_1_451' title='bbox 889 5578 904 5601; x_wconf 93' lang='lat'><strong>,</strong></span> <span class='ocrx_word' id='word_1_452' title='bbox 953 5536 1355 5604; x_wconf 70' lang='lat' dir='ltr'><strong>prat&#39;teritorttm</strong></span> <span class='ocrx_word' id='word_1_453' title='bbox 1397 5534 1747 5599; x_wconf 81' lang='lat' dir='ltr'><strong>obliviscens,</strong></span> <span class='ocrx_word' id='word_1_454' title='bbox 1783 5544 1836 5588; x_wconf 90' lang='lat' dir='ltr'><strong>et</strong></span> 
     </span>
    </p>
   </div>
   <div class='ocr_carea' id='block_1_59' title="bbox 229 5623 1836 5693">
    <p class='ocr_par' dir='ltr' id='par_1_59' title="bbox 229 5623 1836 5693">
     <span class='ocr_line' id='line_1_59' title="bbox 229 5623 1836 5693; baseline 0.002 -15"><span class='ocrx_word' id='word_1_455' title='bbox 229 5623 283 5679; x_wconf 88' lang='lat' dir='ltr'><strong>in</strong></span> <span class='ocrx_word' id='word_1_456' title='bbox 312 5623 551 5681; x_wconf 81' lang='lat' dir='ltr'><strong>futurum</strong></span> <span class='ocrx_word' id='word_1_457' title='bbox 603 5642 664 5680; x_wconf 81' lang='lat' dir='ltr'><strong>se</strong></span> <span class='ocrx_word' id='word_1_458' title='bbox 712 5625 1053 5693; x_wconf 66' lang='lat' dir='ltr'><strong>extendens,</strong></span> <span class='ocrx_word' id='word_1_459' title='bbox 1099 5636 1160 5681; x_wconf 88' lang='lat' dir='ltr'><strong>ut</strong></span> <span class='ocrx_word' id='word_1_460' title='bbox 1212 5626 1561 5682; x_wconf 86' lang='lat' dir='ltr'><strong>inimicorum</strong></span> <span class='ocrx_word' id='word_1_461' title='bbox 1607 5626 1836 5682; x_wconf 83' lang='lat' dir='ltr'><strong>insidias</strong></span> 
     </span>
    </p>
   </div>
   <div class='ocr_carea' id='block_1_60' title="bbox 305 5786 1550 5881">
    <p class='ocr_par' dir='ltr' id='par_1_60' title="bbox 305 5786 1550 5881">
     <span class='ocr_line' id='line_1_60' title="bbox 305 5786 1550 5881; baseline 0 -21"><span class='ocrx_word' id='word_1_462' title='bbox 305 5812 333 5840; x_wconf 75' lang='grc'><strong>⁸</strong></span> <span class='ocrx_word' id='word_1_463' title='bbox 362 5802 540 5861; x_wconf 86' lang='lat' dir='ltr'><strong>Penes</strong></span> <span class='ocrx_word' id='word_1_464' title='bbox 566 5802 809 5874; x_wconf 69' lang='lat' dir='ltr'><strong>ﬂebam,</strong></span> <span class='ocrx_word' id='word_1_465' title='bbox 834 5814 880 5861; x_wconf 86' lang='lat' dir='ltr'><strong>et</strong></span> <span class='ocrx_word' id='word_1_466' title='bbox 909 5820 1028 5860; x_wconf 83' lang='lat' dir='ltr'><strong>cum</strong></span> <span class='ocrx_word' id='word_1_467' title='bbox 1059 5804 1203 5862; x_wconf 87' lang='lat' dir='ltr'><strong>locus</strong></span> <span class='ocrx_word' id='word_1_468' title='bbox 1234 5786 1550 5881; x_wconf 78' lang='lat' dir='ltr'><strong>poposcerit.</strong></span> 
     </span>
    </p>
   </div>
   <div class='ocr_carea' id='block_1_61' title="bbox 1849 1801 1897 1862">
    <p class='ocr_par' dir='ltr' id='par_1_61' title="bbox 1849 1801 1897 1862">
     <span class='ocr_line' id='line_1_61' title="bbox 1849 1801 1897 1862; baseline 0 0"><span class='ocrx_word' id='word_1_469' title='bbox 1849 1801 1897 1862; x_wconf 88' lang='lat' dir='ltr'><strong>B</strong></span> 
     </span>
    </p>
   </div>
   <div class='ocr_carea' id='block_1_62' title="bbox 1921 498 3523 572">
    <p class='ocr_par' dir='ltr' id='par_1_62' title="bbox 1921 498 3523 572">
     <span class='ocr_line' id='line_1_62' title="bbox 1921 498 3523 572; baseline -0.002 -16"><span class='ocrx_word' id='word_1_470' title='bbox 1921 517 2044 556; x_wconf 89' lang='lat' dir='ltr'><strong>mus</strong></span> <span class='ocrx_word' id='word_1_471' title='bbox 2077 501 2276 570; x_wconf 78' lang='lat' dir='ltr'><strong>(Exod.</strong></span> <span class='ocrx_word' id='word_1_472' title='bbox 2324 500 2500 570; x_wconf 79' lang='lat' dir='ltr'><strong>xxiv),</strong></span> <span class='ocrx_word' id='word_1_473' title='bbox 2542 499 2759 572; x_wconf 86' lang='lat' dir='ltr'><strong>quando</strong></span> <span class='ocrx_word' id='word_1_474' title='bbox 2804 498 3019 553; x_wconf 79' lang='lat' dir='ltr'><strong>Pharao</strong></span> <span class='ocrx_word' id='word_1_475' title='bbox 3053 505 3109 553; x_wconf 89' lang='lat' dir='ltr'><strong>et</strong></span> <span class='ocrx_word' id='word_1_476' title='bbox 3145 499 3324 552; x_wconf 87' lang='lat' dir='ltr'><strong>omnis</strong></span> <span class='ocrx_word' id='word_1_477' title='bbox 3362 510 3523 553; x_wconf 57' lang='lat' dir='ltr'><strong>excit-</strong></span> 
     </span>
    </p>
   </div>
   <div class='ocr_carea' id='block_1_63' title="bbox 1917 591 3523 664">
    <p class='ocr_par' dir='ltr' id='par_1_63' title="bbox 1917 591 3523 664">
     <span class='ocr_line' id='line_1_63' title="bbox 1917 591 3523 664; baseline -0.002 -16"><span class='ocrx_word' id='word_1_478' title='bbox 1917 594 2061 648; x_wconf 86' lang='lat' dir='ltr'><strong>citns</strong></span> <span class='ocrx_word' id='word_1_479' title='bbox 2079 594 2201 664; x_wconf 88' lang='lat' dir='ltr'><strong>ejus</strong></span> <span class='ocrx_word' id='word_1_480' title='bbox 2224 593 2652 663; x_wconf 82' lang='lat' dir='ltr'><strong>persequebatur</strong></span> <span class='ocrx_word' id='word_1_481' title='bbox 2679 591 2937 655; x_wconf 81' lang='lat' dir='ltr'><strong>Israel,et</strong></span> <span class='ocrx_word' id='word_1_482' title='bbox 2956 595 3183 661; x_wconf 77' lang='lat' dir='ltr'><strong>angelus</strong></span> <span class='ocrx_word' id='word_1_483' title='bbox 3207 591 3523 645; x_wconf 73' lang='lat' dir='ltr'><strong>incolmnna</strong></span> 
     </span>
    </p>
   </div>
   <div class='ocr_carea' id='block_1_64' title="bbox 1919 684 3525 756">
    <p class='ocr_par' dir='ltr' id='par_1_64' title="bbox 1919 684 3525 756">
     <span class='ocr_line' id='line_1_64' title="bbox 1919 684 3525 756; baseline -0.004 -12"><span class='ocrx_word' id='word_1_484' title='bbox 1919 689 2082 744; x_wconf 87' lang='lat' dir='ltr'><strong>nubis</strong></span> <span class='ocrx_word' id='word_1_485' title='bbox 2136 686 2385 743; x_wconf 80' lang='lat' dir='ltr'><strong>deseruit</strong></span> <span class='ocrx_word' id='word_1_486' title='bbox 2438 686 2621 756; x_wconf 85' lang='lat' dir='ltr'><strong>priora</strong></span> <span class='ocrx_word' id='word_1_487' title='bbox 2671 694 3011 748; x_wconf 86' lang='lat' dir='ltr'><strong>castrorum;</strong></span> <span class='ocrx_word' id='word_1_488' title='bbox 3086 684 3341 752; x_wconf 81' lang='lat' dir='ltr'><strong>venitque</strong></span> <span class='ocrx_word' id='word_1_489' title='bbox 3404 695 3525 753; x_wconf 88' lang='lat' dir='ltr'><strong>post</strong></span> 
     </span>
    </p>
   </div>
   <div class='ocr_carea' id='block_1_65' title="bbox 1919 775 3518 849">
    <p class='ocr_par' dir='ltr' id='par_1_65' title="bbox 1919 775 3518 849">
     <span class='ocr_line' id='line_1_65' title="bbox 1919 775 3518 849; baseline -0.004 -14"><span class='ocrx_word' id='word_1_490' title='bbox 1919 789 2158 849; x_wconf 67' lang='lat' dir='ltr'><strong>tergum,</strong></span> <span class='ocrx_word' id='word_1_491' title='bbox 2187 789 2243 835; x_wconf 90' lang='lat' dir='ltr'><strong>et</strong></span> <span class='ocrx_word' id='word_1_492' title='bbox 2274 787 2384 832; x_wconf 85' lang='lat' dir='ltr'><strong>tota</strong></span> <span class='ocrx_word' id='word_1_493' title='bbox 2409 787 2567 834; x_wconf 90' lang='lat' dir='ltr'><strong>nocte</strong></span> <span class='ocrx_word' id='word_1_494' title='bbox 2592 777 2903 833; x_wconf 83' lang='lat' dir='ltr'><strong>stetitinter</strong></span> <span class='ocrx_word' id='word_1_495' title='bbox 2924 776 3095 830; x_wconf 76' lang='lat' dir='ltr'><strong>Israel</strong></span> <span class='ocrx_word' id='word_1_496' title='bbox 3122 785 3177 831; x_wconf 87' lang='lat' dir='ltr'><strong>et</strong></span> <span class='ocrx_word' id='word_1_497' title='bbox 3200 775 3518 847; x_wconf 68' lang='lat' dir='ltr'><strong>Egyptios:</strong></span> 
     </span>
    </p>
   </div>
   <div class='ocr_carea' id='block_1_66' title="bbox 1919 868 3523 945">
    <p class='ocr_par' dir='ltr' id='par_1_66' title="bbox 1919 868 3523 945">
     <span class='ocr_line' id='line_1_66' title="bbox 1919 868 3523 945; baseline -0.002 -18"><span class='ocrx_word' id='word_1_498' title='bbox 1919 874 2025 945; x_wconf 75' lang='lat'><strong>31</strong></span> <span class='ocrx_word' id='word_1_499' title='bbox 2055 881 2136 938; x_wconf 88' lang='lat' dir='ltr'><strong>ut,</strong></span> <span class='ocrx_word' id='word_1_500' title='bbox 2167 872 2474 942; x_wconf 78' lang='lat' dir='ltr'><strong>perterritis</strong></span> <span class='ocrx_word' id='word_1_501' title='bbox 2494 870 2854 936; x_wconf 82' lang='lat' dir='ltr'><strong>adversariis,</strong></span> <span class='ocrx_word' id='word_1_502' title='bbox 2880 869 3089 924; x_wconf 79' lang='lat' dir='ltr'><strong>audiret</strong></span> <span class='ocrx_word' id='word_1_503' title='bbox 3123 869 3326 925; x_wconf 87' lang='lat' dir='ltr'><strong>Israel:</strong></span> <span class='ocrx_word' id='word_1_504' title='bbox 3359 868 3523 924; x_wconf 58' lang='lat' dir='ltr'><strong>Bene.</strong></span> 
     </span>
    </p>
   </div>
   <div class='ocr_carea' id='block_1_67' title="bbox 1920 963 3519 1039">
    <p class='ocr_par' dir='ltr' id='par_1_67' title="bbox 1920 963 3519 1039">
     <span class='ocr_line' id='line_1_67' title="bbox 1920 963 3519 1039; baseline -0.003 -17"><span class='ocrx_word' id='word_1_505' title='bbox 1920 971 2062 1023; x_wconf 85' lang='lat' dir='ltr'><strong>dicta</strong></span> <span class='ocrx_word' id='word_1_506' title='bbox 2093 969 2261 1039; x_wconf 76' lang='lat' dir='ltr'><strong>gloria</strong></span> <span class='ocrx_word' id='word_1_507' title='bbox 2283 967 2495 1024; x_wconf 87' lang='lat' dir='ltr'><strong>Domini</strong></span> <span class='ocrx_word' id='word_1_508' title='bbox 2525 966 2588 1020; x_wconf 85' lang='lat' dir='ltr'><strong>de</strong></span> <span class='ocrx_word' id='word_1_509' title='bbox 2618 965 2730 1019; x_wconf 88' lang='lat' dir='ltr'><strong>loco</strong></span> <span class='ocrx_word' id='word_1_510' title='bbox 2759 980 2874 1019; x_wconf 88' lang='lat' dir='ltr'><strong>suo.</strong></span> <span class='ocrx_word' id='word_1_511' title='bbox 2898 963 3079 1019; x_wconf 87' lang='lat' dir='ltr'><strong>Locus</strong></span> <span class='ocrx_word' id='word_1_512' title='bbox 3100 974 3283 1019; x_wconf 85' lang='lat' dir='ltr'><strong>autem</strong></span> <span class='ocrx_word' id='word_1_513' title='bbox 3303 963 3519 1017; x_wconf 89' lang='lat' dir='ltr'><strong>Dotnini</strong></span> 
     </span>
    </p>
   </div>
   <div class='ocr_carea' id='block_1_68' title="bbox 1919 1056 3522 1130">
    <p class='ocr_par' dir='ltr' id='par_1_68' title="bbox 1919 1056 3522 1130">
     <span class='ocr_line' id='line_1_68' title="bbox 1919 1056 3522 1130; baseline -0.007 -11"><span class='ocrx_word' id='word_1_514' title='bbox 1919 1072 2007 1119; x_wconf 87' lang='lat' dir='ltr'><strong>est</strong></span> <span class='ocrx_word' id='word_1_515' title='bbox 2047 1063 2225 1119; x_wconf 89' lang='lat' dir='ltr'><strong>omnis</strong></span> <span class='ocrx_word' id='word_1_516' title='bbox 2274 1062 2326 1116; x_wconf 91' lang='lat' dir='ltr'><strong>in</strong></span> <span class='ocrx_word' id='word_1_517' title='bbox 2373 1061 2573 1130; x_wconf 81' lang='lat' dir='ltr'><strong>quibus</strong></span> <span class='ocrx_word' id='word_1_518' title='bbox 2625 1059 2922 1128; x_wconf 84' lang='lat' dir='ltr'><strong>hospitium</strong></span> <span class='ocrx_word' id='word_1_519' title='bbox 2957 1057 3182 1111; x_wconf 80' lang='lat' dir='ltr'><strong>itthnit.</strong></span> <span class='ocrx_word' id='word_1_520' title='bbox 3225 1056 3335 1110; x_wconf 84' lang='lat' dir='ltr'><strong>Aut</strong></span> <span class='ocrx_word' id='word_1_521' title='bbox 3373 1067 3522 1111; x_wconf 89' lang='lat' dir='ltr'><strong>certe</strong></span> 
     </span>
    </p>
   </div>
   <div class='ocr_carea' id='block_1_69' title="bbox 1921 1148 3518 1217">
    <p class='ocr_par' dir='ltr' id='par_1_69' title="bbox 1921 1148 3518 1217">
     <span class='ocr_line' id='line_1_69' title="bbox 1921 1148 3518 1217; baseline -0.008 -4"><span class='ocrx_word' id='word_1_522' title='bbox 1921 1156 2090 1213; x_wconf 82' lang='lat' dir='ltr'><strong>Filius</strong></span> <span class='ocrx_word' id='word_1_523' title='bbox 2118 1156 2271 1211; x_wconf 85' lang='lat' dir='ltr'><strong>locus</strong></span> <span class='ocrx_word' id='word_1_524' title='bbox 2300 1164 2385 1210; x_wconf 71' lang='lat' dir='ltr'><strong>est</strong></span> <span class='ocrx_word' id='word_1_525' title='bbox 2409 1154 2609 1217; x_wconf 87' lang='lat' dir='ltr'><strong>Patris,</strong></span> <span class='ocrx_word' id='word_1_526' title='bbox 2636 1153 2775 1208; x_wconf 88' lang='lat' dir='ltr'><strong>sicut</strong></span> <span class='ocrx_word' id='word_1_527' title='bbox 2802 1160 2859 1206; x_wconf 87' lang='lat' dir='ltr'><strong>et</strong></span> <span class='ocrx_word' id='word_1_528' title='bbox 2883 1150 3043 1205; x_wconf 88' lang='lat' dir='ltr'><strong>Pater</strong></span> <span class='ocrx_word' id='word_1_529' title='bbox 3070 1149 3227 1205; x_wconf 80' lang='lat' dir='ltr'><strong>lorus</strong></span> <span class='ocrx_word' id='word_1_530' title='bbox 3264 1158 3347 1204; x_wconf 89' lang='lat' dir='ltr'><strong>est</strong></span> <span class='ocrx_word' id='word_1_531' title='bbox 3394 1148 3518 1213; x_wconf 88' lang='lat' dir='ltr'><strong>lilii,</strong></span> 
     </span>
    </p>
   </div>
   <div class='ocr_carea' id='block_1_70' title="bbox 1918 1239 3511 1316">
    <p class='ocr_par' dir='ltr' id='par_1_70' title="bbox 1918 1239 3511 1316">
     <span class='ocr_line' id='line_1_70' title="bbox 1918 1239 3511 1316; baseline -0.008 -10"><span class='ocrx_word' id='word_1_532' title='bbox 1918 1251 2136 1306; x_wconf 86' lang='lat' dir='ltr'><strong>dicente</strong></span> <span class='ocrx_word' id='word_1_533' title='bbox 2185 1249 2412 1303; x_wconf 88' lang='lat' dir='ltr'><strong>Domino</strong></span> <span class='ocrx_word' id='word_1_534' title='bbox 2454 1246 2779 1303; x_wconf 78' lang='lat' dir='ltr'><strong>Salvatore:</strong></span> <span class='ocrx_word' id='word_1_535' title='bbox 2817 1244 2929 1316; x_wconf 81' lang='lat' dir='ltr'><strong>Ego</strong></span> <span class='ocrx_word' id='word_1_536' title='bbox 2958 1244 3010 1295; x_wconf 89' lang='lat' dir='ltr'><strong>in</strong></span> <span class='ocrx_word' id='word_1_537' title='bbox 3042 1241 3221 1306; x_wconf 86' lang='lat' dir='ltr'><strong>Patre,</strong></span> <span class='ocrx_word' id='word_1_538' title='bbox 3270 1249 3317 1294; x_wconf 89' lang='lat' dir='ltr'><strong>et</strong></span> <span class='ocrx_word' id='word_1_539' title='bbox 3363 1239 3511 1293; x_wconf 73' lang='lat' dir='ltr'><strong>Putet</strong></span> 
     </span>
    </p>
   </div>
   <div class='ocr_carea' id='block_1_71' title="bbox 1918 1332 3522 1413">
    <p class='ocr_par' dir='ltr' id='par_1_71' title="bbox 1918 1332 3522 1413">
     <span class='ocr_line' id='line_1_71' title="bbox 1918 1332 3522 1413; baseline -0.007 -15"><span class='ocrx_word' id='word_1_540' title='bbox 1918 1344 1971 1398; x_wconf 89' lang='lat' dir='ltr'><strong>in</strong></span> <span class='ocrx_word' id='word_1_541' title='bbox 2004 1360 2080 1396; x_wconf 86' lang='lat' dir='ltr'><strong>me</strong></span> <span class='ocrx_word' id='word_1_542' title='bbox 2109 1342 2293 1413; x_wconf 84' lang='lat' dir='ltr'><strong>(Joan.</strong></span> <span class='ocrx_word' id='word_1_543' title='bbox 2349 1356 2457 1399; x_wconf 76' lang='lat' dir='ltr'><strong>XIV,</strong></span> <span class='ocrx_word' id='word_1_544' title='bbox 2516 1340 2629 1408; x_wconf 83' lang='grc'><strong>11).</strong></span> <span class='ocrx_word' id='word_1_545' title='bbox 2680 1338 2793 1392; x_wconf 82' lang='lat' dir='ltr'><strong>Hoc</strong></span> <span class='ocrx_word' id='word_1_546' title='bbox 2827 1339 2968 1391; x_wconf 83' lang='lat' dir='ltr'><strong>idem</strong></span> <span class='ocrx_word' id='word_1_547' title='bbox 3016 1334 3285 1403; x_wconf 69' lang='lat' dir='ltr'><strong>signiﬁeztt</strong></span> <span class='ocrx_word' id='word_1_548' title='bbox 3331 1344 3385 1390; x_wconf 89' lang='lat' dir='ltr'><strong>et</strong></span> <span class='ocrx_word' id='word_1_549' title='bbox 3426 1332 3522 1387; x_wconf 83' lang='lat' dir='ltr'><strong>Mi-</strong></span> 
     </span>
    </p>
   </div>
   <div class='ocr_carea' id='block_1_72' title="bbox 1919 1428 3520 1501">
    <p class='ocr_par' dir='ltr' id='par_1_72' title="bbox 1919 1428 3520 1501">
     <span class='ocr_line' id='line_1_72' title="bbox 1919 1428 3520 1501; baseline -0.009 -10"><span class='ocrx_word' id='word_1_550' title='bbox 1919 1435 2152 1491; x_wconf 69' lang='lat' dir='ltr'><strong>clia&#39;as:</strong></span> <span class='ocrx_word' id='word_1_551' title='bbox 2210 1432 2340 1488; x_wconf 82' lang='lat' dir='ltr'><strong>Ecce</strong></span> <span class='ocrx_word' id='word_1_552' title='bbox 2386 1431 2638 1486; x_wconf 85' lang='lat' dir='ltr'><strong>Dominus</strong></span> <span class='ocrx_word' id='word_1_553' title='bbox 2683 1430 2973 1501; x_wconf 84' lang='lat' dir='ltr'><strong>egredietur</strong></span> <span class='ocrx_word' id='word_1_554' title='bbox 3026 1430 3090 1481; x_wconf 87' lang='lat' dir='ltr'><strong>de</strong></span> <span class='ocrx_word' id='word_1_555' title='bbox 3144 1428 3257 1481; x_wconf 88' lang='lat' dir='ltr'><strong>loco</strong></span> <span class='ocrx_word' id='word_1_556' title='bbox 3311 1443 3423 1487; x_wconf 84' lang='lat' dir='ltr'><strong>suo.</strong></span> <span class='ocrx_word' id='word_1_557' title='bbox 3472 1434 3520 1479; x_wconf 91' lang='lat' dir='ltr'><strong>et</strong></span> 
     </span>
    </p>
   </div>
   <div class='ocr_carea' id='block_1_73' title="bbox 1917 1521 3519 1595">
    <p class='ocr_par' dir='ltr' id='par_1_73' title="bbox 1917 1521 3519 1595">
     <span class='ocr_line' id='line_1_73' title="bbox 1917 1521 3519 1595; baseline -0.007 -12"><span class='ocrx_word' id='word_1_558' title='bbox 1917 1529 2189 1583; x_wconf 80' lang='lat' dir='ltr'><strong>descendet</strong></span> <span class='ocrx_word' id='word_1_559' title='bbox 2243 1545 2397 1595; x_wconf 85' lang='lat' dir='ltr'><strong>super</strong></span> <span class='ocrx_word' id='word_1_560' title='bbox 2452 1526 2653 1581; x_wconf 81' lang='lat' dir='ltr'><strong>excelsa</strong></span> <span class='ocrx_word' id='word_1_561' title='bbox 2703 1533 2887 1589; x_wconf 71' lang='lat' dir='ltr'><strong>terrm,</strong></span> <span class='ocrx_word' id='word_1_562' title='bbox 2958 1531 3004 1576; x_wconf 87' lang='lat' dir='ltr'><strong>et</strong></span> <span class='ocrx_word' id='word_1_563' title='bbox 3063 1521 3519 1575; x_wconf 86' lang='lat' dir='ltr'><strong>commovebuntur</strong></span> 
     </span>
    </p>
   </div>
   <div class='ocr_carea' id='block_1_74' title="bbox 1918 1616 3517 1683">
    <p class='ocr_par' dir='ltr' id='par_1_74' title="bbox 1918 1616 3517 1683">
     <span class='ocr_line' id='line_1_74' title="bbox 1918 1616 3517 1683; baseline -0.007 -7"><span class='ocrx_word' id='word_1_564' title='bbox 1918 1633 2117 1676; x_wconf 86' lang='lat' dir='ltr'><strong>montes</strong></span> <span class='ocrx_word' id='word_1_565' title='bbox 2161 1622 2332 1676; x_wconf 86' lang='lat' dir='ltr'><strong>subter</strong></span> <span class='ocrx_word' id='word_1_566' title='bbox 2377 1637 2513 1683; x_wconf 79' lang='lat' dir='ltr'><strong>rum,</strong></span> <span class='ocrx_word' id='word_1_567' title='bbox 2558 1628 2606 1672; x_wconf 89' lang='lat' dir='ltr'><strong>et</strong></span> <span class='ocrx_word' id='word_1_568' title='bbox 2655 1616 2814 1672; x_wconf 85' lang='lat' dir='ltr'><strong>valles</strong></span> <span class='ocrx_word' id='word_1_569' title='bbox 2861 1616 3117 1669; x_wconf 88' lang='lat' dir='ltr'><strong>tabescent</strong></span> <span class='ocrx_word' id='word_1_570' title='bbox 3165 1616 3298 1668; x_wconf 83' lang='lat' dir='ltr'><strong>sicut</strong></span> <span class='ocrx_word' id='word_1_571' title='bbox 3344 1629 3517 1666; x_wconf 84' lang='lat' dir='ltr'><strong>reraa</strong></span> 
     </span>
    </p>
   </div>
   <div class='ocr_carea' id='block_1_75' title="bbox 1918 1707 3519 1786">
    <p class='ocr_par' dir='ltr' id='par_1_75' title="bbox 1918 1707 3519 1786">
     <span class='ocr_line' id='line_1_75' title="bbox 1918 1707 3519 1786; baseline -0.007 -18"><span class='ocrx_word' id='word_1_572' title='bbox 1918 1714 2236 1786; x_wconf 78' lang='lat' dir='ltr'><strong>farieignis.</strong></span> <span class='ocrx_word' id='word_1_573' title='bbox 2286 1722 2333 1767; x_wconf 88' lang='lat' dir='ltr'><strong>et</strong></span> <span class='ocrx_word' id='word_1_574' title='bbox 2382 1712 2514 1766; x_wconf 80' lang='lat' dir='ltr'><strong>sicut</strong></span> <span class='ocrx_word' id='word_1_575' title='bbox 2564 1726 2699 1780; x_wconf 87' lang='lat' dir='ltr'><strong>aqua</strong></span> <span class='ocrx_word' id='word_1_576' title='bbox 2750 1724 2863 1777; x_wconf 67' lang='lat' dir='ltr'><strong>qua?</strong></span> <span class='ocrx_word' id='word_1_577' title='bbox 2908 1707 3141 1774; x_wconf 71' lang='lat' dir='ltr'><strong>defertur</strong></span> <span class='ocrx_word' id='word_1_578' title='bbox 3186 1709 3239 1760; x_wconf 89' lang='lat' dir='ltr'><strong>in</strong></span> <span class='ocrx_word' id='word_1_579' title='bbox 3295 1720 3519 1773; x_wconf 75' lang='lat' dir='ltr'><strong>Pra’ceps</strong></span> 
     </span>
    </p>
   </div>
   <div class='ocr_carea' id='block_1_76' title="bbox 1927 1798 3520 1877">
    <p class='ocr_par' dir='ltr' id='par_1_76' title="bbox 1927 1798 3520 1877">
     <span class='ocr_line' id='line_1_76' title="bbox 1927 1798 3520 1877; baseline -0.009 -16"><span class='ocrx_word' id='word_1_580' title='bbox 1927 1805 2116 1877; x_wconf 79' lang='lat' dir='ltr'><strong>(Mich.</strong></span> <span class='ocrx_word' id='word_1_581' title='bbox 2154 1823 2199 1872; x_wconf 88' lang='grc' dir='ltr'>ι,</span> <span class='ocrx_word' id='word_1_582' title='bbox 2232 1807 2286 1870; x_wconf 76' lang='grc'><strong>5,</strong></span> <span class='ocrx_word' id='word_1_583' title='bbox 2318 1807 2396 1874; x_wconf 78' lang='lat' dir='ltr'><strong>.t).</strong></span> <span class='ocrx_word' id='word_1_584' title='bbox 2449 1802 2829 1860; x_wconf 80' lang='lat' dir='ltr'><strong>Descendettle</strong></span> <span class='ocrx_word' id='word_1_585' title='bbox 2877 1800 3024 1854; x_wconf 85' lang='lat' dir='ltr'><strong>enim</strong></span> <span class='ocrx_word' id='word_1_586' title='bbox 3072 1799 3302 1854; x_wconf 87' lang='lat' dir='ltr'><strong>Domino</strong></span> <span class='ocrx_word' id='word_1_587' title='bbox 3333 1798 3520 1853; x_wconf 73' lang='lat' dir='ltr'><strong>Salva.-</strong></span> 
     </span>
    </p>
   </div>
   <div class='ocr_carea' id='block_1_77' title="bbox 1923 1892 3522 1969">
    <p class='ocr_par' dir='ltr' id='par_1_77' title="bbox 1923 1892 3522 1969">
     <span class='ocr_line' id='line_1_77' title="bbox 1923 1892 3522 1969; baseline -0.008 -16"><span class='ocrx_word' id='word_1_588' title='bbox 1923 1912 2066 1964; x_wconf 84' lang='lat' dir='ltr'><strong>torc,</strong></span> <span class='ocrx_word' id='word_1_589' title='bbox 2095 1909 2147 1954; x_wconf 89' lang='lat' dir='ltr'><strong>et</strong></span> <span class='ocrx_word' id='word_1_590' title='bbox 2174 1899 2557 1969; x_wconf 82' lang='lat' dir='ltr'><strong>proliriscente</strong></span> <span class='ocrx_word' id='word_1_591' title='bbox 2600 1896 2665 1950; x_wconf 87' lang='lat' dir='ltr'><strong>de</strong></span> <span class='ocrx_word' id='word_1_592' title='bbox 2704 1895 2886 1959; x_wconf 87' lang='lat' dir='ltr'><strong>Patre,</strong></span> <span class='ocrx_word' id='word_1_593' title='bbox 2921 1892 3133 1947; x_wconf 80' lang='lat' dir='ltr'><strong>excelsa</strong></span> <span class='ocrx_word' id='word_1_594' title='bbox 3170 1902 3324 1945; x_wconf 67' lang='lat' dir='ltr'><strong>terrae</strong></span> <span class='ocrx_word' id='word_1_595' title='bbox 3369 1906 3522 1945; x_wconf 85' lang='lat' dir='ltr'><strong>mon-</strong></span> 
     </span>
    </p>
   </div>
   <div class='ocr_carea' id='block_1_78' title="bbox 1922 1983 3512 2062">
    <p class='ocr_par' dir='ltr' id='par_1_78' title="bbox 1922 1983 3512 2062">
     <span class='ocr_line' id='line_1_78' title="bbox 1922 1983 3512 2062; baseline -0.008 -13"><span class='ocrx_word' id='word_1_596' title='bbox 1922 2003 2111 2062; x_wconf 83' lang='lat' dir='ltr'><strong>tesque</strong></span> <span class='ocrx_word' id='word_1_597' title='bbox 2140 1993 2396 2047; x_wconf 87' lang='lat' dir='ltr'><strong>commoti</strong></span> <span class='ocrx_word' id='word_1_598' title='bbox 2431 2003 2579 2057; x_wconf 85' lang='lat' dir='ltr'><strong>sunt,</strong></span> <span class='ocrx_word' id='word_1_599' title='bbox 2604 2002 2651 2043; x_wconf 88' lang='lat' dir='ltr'><strong>et</strong></span> <span class='ocrx_word' id='word_1_600' title='bbox 2687 1988 2942 2043; x_wconf 64' lang='lat' dir='ltr'><strong>inferiora</strong></span> <span class='ocrx_word' id='word_1_601' title='bbox 2963 1987 3179 2041; x_wconf 81' lang='lat' dir='ltr'><strong>vallium</strong></span> <span class='ocrx_word' id='word_1_602' title='bbox 3205 1983 3512 2056; x_wconf 78' lang='lat' dir='ltr'><strong>liquefacta.</strong></span> 
     </span>
    </p>
   </div>
   <div class='ocr_carea' id='block_1_79' title="bbox 1921 2079 3518 2153">
    <p class='ocr_par' dir='ltr' id='par_1_79' title="bbox 1921 2079 3518 2153">
     <span class='ocr_line' id='line_1_79' title="bbox 1921 2079 3518 2153; baseline -0.006 -12"><span class='ocrx_word' id='word_1_603' title='bbox 1921 2087 2104 2141; x_wconf 90' lang='lat' dir='ltr'><strong>Potest</strong></span> <span class='ocrx_word' id='word_1_604' title='bbox 2135 2086 2285 2140; x_wconf 81' lang='lat' dir='ltr'><strong>locus</strong></span> <span class='ocrx_word' id='word_1_605' title='bbox 2310 2099 2432 2139; x_wconf 88' lang='lat' dir='ltr'><strong>esse</strong></span> <span class='ocrx_word' id='word_1_606' title='bbox 2450 2083 2623 2153; x_wconf 88' lang='lat' dir='ltr'><strong>gloria</strong></span> <span class='ocrx_word' id='word_1_607' title='bbox 2652 2082 2885 2147; x_wconf 86' lang='lat' dir='ltr'><strong>Domini,</strong></span> <span class='ocrx_word' id='word_1_608' title='bbox 2913 2081 3072 2134; x_wconf 83' lang='lat' dir='ltr'><strong>etlux</strong></span> <span class='ocrx_word' id='word_1_609' title='bbox 3096 2079 3518 2145; x_wconf 79' lang='lat' dir='ltr'><strong>inaccessibilis,</strong></span> 
     </span>
    </p>
   </div>
   <div class='ocr_carea' id='block_1_80' title="bbox 1920 2169 3519 2248">
    <p class='ocr_par' dir='ltr' id='par_1_80' title="bbox 1920 2169 3519 2248">
     <span class='ocr_line' id='line_1_80' title="bbox 1920 2169 3519 2248; baseline -0.006 -15"><span class='ocrx_word' id='word_1_610' title='bbox 1920 2178 1987 2233; x_wconf 88' lang='lat' dir='ltr'><strong>de</strong></span> <span class='ocrx_word' id='word_1_611' title='bbox 2012 2193 2111 2247; x_wconf 89' lang='lat' dir='ltr'><strong>qua</strong></span> <span class='ocrx_word' id='word_1_612' title='bbox 2145 2176 2436 2248; x_wconf 80' lang='lat' dir='ltr'><strong>Apostolus</strong></span> <span class='ocrx_word' id='word_1_613' title='bbox 2464 2173 2738 2243; x_wconf 87' lang='lat' dir='ltr'><strong>loquitur:</strong></span> <span class='ocrx_word' id='word_1_614' title='bbox 2774 2172 2877 2240; x_wconf 82' lang='lat' dir='ltr'><strong>Qui</strong></span> <span class='ocrx_word' id='word_1_615' title='bbox 2908 2171 3051 2225; x_wconf 84' lang='lat' dir='ltr'><strong>solus</strong></span> <span class='ocrx_word' id='word_1_616' title='bbox 3076 2169 3226 2224; x_wconf 86' lang='lat' dir='ltr'><strong>habet</strong></span> <span class='ocrx_word' id='word_1_617' title='bbox 3254 2171 3519 2224; x_wconf 87' lang='lat' dir='ltr'><strong>immortu-</strong></span> 
     </span>
    </p>
   </div>
   <div class='ocr_carea' id='block_1_81' title="bbox 1919 2262 3517 2337">
    <p class='ocr_par' dir='ltr' id='par_1_81' title="bbox 1919 2262 3517 2337">
     <span class='ocr_line' id='line_1_81' title="bbox 1919 2262 3517 2337; baseline -0.004 -12"><span class='ocrx_word' id='word_1_618' title='bbox 1919 2270 2140 2337; x_wconf 83' lang='lat' dir='ltr'><strong>litatem,</strong></span> <span class='ocrx_word' id='word_1_619' title='bbox 2161 2281 2207 2324; x_wconf 90' lang='lat' dir='ltr'><strong>et</strong></span> <span class='ocrx_word' id='word_1_620' title='bbox 2236 2271 2401 2323; x_wconf 85' lang='lat' dir='ltr'><strong>lucem</strong></span> <span class='ocrx_word' id='word_1_621' title='bbox 2419 2268 2617 2323; x_wconf 85' lang='lat' dir='ltr'><strong>habitat</strong></span> <span class='ocrx_word' id='word_1_622' title='bbox 2638 2264 3041 2320; x_wconf 83' lang='lat' dir='ltr'><strong>inaccessibilem</strong></span> <span class='ocrx_word' id='word_1_623' title='bbox 3063 2263 3102 2335; x_wconf 85' lang='grc' dir='ltr'><strong>(Ι</strong></span> <span class='ocrx_word' id='word_1_624' title='bbox 3122 2262 3259 2317; x_wconf 85' lang='lat' dir='ltr'><strong>Tim.</strong></span> <span class='ocrx_word' id='word_1_625' title='bbox 3288 2279 3338 2317; x_wconf 86' lang='lat' dir='ltr'><strong>vi</strong></span> <span class='ocrx_word' id='word_1_626' title='bbox 3357 2305 3371 2329; x_wconf 86' lang='lat'><strong>,</strong></span> <span class='ocrx_word' id='word_1_627' title='bbox 3405 2262 3517 2334; x_wconf 75' lang='lat' dir='ltr'><strong>lli).</strong></span> 
     </span>
    </p>
   </div>
   <div class='ocr_carea' id='block_1_82' title="bbox 1918 2358 3517 2435">
    <p class='ocr_par' dir='ltr' id='par_1_82' title="bbox 1918 2358 3517 2435">
     <span class='ocr_line' id='line_1_82' title="bbox 1918 2358 3517 2435; baseline -0.005 -16"><span class='ocrx_word' id='word_1_628' title='bbox 1918 2366 2147 2435; x_wconf 85' lang='lat' dir='ltr'><strong>Quando</strong></span> <span class='ocrx_word' id='word_1_629' title='bbox 2172 2364 2446 2435; x_wconf 57' lang='lat' dir='ltr'><strong>pra‘terita</strong></span> <span class='ocrx_word' id='word_1_630' title='bbox 2472 2362 2676 2432; x_wconf 88' lang='lat' dir='ltr'><strong>judicia</strong></span> <span class='ocrx_word' id='word_1_631' title='bbox 2709 2360 2919 2415; x_wconf 87' lang='lat' dir='ltr'><strong>Domini</strong></span> <span class='ocrx_word' id='word_1_632' title='bbox 2951 2359 3131 2413; x_wconf 89' lang='lat' dir='ltr'><strong>animo</strong></span> <span class='ocrx_word' id='word_1_633' title='bbox 3164 2358 3517 2421; x_wconf 78' lang='lat' dir='ltr'><strong>revolvimus,</strong></span> 
     </span>
    </p>
   </div>
   <div class='ocr_carea' id='block_1_83' title="bbox 1919 2453 3515 2527">
    <p class='ocr_par' dir='ltr' id='par_1_83' title="bbox 1919 2453 3515 2527">
     <span class='ocr_line' id='line_1_83' title="bbox 1919 2453 3515 2527; baseline -0.006 -12"><span class='ocrx_word' id='word_1_634' title='bbox 1919 2460 2172 2515; x_wconf 85' lang='lat' dir='ltr'><strong>audimus</strong></span> <span class='ocrx_word' id='word_1_635' title='bbox 2223 2473 2410 2513; x_wconf 85' lang='lat' dir='ltr'><strong>vocem</strong></span> <span class='ocrx_word' id='word_1_636' title='bbox 2457 2468 2572 2527; x_wconf 77' lang='lat' dir='ltr'><strong>p05!</strong></span> <span class='ocrx_word' id='word_1_637' title='bbox 2619 2467 2825 2526; x_wconf 88' lang='lat' dir='ltr'><strong>tergum</strong></span> <span class='ocrx_word' id='word_1_638' title='bbox 2876 2453 3259 2508; x_wconf 88' lang='lat' dir='ltr'><strong>commotionis</strong></span> <span class='ocrx_word' id='word_1_639' title='bbox 3292 2467 3515 2522; x_wconf 68' lang='lat' dir='ltr'><strong>magnae.</strong></span> 
     </span>
    </p>
   </div>
   <div class='ocr_carea' id='block_1_84' title="bbox 1919 2545 3522 2619">
    <p class='ocr_par' dir='ltr' id='par_1_84' title="bbox 1919 2545 3522 2619">
     <span class='ocr_line' id='line_1_84' title="bbox 1919 2545 3522 2619; baseline -0.004 -13"><span class='ocrx_word' id='word_1_640' title='bbox 1919 2551 2149 2619; x_wconf 85' lang='lat' dir='ltr'><strong>Quando</strong></span> <span class='ocrx_word' id='word_1_641' title='bbox 2203 2552 2379 2606; x_wconf 80' lang='lat' dir='ltr'><strong>futura</strong></span> <span class='ocrx_word' id='word_1_642' title='bbox 2424 2549 2593 2604; x_wconf 90' lang='lat' dir='ltr'><strong>corde</strong></span> <span class='ocrx_word' id='word_1_643' title='bbox 2645 2545 2989 2608; x_wconf 77' lang='lat' dir='ltr'><strong>meditantur,</strong></span> <span class='ocrx_word' id='word_1_644' title='bbox 3042 2546 3257 2599; x_wconf 85' lang='lat' dir='ltr'><strong>auditur</strong></span> <span class='ocrx_word' id='word_1_645' title='bbox 3306 2560 3404 2600; x_wconf 81' lang='lat' dir='ltr'><strong>vox</strong></span> <span class='ocrx_word' id='word_1_646' title='bbox 3455 2545 3522 2600; x_wconf 88' lang='lat' dir='ltr'><strong>de</strong></span> 
     </span>
    </p>
   </div>
   <div class='ocr_carea' id='block_1_85' title="bbox 1920 2642 2996 2716">
    <p class='ocr_par' dir='ltr' id='par_1_85' title="bbox 1920 2642 2996 2716">
     <span class='ocr_line' id='line_1_85' title="bbox 1920 2642 2996 2716; baseline -0.008 -18"><span class='ocrx_word' id='word_1_647' title='bbox 1920 2645 2220 2716; x_wconf 83' lang='lat' dir='ltr'><strong>prioribus,</strong></span> <span class='ocrx_word' id='word_1_648' title='bbox 2250 2654 2305 2697; x_wconf 89' lang='lat' dir='ltr'><strong>et</strong></span> <span class='ocrx_word' id='word_1_649' title='bbox 2335 2659 2399 2697; x_wconf 74' lang='lat' dir='ltr'><strong>ex</strong></span> <span class='ocrx_word' id='word_1_650' title='bbox 2433 2642 2515 2696; x_wconf 89' lang='lat' dir='ltr'><strong>bis</strong></span> <span class='ocrx_word' id='word_1_651' title='bbox 2545 2657 2663 2711; x_wconf 64' lang='lat' dir='ltr'><strong>quae</strong></span> <span class='ocrx_word' id='word_1_652' title='bbox 2696 2650 2823 2693; x_wconf 79' lang='lat' dir='ltr'><strong>ante</strong></span> <span class='ocrx_word' id='word_1_653' title='bbox 2849 2649 2996 2692; x_wconf 91' lang='lat' dir='ltr'><strong>sunt.</strong></span> 
     </span>
    </p>
   </div>
   <div class='ocr_carea' id='block_1_86' title="bbox 1992 2731 3520 2808">
    <p class='ocr_par' dir='ltr' id='par_1_86' title="bbox 1992 2731 3520 2808">
     <span class='ocr_line' id='line_1_86' title="bbox 1992 2731 3520 2808; baseline -0.005 -16"><span class='ocrx_word' id='word_1_654' title='bbox 1992 2737 2173 2807; x_wconf 81' lang='lat' dir='ltr'><strong>(Vers.</strong></span> <span class='ocrx_word' id='word_1_655' title='bbox 2210 2735 2325 2808; x_wconf 75' lang='grc'><strong>15.)</strong></span> <span class='ocrx_word' id='word_1_656' title='bbox 2349 2734 2417 2790; x_wconf 82' lang='grc' dir='ltr'>Ει</span> <span class='ocrx_word' id='word_1_657' title='bbox 2450 2751 2620 2789; x_wconf 80' lang='lat' dir='ltr'><strong>vocem</strong></span> <span class='ocrx_word' id='word_1_658' title='bbox 2653 2735 2854 2787; x_wconf 83' lang='lat' dir='ltr'><strong>alarum</strong></span> <span class='ocrx_word' id='word_1_659' title='bbox 2885 2732 3199 2786; x_wconf 85' lang='lat' dir='ltr'><strong>animalium</strong></span> <span class='ocrx_word' id='word_1_660' title='bbox 3231 2731 3520 2800; x_wconf 85' lang='lat' dir='ltr'><strong>percutien—</strong></span> 
     </span>
    </p>
   </div>
   <div class='ocr_carea' id='block_1_87' title="bbox 1921 2826 3518 2895">
    <p class='ocr_par' dir='ltr' id='par_1_87' title="bbox 1921 2826 3518 2895">
     <span class='ocr_line' id='line_1_87' title="bbox 1921 2826 3518 2895; baseline -0.006 -10"><span class='ocrx_word' id='word_1_661' title='bbox 1921 2831 2049 2885; x_wconf 86' lang='lat' dir='ltr'><strong>tium</strong></span> <span class='ocrx_word' id='word_1_662' title='bbox 2080 2831 2295 2884; x_wconf 74' lang='lat' dir='ltr'><strong>alteram</strong></span> <span class='ocrx_word' id='word_1_663' title='bbox 2312 2829 2379 2883; x_wconf 84' lang='lat' dir='ltr'><strong>ad</strong></span> <span class='ocrx_word' id='word_1_664' title='bbox 2400 2829 2641 2895; x_wconf 87' lang='lat' dir='ltr'><strong>alteram,</strong></span> <span class='ocrx_word' id='word_1_665' title='bbox 2672 2836 2716 2881; x_wconf 93' lang='lat' dir='ltr'><strong>et</strong></span> <span class='ocrx_word' id='word_1_666' title='bbox 2741 2843 2911 2880; x_wconf 83' lang='lat' dir='ltr'><strong>vocem</strong></span> <span class='ocrx_word' id='word_1_667' title='bbox 2940 2835 3172 2880; x_wconf 87' lang='lat' dir='ltr'><strong>rotarum</strong></span> <span class='ocrx_word' id='word_1_668' title='bbox 3199 2826 3518 2895; x_wconf 87' lang='lat' dir='ltr'><strong>sequentium</strong></span> 
     </span>
    </p>
   </div>
   <div class='ocr_carea' id='block_1_88' title="bbox 1920 2918 3514 2990">
    <p class='ocr_par' dir='ltr' id='par_1_88' title="bbox 1920 2918 3514 2990">
     <span class='ocr_line' id='line_1_88' title="bbox 1920 2918 3514 2990; baseline -0.002 -15"><span class='ocrx_word' id='word_1_669' title='bbox 1920 2921 2193 2989; x_wconf 88' lang='lat' dir='ltr'><strong>animalia,</strong></span> <span class='ocrx_word' id='word_1_670' title='bbox 2226 2931 2275 2976; x_wconf 92' lang='lat' dir='ltr'><strong>et</strong></span> <span class='ocrx_word' id='word_1_671' title='bbox 2302 2938 2471 2977; x_wconf 80' lang='lat' dir='ltr'><strong>vocem</strong></span> <span class='ocrx_word' id='word_1_672' title='bbox 2499 2921 2858 2975; x_wconf 78' lang='lat' dir='ltr'><strong>commotionis</strong></span> <span class='ocrx_word' id='word_1_673' title='bbox 2886 2936 3110 2990; x_wconf 66' lang='lat' dir='ltr'><strong>magnae.</strong></span> <span class='ocrx_word' id='word_1_674' title='bbox 3144 2919 3250 2973; x_wconf 83' lang='lat' dir='ltr'><strong>Pro</strong></span> <span class='ocrx_word' id='word_1_675' title='bbox 3277 2933 3343 2973; x_wconf 90' lang='lat' dir='ltr'><strong>eo</strong></span> <span class='ocrx_word' id='word_1_676' title='bbox 3372 2918 3514 2989; x_wconf 85' lang='lat' dir='ltr'><strong>quod</strong></span> 
     </span>
    </p>
   </div>
   <div class='ocr_carea' id='block_1_89' title="bbox 1920 3015 3519 3087">
    <p class='ocr_par' dir='ltr' id='par_1_89' title="bbox 1920 3015 3519 3087">
     <span class='ocr_line' id='line_1_89' title="bbox 1920 3015 3519 3087; baseline -0.003 -13"><span class='ocrx_word' id='word_1_677' title='bbox 1920 3020 2262 3084; x_wconf 85' lang='lat' dir='ltr'><strong>subauditur,</strong></span> <span class='ocrx_word' id='word_1_678' title='bbox 2296 3021 2398 3076; x_wconf 82' lang='grc' dir='ltr'><strong>ἀπὸ</strong></span> <span class='ocrx_word' id='word_1_679' title='bbox 2428 3024 2594 3076; x_wconf 80' lang='grc' dir='ltr'><strong>κοινοῦ</strong></span> <span class='ocrx_word' id='word_1_680' title='bbox 2616 3018 2769 3087; x_wconf 80' lang='lat' dir='ltr'><strong>juxta</strong></span> <span class='ocrx_word' id='word_1_681' title='bbox 2801 3015 3127 3071; x_wconf 81' lang='lat' dir='ltr'><strong>Hebraicum</strong></span> <span class='ocrx_word' id='word_1_682' title='bbox 3155 3033 3169 3069; x_wconf 85' lang='lat'><strong>:</strong></span> <span class='ocrx_word' id='word_1_683' title='bbox 3203 3016 3378 3069; x_wconf 83' lang='lat' dir='ltr'><strong>audivi</strong></span> <span class='ocrx_word' id='word_1_684' title='bbox 3406 3027 3519 3087; x_wconf 81' lang='lat' dir='ltr'><strong>post</strong></span> 
     </span>
    </p>
   </div>
   <div class='ocr_carea' id='block_1_90' title="bbox 1923 3107 3520 3183">
    <p class='ocr_par' dir='ltr' id='par_1_90' title="bbox 1923 3107 3520 3183">
     <span class='ocr_line' id='line_1_90' title="bbox 1923 3107 3520 3183; baseline -0.005 -16"><span class='ocrx_word' id='word_1_685' title='bbox 1923 3131 2003 3169; x_wconf 90' lang='lat' dir='ltr'><strong>me</strong></span> <span class='ocrx_word' id='word_1_686' title='bbox 2028 3130 2198 3168; x_wconf 79' lang='lat' dir='ltr'><strong>vocent</strong></span> <span class='ocrx_word' id='word_1_687' title='bbox 2225 3111 2581 3167; x_wconf 89' lang='lat' dir='ltr'><strong>commotionis</strong></span> <span class='ocrx_word' id='word_1_688' title='bbox 2610 3126 2828 3183; x_wconf 75' lang='lat' dir='ltr'><strong>magnae,</strong></span> <span class='ocrx_word' id='word_1_689' title='bbox 2851 3118 2896 3162; x_wconf 88' lang='lat' dir='ltr'><strong>et</strong></span> <span class='ocrx_word' id='word_1_690' title='bbox 2922 3108 3097 3161; x_wconf 85' lang='lat' dir='ltr'><strong>audivi</strong></span> <span class='ocrx_word' id='word_1_691' title='bbox 3121 3124 3291 3161; x_wconf 82' lang='lat' dir='ltr'><strong>vorem</strong></span> <span class='ocrx_word' id='word_1_692' title='bbox 3317 3107 3520 3162; x_wconf 85' lang='lat' dir='ltr'><strong>alarum</strong></span> 
     </span>
    </p>
   </div>
   <div class='ocr_carea' id='block_1_91' title="bbox 1844 3184 3521 3272">
    <p class='ocr_par' dir='ltr' id='par_1_91' title="bbox 1844 3184 3521 3272">
     <span class='ocr_line' id='line_1_91' title="bbox 1844 3184 3521 3272; baseline -0.005 -11"><span class='ocrx_word' id='word_1_693' title='bbox 1844 3184 1889 3247; x_wconf 81' lang='lat' dir='ltr'>C</span> <span class='ocrx_word' id='word_1_694' title='bbox 1921 3208 2285 3272; x_wconf 88' lang='lat' dir='ltr'><strong>animantium,</strong></span> <span class='ocrx_word' id='word_1_695' title='bbox 2307 3216 2353 3260; x_wconf 90' lang='lat' dir='ltr'><strong>et</strong></span> <span class='ocrx_word' id='word_1_696' title='bbox 2370 3220 2539 3260; x_wconf 83' lang='lat' dir='ltr'><strong>vorem</strong></span> <span class='ocrx_word' id='word_1_697' title='bbox 2560 3212 2813 3265; x_wconf 87' lang='lat' dir='ltr'><strong>rotarum,</strong></span> <span class='ocrx_word' id='word_1_698' title='bbox 2835 3200 3094 3257; x_wconf 82' lang='lat' dir='ltr'><strong>addidere</strong></span> <span class='ocrx_word' id='word_1_699' title='bbox 3116 3199 3289 3254; x_wconf 80' lang='lat' dir='ltr'><strong>LXX:</strong></span> <span class='ocrx_word' id='word_1_700' title='bbox 3322 3199 3387 3253; x_wconf 84' lang='lat' dir='ltr'><strong>Et</strong></span> <span class='ocrx_word' id='word_1_701' title='bbox 3417 3198 3521 3253; x_wconf 66' lang='lat' dir='ltr'><strong>ridi</strong></span> 
     </span>
    </p>
   </div>
   <div class='ocr_carea' id='block_1_92' title="bbox 1920 3292 3521 3367">
    <p class='ocr_par' dir='ltr' id='par_1_92' title="bbox 1920 3292 3521 3367">
     <span class='ocr_line' id='line_1_92' title="bbox 1920 3292 3521 3367; baseline -0.007 -12"><span class='ocrx_word' id='word_1_702' title='bbox 1920 3316 2095 3355; x_wconf 77' lang='lat' dir='ltr'><strong>uocem</strong></span> <span class='ocrx_word' id='word_1_703' title='bbox 2140 3296 2347 3352; x_wconf 86' lang='lat' dir='ltr'><strong>alarum</strong></span> <span class='ocrx_word' id='word_1_704' title='bbox 2397 3296 2703 3351; x_wconf 87' lang='lat' dir='ltr'><strong>anintalium</strong></span> <span class='ocrx_word' id='word_1_705' title='bbox 2753 3294 3147 3367; x_wconf 75' lang='lat' dir='ltr'><strong>percutimtium</strong></span> <span class='ocrx_word' id='word_1_706' title='bbox 3190 3292 3408 3346; x_wconf 88' lang='lat' dir='ltr'><strong>alteram</strong></span> <span class='ocrx_word' id='word_1_707' title='bbox 3454 3293 3521 3344; x_wconf 85' lang='lat' dir='ltr'><strong>ad</strong></span> 
     </span>
    </p>
   </div>
   <div class='ocr_carea' id='block_1_93' title="bbox 1921 3385 3520 3460">
    <p class='ocr_par' dir='ltr' id='par_1_93' title="bbox 1921 3385 3520 3460">
     <span class='ocr_line' id='line_1_93' title="bbox 1921 3385 3520 3460; baseline -0.006 -13"><span class='ocrx_word' id='word_1_708' title='bbox 1921 3394 2160 3457; x_wconf 89' lang='lat' dir='ltr'><strong>alteram,</strong></span> <span class='ocrx_word' id='word_1_709' title='bbox 2185 3401 2238 3445; x_wconf 91' lang='lat' dir='ltr'><strong>et</strong></span> <span class='ocrx_word' id='word_1_710' title='bbox 2260 3392 2460 3460; x_wconf 66' lang='lat' dir='ltr'><strong>refiqua</strong></span> <span class='ocrx_word' id='word_1_711' title='bbox 2483 3388 2639 3459; x_wconf 84' lang='lat' dir='ltr'><strong>juxta</strong></span> <span class='ocrx_word' id='word_1_712' title='bbox 2666 3388 2799 3442; x_wconf 92' lang='lat' dir='ltr'><strong>illud</strong></span> <span class='ocrx_word' id='word_1_713' title='bbox 2824 3387 2968 3456; x_wconf 87' lang='lat' dir='ltr'><strong>quod</strong></span> <span class='ocrx_word' id='word_1_714' title='bbox 3005 3388 3052 3439; x_wconf 94' lang='lat' dir='ltr'><strong>in</strong></span> <span class='ocrx_word' id='word_1_715' title='bbox 3078 3385 3269 3440; x_wconf 84' lang='lat' dir='ltr'><strong>Exodo</strong></span> <span class='ocrx_word' id='word_1_716' title='bbox 3295 3385 3520 3456; x_wconf 73' lang='lat' dir='ltr'><strong>legitur:</strong></span> 
     </span>
    </p>
   </div>
   <div class='ocr_carea' id='block_1_94' title="bbox 1925 3474 3521 3553">
    <p class='ocr_par' dir='ltr' id='par_1_94' title="bbox 1925 3474 3521 3553">
     <span class='ocr_line' id='line_1_94' title="bbox 1925 3474 3521 3553; baseline -0.006 -14"><span class='ocrx_word' id='word_1_717' title='bbox 1925 3484 1993 3539; x_wconf 80' lang='lat' dir='ltr'><strong>Et</strong></span> <span class='ocrx_word' id='word_1_718' title='bbox 2022 3485 2223 3539; x_wconf 84' lang='lat' dir='ltr'><strong>videbat</strong></span> <span class='ocrx_word' id='word_1_719' title='bbox 2244 3481 2410 3536; x_wconf 88' lang='lat' dir='ltr'><strong>omnis</strong></span> <span class='ocrx_word' id='word_1_720' title='bbox 2441 3481 2661 3553; x_wconf 81' lang='lat' dir='ltr'><strong>papulas</strong></span> <span class='ocrx_word' id='word_1_721' title='bbox 2692 3495 2862 3533; x_wconf 79' lang='lat' dir='ltr'><strong>vocem</strong></span> <span class='ocrx_word' id='word_1_722' title='bbox 2890 3476 2989 3531; x_wconf 91' lang='lat' dir='ltr'><strong>Dei</strong></span> <span class='ocrx_word' id='word_1_723' title='bbox 3022 3476 3220 3545; x_wconf 77' lang='lat' dir='ltr'><strong>(Exod.</strong></span> <span class='ocrx_word' id='word_1_724' title='bbox 3254 3493 3321 3530; x_wconf 78' lang='lat' dir='ltr'><strong>xx</strong></span> <span class='ocrx_word' id='word_1_725' title='bbox 3348 3518 3361 3540; x_wconf 89' lang='lat'><strong>,</strong></span> <span class='ocrx_word' id='word_1_726' title='bbox 3395 3474 3521 3547; x_wconf 68' lang='lat'><strong>18):</strong></span> 
     </span>
    </p>
   </div>
   <div class='ocr_carea' id='block_1_95' title="bbox 1927 3572 3524 3647">
    <p class='ocr_par' dir='ltr' id='par_1_95' title="bbox 1927 3572 3524 3647">
     <span class='ocr_line' id='line_1_95' title="bbox 1927 3572 3524 3647; baseline -0.004 -15"><span class='ocrx_word' id='word_1_727' title='bbox 1927 3588 1985 3633; x_wconf 90' lang='grc' dir='ltr'><strong>ιιι</strong></span> <span class='ocrx_word' id='word_1_728' title='bbox 2010 3593 2197 3633; x_wconf 82' lang='lat' dir='ltr'><strong>vocem</strong></span> <span class='ocrx_word' id='word_1_729' title='bbox 2227 3592 2345 3647; x_wconf 73' lang='lat' dir='ltr'><strong>qua:</strong></span> <span class='ocrx_word' id='word_1_730' title='bbox 2376 3574 2633 3630; x_wconf 78' lang='lat' dir='ltr'><strong>Veniebat</strong></span> <span class='ocrx_word' id='word_1_731' title='bbox 2678 3581 2798 3643; x_wconf 76' lang='lat' dir='ltr'><strong>post</strong></span> <span class='ocrx_word' id='word_1_732' title='bbox 2839 3584 3081 3637; x_wconf 72' lang='lat' dir='ltr'><strong>tergum,</strong></span> <span class='ocrx_word' id='word_1_733' title='bbox 3112 3572 3347 3626; x_wconf 86' lang='lat' dir='ltr'><strong>audierit</strong></span> <span class='ocrx_word' id='word_1_734' title='bbox 3398 3587 3524 3642; x_wconf 86' lang='lat' dir='ltr'><strong>pro-</strong></span> 
     </span>
    </p>
   </div>
   <div class='ocr_carea' id='block_1_96' title="bbox 1926 3662 3524 3741">
    <p class='ocr_par' dir='ltr' id='par_1_96' title="bbox 1926 3662 3524 3741">
     <span class='ocr_line' id='line_1_96' title="bbox 1926 3662 3524 3741; baseline -0.003 -17"><span class='ocrx_word' id='word_1_735' title='bbox 1926 3670 2087 3741; x_wconf 76' lang='lat' dir='ltr'><strong>pheta</strong></span> <span class='ocrx_word' id='word_1_736' title='bbox 2118 3689 2130 3723; x_wconf 93' lang='lat'>:</span> <span class='ocrx_word' id='word_1_737' title='bbox 2158 3685 2277 3739; x_wconf 77' lang='lat' dir='ltr'><strong>qua:</strong></span> <span class='ocrx_word' id='word_1_738' title='bbox 2310 3677 2491 3723; x_wconf 83' lang='lat' dir='ltr'><strong>autem</strong></span> <span class='ocrx_word' id='word_1_739' title='bbox 2519 3677 2641 3721; x_wconf 73' lang='lat' dir='ltr'><strong>ante</strong></span> <span class='ocrx_word' id='word_1_740' title='bbox 2675 3682 2732 3721; x_wconf 91' lang='lat' dir='ltr'><strong>se</strong></span> <span class='ocrx_word' id='word_1_741' title='bbox 2761 3675 2902 3730; x_wconf 86' lang='lat' dir='ltr'><strong>erat,</strong></span> <span class='ocrx_word' id='word_1_742' title='bbox 2938 3664 3157 3718; x_wconf 87' lang='lat' dir='ltr'><strong>viderit.</strong></span> <span class='ocrx_word' id='word_1_743' title='bbox 3189 3662 3297 3719; x_wconf 89' lang='lat' dir='ltr'><strong>Sed</strong></span> <span class='ocrx_word' id='word_1_744' title='bbox 3328 3663 3524 3720; x_wconf 88' lang='lat' dir='ltr'><strong>melius</strong></span> 
     </span>
    </p>
   </div>
   <div class='ocr_carea' id='block_1_97' title="bbox 1926 3760 3519 3831">
    <p class='ocr_par' dir='ltr' id='par_1_97' title="bbox 1926 3760 3519 3831">
     <span class='ocr_line' id='line_1_97' title="bbox 1926 3760 3519 3831; baseline -0.006 -10"><span class='ocrx_word' id='word_1_745' title='bbox 1926 3776 1980 3821; x_wconf 89' lang='lat' dir='ltr'><strong>et</strong></span> <span class='ocrx_word' id='word_1_746' title='bbox 2009 3764 2189 3819; x_wconf 88' lang='lat' dir='ltr'><strong>verius</strong></span> <span class='ocrx_word' id='word_1_747' title='bbox 2242 3774 2346 3831; x_wconf 88' lang='lat' dir='ltr'><strong>est,</strong></span> <span class='ocrx_word' id='word_1_748' title='bbox 2405 3763 2643 3816; x_wconf 63' lang='lat' dir='ltr'><strong>auditam</strong></span> <span class='ocrx_word' id='word_1_749' title='bbox 2701 3777 2888 3814; x_wconf 75' lang='lat' dir='ltr'><strong>vocem</strong></span> <span class='ocrx_word' id='word_1_750' title='bbox 2946 3760 3307 3827; x_wconf 76' lang='lat' dir='ltr'><strong>intellexisse,</strong></span> <span class='ocrx_word' id='word_1_751' title='bbox 3361 3775 3519 3827; x_wconf 86' lang='lat' dir='ltr'><strong>quam</strong></span> 
     </span>
    </p>
   </div>
   <div class='ocr_carea' id='block_1_98' title="bbox 1925 3853 3519 3926">
    <p class='ocr_par' dir='ltr' id='par_1_98' title="bbox 1925 3853 3519 3926">
     <span class='ocr_line' id='line_1_98' title="bbox 1925 3853 3519 3926; baseline -0.006 -11"><span class='ocrx_word' id='word_1_752' title='bbox 1925 3862 2121 3926; x_wconf 88' lang='lat' dir='ltr'><strong>visam,</strong></span> <span class='ocrx_word' id='word_1_753' title='bbox 2151 3867 2258 3912; x_wconf 87' lang='lat' dir='ltr'><strong>tam</strong></span> <span class='ocrx_word' id='word_1_754' title='bbox 2293 3857 2501 3911; x_wconf 85' lang='lat' dir='ltr'><strong>alarum</strong></span> <span class='ocrx_word' id='word_1_755' title='bbox 2538 3853 2961 3926; x_wconf 85' lang='lat' dir='ltr'><strong>percutientium</strong></span> <span class='ocrx_word' id='word_1_756' title='bbox 3004 3869 3062 3909; x_wconf 78' lang='lat' dir='ltr'><strong>se</strong></span> <span class='ocrx_word' id='word_1_757' title='bbox 3097 3863 3286 3909; x_wconf 89' lang='lat' dir='ltr'><strong>mutuo</strong></span> <span class='ocrx_word' id='word_1_758' title='bbox 3309 3895 3323 3919; x_wconf 92' lang='lat'><strong>,</strong></span> <span class='ocrx_word' id='word_1_759' title='bbox 3362 3866 3519 3922; x_wconf 87' lang='lat' dir='ltr'><strong>quam</strong></span> 
     </span>
    </p>
   </div>
   <div class='ocr_carea' id='block_1_99' title="bbox 1928 3933 3527 4022">
    <p class='ocr_par' dir='ltr' id='par_1_99' title="bbox 1928 3933 3527 4022">
     <span class='ocr_line' id='line_1_99' title="bbox 1928 3933 3527 4022; baseline -0.004 -13"><span class='ocrx_word' id='word_1_760' title='bbox 1928 3963 2197 4019; x_wconf 86' lang='lat' dir='ltr'><strong>rotarum,</strong></span> <span class='ocrx_word' id='word_1_761' title='bbox 2226 3949 2295 4007; x_wconf 92' lang='lat' dir='ltr'><strong>de</strong></span> <span class='ocrx_word' id='word_1_762' title='bbox 2323 3950 2518 4022; x_wconf 88' lang='lat' dir='ltr'><strong>quibus</strong></span> <span class='ocrx_word' id='word_1_763' title='bbox 2545 3964 2709 4021; x_wconf 87' lang='lat' dir='ltr'><strong>supra</strong></span> <span class='ocrx_word' id='word_1_764' title='bbox 2739 3948 3000 4015; x_wconf 84' lang='lat' dir='ltr'><strong>diximus,</strong></span> <span class='ocrx_word' id='word_1_765' title='bbox 3048 3956 3103 4002; x_wconf 89' lang='lat' dir='ltr'><strong>et</strong></span> <span class='ocrx_word' id='word_1_766' title='bbox 3134 3933 3527 4003; x_wconf 77' lang='lat' dir='ltr'><strong>commotionis</strong></span> 
     </span>
    </p>
   </div>
   <div class='ocr_carea' id='block_1_100' title="bbox 1930 4041 3525 4120">
    <p class='ocr_par' dir='ltr' id='par_1_100' title="bbox 1930 4041 3525 4120">
     <span class='ocr_line' id='line_1_100' title="bbox 1930 4041 3525 4120; baseline -0.004 -17"><span class='ocrx_word' id='word_1_767' title='bbox 1930 4064 2137 4120; x_wconf 67' lang='lat' dir='ltr'><strong>magum.</strong></span> <span class='ocrx_word' id='word_1_768' title='bbox 2175 4063 2295 4119; x_wconf 69' lang='lat' dir='ltr'><strong>qua:</strong></span> <span class='ocrx_word' id='word_1_769' title='bbox 2323 4044 2418 4101; x_wconf 91' lang='lat' dir='ltr'><strong>Dei</strong></span> <span class='ocrx_word' id='word_1_770' title='bbox 2455 4044 2585 4100; x_wconf 90' lang='lat' dir='ltr'><strong>iram</strong></span> <span class='ocrx_word' id='word_1_771' title='bbox 2615 4058 2779 4115; x_wconf 88' lang='lat' dir='ltr'><strong>super</strong></span> <span class='ocrx_word' id='word_1_772' title='bbox 2804 4042 2965 4099; x_wconf 87' lang='lat' dir='ltr'><strong>Israel</strong></span> <span class='ocrx_word' id='word_1_773' title='bbox 3014 4041 3276 4115; x_wconf 87' lang='lat' dir='ltr'><strong>populum</strong></span> <span class='ocrx_word' id='word_1_774' title='bbox 3328 4051 3525 4097; x_wconf 84' lang='lat' dir='ltr'><strong>ventu-</strong></span> 
     </span>
    </p>
   </div>
   <div class='ocr_carea' id='block_1_101' title="bbox 1929 4137 2593 4196">
    <p class='ocr_par' dir='ltr' id='par_1_101' title="bbox 1929 4137 2593 4196">
     <span class='ocr_line' id='line_1_101' title="bbox 1929 4137 2593 4196; baseline -0.008 0"><span class='ocrx_word' id='word_1_775' title='bbox 1929 4155 2044 4196; x_wconf 87' lang='lat' dir='ltr'><strong>ram</strong></span> <span class='ocrx_word' id='word_1_776' title='bbox 2076 4155 2198 4195; x_wconf 86' lang='lat' dir='ltr'><strong>esse</strong></span> <span class='ocrx_word' id='word_1_777' title='bbox 2230 4137 2593 4193; x_wconf 77' lang='lat' dir='ltr'><strong>monstrabat.</strong></span> 
     </span>
    </p>
   </div>
   <div class='ocr_carea' id='block_1_102' title="bbox 2003 4228 3529 4302">
    <p class='ocr_par' dir='ltr' id='par_1_102' title="bbox 2003 4228 3529 4302">
     <span class='ocr_line' id='line_1_102' title="bbox 2003 4228 3529 4302; baseline -0.003 -16"><span class='ocrx_word' id='word_1_778' title='bbox 2003 4232 2158 4288; x_wconf 74' lang='lat' dir='ltr'><strong>Vers.</strong></span> <span class='ocrx_word' id='word_1_779' title='bbox 2196 4232 2283 4287; x_wconf 63' lang='lat' dir='ltr'><strong>Il.</strong></span> <span class='ocrx_word' id='word_1_780' title='bbox 2312 4229 2540 4301; x_wconf 88' lang='lat' dir='ltr'><strong>Spiritus</strong></span> <span class='ocrx_word' id='word_1_781' title='bbox 2566 4246 2767 4302; x_wconf 86' lang='lat' dir='ltr'><strong>quoque</strong></span> <span class='ocrx_word' id='word_1_782' title='bbox 2793 4229 2975 4283; x_wconf 84' lang='lat' dir='ltr'><strong>levavit</strong></span> <span class='ocrx_word' id='word_1_783' title='bbox 3018 4246 3096 4281; x_wconf 69' lang='lat' dir='ltr'><strong>me</strong></span> <span class='ocrx_word' id='word_1_784' title='bbox 3120 4272 3134 4292; x_wconf 91' lang='lat'><strong>,</strong></span> <span class='ocrx_word' id='word_1_785' title='bbox 3173 4238 3219 4283; x_wconf 91' lang='lat' dir='ltr'><strong>et</strong></span> <span class='ocrx_word' id='word_1_786' title='bbox 3251 4228 3529 4300; x_wconf 88' lang='lat' dir='ltr'><strong>assumpsit</strong></span> 
     </span>
    </p>
   </div>
   <div class='ocr_carea' id='block_1_103' title="bbox 1929 4322 3527 4398">
    <p class='ocr_par' dir='ltr' id='par_1_103' title="bbox 1929 4322 3527 4398">
     <span class='ocr_line' id='line_1_103' title="bbox 1929 4322 3527 4398; baseline -0.004 -15"><span class='ocrx_word' id='word_1_787' title='bbox 1929 4346 2031 4397; x_wconf 84' lang='lat' dir='ltr'><strong>nte,</strong></span> <span class='ocrx_word' id='word_1_788' title='bbox 2057 4336 2103 4382; x_wconf 91' lang='lat' dir='ltr'><strong>et</strong></span> <span class='ocrx_word' id='word_1_789' title='bbox 2133 4326 2234 4381; x_wconf 85' lang='lat' dir='ltr'><strong>abii</strong></span> <span class='ocrx_word' id='word_1_790' title='bbox 2266 4343 2476 4381; x_wconf 86' lang='lat' dir='ltr'><strong>amarus</strong></span> <span class='ocrx_word' id='word_1_791' title='bbox 2502 4326 2554 4379; x_wconf 88' lang='lat' dir='ltr'><strong>in</strong></span> <span class='ocrx_word' id='word_1_792' title='bbox 2584 4324 2945 4398; x_wconf 81' lang='lat' dir='ltr'><strong>indignatione</strong></span> <span class='ocrx_word' id='word_1_793' title='bbox 2973 4324 3185 4394; x_wconf 84' lang='lat' dir='ltr'><strong>spiritus</strong></span> <span class='ocrx_word' id='word_1_794' title='bbox 3212 4325 3328 4377; x_wconf 84' lang='lat' dir='ltr'><strong>ntei.</strong></span> <span class='ocrx_word' id='word_1_795' title='bbox 3354 4322 3527 4379; x_wconf 73' lang='lat' dir='ltr'><strong>LXX:</strong></span> 
     </span>
    </p>
   </div>
   <div class='ocr_carea' id='block_1_104' title="bbox 1935 4412 3532 4488">
    <p class='ocr_par' dir='ltr' id='par_1_104' title="bbox 1935 4412 3532 4488">
     <span class='ocr_line' id='line_1_104' title="bbox 1935 4412 3532 4488; baseline -0.003 -15"><span class='ocrx_word' id='word_1_796' title='bbox 1935 4419 2001 4473; x_wconf 89' lang='lat' dir='ltr'><strong>Et</strong></span> <span class='ocrx_word' id='word_1_797' title='bbox 2030 4419 2246 4488; x_wconf 87' lang='lat' dir='ltr'><strong>spiritus</strong></span> <span class='ocrx_word' id='word_1_798' title='bbox 2278 4414 2485 4473; x_wconf 82' lang='lat' dir='ltr'><strong>elevavit</strong></span> <span class='ocrx_word' id='word_1_799' title='bbox 2514 4433 2611 4483; x_wconf 90' lang='lat' dir='ltr'><strong>nte,</strong></span> <span class='ocrx_word' id='word_1_800' title='bbox 2638 4425 2684 4470; x_wconf 90' lang='lat' dir='ltr'><strong>et</strong></span> <span class='ocrx_word' id='word_1_801' title='bbox 2712 4415 2933 4486; x_wconf 77' lang='lat' dir='ltr'><strong>suscepit</strong></span> <span class='ocrx_word' id='word_1_802' title='bbox 2962 4431 3059 4479; x_wconf 80' lang='lat' dir='ltr'><strong>me,</strong></span> <span class='ocrx_word' id='word_1_803' title='bbox 3088 4424 3135 4468; x_wconf 88' lang='lat' dir='ltr'><strong>et</strong></span> <span class='ocrx_word' id='word_1_804' title='bbox 3166 4414 3270 4468; x_wconf 67' lang='lat' dir='ltr'><strong>allii</strong></span> <span class='ocrx_word' id='word_1_805' title='bbox 3300 4412 3532 4469; x_wconf 87' lang='lat' dir='ltr'><strong>sublimis</strong></span> 
     </span>
    </p>
   </div>
   <div class='ocr_carea' id='block_1_105' title="bbox 1932 4508 3530 4580">
    <p class='ocr_par' dir='ltr' id='par_1_105' title="bbox 1932 4508 3530 4580">
     <span class='ocr_line' id='line_1_105' title="bbox 1932 4508 3530 4580; baseline -0.003 -14"><span class='ocrx_word' id='word_1_806' title='bbox 1932 4514 1984 4566; x_wconf 87' lang='lat' dir='ltr'><strong>in</strong></span> <span class='ocrx_word' id='word_1_807' title='bbox 2013 4514 2205 4580; x_wconf 86' lang='lat' dir='ltr'><strong>impetu</strong></span> <span class='ocrx_word' id='word_1_808' title='bbox 2234 4512 2446 4580; x_wconf 89' lang='lat' dir='ltr'><strong>spiritus</strong></span> <span class='ocrx_word' id='word_1_809' title='bbox 2470 4512 2587 4565; x_wconf 91' lang='lat' dir='ltr'><strong>mei.</strong></span> <span class='ocrx_word' id='word_1_810' title='bbox 2623 4511 2914 4579; x_wconf 85' lang='lat' dir='ltr'><strong>Postquam</strong></span> <span class='ocrx_word' id='word_1_811' title='bbox 2958 4508 3207 4564; x_wconf 88' lang='lat' dir='ltr'><strong>elevatus</strong></span> <span class='ocrx_word' id='word_1_812' title='bbox 3257 4525 3281 4559; x_wconf 74' lang='grc' dir='ltr'>τι</span> <span class='ocrx_word' id='word_1_813' title='bbox 3332 4509 3530 4579; x_wconf 83' lang='lat' dir='ltr'><strong>spiritu</strong></span> 
     </span>
    </p>
   </div>
   <div class='ocr_carea' id='block_1_106' title="bbox 1930 4598 3530 4673">
    <p class='ocr_par' dir='ltr' id='par_1_106' title="bbox 1930 4598 3530 4673">
     <span class='ocr_line' id='line_1_106' title="bbox 1930 4598 3530 4673; baseline -0.002 -15"><span class='ocrx_word' id='word_1_814' title='bbox 1930 4611 2033 4666; x_wconf 85' lang='lat' dir='ltr'><strong>est,</strong></span> <span class='ocrx_word' id='word_1_815' title='bbox 2061 4612 2116 4658; x_wconf 84' lang='lat' dir='ltr'><strong>et</strong></span> <span class='ocrx_word' id='word_1_816' title='bbox 2146 4610 2455 4673; x_wconf 85' lang='lat' dir='ltr'><strong>assumptus</strong></span> <span class='ocrx_word' id='word_1_817' title='bbox 2482 4601 2552 4655; x_wconf 81' lang='lat' dir='ltr'><strong>ab</strong></span> <span class='ocrx_word' id='word_1_818' title='bbox 2585 4615 2674 4664; x_wconf 90' lang='lat' dir='ltr'><strong>eo,</strong></span> <span class='ocrx_word' id='word_1_819' title='bbox 2711 4609 2839 4655; x_wconf 91' lang='lat' dir='ltr'><strong>tunc</strong></span> <span class='ocrx_word' id='word_1_820' title='bbox 2871 4601 2925 4655; x_wconf 90' lang='lat' dir='ltr'><strong>in</strong></span> <span class='ocrx_word' id='word_1_821' title='bbox 2970 4598 3342 4671; x_wconf 86' lang='lat' dir='ltr'><strong>indignatione</strong></span> <span class='ocrx_word' id='word_1_822' title='bbox 3381 4611 3435 4654; x_wconf 91' lang='lat' dir='ltr'><strong>ct</strong></span> <span class='ocrx_word' id='word_1_823' title='bbox 3477 4601 3530 4655; x_wconf 92' lang='lat' dir='ltr'><strong>in</strong></span> 
     </span>
    </p>
   </div>
   <div class='ocr_carea' id='block_1_107' title="bbox 1932 4691 3533 4762">
    <p class='ocr_par' dir='ltr' id='par_1_107' title="bbox 1932 4691 3533 4762">
     <span class='ocr_line' id='line_1_107' title="bbox 1932 4691 3533 4762; baseline -0.001 -13"><span class='ocrx_word' id='word_1_824' title='bbox 1932 4694 2294 4749; x_wconf 88' lang='lat' dir='ltr'><strong>amaritudine</strong></span> <span class='ocrx_word' id='word_1_825' title='bbox 2324 4694 2549 4762; x_wconf 85' lang='lat' dir='ltr'><strong>spiritus</strong></span> <span class='ocrx_word' id='word_1_826' title='bbox 2578 4693 2663 4747; x_wconf 86' lang='lat' dir='ltr'><strong>sui</strong></span> <span class='ocrx_word' id='word_1_827' title='bbox 2693 4692 2829 4747; x_wconf 86' lang='lat' dir='ltr'><strong>abiit</strong></span> <span class='ocrx_word' id='word_1_828' title='bbox 2860 4707 2969 4762; x_wconf 87' lang='lat' dir='ltr'><strong>quo</strong></span> <span class='ocrx_word' id='word_1_829' title='bbox 3003 4691 3299 4759; x_wconf 82' lang='lat' dir='ltr'><strong>ferebatur,</strong></span> <span class='ocrx_word' id='word_1_830' title='bbox 3335 4692 3533 4748; x_wconf 85' lang='lat' dir='ltr'><strong>intelli-</strong></span> 
     </span>
    </p>
   </div>
   <div class='ocr_carea' id='block_1_108' title="bbox 1932 4785 3531 4859">
    <p class='ocr_par' dir='ltr' id='par_1_108' title="bbox 1932 4785 3531 4859">
     <span class='ocr_line' id='line_1_108' title="bbox 1932 4785 3531 4859; baseline -0.005 -16"><span class='ocrx_word' id='word_1_831' title='bbox 1932 4801 2066 4859; x_wconf 84' lang='lat' dir='ltr'><strong>gens</strong></span> <span class='ocrx_word' id='word_1_832' title='bbox 2087 4786 2514 4857; x_wconf 82' lang='lat' dir='ltr'><strong>indignationem</strong></span> <span class='ocrx_word' id='word_1_833' title='bbox 2560 4785 2677 4847; x_wconf 87' lang='lat' dir='ltr'><strong>Dei.</strong></span> <span class='ocrx_word' id='word_1_834' title='bbox 2726 4795 2781 4841; x_wconf 81' lang='lat' dir='ltr'><strong>et</strong></span> <span class='ocrx_word' id='word_1_835' title='bbox 2820 4785 2946 4856; x_wconf 89' lang='lat' dir='ltr'><strong>quid</strong></span> <span class='ocrx_word' id='word_1_836' title='bbox 2992 4785 3326 4855; x_wconf 77' lang='lat' dir='ltr'><strong>significaret</strong></span> <span class='ocrx_word' id='word_1_837' title='bbox 3356 4786 3531 4851; x_wconf 81' lang='lat' dir='ltr'><strong>visio,</strong></span> 
     </span>
    </p>
   </div>
   <div class='ocr_carea' id='block_1_109' title="bbox 1935 4881 3536 4956">
    <p class='ocr_par' dir='ltr' id='par_1_109' title="bbox 1935 4881 3536 4956">
     <span class='ocr_line' id='line_1_109' title="bbox 1935 4881 3536 4956; baseline 0.002 -21"><span class='ocrx_word' id='word_1_838' title='bbox 1935 4896 2115 4938; x_wconf 75' lang='lat' dir='ltr'><strong>mrnte</strong></span> <span class='ocrx_word' id='word_1_839' title='bbox 2145 4890 2505 4953; x_wconf 88' lang='lat' dir='ltr'><strong>pertractans.</strong></span> <span class='ocrx_word' id='word_1_840' title='bbox 2539 4881 2645 4956; x_wconf 73' lang='lat'><strong>32</strong></span> <span class='ocrx_word' id='word_1_841' title='bbox 2688 4882 2815 4937; x_wconf 82' lang='lat' dir='ltr'><strong>Sive</strong></span> <span class='ocrx_word' id='word_1_842' title='bbox 2862 4881 3114 4938; x_wconf 85' lang='lat' dir='ltr'><strong>sublimis</strong></span> <span class='ocrx_word' id='word_1_843' title='bbox 3162 4882 3280 4953; x_wconf 80' lang='lat' dir='ltr'><strong>ipso</strong></span> <span class='ocrx_word' id='word_1_844' title='bbox 3314 4882 3536 4953; x_wconf 79' lang='lat' dir='ltr'><strong>Spll‘lltts</strong></span> 
     </span>
    </p>
   </div>
   <div class='ocr_carea' id='block_1_110' title="bbox 1935 4972 3537 5044">
    <p class='ocr_par' dir='ltr' id='par_1_110' title="bbox 1935 4972 3537 5044">
     <span class='ocr_line' id='line_1_110' title="bbox 1935 4972 3537 5044; baseline -0.001 -13"><span class='ocrx_word' id='word_1_845' title='bbox 1935 4977 2017 5031; x_wconf 91' lang='lat' dir='ltr'><strong>sui</strong></span> <span class='ocrx_word' id='word_1_846' title='bbox 2051 4977 2252 5043; x_wconf 89' lang='lat' dir='ltr'><strong>impetu</strong></span> <span class='ocrx_word' id='word_1_847' title='bbox 2282 4974 2585 5039; x_wconf 77' lang='lat' dir='ltr'><strong>ferebatur,</strong></span> <span class='ocrx_word' id='word_1_848' title='bbox 2614 4974 2839 5042; x_wconf 85' lang='lat' dir='ltr'><strong>cupiens</strong></span> <span class='ocrx_word' id='word_1_849' title='bbox 2867 4975 2945 5030; x_wconf 87' lang='lat' dir='ltr'><strong>ire</strong></span> <span class='ocrx_word' id='word_1_850' title='bbox 2979 4990 3085 5044; x_wconf 87' lang='lat' dir='ltr'><strong>quo</strong></span> <span class='ocrx_word' id='word_1_851' title='bbox 3134 4972 3395 5031; x_wconf 85' lang='lat' dir='ltr'><strong>Dominus</strong></span> <span class='ocrx_word' id='word_1_852' title='bbox 3438 4976 3537 5030; x_wconf 90' lang='lat' dir='ltr'><strong>im-</strong></span> 
     </span>
    </p>
   </div>
   <div class='ocr_carea' id='block_1_111' title="bbox 1937 5066 3532 5139">
    <p class='ocr_par' dir='ltr' id='par_1_111' title="bbox 1937 5066 3532 5139">
     <span class='ocr_line' id='line_1_111' title="bbox 1937 5066 3532 5139; baseline 0.001 -18"><span class='ocrx_word' id='word_1_853' title='bbox 1937 5069 2179 5138; x_wconf 82' lang='lat' dir='ltr'><strong>perabat.</strong></span> <span class='ocrx_word' id='word_1_854' title='bbox 2199 5067 2462 5139; x_wconf 85' lang='lat' dir='ltr'><strong>Spiritum</strong></span> <span class='ocrx_word' id='word_1_855' title='bbox 2488 5075 2667 5123; x_wconf 88' lang='lat' dir='ltr'><strong>autem</strong></span> <span class='ocrx_word' id='word_1_856' title='bbox 2693 5066 2833 5138; x_wconf 85' lang='lat' dir='ltr'><strong>ejus,</strong></span> <span class='ocrx_word' id='word_1_857' title='bbox 2852 5083 2959 5123; x_wconf 91' lang='lat' dir='ltr'><strong>non</strong></span> <span class='ocrx_word' id='word_1_858' title='bbox 2981 5067 3243 5138; x_wconf 88' lang='lat' dir='ltr'><strong>Spiritum</strong></span> <span class='ocrx_word' id='word_1_859' title='bbox 3267 5079 3532 5134; x_wconf 82' lang='lat' dir='ltr'><strong>sanctum,</strong></span> 
     </span>
    </p>
   </div>
   <div class='ocr_carea' id='block_1_112' title="bbox 1936 5159 3537 5232">
    <p class='ocr_par' dir='ltr' id='par_1_112' title="bbox 1936 5159 3537 5232">
     <span class='ocr_line' id='line_1_112' title="bbox 1936 5159 3537 5232; baseline 0.002 -18"><span class='ocrx_word' id='word_1_860' title='bbox 1936 5159 2031 5215; x_wconf 87' lang='lat' dir='ltr'><strong>sed</strong></span> <span class='ocrx_word' id='word_1_861' title='bbox 2064 5160 2313 5227; x_wconf 87' lang='lat' dir='ltr'><strong>spiritum</strong></span> <span class='ocrx_word' id='word_1_862' title='bbox 2345 5160 2583 5216; x_wconf 86' lang='lat' dir='ltr'><strong>hominis</strong></span> <span class='ocrx_word' id='word_1_863' title='bbox 2616 5159 3005 5231; x_wconf 78' lang='lat' dir='ltr'><strong>intelligamus,</strong></span> <span class='ocrx_word' id='word_1_864' title='bbox 3036 5159 3105 5216; x_wconf 91' lang='lat' dir='ltr'><strong>de</strong></span> <span class='ocrx_word' id='word_1_865' title='bbox 3133 5177 3238 5232; x_wconf 84' lang='lat' dir='ltr'><strong>quo</strong></span> <span class='ocrx_word' id='word_1_866' title='bbox 3273 5160 3324 5216; x_wconf 92' lang='lat' dir='ltr'><strong>in</strong></span> <span class='ocrx_word' id='word_1_867' title='bbox 3356 5162 3537 5217; x_wconf 83' lang='lat' dir='ltr'><strong>multis</strong></span> 
     </span>
    </p>
   </div>
   <div class='ocr_carea' id='block_1_113' title="bbox 1935 5250 3538 5327">
    <p class='ocr_par' dir='ltr' id='par_1_113' title="bbox 1935 5250 3538 5327">
     <span class='ocr_line' id='line_1_113' title="bbox 1935 5250 3538 5327; baseline 0.002 -19"><span class='ocrx_word' id='word_1_868' title='bbox 1935 5252 2070 5308; x_wconf 90' lang='lat' dir='ltr'><strong>locis</strong></span> <span class='ocrx_word' id='word_1_869' title='bbox 2096 5251 2317 5317; x_wconf 85' lang='lat' dir='ltr'><strong>dicitur,</strong></span> <span class='ocrx_word' id='word_1_870' title='bbox 2343 5261 2401 5307; x_wconf 91' lang='lat' dir='ltr'><strong>ut</strong></span> <span class='ocrx_word' id='word_1_871' title='bbox 2440 5253 2491 5306; x_wconf 91' lang='lat' dir='ltr'><strong>in</strong></span> <span class='ocrx_word' id='word_1_872' title='bbox 2523 5252 2663 5309; x_wconf 85' lang='lat' dir='ltr'><strong>Isaia</strong></span> <span class='ocrx_word' id='word_1_873' title='bbox 2693 5270 2705 5306; x_wconf 88' lang='lat'><strong>:</strong></span> <span class='ocrx_word' id='word_1_874' title='bbox 2744 5250 2821 5307; x_wconf 89' lang='lat' dir='ltr'><strong>De</strong></span> <span class='ocrx_word' id='word_1_875' title='bbox 2845 5264 2990 5308; x_wconf 86' lang='lat' dir='ltr'><strong>nocte</strong></span> <span class='ocrx_word' id='word_1_876' title='bbox 3020 5254 3285 5327; x_wconf 77' lang='lat' dir='ltr'><strong>consurgit</strong></span> <span class='ocrx_word' id='word_1_877' title='bbox 3320 5253 3538 5323; x_wconf 83' lang='lat' dir='ltr'><strong>spiritus</strong></span> 
     </span>
    </p>
   </div>
   <div class='ocr_carea' id='block_1_114' title="bbox 1942 5343 3539 5419">
    <p class='ocr_par' dir='ltr' id='par_1_114' title="bbox 1942 5343 3539 5419">
     <span class='ocr_line' id='line_1_114' title="bbox 1942 5343 3539 5419; baseline 0.002 -20"><span class='ocrx_word' id='word_1_878' title='bbox 1942 5362 2082 5400; x_wconf 86' lang='lat' dir='ltr'><strong>meus</strong></span> <span class='ocrx_word' id='word_1_879' title='bbox 2122 5345 2191 5399; x_wconf 75' lang='lat' dir='ltr'><strong>ad</strong></span> <span class='ocrx_word' id='word_1_880' title='bbox 2238 5357 2305 5410; x_wconf 89' lang='lat' dir='ltr'><strong>te,</strong></span> <span class='ocrx_word' id='word_1_881' title='bbox 2362 5344 2501 5400; x_wconf 88' lang='lat' dir='ltr'><strong>Deus</strong></span> <span class='ocrx_word' id='word_1_882' title='bbox 2545 5343 2697 5419; x_wconf 87' lang='lat' dir='ltr'><strong>(lsai.</strong></span> <span class='ocrx_word' id='word_1_883' title='bbox 2749 5362 2906 5413; x_wconf 74' lang='lat' dir='ltr'><strong>xxvr,</strong></span> <span class='ocrx_word' id='word_1_884' title='bbox 2952 5346 3031 5415; x_wconf 84' lang='lat'><strong>9).</strong></span> <span class='ocrx_word' id='word_1_885' title='bbox 3081 5344 3539 5418; x_wconf 83' lang='lat' dir='ltr'><strong>Translertnrque</strong></span> 
     </span>
    </p>
   </div>
   <div class='ocr_carea' id='block_1_115' title="bbox 1944 5436 3539 5510">
    <p class='ocr_par' dir='ltr' id='par_1_115' title="bbox 1944 5436 3539 5510">
     <span class='ocr_line' id='line_1_115' title="bbox 1944 5436 3539 5510; baseline 0.003 -19"><span class='ocrx_word' id='word_1_886' title='bbox 1944 5436 2205 5507; x_wconf 87' lang='lat' dir='ltr'><strong>propheta</strong></span> <span class='ocrx_word' id='word_1_887' title='bbox 2246 5437 2378 5510; x_wconf 91' lang='lat' dir='ltr'><strong>(non</strong></span> <span class='ocrx_word' id='word_1_888' title='bbox 2433 5449 2485 5493; x_wconf 92' lang='lat' dir='ltr'><strong>ut</strong></span> <span class='ocrx_word' id='word_1_889' title='bbox 2536 5438 2755 5510; x_wconf 88' lang='lat' dir='ltr'><strong>quidam</strong></span> <span class='ocrx_word' id='word_1_890' title='bbox 2784 5438 3081 5505; x_wconf 74' lang='lat' dir='ltr'><strong>mstimsnt)</strong></span> <span class='ocrx_word' id='word_1_891' title='bbox 3115 5438 3165 5491; x_wconf 92' lang='lat' dir='ltr'><strong>in</strong></span> <span class='ocrx_word' id='word_1_892' title='bbox 3197 5439 3410 5509; x_wconf 86' lang='lat' dir='ltr'><strong>spiritu.</strong></span> <span class='ocrx_word' id='word_1_893' title='bbox 3444 5440 3539 5496; x_wconf 86' lang='lat' dir='ltr'><strong>sed</strong></span> 
     </span>
    </p>
   </div>
   <div class='ocr_carea' id='block_1_116' title="bbox 1940 5530 3541 5602">
    <p class='ocr_par' dir='ltr' id='par_1_116' title="bbox 1940 5530 3541 5602">
     <span class='ocr_line' id='line_1_116' title="bbox 1940 5530 3541 5602; baseline 0.004 -17"><span class='ocrx_word' id='word_1_894' title='bbox 1940 5531 1992 5585; x_wconf 90' lang='lat' dir='ltr'><strong>in</strong></span> <span class='ocrx_word' id='word_1_895' title='bbox 2034 5531 2151 5600; x_wconf 76' lang='lat' dir='ltr'><strong>ipso</strong></span> <span class='ocrx_word' id='word_1_896' title='bbox 2189 5546 2444 5600; x_wconf 78' lang='lat' dir='ltr'><strong>corpore,</strong></span> <span class='ocrx_word' id='word_1_897' title='bbox 2478 5534 2623 5601; x_wconf 82' lang='lat' dir='ltr'><strong>quod</strong></span> <span class='ocrx_word' id='word_1_898' title='bbox 2653 5542 2705 5588; x_wconf 88' lang='lat' dir='ltr'><strong>et</strong></span> <span class='ocrx_word' id='word_1_899' title='bbox 2733 5533 2802 5587; x_wconf 86' lang='lat' dir='ltr'><strong>de</strong></span> <span class='ocrx_word' id='word_1_900' title='bbox 2833 5533 3051 5589; x_wconf 85' lang='lat' dir='ltr'><strong>Abacuc</strong></span> <span class='ocrx_word' id='word_1_901' title='bbox 3090 5530 3245 5602; x_wconf 86' lang='lat' dir='ltr'><strong>juxta</strong></span> <span class='ocrx_word' id='word_1_902' title='bbox 3287 5532 3541 5592; x_wconf 81' lang='lat' dir='ltr'><strong>Theodo-</strong></span> 
     </span>
    </p>
   </div>
   <div class='ocr_carea' id='block_1_117' title="bbox 1944 5622 2794 5695">
    <p class='ocr_par' dir='ltr' id='par_1_117' title="bbox 1944 5622 2794 5695">
     <span class='ocr_line' id='line_1_117' title="bbox 1944 5622 2794 5695; baseline -0.002 -16"><span class='ocrx_word' id='word_1_903' title='bbox 1944 5622 2148 5679; x_wconf 79' lang='lat' dir='ltr'><strong>tioncm</strong></span> <span class='ocrx_word' id='word_1_904' title='bbox 2184 5622 2411 5693; x_wconf 79' lang='lat' dir='ltr'><strong>legimus</strong></span> <span class='ocrx_word' id='word_1_905' title='bbox 2442 5625 2459 5695; x_wconf 95' lang='lat'>(</span> <span class='ocrx_word' id='word_1_906' title='bbox 2487 5623 2626 5678; x_wconf 79' lang='lat' dir='ltr'><strong>Dan.</strong></span> <span class='ocrx_word' id='word_1_907' title='bbox 2665 5638 2794 5695; x_wconf 72' lang='lat' dir='ltr'><strong>xiv}.</strong></span> 
     </span>
    </p>
   </div>
  </div>
