  <div class='ocr_page' id='page_1' title='image "/cluster/home/n/w/nwhite01/storage/ocr_20150623/25/hvd.32044015471394/027.png"; bbox 0 0 4018 6322; ppageno 0'>
   <div class='ocr_carea' id='block_1_1' title="bbox 445 278 3754 372">
    <p class='ocr_par' dir='ltr' id='par_1_1' title="bbox 445 278 3754 372">
     <span class='ocr_line' id='line_1_1' title="bbox 445 278 3754 372; baseline -0.01 -2"><span class='ocrx_word' id='word_1_1' title='bbox 445 312 515 372; x_wconf 74' lang='lat'><strong>59</strong></span> <span class='ocrx_word' id='word_1_2' title='bbox 1699 297 1759 355; x_wconf 91' lang='lat' dir='ltr'><strong><em>S.</em></strong></span> <span class='ocrx_word' id='word_1_3' title='bbox 1798 292 2071 355; x_wconf 80' lang='lat' dir='ltr'><strong><em>EUSEBII</em></strong></span> <span class='ocrx_word' id='word_1_4' title='bbox 2112 290 2495 353; x_wconf 82' lang='lat' dir='ltr'><strong><em>lllERONYMI</em></strong></span> <span class='ocrx_word' id='word_1_5' title='bbox 3676 278 3754 336; x_wconf 79' lang='grc' dir='ltr'><strong><em>ιθ</em></strong></span> 
     </span>
    </p>
   </div>
   <div class='ocr_carea' id='block_1_2' title="bbox 517 397 3754 500">
    <p class='ocr_par' dir='ltr' id='par_1_2' title="bbox 517 397 3754 500">
     <span class='ocr_line' id='line_1_2' title="bbox 517 397 3754 500; baseline -0.01 -15"><span class='ocrx_word' id='word_1_6' title='bbox 517 424 836 500; x_wconf 74' lang='lat' dir='ltr'><strong><em>(Vers.15.)</em></strong></span> <span class='ocrx_word' id='word_1_7' title='bbox 872 422 1062 477; x_wconf 80' lang='lat' dir='ltr'><strong><em>Manus</em></strong></span> <span class='ocrx_word' id='word_1_8' title='bbox 1086 419 1220 474; x_wconf 88' lang='lat' dir='ltr'><strong><em>enim</em></strong></span> <span class='ocrx_word' id='word_1_9' title='bbox 1242 416 1452 472; x_wconf 87' lang='lat' dir='ltr'><strong><em>Domini</em></strong></span> <span class='ocrx_word' id='word_1_10' title='bbox 1474 425 1583 473; x_wconf 87' lang='lat' dir='ltr'><strong><em>erat</em></strong></span> <span class='ocrx_word' id='word_1_11' title='bbox 1611 432 1806 470; x_wconf 80' lang='lat' dir='ltr'><strong><em>ntecum</em></strong></span> <span class='ocrx_word' id='word_1_12' title='bbox 1832 417 2042 486; x_wconf 77' lang='lat' dir='ltr'><strong><em>confor-</em></strong></span> <span class='ocrx_word' id='word_1_13' title='bbox 2071 415 2125 476; x_wconf 79' lang='grc' dir='ltr'><strong>Α</strong></span> <span class='ocrx_word' id='word_1_14' title='bbox 2158 414 2540 483; x_wconf 81' lang='lat' dir='ltr'><strong><em>Speculatore,</em></strong></span> <span class='ocrx_word' id='word_1_15' title='bbox 2585 418 2640 467; x_wconf 87' lang='lat' dir='ltr'><strong><em>et</em></strong></span> <span class='ocrx_word' id='word_1_16' title='bbox 2684 409 2737 464; x_wconf 91' lang='lat' dir='ltr'><strong><em>in</em></strong></span> <span class='ocrx_word' id='word_1_17' title='bbox 2790 421 2884 464; x_wconf 90' lang='lat' dir='ltr'><strong><em>sua</em></strong></span> <span class='ocrx_word' id='word_1_18' title='bbox 2935 404 3214 477; x_wconf 84' lang='lat' dir='ltr'><strong><em>impietate</em></strong></span> <span class='ocrx_word' id='word_1_19' title='bbox 3272 402 3538 500; x_wconf 51' lang='lat' dir='ltr'><strong><em>moritur;</em></strong></span> <span class='ocrx_word' id='word_1_20' title='bbox 3585 397 3754 500; x_wconf 76' lang='lat' dir='ltr'><strong><em>cujus</em></strong></span> 
     </span>
    </p>
   </div>
   <div class='ocr_carea' id='block_1_3' title="bbox 442 509 2042 582">
    <p class='ocr_par' dir='ltr' id='par_1_3' title="bbox 442 509 2042 582">
     <span class='ocr_line' id='line_1_3' title="bbox 442 509 2042 582; baseline -0.011 -5"><span class='ocrx_word' id='word_1_21' title='bbox 442 534 556 577; x_wconf 87' lang='lat' dir='ltr'><strong><em>tans</em></strong></span> <span class='ocrx_word' id='word_1_22' title='bbox 602 536 699 575; x_wconf 87' lang='lat' dir='ltr'><strong><em>me.</em></strong></span> <span class='ocrx_word' id='word_1_23' title='bbox 752 516 817 570; x_wconf 87' lang='lat' dir='ltr'><strong><em>Et</em></strong></span> <span class='ocrx_word' id='word_1_24' title='bbox 875 515 988 570; x_wconf 88' lang='lat' dir='ltr'><strong><em>veni</em></strong></span> <span class='ocrx_word' id='word_1_25' title='bbox 1031 514 1099 567; x_wconf 84' lang='lat' dir='ltr'><strong><em>ad</em></strong></span> <span class='ocrx_word' id='word_1_26' title='bbox 1148 510 1655 582; x_wconf 88' lang='lat' dir='ltr'><strong><em>transmigrationem</em></strong></span> <span class='ocrx_word' id='word_1_27' title='bbox 1695 509 1761 563; x_wconf 82' lang='lat' dir='ltr'><strong><em>ad</em></strong></span> <span class='ocrx_word' id='word_1_28' title='bbox 1804 522 2042 562; x_wconf 83' lang='lat' dir='ltr'><strong><em>acervum</em></strong></span> 
     </span>
    </p>
   </div>
   <div class='ocr_carea' id='block_1_4' title="bbox 441 603 2044 682">
    <p class='ocr_par' dir='ltr' id='par_1_4' title="bbox 441 603 2044 682">
     <span class='ocr_line' id='line_1_4' title="bbox 441 603 2044 682; baseline -0.009 -13"><span class='ocrx_word' id='word_1_29' title='bbox 441 629 687 669; x_wconf 87' lang='lat' dir='ltr'><strong><em>novarum</em></strong></span> <span class='ocrx_word' id='word_1_30' title='bbox 725 615 953 682; x_wconf 80' lang='lat' dir='ltr'><strong><em>frugum,</em></strong></span> <span class='ocrx_word' id='word_1_31' title='bbox 987 607 1056 660; x_wconf 88' lang='lat' dir='ltr'><strong><em>ad</em></strong></span> <span class='ocrx_word' id='word_1_32' title='bbox 1085 622 1170 661; x_wconf 89' lang='lat' dir='ltr'><strong><em>eos</em></strong></span> <span class='ocrx_word' id='word_1_33' title='bbox 1205 606 1296 677; x_wconf 92' lang='lat' dir='ltr'><strong><em>qui</em></strong></span> <span class='ocrx_word' id='word_1_34' title='bbox 1341 603 1639 658; x_wconf 82' lang='lat' dir='ltr'><strong><em>habitabant</em></strong></span> <span class='ocrx_word' id='word_1_35' title='bbox 1667 607 1823 673; x_wconf 71' lang='lat' dir='ltr'><strong><em>juxta</em></strong></span> <span class='ocrx_word' id='word_1_36' title='bbox 1850 604 2044 672; x_wconf 79' lang='lat' dir='ltr'><strong><em>flumen</em></strong></span> 
     </span>
    </p>
   </div>
   <div class='ocr_carea' id='block_1_5' title="bbox 444 694 2045 765">
    <p class='ocr_par' dir='ltr' id='par_1_5' title="bbox 444 694 2045 765">
     <span class='ocr_line' id='line_1_5' title="bbox 444 694 2045 765; baseline -0.009 -4"><span class='ocrx_word' id='word_1_37' title='bbox 444 705 668 761; x_wconf 80' lang='lat' dir='ltr'><strong><em>Chobar.</em></strong></span> <span class='ocrx_word' id='word_1_38' title='bbox 700 701 766 757; x_wconf 83' lang='lat' dir='ltr'><strong><em>Et</em></strong></span> <span class='ocrx_word' id='word_1_39' title='bbox 794 702 904 756; x_wconf 87' lang='lat' dir='ltr'><strong><em>sedi</em></strong></span> <span class='ocrx_word' id='word_1_40' title='bbox 934 700 1018 754; x_wconf 91' lang='lat' dir='ltr'><strong><em>ubi</em></strong></span> <span class='ocrx_word' id='word_1_41' title='bbox 1048 697 1130 754; x_wconf 89' lang='lat' dir='ltr'><strong><em>illi</em></strong></span> <span class='ocrx_word' id='word_1_42' title='bbox 1154 698 1419 762; x_wconf 87' lang='lat' dir='ltr'><strong><em>sedebant,</em></strong></span> <span class='ocrx_word' id='word_1_43' title='bbox 1450 705 1496 750; x_wconf 92' lang='lat' dir='ltr'><strong><em>et</em></strong></span> <span class='ocrx_word' id='word_1_44' title='bbox 1524 696 1691 750; x_wconf 92' lang='lat' dir='ltr'><strong><em>mansi</em></strong></span> <span class='ocrx_word' id='word_1_45' title='bbox 1740 694 1811 748; x_wconf 92' lang='lat' dir='ltr'><strong><em>ibi</em></strong></span> <span class='ocrx_word' id='word_1_46' title='bbox 1853 703 2045 765; x_wconf 86' lang='lat' dir='ltr'><strong><em>septem</em></strong></span> 
     </span>
    </p>
   </div>
   <div class='ocr_carea' id='block_1_6' title="bbox 444 784 2048 853">
    <p class='ocr_par' dir='ltr' id='par_1_6' title="bbox 444 784 2048 853">
     <span class='ocr_line' id='line_1_6' title="bbox 444 784 2048 853; baseline -0.009 -1"><span class='ocrx_word' id='word_1_47' title='bbox 444 798 625 853; x_wconf 84' lang='lat' dir='ltr'><strong><em>diebus</em></strong></span> <span class='ocrx_word' id='word_1_48' title='bbox 648 811 864 850; x_wconf 65' lang='lat' dir='ltr'><strong><em>maerens</em></strong></span> <span class='ocrx_word' id='word_1_49' title='bbox 892 794 947 847; x_wconf 85' lang='lat' dir='ltr'><strong><em>in</em></strong></span> <span class='ocrx_word' id='word_1_50' title='bbox 976 792 1145 847; x_wconf 87' lang='lat' dir='ltr'><strong><em>medio</em></strong></span> <span class='ocrx_word' id='word_1_51' title='bbox 1168 806 1371 845; x_wconf 88' lang='lat' dir='ltr'><strong><em>eorum.</em></strong></span> <span class='ocrx_word' id='word_1_52' title='bbox 1416 787 1556 844; x_wconf 79' lang='lat' dir='ltr'><strong><em>LXX</em></strong></span> <span class='ocrx_word' id='word_1_53' title='bbox 1587 807 1600 842; x_wconf 90' lang='lat'><strong><em>:</em></strong></span> <span class='ocrx_word' id='word_1_54' title='bbox 1630 786 1694 841; x_wconf 73' lang='lat' dir='ltr'><strong><em>Et</em></strong></span> <span class='ocrx_word' id='word_1_55' title='bbox 1721 802 1909 840; x_wconf 88' lang='lat' dir='ltr'><strong><em>manus</em></strong></span> <span class='ocrx_word' id='word_1_56' title='bbox 1935 784 2048 839; x_wconf 57' lang='lat' dir='ltr'><strong><em>Do:-</em></strong></span> 
     </span>
    </p>
   </div>
   <div class='ocr_carea' id='block_1_7' title="bbox 446 878 2047 961">
    <p class='ocr_par' dir='ltr' id='par_1_7' title="bbox 446 878 2047 961">
     <span class='ocr_line' id='line_1_7' title="bbox 446 878 2047 961; baseline -0.007 -18"><span class='ocrx_word' id='word_1_57' title='bbox 446 889 573 943; x_wconf 86' lang='lat' dir='ltr'><strong><em>mini</em></strong></span> <span class='ocrx_word' id='word_1_58' title='bbox 600 891 737 961; x_wconf 82' lang='lat' dir='ltr'><strong><em>facta</em></strong></span> <span class='ocrx_word' id='word_1_59' title='bbox 756 895 832 942; x_wconf 88' lang='lat' dir='ltr'><strong><em>est</em></strong></span> <span class='ocrx_word' id='word_1_60' title='bbox 850 902 1004 957; x_wconf 80' lang='lat' dir='ltr'><strong><em>super</em></strong></span> <span class='ocrx_word' id='word_1_61' title='bbox 1030 901 1107 939; x_wconf 90' lang='lat' dir='ltr'><strong><em>me</em></strong></span> <span class='ocrx_word' id='word_1_62' title='bbox 1129 883 1299 954; x_wconf 81' lang='lat' dir='ltr'><strong><em>fortis,</em></strong></span> <span class='ocrx_word' id='word_1_63' title='bbox 1323 892 1371 936; x_wconf 89' lang='lat' dir='ltr'><strong><em>et</em></strong></span> <span class='ocrx_word' id='word_1_64' title='bbox 1393 880 1584 935; x_wconf 76' lang='lat' dir='ltr'><strong><em>intravi</em></strong></span> <span class='ocrx_word' id='word_1_65' title='bbox 1611 880 1679 932; x_wconf 85' lang='lat' dir='ltr'><strong><em>ad</em></strong></span> <span class='ocrx_word' id='word_1_66' title='bbox 1701 878 2047 951; x_wconf 71' lang='lat' dir='ltr'><strong><em>captivitatem</em></strong></span> 
     </span>
    </p>
   </div>
   <div class='ocr_carea' id='block_1_8' title="bbox 447 970 2043 1044">
    <p class='ocr_par' dir='ltr' id='par_1_8' title="bbox 447 970 2043 1044">
     <span class='ocr_line' id='line_1_8' title="bbox 447 970 2043 1044; baseline -0.008 -9"><span class='ocrx_word' id='word_1_67' title='bbox 447 981 700 1035; x_wconf 89' lang='lat' dir='ltr'><strong><em>sublimis.</em></strong></span> <span class='ocrx_word' id='word_1_68' title='bbox 734 978 800 1032; x_wconf 85' lang='lat' dir='ltr'><strong><em>Et</em></strong></span> <span class='ocrx_word' id='word_1_69' title='bbox 825 978 1038 1032; x_wconf 88' lang='lat' dir='ltr'><strong><em>circuivi</em></strong></span> <span class='ocrx_word' id='word_1_70' title='bbox 1080 975 1373 1029; x_wconf 83' lang='lat' dir='ltr'><strong><em>habitantes</em></strong></span> <span class='ocrx_word' id='word_1_71' title='bbox 1397 989 1548 1044; x_wconf 89' lang='lat' dir='ltr'><strong><em>super</em></strong></span> <span class='ocrx_word' id='word_1_72' title='bbox 1574 972 1793 1043; x_wconf 86' lang='lat' dir='ltr'><strong><em>ﬂuvium</em></strong></span> <span class='ocrx_word' id='word_1_73' title='bbox 1821 970 2043 1036; x_wconf 85' lang='lat' dir='ltr'><strong><em>Cltobar,</em></strong></span> 
     </span>
    </p>
   </div>
   <div class='ocr_carea' id='block_1_9' title="bbox 448 1067 2051 1147">
    <p class='ocr_par' dir='ltr' id='par_1_9' title="bbox 448 1067 2051 1147">
     <span class='ocr_line' id='line_1_9' title="bbox 448 1067 2051 1147; baseline -0.007 -16"><span class='ocrx_word' id='word_1_74' title='bbox 448 1078 536 1147; x_wconf 87' lang='lat' dir='ltr'><strong><em>qui</em></strong></span> <span class='ocrx_word' id='word_1_75' title='bbox 566 1084 710 1131; x_wconf 83' lang='lat' dir='ltr'><strong><em>erant</em></strong></span> <span class='ocrx_word' id='word_1_76' title='bbox 736 1075 847 1129; x_wconf 91' lang='lat' dir='ltr'><strong><em>ibi:</em></strong></span> <span class='ocrx_word' id='word_1_77' title='bbox 877 1072 947 1127; x_wconf 87' lang='lat' dir='ltr'><strong><em>Et</em></strong></span> <span class='ocrx_word' id='word_1_78' title='bbox 980 1072 1092 1128; x_wconf 92' lang='lat' dir='ltr'><strong><em>sedi</em></strong></span> <span class='ocrx_word' id='word_1_79' title='bbox 1120 1072 1189 1126; x_wconf 89' lang='lat' dir='ltr'><strong><em>ibi</em></strong></span> <span class='ocrx_word' id='word_1_80' title='bbox 1220 1078 1415 1143; x_wconf 80' lang='lat' dir='ltr'><strong><em>septem</em></strong></span> <span class='ocrx_word' id='word_1_81' title='bbox 1445 1069 1629 1125; x_wconf 87' lang='lat' dir='ltr'><strong><em>diebus</em></strong></span> <span class='ocrx_word' id='word_1_82' title='bbox 1671 1084 1975 1123; x_wconf 80' lang='lat' dir='ltr'><strong><em>conversans</em></strong></span> <span class='ocrx_word' id='word_1_83' title='bbox 1996 1067 2051 1121; x_wconf 88' lang='lat' dir='ltr'><strong><em>in</em></strong></span> 
     </span>
    </p>
   </div>
   <div class='ocr_carea' id='block_1_10' title="bbox 452 1162 2052 1235">
    <p class='ocr_par' dir='ltr' id='par_1_10' title="bbox 452 1162 2052 1235">
     <span class='ocr_line' id='line_1_10' title="bbox 452 1162 2052 1235; baseline -0.006 -12"><span class='ocrx_word' id='word_1_84' title='bbox 452 1169 619 1224; x_wconf 90' lang='lat' dir='ltr'><strong><em>medio</em></strong></span> <span class='ocrx_word' id='word_1_85' title='bbox 648 1184 847 1223; x_wconf 87' lang='lat' dir='ltr'><strong><em>eorum.</em></strong></span> <span class='ocrx_word' id='word_1_86' title='bbox 896 1166 1002 1221; x_wconf 90' lang='lat' dir='ltr'><strong><em>Pro</em></strong></span> <span class='ocrx_word' id='word_1_87' title='bbox 1043 1180 1109 1220; x_wconf 92' lang='lat' dir='ltr'><strong><em>eo</em></strong></span> <span class='ocrx_word' id='word_1_88' title='bbox 1153 1164 1297 1235; x_wconf 92' lang='lat' dir='ltr'><strong><em>quod</em></strong></span> <span class='ocrx_word' id='word_1_89' title='bbox 1346 1176 1447 1218; x_wconf 91' lang='lat' dir='ltr'><strong><em>nos</em></strong></span> <span class='ocrx_word' id='word_1_90' title='bbox 1485 1162 1775 1227; x_wconf 80' lang='lat' dir='ltr'><strong><em>vertimus,</em></strong></span> <span class='ocrx_word' id='word_1_91' title='bbox 1815 1175 2052 1214; x_wconf 87' lang='lat' dir='ltr'><strong><em>acervum</em></strong></span> 
     </span>
    </p>
   </div>
   <div class='ocr_carea' id='block_1_11' title="bbox 452 1254 2050 1331">
    <p class='ocr_par' dir='ltr' id='par_1_11' title="bbox 452 1254 2050 1331">
     <span class='ocr_line' id='line_1_11' title="bbox 452 1254 2050 1331; baseline -0.005 -14"><span class='ocrx_word' id='word_1_92' title='bbox 452 1277 702 1317; x_wconf 85' lang='lat' dir='ltr'><strong><em>novarum</em></strong></span> <span class='ocrx_word' id='word_1_93' title='bbox 727 1260 960 1331; x_wconf 83' lang='lat' dir='ltr'><strong><em>frugum,</em></strong></span> <span class='ocrx_word' id='word_1_94' title='bbox 990 1258 1209 1329; x_wconf 84' lang='lat' dir='ltr'><strong><em>Aquila,</em></strong></span> <span class='ocrx_word' id='word_1_95' title='bbox 1246 1256 1625 1328; x_wconf 86' lang='lat' dir='ltr'><strong><em>Symmachus,</em></strong></span> <span class='ocrx_word' id='word_1_96' title='bbox 1660 1262 1716 1311; x_wconf 91' lang='lat' dir='ltr'><strong><em>et</em></strong></span> <span class='ocrx_word' id='word_1_97' title='bbox 1740 1254 2050 1311; x_wconf 74' lang='lat' dir='ltr'><strong><em>Ttieodotio</em></strong></span> 
     </span>
    </p>
   </div>
   <div class='ocr_carea' id='block_1_12' title="bbox 450 1352 2049 1445">
    <p class='ocr_par' dir='ltr' id='par_1_12' title="bbox 450 1352 2049 1445">
     <span class='ocr_line' id='line_1_12' title="bbox 450 1352 2049 1445; baseline -0.005 -15"><span class='ocrx_word' id='word_1_98' title='bbox 450 1376 566 1445; x_wconf 87' lang='lat' dir='ltr'><strong><em>ipsa</em></strong></span> <span class='ocrx_word' id='word_1_99' title='bbox 610 1374 776 1430; x_wconf 85' lang='lat' dir='ltr'><strong><em>verba</em></strong></span> <span class='ocrx_word' id='word_1_100' title='bbox 826 1388 1063 1443; x_wconf 84' lang='lat' dir='ltr'><strong><em>posuere</em></strong></span> <span class='ocrx_word' id='word_1_101' title='bbox 1093 1354 1354 1426; x_wconf 82' lang='lat' dir='ltr'><strong><em>llebraica</em></strong></span> <span class='ocrx_word' id='word_1_102' title='bbox 1385 1387 1526 1427; x_wconf 83' lang='lat' dir='ltr'><strong><em>THEL</em></strong></span> <span class='ocrx_word' id='word_1_103' title='bbox 1566 1386 1683 1426; x_wconf 78' lang='lat' dir='ltr'><strong><em>ABIB</em></strong></span> <span class='ocrx_word' id='word_1_104' title='bbox 1725 1369 1887 1442; x_wconf 60' lang='grc' dir='ltr'><strong><em>(ενπκ</em></strong></span> <span class='ocrx_word' id='word_1_105' title='bbox 1909 1352 2049 1441; x_wconf 65' lang='lat' dir='ltr'><strong><em>5n):</em></strong></span> 
     </span>
    </p>
   </div>
   <div class='ocr_carea' id='block_1_13' title="bbox 452 1466 2053 1540">
    <p class='ocr_par' dir='ltr' id='par_1_13' title="bbox 452 1466 2053 1540">
     <span class='ocr_line' id='line_1_13' title="bbox 452 1466 2053 1540; baseline -0.004 -15"><span class='ocrx_word' id='word_1_106' title='bbox 452 1468 596 1540; x_wconf 89' lang='lat' dir='ltr'><strong><em>quod</em></strong></span> <span class='ocrx_word' id='word_1_107' title='bbox 625 1468 975 1539; x_wconf 89' lang='lat' dir='ltr'><strong><em>Septuaginta</em></strong></span> <span class='ocrx_word' id='word_1_108' title='bbox 1009 1467 1427 1534; x_wconf 86' lang='lat' dir='ltr'><strong><em>transtulerunt,</em></strong></span> <span class='ocrx_word' id='word_1_109' title='bbox 1460 1466 1697 1521; x_wconf 82' lang='lat' dir='ltr'><strong><em>sublimis</em></strong></span> <span class='ocrx_word' id='word_1_110' title='bbox 1725 1474 1771 1520; x_wconf 89' lang='lat' dir='ltr'><strong><em>et</em></strong></span> <span class='ocrx_word' id='word_1_111' title='bbox 1805 1466 2053 1532; x_wconf 84' lang='lat' dir='ltr'><strong><em>circuivi;</em></strong></span> 
     </span>
    </p>
   </div>
   <div class='ocr_carea' id='block_1_14' title="bbox 456 1558 2054 1629">
    <p class='ocr_par' dir='ltr' id='par_1_14' title="bbox 456 1558 2054 1629">
     <span class='ocr_line' id='line_1_14' title="bbox 456 1558 2054 1629; baseline -0.001 -12"><span class='ocrx_word' id='word_1_112' title='bbox 456 1562 647 1617; x_wconf 90' lang='lat' dir='ltr'><strong><em>melius</em></strong></span> <span class='ocrx_word' id='word_1_113' title='bbox 672 1576 794 1616; x_wconf 82' lang='lat' dir='ltr'><strong><em>esse</em></strong></span> <span class='ocrx_word' id='word_1_114' title='bbox 814 1559 1104 1616; x_wconf 79' lang='lat' dir='ltr'><strong><em>credentes</em></strong></span> <span class='ocrx_word' id='word_1_115' title='bbox 1126 1558 1333 1628; x_wconf 86' lang='lat' dir='ltr'><strong><em>aliquid</em></strong></span> <span class='ocrx_word' id='word_1_116' title='bbox 1355 1559 1564 1625; x_wconf 88' lang='lat' dir='ltr'><strong><em>dicere,</em></strong></span> <span class='ocrx_word' id='word_1_117' title='bbox 1582 1574 1741 1629; x_wconf 87' lang='lat' dir='ltr'><strong><em>quam</em></strong></span> <span class='ocrx_word' id='word_1_118' title='bbox 1774 1558 2054 1626; x_wconf 84' lang='lat' dir='ltr'><strong><em>imponere</em></strong></span> 
     </span>
    </p>
   </div>
   <div class='ocr_carea' id='block_1_15' title="bbox 455 1650 2055 1726">
    <p class='ocr_par' dir='ltr' id='par_1_15' title="bbox 455 1650 2055 1726">
     <span class='ocr_line' id='line_1_15' title="bbox 455 1650 2055 1726; baseline -0.002 -17"><span class='ocrx_word' id='word_1_119' title='bbox 455 1654 600 1726; x_wconf 90' lang='lat' dir='ltr'><strong><em>quod</em></strong></span> <span class='ocrx_word' id='word_1_120' title='bbox 654 1653 851 1709; x_wconf 88' lang='lat' dir='ltr'><strong><em>lectori</em></strong></span> <span class='ocrx_word' id='word_1_121' title='bbox 900 1652 1106 1708; x_wconf 81' lang='lat' dir='ltr'><strong><em>faceret</em></strong></span> <span class='ocrx_word' id='word_1_122' title='bbox 1159 1652 1541 1722; x_wconf 77' lang='lat' dir='ltr'><strong><em>quaestionem.</em></strong></span> <span class='ocrx_word' id='word_1_123' title='bbox 1595 1651 1705 1706; x_wconf 86' lang='lat' dir='ltr'><strong><em>Nos</em></strong></span> <span class='ocrx_word' id='word_1_124' title='bbox 1758 1661 1941 1706; x_wconf 87' lang='lat' dir='ltr'><strong><em>autem</em></strong></span> <span class='ocrx_word' id='word_1_125' title='bbox 1986 1650 2055 1706; x_wconf 92' lang='lat' dir='ltr'><strong><em>ab</em></strong></span> 
     </span>
    </p>
   </div>
   <div class='ocr_carea' id='block_1_16' title="bbox 344 1742 2056 1814">
    <p class='ocr_par' dir='ltr' id='par_1_16' title="bbox 344 1742 2056 1814">
     <span class='ocr_line' id='line_1_16' title="bbox 344 1742 2056 1814; baseline -0.003 -10"><span class='ocrx_word' id='word_1_126' title='bbox 344 1782 362 1793; x_wconf 60' lang='grc' dir='ltr'><strong>ς</strong></span> <span class='ocrx_word' id='word_1_127' title='bbox 455 1747 699 1804; x_wconf 63' lang='lat' dir='ltr'><strong><em>Hebraeis</em></strong></span> <span class='ocrx_word' id='word_1_128' title='bbox 723 1757 750 1785; x_wconf 77' lang='grc' dir='ltr'><strong>ει</strong></span> <span class='ocrx_word' id='word_1_129' title='bbox 773 1746 1093 1812; x_wconf 86' lang='lat' dir='ltr'><strong><em>didicimus,</em></strong></span> <span class='ocrx_word' id='word_1_130' title='bbox 1143 1744 1281 1801; x_wconf 78' lang='lat' dir='ltr'><strong><em>Thel</em></strong></span> <span class='ocrx_word' id='word_1_131' title='bbox 1307 1746 1438 1801; x_wconf 88' lang='lat' dir='ltr'><strong><em>abib</em></strong></span> <span class='ocrx_word' id='word_1_132' title='bbox 1474 1743 1803 1813; x_wconf 82' lang='lat' dir='ltr'><strong><em>significare,</em></strong></span> <span class='ocrx_word' id='word_1_133' title='bbox 1838 1742 2056 1814; x_wconf 79' lang='lat' dir='ltr'><strong><em>quando</em></strong></span> 
     </span>
    </p>
   </div>
   <div class='ocr_carea' id='block_1_17' title="bbox 458 1809 3028 1909">
    <p class='ocr_par' dir='ltr' id='par_1_17' title="bbox 458 1809 3028 1909">
     <span class='ocr_line' id='line_1_17' title="bbox 458 1809 3028 1909; baseline -0.005 -12"><span class='ocrx_word' id='word_1_134' title='bbox 458 1856 595 1897; x_wconf 84' lang='lat' dir='ltr'><strong><em>nova</em></strong></span> <span class='ocrx_word' id='word_1_135' title='bbox 624 1840 920 1906; x_wconf 83' lang='lat' dir='ltr'><strong><em>frumenta,</em></strong></span> <span class='ocrx_word' id='word_1_136' title='bbox 969 1838 1054 1893; x_wconf 90' lang='lat' dir='ltr'><strong><em>vel</em></strong></span> <span class='ocrx_word' id='word_1_137' title='bbox 1105 1836 1307 1893; x_wconf 85' lang='lat' dir='ltr'><strong><em>hordea</em></strong></span> <span class='ocrx_word' id='word_1_138' title='bbox 1352 1846 1779 1909; x_wconf 82' lang='lat' dir='ltr'><strong><em>congregantur,</em></strong></span> <span class='ocrx_word' id='word_1_139' title='bbox 1828 1847 1881 1891; x_wconf 90' lang='lat' dir='ltr'><strong><em>et</em></strong></span> <span class='ocrx_word' id='word_1_140' title='bbox 1934 1846 2058 1907; x_wconf 91' lang='lat' dir='ltr'><strong><em>post</em></strong></span> <span class='ocrx_word' id='word_1_141' title='bbox 2086 1826 2134 1886; x_wconf 90' lang='lat' dir='ltr'><strong>B</strong></span> <span class='ocrx_word' id='word_1_142' title='bbox 2161 1818 2310 1909; x_wconf 53' lang='lat' dir='ltr'><strong><em>cuius</em></strong></span> <span class='ocrx_word' id='word_1_143' title='bbox 2338 1831 2465 1909; x_wconf 70' lang='grc' dir='ltr'><strong><em>οΡυδ</em></strong></span> <span class='ocrx_word' id='word_1_144' title='bbox 2485 1812 2692 1878; x_wconf 68' lang='grc' dir='ltr'><strong><em>ατδθνίίν</em></strong></span> <span class='ocrx_word' id='word_1_145' title='bbox 2724 1809 2971 1909; x_wconf 54' lang='grc' dir='ltr'><strong><em>ἀίξηίηυηξ</em></strong></span> <span class='ocrx_word' id='word_1_146' title='bbox 2995 1827 3028 1881; x_wconf 80' lang='grc' dir='ltr'><em>Ρ</em></span> 
     </span>
    </p>
   </div>
   <div class='ocr_carea' id='block_1_18' title="bbox 457 1931 2055 2001">
    <p class='ocr_par' dir='ltr' id='par_1_18' title="bbox 457 1931 2055 2001">
     <span class='ocr_line' id='line_1_18' title="bbox 457 1931 2055 2001; baseline -0.003 -15"><span class='ocrx_word' id='word_1_147' title='bbox 457 1934 653 1988; x_wconf 80' lang='lat' dir='ltr'><strong><em>famem</em></strong></span> <span class='ocrx_word' id='word_1_148' title='bbox 669 1943 723 1987; x_wconf 93' lang='lat' dir='ltr'><strong><em>et</em></strong></span> <span class='ocrx_word' id='word_1_149' title='bbox 745 1934 1056 2001; x_wconf 85' lang='lat' dir='ltr'><strong><em>penuriam,</em></strong></span> <span class='ocrx_word' id='word_1_150' title='bbox 1072 1939 1362 2001; x_wconf 81' lang='lat' dir='ltr'><strong><em>antequam</em></strong></span> <span class='ocrx_word' id='word_1_151' title='bbox 1386 1938 1634 1985; x_wconf 88' lang='lat' dir='ltr'><strong><em>terantur</em></strong></span> <span class='ocrx_word' id='word_1_152' title='bbox 1659 1931 1710 1984; x_wconf 91' lang='lat' dir='ltr'><strong><em>in</em></strong></span> <span class='ocrx_word' id='word_1_153' title='bbox 1733 1944 1882 1995; x_wconf 76' lang='lat' dir='ltr'><strong><em>area,</em></strong></span> <span class='ocrx_word' id='word_1_154' title='bbox 1904 1944 2055 1998; x_wconf 82' lang='lat' dir='ltr'><strong><em>spem</em></strong></span> 
     </span>
    </p>
   </div>
   <div class='ocr_carea' id='block_1_19' title="bbox 460 2022 2055 2095">
    <p class='ocr_par' dir='ltr' id='par_1_19' title="bbox 460 2022 2055 2095">
     <span class='ocr_line' id='line_1_19' title="bbox 460 2022 2055 2095; baseline -0.003 -14"><span class='ocrx_word' id='word_1_155' title='bbox 460 2025 709 2081; x_wconf 90' lang='lat' dir='ltr'><strong><em>ciborum</em></strong></span> <span class='ocrx_word' id='word_1_156' title='bbox 741 2024 974 2095; x_wconf 87' lang='lat' dir='ltr'><strong><em>aliquam</em></strong></span> <span class='ocrx_word' id='word_1_157' title='bbox 1002 2024 1413 2093; x_wconf 87' lang='lat' dir='ltr'><strong><em>repromittunt.</em></strong></span> <span class='ocrx_word' id='word_1_158' title='bbox 1444 2023 1519 2079; x_wconf 89' lang='lat' dir='ltr'><strong><em>lta</em></strong></span> <span class='ocrx_word' id='word_1_159' title='bbox 1559 2033 1614 2078; x_wconf 92' lang='lat' dir='ltr'><strong><em>et</em></strong></span> <span class='ocrx_word' id='word_1_160' title='bbox 1640 2022 1808 2078; x_wconf 85' lang='lat' dir='ltr'><strong><em>Israel</em></strong></span> <span class='ocrx_word' id='word_1_161' title='bbox 1855 2036 2055 2093; x_wconf 88' lang='lat' dir='ltr'><strong><em>parvus</em></strong></span> 
     </span>
    </p>
   </div>
   <div class='ocr_carea' id='block_1_20' title="bbox 457 2112 2055 2186">
    <p class='ocr_par' dir='ltr' id='par_1_20' title="bbox 457 2112 2055 2186">
     <span class='ocr_line' id='line_1_20' title="bbox 457 2112 2055 2186; baseline -0.003 -13"><span class='ocrx_word' id='word_1_162' title='bbox 457 2125 513 2173; x_wconf 85' lang='lat' dir='ltr'><strong><em>et</em></strong></span> <span class='ocrx_word' id='word_1_163' title='bbox 541 2117 741 2184; x_wconf 86' lang='lat' dir='ltr'><strong><em>tenuis,</em></strong></span> <span class='ocrx_word' id='word_1_164' title='bbox 784 2117 876 2186; x_wconf 86' lang='lat' dir='ltr'><strong><em>qui</em></strong></span> <span class='ocrx_word' id='word_1_165' title='bbox 926 2114 1205 2171; x_wconf 81' lang='lat' dir='ltr'><strong><em>habitabat</em></strong></span> <span class='ocrx_word' id='word_1_166' title='bbox 1251 2115 1304 2170; x_wconf 91' lang='lat' dir='ltr'><strong><em>in</em></strong></span> <span class='ocrx_word' id='word_1_167' title='bbox 1352 2115 1485 2185; x_wconf 87' lang='lat' dir='ltr'><strong><em>ripis</em></strong></span> <span class='ocrx_word' id='word_1_168' title='bbox 1529 2112 1747 2171; x_wconf 90' lang='lat' dir='ltr'><strong><em>Chobar</em></strong></span> <span class='ocrx_word' id='word_1_169' title='bbox 1793 2113 2055 2183; x_wconf 83' lang='lat' dir='ltr'><strong><em>ﬂuminis,</em></strong></span> 
     </span>
    </p>
   </div>
   <div class='ocr_carea' id='block_1_21' title="bbox 456 2208 2057 2282">
    <p class='ocr_par' dir='ltr' id='par_1_21' title="bbox 456 2208 2057 2282">
     <span class='ocr_line' id='line_1_21' title="bbox 456 2208 2057 2282; baseline 0 -17"><span class='ocrx_word' id='word_1_170' title='bbox 456 2210 612 2282; x_wconf 88' lang='lat' dir='ltr'><strong><em>quasi</em></strong></span> <span class='ocrx_word' id='word_1_171' title='bbox 662 2209 1019 2273; x_wconf 83' lang='lat' dir='ltr'><strong><em>reviviscens,</em></strong></span> <span class='ocrx_word' id='word_1_172' title='bbox 1067 2208 1449 2279; x_wconf 86' lang='lat' dir='ltr'><strong><em>ortusquede</em></strong></span> <span class='ocrx_word' id='word_1_173' title='bbox 1509 2218 1700 2277; x_wconf 88' lang='lat' dir='ltr'><strong><em>terra,</em></strong></span> <span class='ocrx_word' id='word_1_174' title='bbox 1754 2220 2057 2265; x_wconf 88' lang='lat' dir='ltr'><strong><em>sementem</em></strong></span> 
     </span>
    </p>
   </div>
   <div class='ocr_carea' id='block_1_22' title="bbox 457 2303 2060 2373">
    <p class='ocr_par' dir='ltr' id='par_1_22' title="bbox 457 2303 2060 2373">
     <span class='ocr_line' id='line_1_22' title="bbox 457 2303 2060 2373; baseline -0.001 -14"><span class='ocrx_word' id='word_1_175' title='bbox 457 2305 670 2361; x_wconf 80' lang='lat' dir='ltr'><strong><em>Judaici</em></strong></span> <span class='ocrx_word' id='word_1_176' title='bbox 720 2304 908 2372; x_wconf 91' lang='lat' dir='ltr'><strong><em>populi</em></strong></span> <span class='ocrx_word' id='word_1_177' title='bbox 958 2304 1330 2373; x_wconf 85' lang='lat' dir='ltr'><strong><em>promittebat.</em></strong></span> <span class='ocrx_word' id='word_1_178' title='bbox 1383 2303 1572 2359; x_wconf 84' lang='lat' dir='ltr'><strong><em>Manus</em></strong></span> <span class='ocrx_word' id='word_1_179' title='bbox 1613 2312 1794 2359; x_wconf 89' lang='lat' dir='ltr'><strong><em>autem</em></strong></span> <span class='ocrx_word' id='word_1_180' title='bbox 1846 2303 2060 2359; x_wconf 89' lang='lat' dir='ltr'><strong><em>Domini</em></strong></span> 
     </span>
    </p>
   </div>
   <div class='ocr_carea' id='block_1_23' title="bbox 463 2397 2064 2468">
    <p class='ocr_par' dir='ltr' id='par_1_23' title="bbox 463 2397 2064 2468">
     <span class='ocr_line' id='line_1_23' title="bbox 463 2397 2064 2468; baseline -0.002 -13"><span class='ocrx_word' id='word_1_181' title='bbox 463 2399 520 2454; x_wconf 87' lang='lat' dir='ltr'><strong><em>ﬁt</em></strong></span> <span class='ocrx_word' id='word_1_182' title='bbox 577 2414 743 2468; x_wconf 86' lang='lat' dir='ltr'><strong><em>super</em></strong></span> <span class='ocrx_word' id='word_1_183' title='bbox 791 2398 1149 2468; x_wconf 81' lang='lat' dir='ltr'><strong><em>prophetam,</em></strong></span> <span class='ocrx_word' id='word_1_184' title='bbox 1193 2397 1508 2452; x_wconf 77' lang='lat' dir='ltr'><strong><em>confortans</em></strong></span> <span class='ocrx_word' id='word_1_185' title='bbox 1539 2412 1709 2466; x_wconf 89' lang='lat' dir='ltr'><strong><em>eum,</em></strong></span> <span class='ocrx_word' id='word_1_186' title='bbox 1776 2406 1831 2451; x_wconf 89' lang='lat' dir='ltr'><strong><em>ut</em></strong></span> <span class='ocrx_word' id='word_1_187' title='bbox 1894 2398 2064 2467; x_wconf 89' lang='lat' dir='ltr'><strong><em>possit</em></strong></span> 
     </span>
    </p>
   </div>
   <div class='ocr_carea' id='block_1_24' title="bbox 465 2488 2060 2561">
    <p class='ocr_par' dir='ltr' id='par_1_24' title="bbox 465 2488 2060 2561">
     <span class='ocr_line' id='line_1_24' title="bbox 465 2488 2060 2561; baseline -0.003 -15"><span class='ocrx_word' id='word_1_188' title='bbox 465 2507 660 2548; x_wconf 87' lang='lat' dir='ltr'><strong><em>nomen</em></strong></span> <span class='ocrx_word' id='word_1_189' title='bbox 693 2490 1048 2561; x_wconf 87' lang='lat' dir='ltr'><strong><em>speculatoris</em></strong></span> <span class='ocrx_word' id='word_1_190' title='bbox 1076 2489 1349 2559; x_wconf 88' lang='lat' dir='ltr'><strong><em>accipere,</em></strong></span> <span class='ocrx_word' id='word_1_191' title='bbox 1378 2498 1433 2544; x_wconf 91' lang='lat' dir='ltr'><strong><em>et</em></strong></span> <span class='ocrx_word' id='word_1_192' title='bbox 1453 2488 1652 2545; x_wconf 91' lang='lat' dir='ltr'><strong><em>docere</em></strong></span> <span class='ocrx_word' id='word_1_193' title='bbox 1678 2489 1823 2560; x_wconf 81' lang='lat' dir='ltr'><strong><em>quod</em></strong></span> <span class='ocrx_word' id='word_1_194' title='bbox 1848 2488 2060 2545; x_wconf 86' lang='lat' dir='ltr'><strong><em>didicit.</em></strong></span> 
     </span>
    </p>
   </div>
   <div class='ocr_carea' id='block_1_25' title="bbox 463 2581 2064 2656">
    <p class='ocr_par' dir='ltr' id='par_1_25' title="bbox 463 2581 2064 2656">
     <span class='ocr_line' id='line_1_25' title="bbox 463 2581 2064 2656; baseline -0.005 -13"><span class='ocrx_word' id='word_1_195' title='bbox 463 2587 792 2656; x_wconf 87' lang='lat' dir='ltr'><strong><em>Septemque</em></strong></span> <span class='ocrx_word' id='word_1_196' title='bbox 838 2584 987 2654; x_wconf 87' lang='lat' dir='ltr'><strong><em>prius</em></strong></span> <span class='ocrx_word' id='word_1_197' title='bbox 1030 2582 1224 2638; x_wconf 88' lang='lat' dir='ltr'><strong><em>diebus</em></strong></span> <span class='ocrx_word' id='word_1_198' title='bbox 1268 2590 1521 2637; x_wconf 82' lang='lat' dir='ltr'><strong><em>versatur</em></strong></span> <span class='ocrx_word' id='word_1_199' title='bbox 1552 2581 1694 2637; x_wconf 87' lang='lat' dir='ltr'><strong><em>inter</em></strong></span> <span class='ocrx_word' id='word_1_200' title='bbox 1723 2597 1842 2649; x_wconf 90' lang='lat' dir='ltr'><strong><em>eos,</em></strong></span> <span class='ocrx_word' id='word_1_201' title='bbox 1872 2581 2064 2637; x_wconf 87' lang='lat' dir='ltr'><strong><em>videns</em></strong></span> 
     </span>
    </p>
   </div>
   <div class='ocr_carea' id='block_1_26' title="bbox 464 2672 2064 2747">
    <p class='ocr_par' dir='ltr' id='par_1_26' title="bbox 464 2672 2064 2747">
     <span class='ocr_line' id='line_1_26' title="bbox 464 2672 2064 2747; baseline -0.005 -12"><span class='ocrx_word' id='word_1_202' title='bbox 464 2687 660 2735; x_wconf 88' lang='lat' dir='ltr'><strong><em>cuncta</em></strong></span> <span class='ocrx_word' id='word_1_203' title='bbox 703 2690 824 2747; x_wconf 60' lang='lat' dir='ltr'><strong><em>qua!</em></strong></span> <span class='ocrx_word' id='word_1_204' title='bbox 869 2682 1147 2747; x_wconf 78' lang='lat' dir='ltr'><strong><em>gererent,</em></strong></span> <span class='ocrx_word' id='word_1_205' title='bbox 1192 2682 1253 2729; x_wconf 90' lang='lat' dir='ltr'><strong><em>ut</em></strong></span> <span class='ocrx_word' id='word_1_206' title='bbox 1293 2684 1484 2744; x_wconf 87' lang='lat' dir='ltr'><strong><em>postea</em></strong></span> <span class='ocrx_word' id='word_1_207' title='bbox 1516 2673 1683 2728; x_wconf 88' lang='lat' dir='ltr'><strong><em>sciret</em></strong></span> <span class='ocrx_word' id='word_1_208' title='bbox 1723 2689 1846 2743; x_wconf 74' lang='lat' dir='ltr'><strong><em>qua:</em></strong></span> <span class='ocrx_word' id='word_1_209' title='bbox 1889 2672 2064 2727; x_wconf 90' lang='lat' dir='ltr'><strong><em>corri-</em></strong></span> 
     </span>
    </p>
   </div>
   <div class='ocr_carea' id='block_1_27' title="bbox 467 2766 2065 2842">
    <p class='ocr_par' dir='ltr' id='par_1_27' title="bbox 467 2766 2065 2842">
     <span class='ocr_line' id='line_1_27' title="bbox 467 2766 2065 2842; baseline -0.003 -16"><span class='ocrx_word' id='word_1_210' title='bbox 467 2779 640 2842; x_wconf 87' lang='lat' dir='ltr'><strong><em>peret.</em></strong></span> <span class='ocrx_word' id='word_1_211' title='bbox 696 2769 892 2825; x_wconf 84' lang='lat' dir='ltr'><strong><em>Moeret</em></strong></span> <span class='ocrx_word' id='word_1_212' title='bbox 942 2776 1146 2835; x_wconf 88' lang='lat' dir='ltr'><strong><em>autem,</em></strong></span> <span class='ocrx_word' id='word_1_213' title='bbox 1203 2767 1323 2823; x_wconf 83' lang='lat' dir='ltr'><strong><em>sive</em></strong></span> <span class='ocrx_word' id='word_1_214' title='bbox 1356 2776 1736 2823; x_wconf 85' lang='lat' dir='ltr'><strong><em>conversatur</em></strong></span> <span class='ocrx_word' id='word_1_215' title='bbox 1787 2768 1840 2821; x_wconf 92' lang='lat' dir='ltr'><strong><em>in</em></strong></span> <span class='ocrx_word' id='word_1_216' title='bbox 1886 2766 2065 2823; x_wconf 89' lang='lat' dir='ltr'><strong><em>medio</em></strong></span> 
     </span>
    </p>
   </div>
   <div class='ocr_carea' id='block_1_28' title="bbox 466 2861 2065 2932">
    <p class='ocr_par' dir='ltr' id='par_1_28' title="bbox 466 2861 2065 2932">
     <span class='ocr_line' id='line_1_28' title="bbox 466 2861 2065 2932; baseline -0.004 -11"><span class='ocrx_word' id='word_1_217' title='bbox 466 2879 683 2930; x_wconf 91' lang='lat' dir='ltr'><strong><em>eorum,</em></strong></span> <span class='ocrx_word' id='word_1_218' title='bbox 737 2862 928 2919; x_wconf 88' lang='lat' dir='ltr'><strong><em>videns</em></strong></span> <span class='ocrx_word' id='word_1_219' title='bbox 974 2862 1208 2928; x_wconf 88' lang='lat' dir='ltr'><strong><em>scelera,</em></strong></span> <span class='ocrx_word' id='word_1_220' title='bbox 1242 2871 1298 2917; x_wconf 83' lang='lat' dir='ltr'><strong><em>et</em></strong></span> <span class='ocrx_word' id='word_1_221' title='bbox 1321 2861 1525 2932; x_wconf 80' lang='lat' dir='ltr'><strong><em>justam</em></strong></span> <span class='ocrx_word' id='word_1_222' title='bbox 1559 2861 1654 2917; x_wconf 91' lang='lat' dir='ltr'><strong><em>Dei</em></strong></span> <span class='ocrx_word' id='word_1_223' title='bbox 1688 2876 1787 2931; x_wconf 89' lang='lat' dir='ltr'><strong><em>pro</em></strong></span> <span class='ocrx_word' id='word_1_224' title='bbox 1818 2870 2065 2931; x_wconf 87' lang='lat' dir='ltr'><strong><em>peccato-</em></strong></span> 
     </span>
    </p>
   </div>
   <div class='ocr_carea' id='block_1_29' title="bbox 466 2954 2063 3027">
    <p class='ocr_par' dir='ltr' id='par_1_29' title="bbox 466 2954 2063 3027">
     <span class='ocr_line' id='line_1_29' title="bbox 466 2954 2063 3027; baseline 0 -14"><span class='ocrx_word' id='word_1_225' title='bbox 466 2973 585 3013; x_wconf 89' lang='lat' dir='ltr'><strong><em>rum</em></strong></span> <span class='ocrx_word' id='word_1_226' title='bbox 607 2956 895 3027; x_wconf 87' lang='lat' dir='ltr'><strong><em>iniquitate</em></strong></span> <span class='ocrx_word' id='word_1_227' title='bbox 916 2954 1268 3012; x_wconf 88' lang='lat' dir='ltr'><strong><em>sententiam.</em></strong></span> <span class='ocrx_word' id='word_1_228' title='bbox 1293 2955 1400 3010; x_wconf 90' lang='lat' dir='ltr'><strong><em>Pro</em></strong></span> <span class='ocrx_word' id='word_1_229' title='bbox 1422 2970 1489 3012; x_wconf 91' lang='lat' dir='ltr'><strong><em>eo</em></strong></span> <span class='ocrx_word' id='word_1_230' title='bbox 1512 2955 1656 3023; x_wconf 90' lang='lat' dir='ltr'><strong><em>quod</em></strong></span> <span class='ocrx_word' id='word_1_231' title='bbox 1680 2970 1782 3011; x_wconf 90' lang='lat' dir='ltr'><strong><em>nos</em></strong></span> <span class='ocrx_word' id='word_1_232' title='bbox 1803 2955 2063 3024; x_wconf 84' lang='lat' dir='ltr'><strong><em>diximus,</em></strong></span> 
     </span>
    </p>
   </div>
   <div class='ocr_carea' id='block_1_30' title="bbox 467 3049 2064 3122">
    <p class='ocr_par' dir='ltr' id='par_1_30' title="bbox 467 3049 2064 3122">
     <span class='ocr_line' id='line_1_30' title="bbox 467 3049 2064 3122; baseline 0.005 -19"><span class='ocrx_word' id='word_1_233' title='bbox 467 3066 704 3115; x_wconf 81' lang='lat' dir='ltr'><strong><em>mcerens,</em></strong></span> <span class='ocrx_word' id='word_1_234' title='bbox 736 3060 791 3105; x_wconf 92' lang='lat' dir='ltr'><strong><em>et</em></strong></span> <span class='ocrx_word' id='word_1_235' title='bbox 822 3050 877 3105; x_wconf 91' lang='lat' dir='ltr'><strong><em>in</em></strong></span> <span class='ocrx_word' id='word_1_236' title='bbox 896 3049 1128 3106; x_wconf 73' lang='lat' dir='ltr'><strong><em>Hebraeo</em></strong></span> <span class='ocrx_word' id='word_1_237' title='bbox 1150 3050 1414 3120; x_wconf 87' lang='lat' dir='ltr'><strong><em>scriptum</em></strong></span> <span class='ocrx_word' id='word_1_238' title='bbox 1446 3058 1531 3106; x_wconf 92' lang='lat' dir='ltr'><strong><em>est</em></strong></span> <span class='ocrx_word' id='word_1_239' title='bbox 1551 3065 1749 3106; x_wconf 68' lang='lat' dir='ltr'><strong><em>nasum</em></strong></span> <span class='ocrx_word' id='word_1_240' title='bbox 1772 3050 2064 3122; x_wconf 64' lang='lat' dir='ltr'><strong><em>(09mm),</em></strong></span> 
     </span>
    </p>
   </div>
   <div class='ocr_carea' id='block_1_31' title="bbox 467 3139 2069 3211">
    <p class='ocr_par' dir='ltr' id='par_1_31' title="bbox 467 3139 2069 3211">
     <span class='ocr_line' id='line_1_31' title="bbox 467 3139 2069 3211; baseline -0.001 -14"><span class='ocrx_word' id='word_1_241' title='bbox 467 3139 777 3197; x_wconf 87' lang='lat' dir='ltr'><strong><em>Theodotio</em></strong></span> <span class='ocrx_word' id='word_1_242' title='bbox 826 3139 1126 3210; x_wconf 86' lang='lat' dir='ltr'><strong><em>transtulit,</em></strong></span> <span class='ocrx_word' id='word_1_243' title='bbox 1178 3141 1467 3207; x_wconf 85' lang='lat' dir='ltr'><strong><em>admirans,</em></strong></span> <span class='ocrx_word' id='word_1_244' title='bbox 1518 3149 1577 3196; x_wconf 91' lang='lat' dir='ltr'><strong><em>ut</em></strong></span> <span class='ocrx_word' id='word_1_245' title='bbox 1618 3153 1897 3211; x_wconf 81' lang='lat' dir='ltr'><strong><em>Stuporem</em></strong></span> <span class='ocrx_word' id='word_1_246' title='bbox 1934 3140 2069 3197; x_wconf 92' lang='lat' dir='ltr'><strong><em>Pro-</em></strong></span> 
     </span>
    </p>
   </div>
   <div class='ocr_carea' id='block_1_32' title="bbox 2148 490 3752 575">
    <p class='ocr_par' dir='ltr' id='par_1_32' title="bbox 2148 490 3752 575">
     <span class='ocr_line' id='line_1_32' title="bbox 2148 490 3752 575; baseline -0.011 -14"><span class='ocrx_word' id='word_1_247' title='bbox 2148 506 2373 575; x_wconf 88' lang='lat' dir='ltr'><strong><em>sanguis</em></strong></span> <span class='ocrx_word' id='word_1_248' title='bbox 2402 504 2469 559; x_wconf 93' lang='lat' dir='ltr'><strong><em>de</em></strong></span> <span class='ocrx_word' id='word_1_249' title='bbox 2498 501 2859 573; x_wconf 87' lang='lat' dir='ltr'><strong><em>speculatoris</em></strong></span> <span class='ocrx_word' id='word_1_250' title='bbox 2879 498 3143 571; x_wconf 65' lang='lat' dir='ltr'><strong><em>quaeritur</em></strong></span> <span class='ocrx_word' id='word_1_251' title='bbox 3166 493 3434 551; x_wconf 88' lang='lat' dir='ltr'><strong><em>manibus.</em></strong></span> <span class='ocrx_word' id='word_1_252' title='bbox 3464 491 3633 555; x_wconf 86' lang='lat' dir='ltr'><strong><em>Alter,</em></strong></span> <span class='ocrx_word' id='word_1_253' title='bbox 3656 490 3752 545; x_wconf 90' lang='lat' dir='ltr'><strong><em>cui</em></strong></span> 
     </span>
    </p>
   </div>
   <div class='ocr_carea' id='block_1_33' title="bbox 2150 588 3753 671">
    <p class='ocr_par' dir='ltr' id='par_1_33' title="bbox 2150 588 3753 671">
     <span class='ocr_line' id='line_1_33' title="bbox 2150 588 3753 671; baseline -0.012 -15"><span class='ocrx_word' id='word_1_254' title='bbox 2150 599 2460 671; x_wconf 88' lang='lat' dir='ltr'><strong><em>speculator</em></strong></span> <span class='ocrx_word' id='word_1_255' title='bbox 2488 595 2798 662; x_wconf 88' lang='lat' dir='ltr'><strong><em>annuntiat,</em></strong></span> <span class='ocrx_word' id='word_1_256' title='bbox 2828 601 2883 649; x_wconf 92' lang='lat' dir='ltr'><strong><em>et</em></strong></span> <span class='ocrx_word' id='word_1_257' title='bbox 2911 592 3002 648; x_wconf 91' lang='lat' dir='ltr'><strong><em>ille</em></strong></span> <span class='ocrx_word' id='word_1_258' title='bbox 3022 588 3214 646; x_wconf 91' lang='lat' dir='ltr'><strong><em>audire</em></strong></span> <span class='ocrx_word' id='word_1_259' title='bbox 3235 596 3612 651; x_wconf 86' lang='lat' dir='ltr'><strong><em>contemnens,</em></strong></span> <span class='ocrx_word' id='word_1_260' title='bbox 3645 594 3753 637; x_wconf 89' lang='lat' dir='ltr'><strong><em>suo</em></strong></span> 
     </span>
    </p>
   </div>
   <div class='ocr_carea' id='block_1_34' title="bbox 2149 673 3755 767">
    <p class='ocr_par' dir='ltr' id='par_1_34' title="bbox 2149 673 3755 767">
     <span class='ocr_line' id='line_1_34' title="bbox 2149 673 3755 767; baseline -0.011 -21"><span class='ocrx_word' id='word_1_261' title='bbox 2149 692 2281 767; x_wconf 84' lang='lat' dir='ltr'><strong><em>vitio</em></strong></span> <span class='ocrx_word' id='word_1_262' title='bbox 2321 690 2550 747; x_wconf 92' lang='lat' dir='ltr'><strong><em>moritur</em></strong></span> <span class='ocrx_word' id='word_1_263' title='bbox 2583 707 2596 743; x_wconf 92' lang='lat'><strong><em>:</em></strong></span> <span class='ocrx_word' id='word_1_264' title='bbox 2638 689 2711 743; x_wconf 91' lang='lat' dir='ltr'><strong><em>ita</em></strong></span> <span class='ocrx_word' id='word_1_265' title='bbox 2739 689 3039 751; x_wconf 77' lang='lat' dir='ltr'><strong><em>dumtaxat,</em></strong></span> <span class='ocrx_word' id='word_1_266' title='bbox 3073 691 3131 738; x_wconf 90' lang='lat' dir='ltr'><strong><em>ut</em></strong></span> <span class='ocrx_word' id='word_1_267' title='bbox 3166 679 3473 753; x_wconf 89' lang='lat' dir='ltr'><strong><em>speculator</em></strong></span> <span class='ocrx_word' id='word_1_268' title='bbox 3513 691 3545 731; x_wconf 93' lang='lat' dir='ltr'><strong><em>a</em></strong></span> <span class='ocrx_word' id='word_1_269' title='bbox 3585 673 3755 745; x_wconf 86' lang='lat' dir='ltr'><strong><em>culpa</em></strong></span> 
     </span>
    </p>
   </div>
   <div class='ocr_carea' id='block_1_35' title="bbox 2150 769 3759 854">
    <p class='ocr_par' dir='ltr' id='par_1_35' title="bbox 2150 769 3759 854">
     <span class='ocr_line' id='line_1_35' title="bbox 2150 769 3759 854; baseline -0.012 -13"><span class='ocrx_word' id='word_1_270' title='bbox 2150 786 2362 842; x_wconf 89' lang='lat' dir='ltr'><strong><em>alienus</em></strong></span> <span class='ocrx_word' id='word_1_271' title='bbox 2395 786 2485 841; x_wconf 85' lang='lat' dir='ltr'><strong><em>sit.</em></strong></span> <span class='ocrx_word' id='word_1_272' title='bbox 2524 784 2608 839; x_wconf 81' lang='lat' dir='ltr'><strong>Ex</strong></span> <span class='ocrx_word' id='word_1_273' title='bbox 2636 797 2743 854; x_wconf 92' lang='lat' dir='ltr'><strong><em>quo</em></strong></span> <span class='ocrx_word' id='word_1_274' title='bbox 2775 778 3129 850; x_wconf 79' lang='lat' dir='ltr'><strong><em>intelligimus</em></strong></span> <span class='ocrx_word' id='word_1_275' title='bbox 3170 774 3295 831; x_wconf 91' lang='lat' dir='ltr'><strong><em>ideo</em></strong></span> <span class='ocrx_word' id='word_1_276' title='bbox 3324 770 3616 829; x_wconf 90' lang='lat' dir='ltr'><strong><em>Dominum</em></strong></span> <span class='ocrx_word' id='word_1_277' title='bbox 3648 769 3759 824; x_wconf 83' lang='lat' dir='ltr'><strong><em>im-</em></strong></span> 
     </span>
    </p>
   </div>
   <div class='ocr_carea' id='block_1_36' title="bbox 2152 866 3757 949">
    <p class='ocr_par' dir='ltr' id='par_1_36' title="bbox 2152 866 3757 949">
     <span class='ocr_line' id='line_1_36' title="bbox 2152 866 3757 949; baseline -0.012 -15"><span class='ocrx_word' id='word_1_278' title='bbox 2152 878 2241 949; x_wconf 88' lang='lat' dir='ltr'><strong><em>pio</em></strong></span> <span class='ocrx_word' id='word_1_279' title='bbox 2261 875 2583 933; x_wconf 87' lang='lat' dir='ltr'><strong><em>comminari</em></strong></span> <span class='ocrx_word' id='word_1_280' title='bbox 2613 916 2628 943; x_wconf 90' lang='lat'><strong><em>,</em></strong></span> <span class='ocrx_word' id='word_1_281' title='bbox 2659 883 2714 931; x_wconf 91' lang='lat' dir='ltr'><strong><em>et</em></strong></span> <span class='ocrx_word' id='word_1_282' title='bbox 2743 873 2968 929; x_wconf 88' lang='lat' dir='ltr'><strong><em>dicere:</em></strong></span> <span class='ocrx_word' id='word_1_283' title='bbox 2996 869 3169 924; x_wconf 86' lang='lat' dir='ltr'><strong><em>Morte</em></strong></span> <span class='ocrx_word' id='word_1_284' title='bbox 3195 866 3435 922; x_wconf 87' lang='lat' dir='ltr'><strong><em>morieris</em></strong></span> <span class='ocrx_word' id='word_1_285' title='bbox 3459 905 3475 931; x_wconf 90' lang='lat'><strong><em>,</em></strong></span> <span class='ocrx_word' id='word_1_286' title='bbox 3500 870 3560 919; x_wconf 90' lang='lat' dir='ltr'><strong><em>ut</em></strong></span> <span class='ocrx_word' id='word_1_287' title='bbox 3593 876 3757 918; x_wconf 88' lang='lat' dir='ltr'><strong><em>aver-</em></strong></span> 
     </span>
    </p>
   </div>
   <div class='ocr_carea' id='block_1_37' title="bbox 2155 956 3756 1038">
    <p class='ocr_par' dir='ltr' id='par_1_37' title="bbox 2155 956 3756 1038">
     <span class='ocr_line' id='line_1_37' title="bbox 2155 956 3756 1038; baseline -0.01 -12"><span class='ocrx_word' id='word_1_288' title='bbox 2155 979 2303 1028; x_wconf 89' lang='lat' dir='ltr'><strong><em>tatur</em></strong></span> <span class='ocrx_word' id='word_1_289' title='bbox 2338 988 2368 1027; x_wconf 91' lang='lat' dir='ltr'><strong><em>a</em></strong></span> <span class='ocrx_word' id='word_1_290' title='bbox 2405 972 2485 1025; x_wconf 87' lang='lat' dir='ltr'><strong><em>via</em></strong></span> <span class='ocrx_word' id='word_1_291' title='bbox 2526 985 2621 1025; x_wconf 89' lang='lat' dir='ltr'><strong><em>sua</em></strong></span> <span class='ocrx_word' id='word_1_292' title='bbox 2653 968 2815 1038; x_wconf 82' lang='lat' dir='ltr'><strong><em>impia</em></strong></span> <span class='ocrx_word' id='word_1_293' title='bbox 2844 1009 2856 1033; x_wconf 89' lang='lat'><strong><em>,</em></strong></span> <span class='ocrx_word' id='word_1_294' title='bbox 2898 977 2951 1021; x_wconf 89' lang='lat' dir='ltr'><strong><em>et</em></strong></span> <span class='ocrx_word' id='word_1_295' title='bbox 2992 965 3158 1019; x_wconf 84' lang='lat' dir='ltr'><strong><em>vivat.</em></strong></span> <span class='ocrx_word' id='word_1_296' title='bbox 3205 960 3567 1017; x_wconf 87' lang='lat' dir='ltr'><strong><em>Comminatio</em></strong></span> <span class='ocrx_word' id='word_1_297' title='bbox 3600 956 3756 1013; x_wconf 89' lang='lat' dir='ltr'><strong><em>enim</em></strong></span> 
     </span>
    </p>
   </div>
   <div class='ocr_carea' id='block_1_38' title="bbox 2154 1049 3753 1129">
    <p class='ocr_par' dir='ltr' id='par_1_38' title="bbox 2154 1049 3753 1129">
     <span class='ocr_line' id='line_1_38' title="bbox 2154 1049 3753 1129; baseline -0.011 -9"><span class='ocrx_word' id='word_1_298' title='bbox 2154 1080 2261 1120; x_wconf 85' lang='lat' dir='ltr'><strong><em>non</em></strong></span> <span class='ocrx_word' id='word_1_299' title='bbox 2291 1064 2343 1119; x_wconf 88' lang='lat' dir='ltr'><strong><em>in</em></strong></span> <span class='ocrx_word' id='word_1_300' title='bbox 2366 1064 2616 1119; x_wconf 86' lang='lat' dir='ltr'><strong><em>homines</em></strong></span> <span class='ocrx_word' id='word_1_301' title='bbox 2637 1103 2650 1126; x_wconf 91' lang='lat'><strong><em>,</em></strong></span> <span class='ocrx_word' id='word_1_302' title='bbox 2686 1060 2780 1116; x_wconf 90' lang='lat' dir='ltr'><strong><em>sed</em></strong></span> <span class='ocrx_word' id='word_1_303' title='bbox 2806 1061 2859 1114; x_wconf 89' lang='lat' dir='ltr'><strong><em>in</em></strong></span> <span class='ocrx_word' id='word_1_304' title='bbox 2896 1065 3115 1129; x_wconf 73' lang='lat' dir='ltr'><strong><em>peccata</em></strong></span> <span class='ocrx_word' id='word_1_305' title='bbox 3148 1053 3234 1128; x_wconf 84' lang='lat' dir='ltr'><strong><em>[At</em></strong></span> <span class='ocrx_word' id='word_1_306' title='bbox 3266 1049 3599 1125; x_wconf 88' lang='lat' dir='ltr'><strong><em>peccatores]</em></strong></span> <span class='ocrx_word' id='word_1_307' title='bbox 3622 1058 3709 1106; x_wconf 90' lang='lat' dir='ltr'><strong><em>est</em></strong></span> <span class='ocrx_word' id='word_1_308' title='bbox 3736 1086 3753 1116; x_wconf 86' lang='lat'><strong><em>,</em></strong></span> 
     </span>
    </p>
   </div>
   <div class='ocr_carea' id='block_1_39' title="bbox 2156 1144 3761 1226">
    <p class='ocr_par' dir='ltr' id='par_1_39' title="bbox 2156 1144 3761 1226">
     <span class='ocr_line' id='line_1_39' title="bbox 2156 1144 3761 1226; baseline -0.01 -13"><span class='ocrx_word' id='word_1_309' title='bbox 2156 1154 2258 1213; x_wconf 66' lang='lat' dir='ltr'><strong><em>deo</em></strong></span> <span class='ocrx_word' id='word_1_310' title='bbox 2278 1158 2332 1213; x_wconf 91' lang='lat' dir='ltr'><strong><em>in</em></strong></span> <span class='ocrx_word' id='word_1_311' title='bbox 2354 1171 2449 1210; x_wconf 87' lang='lat' dir='ltr'><strong><em>eos</em></strong></span> <span class='ocrx_word' id='word_1_312' title='bbox 2482 1155 2573 1226; x_wconf 90' lang='lat' dir='ltr'><strong><em>qui</em></strong></span> <span class='ocrx_word' id='word_1_313' title='bbox 2599 1160 2985 1208; x_wconf 88' lang='lat' dir='ltr'><strong><em>convertuntur</em></strong></span> <span class='ocrx_word' id='word_1_314' title='bbox 3015 1166 3045 1205; x_wconf 90' lang='lat' dir='ltr'><strong><em>a</em></strong></span> <span class='ocrx_word' id='word_1_315' title='bbox 3075 1148 3256 1214; x_wconf 90' lang='lat' dir='ltr'><strong><em>vitiis,</em></strong></span> <span class='ocrx_word' id='word_1_316' title='bbox 3282 1145 3377 1202; x_wconf 88' lang='lat' dir='ltr'><strong><em>sed</em></strong></span> <span class='ocrx_word' id='word_1_317' title='bbox 3409 1144 3500 1216; x_wconf 91' lang='lat' dir='ltr'><strong><em>qui</em></strong></span> <span class='ocrx_word' id='word_1_318' title='bbox 3535 1145 3587 1199; x_wconf 90' lang='lat' dir='ltr'><strong><em>in</em></strong></span> <span class='ocrx_word' id='word_1_319' title='bbox 3629 1157 3761 1214; x_wconf 56' lang='grc' dir='ltr'><strong><em>ρεαδ</em></strong></span> 
     </span>
    </p>
   </div>
   <div class='ocr_carea' id='block_1_40' title="bbox 2156 1236 3756 1320">
    <p class='ocr_par' dir='ltr' id='par_1_40' title="bbox 2156 1236 3756 1320">
     <span class='ocr_line' id='line_1_40' title="bbox 2156 1236 3756 1320; baseline -0.009 -14"><span class='ocrx_word' id='word_1_320' title='bbox 2156 1259 2277 1307; x_wconf 89' lang='lat' dir='ltr'><strong><em>cato</em></strong></span> <span class='ocrx_word' id='word_1_321' title='bbox 2323 1256 2664 1320; x_wconf 88' lang='lat' dir='ltr'><strong><em>permanent.</em></strong></span> <span class='ocrx_word' id='word_1_322' title='bbox 2727 1244 3089 1315; x_wconf 84' lang='lat' dir='ltr'><strong><em>Magnumque</em></strong></span> <span class='ocrx_word' id='word_1_323' title='bbox 3139 1240 3436 1296; x_wconf 88' lang='lat' dir='ltr'><strong><em>discrimen</em></strong></span> <span class='ocrx_word' id='word_1_324' title='bbox 3483 1246 3608 1303; x_wconf 88' lang='lat' dir='ltr'><strong><em>est,</em></strong></span> <span class='ocrx_word' id='word_1_325' title='bbox 3652 1236 3756 1292; x_wconf 88' lang='lat' dir='ltr'><strong><em>Dei</em></strong></span> 
     </span>
    </p>
   </div>
   <div class='ocr_carea' id='block_1_41' title="bbox 2159 1332 3757 1409">
    <p class='ocr_par' dir='ltr' id='par_1_41' title="bbox 2159 1332 3757 1409">
     <span class='ocr_line' id='line_1_41' title="bbox 2159 1332 3757 1409; baseline -0.008 -11"><span class='ocrx_word' id='word_1_326' title='bbox 2159 1352 2338 1398; x_wconf 86' lang='lat' dir='ltr'><strong><em>tacere</em></strong></span> <span class='ocrx_word' id='word_1_327' title='bbox 2363 1356 2676 1409; x_wconf 88' lang='lat' dir='ltr'><strong><em>sermones,</em></strong></span> <span class='ocrx_word' id='word_1_328' title='bbox 2708 1339 2777 1395; x_wconf 91' lang='lat' dir='ltr'><strong><em>ob</em></strong></span> <span class='ocrx_word' id='word_1_329' title='bbox 2812 1338 3089 1408; x_wconf 50' lang='lat' dir='ltr'><strong><em>triplicem,</em></strong></span> <span class='ocrx_word' id='word_1_330' title='bbox 3111 1348 3329 1390; x_wconf 89' lang='lat' dir='ltr'><strong><em>causam</em></strong></span> <span class='ocrx_word' id='word_1_331' title='bbox 3362 1349 3376 1386; x_wconf 90' lang='lat'><strong><em>:</em></strong></span> <span class='ocrx_word' id='word_1_332' title='bbox 3406 1332 3490 1388; x_wconf 91' lang='lat' dir='ltr'><strong><em>vel</em></strong></span> <span class='ocrx_word' id='word_1_333' title='bbox 3532 1340 3757 1401; x_wconf 80' lang='lat' dir='ltr'><strong><em>prepter</em></strong></span> 
     </span>
    </p>
   </div>
   <div class='ocr_carea' id='block_1_42' title="bbox 2159 1425 3757 1506">
    <p class='ocr_par' dir='ltr' id='par_1_42' title="bbox 2159 1425 3757 1506">
     <span class='ocr_line' id='line_1_42' title="bbox 2159 1425 3757 1506; baseline -0.01 -12"><span class='ocrx_word' id='word_1_334' title='bbox 2159 1439 2409 1494; x_wconf 89' lang='lat' dir='ltr'><strong><em>timorem</em></strong></span> <span class='ocrx_word' id='word_1_335' title='bbox 2430 1479 2444 1503; x_wconf 87' lang='lat'><strong><em>,</em></strong></span> <span class='ocrx_word' id='word_1_336' title='bbox 2473 1436 2559 1491; x_wconf 88' lang='lat' dir='ltr'><strong><em>vel</em></strong></span> <span class='ocrx_word' id='word_1_337' title='bbox 2589 1442 2812 1506; x_wconf 84' lang='lat' dir='ltr'><strong><em>propter</em></strong></span> <span class='ocrx_word' id='word_1_338' title='bbox 2850 1431 3150 1503; x_wconf 85' lang='lat' dir='ltr'><strong><em>pigritiam,</em></strong></span> <span class='ocrx_word' id='word_1_339' title='bbox 3186 1429 3270 1484; x_wconf 89' lang='lat' dir='ltr'><strong><em>vel</em></strong></span> <span class='ocrx_word' id='word_1_340' title='bbox 3305 1437 3528 1498; x_wconf 84' lang='lat' dir='ltr'><strong><em>pr0pter</em></strong></span> <span class='ocrx_word' id='word_1_341' title='bbox 3563 1425 3757 1480; x_wconf 87' lang='lat' dir='ltr'><strong><em>adula-</em></strong></span> 
     </span>
    </p>
   </div>
   <div class='ocr_carea' id='block_1_43' title="bbox 2161 1521 3756 1595">
    <p class='ocr_par' dir='ltr' id='par_1_43' title="bbox 2161 1521 3756 1595">
     <span class='ocr_line' id='line_1_43' title="bbox 2161 1521 3756 1595; baseline -0.009 -6"><span class='ocrx_word' id='word_1_342' title='bbox 2161 1534 2386 1589; x_wconf 89' lang='lat' dir='ltr'><strong><em>tionem.</em></strong></span> <span class='ocrx_word' id='word_1_343' title='bbox 2416 1530 2574 1588; x_wconf 91' lang='lat' dir='ltr'><strong><em>Unde</em></strong></span> <span class='ocrx_word' id='word_1_344' title='bbox 2606 1540 2659 1583; x_wconf 88' lang='lat' dir='ltr'><strong><em>et</em></strong></span> <span class='ocrx_word' id='word_1_345' title='bbox 2691 1528 2859 1584; x_wconf 85' lang='lat' dir='ltr'><strong><em>Isaias</em></strong></span> <span class='ocrx_word' id='word_1_346' title='bbox 2890 1547 2901 1579; x_wconf 91' lang='lat'><strong><em>:</em></strong></span> <span class='ocrx_word' id='word_1_347' title='bbox 2941 1525 3063 1593; x_wconf 76' lang='lat' dir='ltr'><strong><em>Vw,</em></strong></span> <span class='ocrx_word' id='word_1_348' title='bbox 3096 1524 3304 1595; x_wconf 90' lang='lat' dir='ltr'><strong><em>inquit,</em></strong></span> <span class='ocrx_word' id='word_1_349' title='bbox 3354 1521 3481 1576; x_wconf 86' lang='lat' dir='ltr'><strong><em>mihi</em></strong></span> <span class='ocrx_word' id='word_1_350' title='bbox 3519 1522 3709 1576; x_wconf 87' lang='lat' dir='ltr'><strong><em>misera</em></strong></span> <span class='ocrx_word' id='word_1_351' title='bbox 3740 1559 3756 1587; x_wconf 90' lang='lat'><strong><em>,</em></strong></span> 
     </span>
    </p>
   </div>
   <div class='ocr_carea' id='block_1_44' title="bbox 2159 1615 3761 1698">
    <p class='ocr_par' dir='ltr' id='par_1_44' title="bbox 2159 1615 3761 1698">
     <span class='ocr_line' id='line_1_44' title="bbox 2159 1615 3761 1698; baseline -0.008 -17"><span class='ocrx_word' id='word_1_352' title='bbox 2159 1628 2279 1698; x_wconf 88' lang='lat' dir='ltr'><strong><em>quia</em></strong></span> <span class='ocrx_word' id='word_1_353' title='bbox 2327 1627 2463 1680; x_wconf 89' lang='lat' dir='ltr'><strong><em>tacui</em></strong></span> <span class='ocrx_word' id='word_1_354' title='bbox 2514 1622 2627 1694; x_wconf 84' lang='lat' dir='ltr'><strong><em>(Isa</em></strong></span> <span class='ocrx_word' id='word_1_355' title='bbox 2655 1622 2810 1692; x_wconf 83' lang='lat' dir='ltr'><strong><em>vt,5).</em></strong></span> <span class='ocrx_word' id='word_1_356' title='bbox 2852 1620 3120 1688; x_wconf 82' lang='lat' dir='ltr'><strong><em>Quodque</em></strong></span> <span class='ocrx_word' id='word_1_357' title='bbox 3149 1618 3436 1687; x_wconf 87' lang='lat' dir='ltr'><strong><em>sequitur:</em></strong></span> <span class='ocrx_word' id='word_1_358' title='bbox 3468 1615 3511 1670; x_wconf 84' lang='grc' dir='ltr'><em>Τ</em></span> <span class='ocrx_word' id='word_1_359' title='bbox 3513 1633 3548 1670; x_wconf 91' lang='lat' dir='ltr'><strong><em>u</em></strong></span> <span class='ocrx_word' id='word_1_360' title='bbox 3584 1624 3761 1671; x_wconf 80' lang='lat' dir='ltr'><strong><em>autent</em></strong></span> 
     </span>
    </p>
   </div>
   <div class='ocr_carea' id='block_1_45' title="bbox 2161 1708 3761 1783">
    <p class='ocr_par' dir='ltr' id='par_1_45' title="bbox 2161 1708 3761 1783">
     <span class='ocr_line' id='line_1_45' title="bbox 2161 1708 3761 1783; baseline -0.008 -8"><span class='ocrx_word' id='word_1_361' title='bbox 2161 1722 2387 1775; x_wconf 81' lang='lat' dir='ltr'><strong><em>animant</em></strong></span> <span class='ocrx_word' id='word_1_362' title='bbox 2412 1730 2552 1773; x_wconf 86' lang='lat' dir='ltr'><strong><em>tuam</em></strong></span> <span class='ocrx_word' id='word_1_363' title='bbox 2578 1716 2805 1772; x_wconf 84' lang='lat' dir='ltr'><strong><em>liberasti</em></strong></span> <span class='ocrx_word' id='word_1_364' title='bbox 2825 1758 2839 1783; x_wconf 93' lang='lat'><strong><em>,</em></strong></span> <span class='ocrx_word' id='word_1_365' title='bbox 2871 1714 3004 1770; x_wconf 89' lang='lat' dir='ltr'><strong><em>illud</em></strong></span> <span class='ocrx_word' id='word_1_366' title='bbox 3048 1712 3428 1783; x_wconf 86' lang='lat' dir='ltr'><strong><em>Apostolicum</em></strong></span> <span class='ocrx_word' id='word_1_367' title='bbox 3458 1718 3617 1765; x_wconf 89' lang='lat' dir='ltr'><strong><em>sonat</em></strong></span> <span class='ocrx_word' id='word_1_368' title='bbox 3647 1726 3659 1762; x_wconf 91' lang='lat'><strong><em>:</em></strong></span> <span class='ocrx_word' id='word_1_369' title='bbox 3695 1708 3761 1764; x_wconf 83' lang='lat' dir='ltr'><strong><em>Si</em></strong></span> 
     </span>
    </p>
   </div>
   <div class='ocr_carea' id='block_1_46' title="bbox 3031 1804 3763 1875">
    <p class='ocr_par' dir='ltr' id='par_1_46' title="bbox 3031 1804 3763 1875">
     <span class='ocr_line' id='line_1_46' title="bbox 3031 1804 3763 1875; baseline -0.005 -14"><span class='ocrx_word' id='word_1_370' title='bbox 3031 1808 3242 1872; x_wconf 86' lang='lat' dir='ltr'><strong><em>atietur,</em></strong></span> <span class='ocrx_word' id='word_1_371' title='bbox 3267 1806 3377 1875; x_wconf 88' lang='lat' dir='ltr'><strong><em>ipse</em></strong></span> <span class='ocrx_word' id='word_1_372' title='bbox 3396 1813 3565 1859; x_wconf 89' lang='lat' dir='ltr'><strong><em>autem</em></strong></span> <span class='ocrx_word' id='word_1_373' title='bbox 3587 1804 3763 1857; x_wconf 83' lang='lat' dir='ltr'><strong><em>salvus</em></strong></span> 
     </span>
    </p>
   </div>
   <div class='ocr_carea' id='block_1_47' title="bbox 2163 1898 3765 1976">
    <p class='ocr_par' dir='ltr' id='par_1_47' title="bbox 2163 1898 3765 1976">
     <span class='ocr_line' id='line_1_47' title="bbox 2163 1898 3765 1976; baseline -0.006 -16"><span class='ocrx_word' id='word_1_374' title='bbox 2163 1906 2257 1961; x_wconf 89' lang='lat' dir='ltr'><strong><em>erit</em></strong></span> <span class='ocrx_word' id='word_1_375' title='bbox 2290 1924 2303 1959; x_wconf 89' lang='lat'><strong>:</strong></span> <span class='ocrx_word' id='word_1_376' title='bbox 2337 1907 2412 1960; x_wconf 90' lang='lat' dir='ltr'><strong><em>sic</em></strong></span> <span class='ocrx_word' id='word_1_377' title='bbox 2441 1916 2612 1960; x_wconf 91' lang='lat' dir='ltr'><strong><em>tamen</em></strong></span> <span class='ocrx_word' id='word_1_378' title='bbox 2641 1905 2787 1976; x_wconf 89' lang='lat' dir='ltr'><strong><em>quasi</em></strong></span> <span class='ocrx_word' id='word_1_379' title='bbox 2824 1920 2915 1976; x_wconf 86' lang='lat' dir='ltr'><strong><em>per</em></strong></span> <span class='ocrx_word' id='word_1_380' title='bbox 2944 1904 3115 1974; x_wconf 85' lang='lat' dir='ltr'><strong><em>ignem</em></strong></span> <span class='ocrx_word' id='word_1_381' title='bbox 3146 1900 3191 1972; x_wconf 91' lang='lat' dir='ltr'><strong><em>(l</em></strong></span> <span class='ocrx_word' id='word_1_382' title='bbox 3223 1898 3343 1955; x_wconf 86' lang='lat' dir='ltr'><strong><em>Cor.</em></strong></span> <span class='ocrx_word' id='word_1_383' title='bbox 3384 1914 3467 1965; x_wconf 78' lang='grc' dir='ltr'>ιιι,</span> <span class='ocrx_word' id='word_1_384' title='bbox 3518 1898 3643 1969; x_wconf 62' lang='lat' dir='ltr'><strong><em>li);</em></strong></span> <span class='ocrx_word' id='word_1_385' title='bbox 3704 1904 3765 1951; x_wconf 84' lang='lat' dir='ltr'><strong><em>ut</em></strong></span> 
     </span>
    </p>
   </div>
   <div class='ocr_carea' id='block_1_48' title="bbox 2170 1989 3764 2071">
    <p class='ocr_par' dir='ltr' id='par_1_48' title="bbox 2170 1989 3764 2071">
     <span class='ocr_line' id='line_1_48' title="bbox 2170 1989 3764 2071; baseline -0.008 -15"><span class='ocrx_word' id='word_1_386' title='bbox 2170 2012 2191 2040; x_wconf 74' lang='grc' dir='ltr'>ε</span> <span class='ocrx_word' id='word_1_387' title='bbox 2213 2000 2404 2071; x_wconf 90' lang='lat' dir='ltr'><strong><em>probet</em></strong></span> <span class='ocrx_word' id='word_1_388' title='bbox 2429 2011 2610 2055; x_wconf 85' lang='lat' dir='ltr'><strong><em>utrum</em></strong></span> <span class='ocrx_word' id='word_1_389' title='bbox 2640 1998 2947 2069; x_wconf 86' lang='lat' dir='ltr'><strong><em>speculator</em></strong></span> <span class='ocrx_word' id='word_1_390' title='bbox 2970 2007 3229 2051; x_wconf 82' lang='lat' dir='ltr'><strong><em>externus</em></strong></span> <span class='ocrx_word' id='word_1_391' title='bbox 3246 2008 3451 2049; x_wconf 88' lang='lat' dir='ltr'><strong><em>acausa</em></strong></span> <span class='ocrx_word' id='word_1_392' title='bbox 3474 1992 3543 2047; x_wconf 92' lang='lat' dir='ltr'><strong><em>sit</em></strong></span> <span class='ocrx_word' id='word_1_393' title='bbox 3568 1989 3764 2046; x_wconf 87' lang='lat' dir='ltr'><strong><em>mortis</em></strong></span> 
     </span>
    </p>
   </div>
   <div class='ocr_carea' id='block_1_49' title="bbox 2164 2082 3765 2164">
    <p class='ocr_par' dir='ltr' id='par_1_49' title="bbox 2164 2082 3765 2164">
     <span class='ocr_line' id='line_1_49' title="bbox 2164 2082 3765 2164; baseline -0.007 -15"><span class='ocrx_word' id='word_1_394' title='bbox 2164 2095 2283 2164; x_wconf 77' lang='lat' dir='ltr'><strong><em>eius</em></strong></span> <span class='ocrx_word' id='word_1_395' title='bbox 2313 2092 2403 2164; x_wconf 91' lang='lat' dir='ltr'><strong><em>qui</em></strong></span> <span class='ocrx_word' id='word_1_396' title='bbox 2433 2092 2624 2163; x_wconf 90' lang='lat' dir='ltr'><strong><em>periit,</em></strong></span> <span class='ocrx_word' id='word_1_397' title='bbox 2657 2107 2725 2147; x_wconf 90' lang='lat' dir='ltr'><strong><em>an</em></strong></span> <span class='ocrx_word' id='word_1_398' title='bbox 2753 2104 2898 2146; x_wconf 90' lang='lat' dir='ltr'><strong><em>reus.</em></strong></span> <span class='ocrx_word' id='word_1_399' title='bbox 2927 2088 3075 2160; x_wconf 86' lang='lat' dir='ltr'><strong><em>Opus</em></strong></span> <span class='ocrx_word' id='word_1_400' title='bbox 3114 2087 3259 2143; x_wconf 91' lang='lat' dir='ltr'><strong><em>enim</em></strong></span> <span class='ocrx_word' id='word_1_401' title='bbox 3303 2083 3546 2157; x_wconf 83' lang='lat' dir='ltr'><strong><em>magistri</em></strong></span> <span class='ocrx_word' id='word_1_402' title='bbox 3572 2124 3588 2152; x_wconf 90' lang='lat'><strong><em>,</em></strong></span> <span class='ocrx_word' id='word_1_403' title='bbox 3612 2082 3765 2138; x_wconf 86' lang='lat' dir='ltr'><strong><em>salus</em></strong></span> 
     </span>
    </p>
   </div>
   <div class='ocr_carea' id='block_1_50' title="bbox 2164 2186 2546 2257">
    <p class='ocr_par' dir='ltr' id='par_1_50' title="bbox 2164 2186 2546 2257">
     <span class='ocr_line' id='line_1_50' title="bbox 2164 2186 2546 2257; baseline -0.005 -15"><span class='ocrx_word' id='word_1_404' title='bbox 2164 2186 2417 2257; x_wconf 89' lang='lat' dir='ltr'><strong><em>discipuli</em></strong></span> <span class='ocrx_word' id='word_1_405' title='bbox 2441 2192 2546 2241; x_wconf 90' lang='lat' dir='ltr'><strong><em>est.</em></strong></span> 
     </span>
    </p>
   </div>
   <div class='ocr_carea' id='block_1_51' title="bbox 2239 2269 3768 2350">
    <p class='ocr_par' dir='ltr' id='par_1_51' title="bbox 2239 2269 3768 2350">
     <span class='ocr_line' id='line_1_51' title="bbox 2239 2269 3768 2350; baseline -0.005 -16"><span class='ocrx_word' id='word_1_406' title='bbox 2239 2278 2422 2350; x_wconf 81' lang='lat' dir='ltr'><strong><em>(Vers.</em></strong></span> <span class='ocrx_word' id='word_1_407' title='bbox 2445 2277 2539 2344; x_wconf 74' lang='lat'><strong><em>20,</em></strong></span> <span class='ocrx_word' id='word_1_408' title='bbox 2570 2278 2687 2347; x_wconf 75' lang='lat'><strong><em>‘21.)</em></strong></span> <span class='ocrx_word' id='word_1_409' title='bbox 2717 2276 2824 2333; x_wconf 91' lang='lat' dir='ltr'><strong><em>Sed</em></strong></span> <span class='ocrx_word' id='word_1_410' title='bbox 2856 2286 2903 2330; x_wconf 90' lang='lat' dir='ltr'><strong><em>et</em></strong></span> <span class='ocrx_word' id='word_1_411' title='bbox 2929 2276 2974 2331; x_wconf 90' lang='lat' dir='ltr'><strong><em>si</em></strong></span> <span class='ocrx_word' id='word_1_412' title='bbox 3001 2290 3276 2330; x_wconf 86' lang='lat' dir='ltr'><strong><em>conversus</em></strong></span> <span class='ocrx_word' id='word_1_413' title='bbox 3298 2274 3472 2344; x_wconf 87' lang='lat' dir='ltr'><strong><em>justus</em></strong></span> <span class='ocrx_word' id='word_1_414' title='bbox 3497 2288 3529 2325; x_wconf 89' lang='lat' dir='ltr'><strong><em>a</em></strong></span> <span class='ocrx_word' id='word_1_415' title='bbox 3551 2269 3768 2345; x_wconf 80' lang='lat' dir='ltr'><strong><em>justitia</em></strong></span> 
     </span>
    </p>
   </div>
   <div class='ocr_carea' id='block_1_52' title="bbox 2166 2368 3768 2445">
    <p class='ocr_par' dir='ltr' id='par_1_52' title="bbox 2166 2368 3768 2445">
     <span class='ocr_line' id='line_1_52' title="bbox 2166 2368 3768 2445; baseline -0.006 -16"><span class='ocrx_word' id='word_1_416' title='bbox 2166 2391 2261 2431; x_wconf 87' lang='lat' dir='ltr'><strong><em>sua</em></strong></span> <span class='ocrx_word' id='word_1_417' title='bbox 2285 2372 2312 2411; x_wconf 72' lang='grc' dir='ltr'><em>ἀ</em></span> <span class='ocrx_word' id='word_1_418' title='bbox 2341 2374 2516 2445; x_wconf 74' lang='lat' dir='ltr'><strong><em>fecerit</em></strong></span> <span class='ocrx_word' id='word_1_419' title='bbox 2554 2373 2914 2442; x_wconf 87' lang='lat' dir='ltr'><strong><em>iniquitatem,</em></strong></span> <span class='ocrx_word' id='word_1_420' title='bbox 2954 2386 3144 2443; x_wconf 89' lang='lat' dir='ltr'><strong><em>ponam</em></strong></span> <span class='ocrx_word' id='word_1_421' title='bbox 3181 2368 3551 2438; x_wconf 79' lang='lat' dir='ltr'><strong><em>o/fendiculum</em></strong></span> <span class='ocrx_word' id='word_1_422' title='bbox 3586 2380 3768 2421; x_wconf 85' lang='lat' dir='ltr'><strong><em>caram</em></strong></span> 
     </span>
    </p>
   </div>
   <div class='ocr_carea' id='block_1_53' title="bbox 2166 2461 3767 2536">
    <p class='ocr_par' dir='ltr' id='par_1_53' title="bbox 2166 2461 3767 2536">
     <span class='ocr_line' id='line_1_53' title="bbox 2166 2461 3767 2536; baseline -0.006 -15"><span class='ocrx_word' id='word_1_423' title='bbox 2166 2482 2246 2521; x_wconf 89' lang='lat' dir='ltr'><strong><em>eo.</em></strong></span> <span class='ocrx_word' id='word_1_424' title='bbox 2283 2464 2404 2536; x_wconf 84' lang='lat' dir='ltr'><strong><em>Ipse</em></strong></span> <span class='ocrx_word' id='word_1_425' title='bbox 2436 2465 2714 2531; x_wconf 88' lang='lat' dir='ltr'><strong><em>morietur,</em></strong></span> <span class='ocrx_word' id='word_1_426' title='bbox 2743 2464 2866 2533; x_wconf 88' lang='lat' dir='ltr'><strong><em>quia</em></strong></span> <span class='ocrx_word' id='word_1_427' title='bbox 2893 2479 2993 2516; x_wconf 90' lang='lat' dir='ltr'><strong><em>non</em></strong></span> <span class='ocrx_word' id='word_1_428' title='bbox 3015 2461 3340 2515; x_wconf 87' lang='lat' dir='ltr'><strong><em>annuntiasti</em></strong></span> <span class='ocrx_word' id='word_1_429' title='bbox 3362 2461 3407 2514; x_wconf 88' lang='lat' dir='ltr'><strong><em>ei</em></strong></span> <span class='ocrx_word' id='word_1_430' title='bbox 3425 2475 3443 2524; x_wconf 91' lang='lat'><strong><em>;</em></strong></span> <span class='ocrx_word' id='word_1_431' title='bbox 3475 2461 3525 2512; x_wconf 89' lang='lat' dir='ltr'><strong><em>in</em></strong></span> <span class='ocrx_word' id='word_1_432' title='bbox 3552 2468 3767 2531; x_wconf 84' lang='lat' dir='ltr'><strong><em>peccato</em></strong></span> 
     </span>
    </p>
   </div>
   <div class='ocr_carea' id='block_1_54' title="bbox 2167 2553 3769 2627">
    <p class='ocr_par' dir='ltr' id='par_1_54' title="bbox 2167 2553 3769 2627">
     <span class='ocr_line' id='line_1_54' title="bbox 2167 2553 3769 2627; baseline -0.006 -14"><span class='ocrx_word' id='word_1_433' title='bbox 2167 2575 2260 2613; x_wconf 88' lang='lat' dir='ltr'><strong><em>suo</em></strong></span> <span class='ocrx_word' id='word_1_434' title='bbox 2286 2558 2558 2621; x_wconf 87' lang='lat' dir='ltr'><strong><em>morietur,</em></strong></span> <span class='ocrx_word' id='word_1_435' title='bbox 2574 2566 2621 2609; x_wconf 83' lang='lat' dir='ltr'><strong><em>et</em></strong></span> <span class='ocrx_word' id='word_1_436' title='bbox 2642 2554 2752 2627; x_wconf 60' lang='lat'><strong><em>35</em></strong></span> <span class='ocrx_word' id='word_1_437' title='bbox 2776 2571 2877 2608; x_wconf 87' lang='lat' dir='ltr'><strong><em>non</em></strong></span> <span class='ocrx_word' id='word_1_438' title='bbox 2898 2564 3045 2609; x_wconf 87' lang='lat' dir='ltr'><strong><em>erunt</em></strong></span> <span class='ocrx_word' id='word_1_439' title='bbox 3068 2554 3122 2608; x_wconf 89' lang='lat' dir='ltr'><strong><em>in</em></strong></span> <span class='ocrx_word' id='word_1_440' title='bbox 3146 2554 3391 2608; x_wconf 87' lang='lat' dir='ltr'><strong><em>memoria</em></strong></span> <span class='ocrx_word' id='word_1_441' title='bbox 3410 2553 3632 2625; x_wconf 76' lang='lat' dir='ltr'><strong><em>justitiw</em></strong></span> <span class='ocrx_word' id='word_1_442' title='bbox 3654 2554 3769 2624; x_wconf 87' lang='lat' dir='ltr'><strong><em>ejus</em></strong></span> 
     </span>
    </p>
   </div>
   <div class='ocr_carea' id='block_1_55' title="bbox 2167 2646 3765 2724">
    <p class='ocr_par' dir='ltr' id='par_1_55' title="bbox 2167 2646 3765 2724">
     <span class='ocr_line' id='line_1_55' title="bbox 2167 2646 3765 2724; baseline -0.006 -18"><span class='ocrx_word' id='word_1_443' title='bbox 2167 2668 2296 2724; x_wconf 86' lang='lat' dir='ltr'><strong><em>quas</em></strong></span> <span class='ocrx_word' id='word_1_444' title='bbox 2319 2653 2437 2722; x_wconf 79' lang='lat' dir='ltr'><strong><em>fecit</em></strong></span> <span class='ocrx_word' id='word_1_445' title='bbox 2462 2668 2478 2704; x_wconf 88' lang='lat'><strong><em>:</em></strong></span> <span class='ocrx_word' id='word_1_446' title='bbox 2501 2652 2809 2723; x_wconf 85' lang='lat' dir='ltr'><strong><em>sanguinem</em></strong></span> <span class='ocrx_word' id='word_1_447' title='bbox 2830 2665 2947 2704; x_wconf 86' lang='lat' dir='ltr'><strong><em>vero</em></strong></span> <span class='ocrx_word' id='word_1_448' title='bbox 2969 2650 3082 2720; x_wconf 86' lang='lat' dir='ltr'><strong><em>ejus</em></strong></span> <span class='ocrx_word' id='word_1_449' title='bbox 3104 2649 3165 2703; x_wconf 90' lang='lat' dir='ltr'><strong><em>de</em></strong></span> <span class='ocrx_word' id='word_1_450' title='bbox 3190 2664 3351 2701; x_wconf 90' lang='lat' dir='ltr'><strong><em>manu</em></strong></span> <span class='ocrx_word' id='word_1_451' title='bbox 3373 2656 3462 2699; x_wconf 88' lang='lat' dir='ltr'><strong><em>tua</em></strong></span> <span class='ocrx_word' id='word_1_452' title='bbox 3484 2646 3765 2717; x_wconf 86' lang='lat' dir='ltr'><strong><em>requirant.</em></strong></span> 
     </span>
    </p>
   </div>
   <div class='ocr_carea' id='block_1_56' title="bbox 2171 2741 3766 2815">
    <p class='ocr_par' dir='ltr' id='par_1_56' title="bbox 2171 2741 3766 2815">
     <span class='ocr_line' id='line_1_56' title="bbox 2171 2741 3766 2815; baseline -0.003 -16"><span class='ocrx_word' id='word_1_453' title='bbox 2171 2744 2271 2799; x_wconf 86' lang='lat' dir='ltr'><strong><em>Sin</em></strong></span> <span class='ocrx_word' id='word_1_454' title='bbox 2299 2753 2474 2797; x_wconf 86' lang='lat' dir='ltr'><strong><em>autent</em></strong></span> <span class='ocrx_word' id='word_1_455' title='bbox 2492 2752 2548 2797; x_wconf 91' lang='lat' dir='ltr'><strong><em>tu</em></strong></span> <span class='ocrx_word' id='word_1_456' title='bbox 2569 2742 2961 2797; x_wconf 86' lang='lat' dir='ltr'><strong><em>annuntiaveris</em></strong></span> <span class='ocrx_word' id='word_1_457' title='bbox 2980 2745 3149 2815; x_wconf 85' lang='lat' dir='ltr'><strong><em>justo,</em></strong></span> <span class='ocrx_word' id='word_1_458' title='bbox 3168 2750 3221 2795; x_wconf 89' lang='lat' dir='ltr'><strong><em>ut</em></strong></span> <span class='ocrx_word' id='word_1_459' title='bbox 3251 2758 3355 2796; x_wconf 88' lang='lat' dir='ltr'><strong><em>non</em></strong></span> <span class='ocrx_word' id='word_1_460' title='bbox 3382 2751 3554 2811; x_wconf 78' lang='lat' dir='ltr'><strong><em>peccet</em></strong></span> <span class='ocrx_word' id='word_1_461' title='bbox 3566 2741 3766 2810; x_wconf 85' lang='lat' dir='ltr'><strong><em>justus,</em></strong></span> 
     </span>
    </p>
   </div>
   <div class='ocr_carea' id='block_1_57' title="bbox 2170 2828 3772 2907">
    <p class='ocr_par' dir='ltr' id='par_1_57' title="bbox 2170 2828 3772 2907">
     <span class='ocr_line' id='line_1_57' title="bbox 2170 2828 3772 2907; baseline -0.004 -17"><span class='ocrx_word' id='word_1_462' title='bbox 2170 2845 2218 2890; x_wconf 91' lang='lat' dir='ltr'><strong><em>et</em></strong></span> <span class='ocrx_word' id='word_1_463' title='bbox 2259 2836 2349 2891; x_wconf 82' lang='lat' dir='ltr'><strong><em>ille</em></strong></span> <span class='ocrx_word' id='word_1_464' title='bbox 2375 2852 2481 2889; x_wconf 90' lang='lat' dir='ltr'><strong><em>non</em></strong></span> <span class='ocrx_word' id='word_1_465' title='bbox 2525 2835 2807 2907; x_wconf 86' lang='lat' dir='ltr'><strong><em>peccaverit</em></strong></span> <span class='ocrx_word' id='word_1_466' title='bbox 2837 2850 2853 2887; x_wconf 89' lang='lat'><strong><em>:</em></strong></span> <span class='ocrx_word' id='word_1_467' title='bbox 2894 2835 3066 2889; x_wconf 83' lang='lat' dir='ltr'><strong><em>vivens</em></strong></span> <span class='ocrx_word' id='word_1_468' title='bbox 3094 2834 3260 2902; x_wconf 84' lang='lat' dir='ltr'><strong><em>vivet,</em></strong></span> <span class='ocrx_word' id='word_1_469' title='bbox 3290 2835 3412 2904; x_wconf 88' lang='lat' dir='ltr'><strong><em>quia</em></strong></span> <span class='ocrx_word' id='word_1_470' title='bbox 3451 2828 3772 2887; x_wconf 87' lang='lat' dir='ltr'><strong><em>annuntiasti</em></strong></span> 
     </span>
    </p>
   </div>
   <div class='ocr_carea' id='block_1_58' title="bbox 2171 2924 3771 2996">
    <p class='ocr_par' dir='ltr' id='par_1_58' title="bbox 2171 2924 3771 2996">
     <span class='ocr_line' id='line_1_58' title="bbox 2171 2924 3771 2996; baseline -0.004 -12"><span class='ocrx_word' id='word_1_471' title='bbox 2171 2930 2216 2985; x_wconf 86' lang='lat' dir='ltr'><strong><em>ei</em></strong></span> <span class='ocrx_word' id='word_1_472' title='bbox 2243 2971 2257 2996; x_wconf 91' lang='lat'><strong><em>,</em></strong></span> <span class='ocrx_word' id='word_1_473' title='bbox 2288 2938 2333 2983; x_wconf 81' lang='lat' dir='ltr'><strong><em>et</em></strong></span> <span class='ocrx_word' id='word_1_474' title='bbox 2357 2938 2411 2983; x_wconf 89' lang='lat' dir='ltr'><strong><em>tu</em></strong></span> <span class='ocrx_word' id='word_1_475' title='bbox 2462 2929 2696 2982; x_wconf 84' lang='lat' dir='ltr'><strong><em>animant</em></strong></span> <span class='ocrx_word' id='word_1_476' title='bbox 2733 2936 2872 2982; x_wconf 86' lang='lat' dir='ltr'><strong><em>tuam</em></strong></span> <span class='ocrx_word' id='word_1_477' title='bbox 2926 2926 3176 2981; x_wconf 84' lang='lat' dir='ltr'><strong><em>liberasti.</em></strong></span> <span class='ocrx_word' id='word_1_478' title='bbox 3224 2924 3378 2983; x_wconf 87' lang='lat' dir='ltr'><strong><em>Sicut</em></strong></span> <span class='ocrx_word' id='word_1_479' title='bbox 3418 2926 3613 2996; x_wconf 90' lang='lat' dir='ltr'><strong><em>impios</em></strong></span> <span class='ocrx_word' id='word_1_480' title='bbox 3636 2968 3651 2991; x_wconf 85' lang='lat'><strong><em>,</em></strong></span> <span class='ocrx_word' id='word_1_481' title='bbox 3685 2924 3771 2979; x_wconf 82' lang='lat' dir='ltr'><strong><em>vel</em></strong></span> 
     </span>
    </p>
   </div>
   <div class='ocr_carea' id='block_1_59' title="bbox 2172 3019 3773 3095">
    <p class='ocr_par' dir='ltr' id='par_1_59' title="bbox 2172 3019 3773 3095">
     <span class='ocr_line' id='line_1_59' title="bbox 2172 3019 3773 3095; baseline -0.003 -16"><span class='ocrx_word' id='word_1_482' title='bbox 2172 3024 2389 3095; x_wconf 87' lang='lat' dir='ltr'><strong><em>iniquos</em></strong></span> <span class='ocrx_word' id='word_1_483' title='bbox 2420 3024 2559 3079; x_wconf 90' lang='lat' dir='ltr'><strong><em>duos</em></strong></span> <span class='ocrx_word' id='word_1_484' title='bbox 2596 3023 2827 3094; x_wconf 88' lang='lat' dir='ltr'><strong><em>legimus</em></strong></span> <span class='ocrx_word' id='word_1_485' title='bbox 2858 3039 2871 3075; x_wconf 92' lang='lat'><strong><em>:</em></strong></span> <span class='ocrx_word' id='word_1_486' title='bbox 2908 3021 3084 3078; x_wconf 90' lang='lat' dir='ltr'><strong><em>Unum</em></strong></span> <span class='ocrx_word' id='word_1_487' title='bbox 3108 3067 3121 3091; x_wconf 90' lang='lat'><strong><em>,</em></strong></span> <span class='ocrx_word' id='word_1_488' title='bbox 3154 3021 3247 3092; x_wconf 88' lang='lat' dir='ltr'><strong><em>qui</em></strong></span> <span class='ocrx_word' id='word_1_489' title='bbox 3281 3035 3388 3076; x_wconf 90' lang='lat' dir='ltr'><strong><em>non</em></strong></span> <span class='ocrx_word' id='word_1_490' title='bbox 3433 3019 3641 3075; x_wconf 82' lang='lat' dir='ltr'><strong><em>audivit</em></strong></span> <span class='ocrx_word' id='word_1_491' title='bbox 3669 3061 3683 3083; x_wconf 89' lang='lat'><strong><em>,</em></strong></span> <span class='ocrx_word' id='word_1_492' title='bbox 3717 3026 3773 3074; x_wconf 87' lang='lat' dir='ltr'><strong><em>et</em></strong></span> 
     </span>
    </p>
   </div>
   <div class='ocr_carea' id='block_1_60' title="bbox 2173 3114 3772 3188">
    <p class='ocr_par' dir='ltr' id='par_1_60' title="bbox 2173 3114 3772 3188">
     <span class='ocr_line' id='line_1_60' title="bbox 2173 3114 3772 3188; baseline -0.002 -16"><span class='ocrx_word' id='word_1_493' title='bbox 2173 3116 2368 3188; x_wconf 90' lang='lat' dir='ltr'><strong><em>periit;</em></strong></span> <span class='ocrx_word' id='word_1_494' title='bbox 2400 3116 2668 3180; x_wconf 88' lang='lat' dir='ltr'><strong><em>alterum,</em></strong></span> <span class='ocrx_word' id='word_1_495' title='bbox 2697 3115 2790 3185; x_wconf 87' lang='lat' dir='ltr'><strong><em>qui</em></strong></span> <span class='ocrx_word' id='word_1_496' title='bbox 2821 3115 3069 3182; x_wconf 89' lang='lat' dir='ltr'><strong><em>audivit,</em></strong></span> <span class='ocrx_word' id='word_1_497' title='bbox 3100 3123 3156 3170; x_wconf 90' lang='lat' dir='ltr'><strong><em>et</em></strong></span> <span class='ocrx_word' id='word_1_498' title='bbox 3187 3115 3561 3184; x_wconf 84' lang='lat' dir='ltr'><strong><em>perseveravit</em></strong></span> <span class='ocrx_word' id='word_1_499' title='bbox 3592 3114 3645 3169; x_wconf 90' lang='lat' dir='ltr'><strong><em>in</em></strong></span> <span class='ocrx_word' id='word_1_500' title='bbox 3676 3128 3772 3169; x_wconf 88' lang='lat' dir='ltr'><strong><em>nc-</em></strong></span> 
     </span>
    </p>
   </div>
   <div class='ocr_carea' id='block_1_61' title="bbox 470 3206 3766 3319">
    <p class='ocr_par' dir='ltr' id='par_1_61' title="bbox 470 3206 3766 3319">
     <span class='ocr_line' id='line_1_61' title="bbox 470 3206 3766 3319; baseline -0.002 -29"><span class='ocrx_word' id='word_1_501' title='bbox 470 3234 649 3307; x_wconf 71' lang='lat' dir='ltr'><strong><em>pheta:</em></strong></span> <span class='ocrx_word' id='word_1_502' title='bbox 728 3234 1041 3305; x_wconf 86' lang='lat' dir='ltr'><strong><em>iniquitates</em></strong></span> <span class='ocrx_word' id='word_1_503' title='bbox 1114 3206 1305 3290; x_wconf 85' lang='lat' dir='ltr'><strong><em>eorum</em></strong></span> <span class='ocrx_word' id='word_1_504' title='bbox 1377 3206 1651 3290; x_wconf 87' lang='lat' dir='ltr'><strong><em>cernentis</em></strong></span> <span class='ocrx_word' id='word_1_505' title='bbox 1710 3206 2062 3305; x_wconf 74' lang='lat' dir='ltr'><strong><em>exprimeret.</em></strong></span> <span class='ocrx_word' id='word_1_506' title='bbox 2096 3255 2141 3319; x_wconf 66' lang='grc' dir='ltr'><strong>ρ</strong></span> <span class='ocrx_word' id='word_1_507' title='bbox 2173 3211 2340 3281; x_wconf 55' lang='lat' dir='ltr'><strong>quin“</strong></span> <span class='ocrx_word' id='word_1_508' title='bbox 2377 3210 2502 3314; x_wconf 59' lang='grc' dir='ltr'><strong><em>τξίο</em></strong></span> <span class='ocrx_word' id='word_1_509' title='bbox 2535 3208 3188 3319; x_wconf 39' lang='grc' dir='ltr'><strong><em>δῗοὶυδιίβυηξηβηιυε</em></strong></span> <span class='ocrx_word' id='word_1_510' title='bbox 3226 3208 3317 3278; x_wconf 64' lang='lat' dir='ltr'><strong><em>qui</em></strong></span> <span class='ocrx_word' id='word_1_511' title='bbox 3368 3223 3474 3262; x_wconf 72' lang='lat'><strong><em>&quot;0&quot;</em></strong></span> <span class='ocrx_word' id='word_1_512' title='bbox 3521 3206 3766 3319; x_wconf 56' lang='grc' dir='ltr'><strong><em>θυίξίνίιι</em></strong></span> 
     </span>
    </p>
   </div>
   <div class='ocr_carea' id='block_1_62' title="bbox 466 3327 2068 3399">
    <p class='ocr_par' dir='ltr' id='par_1_62' title="bbox 466 3327 2068 3399">
     <span class='ocr_line' id='line_1_62' title="bbox 466 3327 2068 3399; baseline -0.002 -15"><span class='ocrx_word' id='word_1_513' title='bbox 466 3327 677 3399; x_wconf 65' lang='lat' dir='ltr'><strong><em>Aquilae</em></strong></span> <span class='ocrx_word' id='word_1_514' title='bbox 722 3342 853 3383; x_wconf 87' lang='lat' dir='ltr'><strong><em>vero</em></strong></span> <span class='ocrx_word' id='word_1_515' title='bbox 896 3327 1135 3383; x_wconf 88' lang='lat' dir='ltr'><strong><em>secunda</em></strong></span> <span class='ocrx_word' id='word_1_516' title='bbox 1194 3327 1394 3393; x_wconf 89' lang='lat' dir='ltr'><strong><em>editio,</em></strong></span> <span class='ocrx_word' id='word_1_517' title='bbox 1465 3342 1624 3397; x_wconf 92' lang='lat' dir='ltr'><strong><em>quam</em></strong></span> <span class='ocrx_word' id='word_1_518' title='bbox 1674 3327 1890 3383; x_wconf 64' lang='lat' dir='ltr'><strong><em>Hebraei</em></strong></span> <span class='ocrx_word' id='word_1_519' title='bbox 1939 3327 2068 3383; x_wconf 76' lang='grc' dir='ltr'><strong><em>κατά</em></strong></span> 
     </span>
    </p>
   </div>
   <div class='ocr_carea' id='block_1_63' title="bbox 468 3418 2065 3496">
    <p class='ocr_par' dir='ltr' id='par_1_63' title="bbox 468 3418 2065 3496">
     <span class='ocr_line' id='line_1_63' title="bbox 468 3418 2065 3496; baseline -0.004 -17"><span class='ocrx_word' id='word_1_520' title='bbox 468 3422 731 3496; x_wconf 79' lang='grc' dir='ltr'>ἀκρίϐειαν</span> <span class='ocrx_word' id='word_1_521' title='bbox 782 3420 1096 3485; x_wconf 84' lang='lat' dir='ltr'><strong><em>nominant,</em></strong></span> <span class='ocrx_word' id='word_1_522' title='bbox 1149 3418 1474 3475; x_wconf 88' lang='lat' dir='ltr'><strong><em>transtulit:</em></strong></span> <span class='ocrx_word' id='word_1_523' title='bbox 1520 3421 1815 3495; x_wconf 79' lang='grc' dir='ltr'><strong><em>ἡρεμάζων,</em></strong></span> <span class='ocrx_word' id='word_1_524' title='bbox 1854 3419 1904 3473; x_wconf 94' lang='lat' dir='ltr'><strong><em>id</em></strong></span> <span class='ocrx_word' id='word_1_525' title='bbox 1947 3428 2065 3486; x_wconf 89' lang='lat' dir='ltr'><strong><em>est,</em></strong></span> 
     </span>
    </p>
   </div>
   <div class='ocr_carea' id='block_1_64' title="bbox 467 3511 2065 3587">
    <p class='ocr_par' dir='ltr' id='par_1_64' title="bbox 467 3511 2065 3587">
     <span class='ocr_line' id='line_1_64' title="bbox 467 3511 2065 3587; baseline -0.003 -17"><span class='ocrx_word' id='word_1_526' title='bbox 467 3516 752 3587; x_wconf 78' lang='lat' dir='ltr'><strong><em>quiescens,</em></strong></span> <span class='ocrx_word' id='word_1_527' title='bbox 787 3522 844 3568; x_wconf 88' lang='lat' dir='ltr'><strong><em>et</em></strong></span> <span class='ocrx_word' id='word_1_528' title='bbox 882 3528 1113 3568; x_wconf 88' lang='lat' dir='ltr'><strong><em>seorsum</em></strong></span> <span class='ocrx_word' id='word_1_529' title='bbox 1156 3513 1376 3581; x_wconf 84' lang='lat' dir='ltr'><strong><em>positus,</em></strong></span> <span class='ocrx_word' id='word_1_530' title='bbox 1424 3520 1482 3567; x_wconf 92' lang='lat' dir='ltr'><strong><em>ut</em></strong></span> <span class='ocrx_word' id='word_1_531' title='bbox 1525 3511 1699 3568; x_wconf 81' lang='lat' dir='ltr'><strong><em>fuisse</em></strong></span> <span class='ocrx_word' id='word_1_532' title='bbox 1746 3512 1964 3582; x_wconf 89' lang='lat' dir='ltr'><strong><em>quidem</em></strong></span> <span class='ocrx_word' id='word_1_533' title='bbox 2013 3512 2065 3565; x_wconf 92' lang='lat' dir='ltr'><strong><em>in</em></strong></span> 
     </span>
    </p>
   </div>
   <div class='ocr_carea' id='block_1_65' title="bbox 466 3604 2064 3681">
    <p class='ocr_par' dir='ltr' id='par_1_65' title="bbox 466 3604 2064 3681">
     <span class='ocr_line' id='line_1_65' title="bbox 466 3604 2064 3681; baseline -0.001 -17"><span class='ocrx_word' id='word_1_534' title='bbox 466 3609 647 3665; x_wconf 89' lang='lat' dir='ltr'><strong><em>medio</em></strong></span> <span class='ocrx_word' id='word_1_535' title='bbox 668 3608 775 3681; x_wconf 83' lang='lat'><strong>33</strong></span> <span class='ocrx_word' id='word_1_536' title='bbox 804 3607 1167 3679; x_wconf 89' lang='lat' dir='ltr'><strong><em>captivorum,</em></strong></span> <span class='ocrx_word' id='word_1_537' title='bbox 1194 3607 1289 3663; x_wconf 91' lang='lat' dir='ltr'><strong><em>sed</em></strong></span> <span class='ocrx_word' id='word_1_538' title='bbox 1312 3606 1381 3663; x_wconf 86' lang='lat' dir='ltr'><strong><em>ab</em></strong></span> <span class='ocrx_word' id='word_1_539' title='bbox 1411 3607 1489 3663; x_wconf 91' lang='lat' dir='ltr'><strong><em>eis</em></strong></span> <span class='ocrx_word' id='word_1_540' title='bbox 1520 3616 1829 3678; x_wconf 81' lang='lat' dir='ltr'><strong><em>separatum</em></strong></span> <span class='ocrx_word' id='word_1_541' title='bbox 1860 3604 2064 3675; x_wconf 90' lang='lat' dir='ltr'><strong><em>mente,</em></strong></span> 
     </span>
    </p>
   </div>
   <div class='ocr_carea' id='block_1_66' title="bbox 470 3710 826 3759">
    <p class='ocr_par' dir='ltr' id='par_1_66' title="bbox 470 3710 826 3759">
     <span class='ocr_line' id='line_1_66' title="bbox 470 3710 826 3759; baseline -0.014 0"><span class='ocrx_word' id='word_1_542' title='bbox 470 3710 826 3759; x_wconf 89' lang='lat' dir='ltr'><strong><em>monstraret.</em></strong></span> 
     </span>
    </p>
   </div>
   <div class='ocr_carea' id='block_1_67' title="bbox 542 3813 2067 3888">
    <p class='ocr_par' dir='ltr' id='par_1_67' title="bbox 542 3813 2067 3888">
     <span class='ocr_line' id='line_1_67' title="bbox 542 3813 2067 3888; baseline -0.001 -16"><span class='ocrx_word' id='word_1_543' title='bbox 542 3815 726 3887; x_wconf 77' lang='lat' dir='ltr'><strong><em>(Vers.</em></strong></span> <span class='ocrx_word' id='word_1_544' title='bbox 746 3814 835 3884; x_wconf 78' lang='grc'><strong><em>16,</em></strong></span> <span class='ocrx_word' id='word_1_545' title='bbox 858 3814 969 3887; x_wconf 83' lang='lat' dir='ltr'><strong><em>l7.)</em></strong></span> <span class='ocrx_word' id='word_1_546' title='bbox 992 3813 1117 3869; x_wconf 86' lang='lat' dir='ltr'><strong><em>Cum</em></strong></span> <span class='ocrx_word' id='word_1_547' title='bbox 1140 3826 1313 3870; x_wconf 86' lang='lat' dir='ltr'><strong><em>autem</em></strong></span> <span class='ocrx_word' id='word_1_548' title='bbox 1326 3816 1718 3887; x_wconf 83' lang='lat' dir='ltr'><strong><em>pertransisscnt</em></strong></span> <span class='ocrx_word' id='word_1_549' title='bbox 1733 3826 1921 3888; x_wconf 77' lang='lat' dir='ltr'><strong><em>septem</em></strong></span> <span class='ocrx_word' id='word_1_550' title='bbox 1936 3818 2067 3887; x_wconf 85' lang='lat' dir='ltr'><strong><em>dies,</em></strong></span> 
     </span>
    </p>
   </div>
   <div class='ocr_carea' id='block_1_68' title="bbox 470 3908 2067 3984">
    <p class='ocr_par' dir='ltr' id='par_1_68' title="bbox 470 3908 2067 3984">
     <span class='ocr_line' id='line_1_68' title="bbox 470 3908 2067 3984; baseline 0 -19"><span class='ocrx_word' id='word_1_551' title='bbox 470 3912 667 3984; x_wconf 77' lang='lat' dir='ltr'><strong><em>factum</em></strong></span> <span class='ocrx_word' id='word_1_552' title='bbox 695 3917 769 3964; x_wconf 89' lang='lat' dir='ltr'><strong><em>est</em></strong></span> <span class='ocrx_word' id='word_1_553' title='bbox 808 3909 1017 3963; x_wconf 87' lang='lat' dir='ltr'><strong><em>verbum</em></strong></span> <span class='ocrx_word' id='word_1_554' title='bbox 1064 3908 1275 3963; x_wconf 83' lang='lat' dir='ltr'><strong><em>Domini</em></strong></span> <span class='ocrx_word' id='word_1_555' title='bbox 1316 3908 1385 3963; x_wconf 91' lang='lat' dir='ltr'><strong><em>ad</em></strong></span> <span class='ocrx_word' id='word_1_556' title='bbox 1420 3926 1497 3965; x_wconf 88' lang='lat' dir='ltr'><strong><em>me</em></strong></span> <span class='ocrx_word' id='word_1_557' title='bbox 1523 3952 1537 3976; x_wconf 91' lang='lat'><strong><em>,</em></strong></span> <span class='ocrx_word' id='word_1_558' title='bbox 1571 3909 1750 3964; x_wconf 88' lang='lat' dir='ltr'><strong><em>dicens</em></strong></span> <span class='ocrx_word' id='word_1_559' title='bbox 1783 3927 1799 3963; x_wconf 89' lang='lat'><strong><em>:</em></strong></span> <span class='ocrx_word' id='word_1_560' title='bbox 1831 3909 1941 3965; x_wconf 86' lang='lat' dir='ltr'><strong><em>Fili</em></strong></span> <span class='ocrx_word' id='word_1_561' title='bbox 1969 3910 2067 3965; x_wconf 81' lang='lat' dir='ltr'><strong><em>lto-</em></strong></span> 
     </span>
    </p>
   </div>
   <div class='ocr_carea' id='block_1_69' title="bbox 472 3999 2068 4073">
    <p class='ocr_par' dir='ltr' id='par_1_69' title="bbox 472 3999 2068 4073">
     <span class='ocr_line' id='line_1_69' title="bbox 472 3999 2068 4073; baseline 0 -15"><span class='ocrx_word' id='word_1_562' title='bbox 472 4005 623 4059; x_wconf 87' lang='lat' dir='ltr'><strong><em>minis</em></strong></span> <span class='ocrx_word' id='word_1_563' title='bbox 649 4045 665 4070; x_wconf 93' lang='lat'><strong><em>,</em></strong></span> <span class='ocrx_word' id='word_1_564' title='bbox 697 4004 1069 4073; x_wconf 85' lang='lat' dir='ltr'><strong><em>speculatorem</em></strong></span> <span class='ocrx_word' id='word_1_565' title='bbox 1109 4002 1231 4057; x_wconf 84' lang='lat' dir='ltr'><strong><em>dedi</em></strong></span> <span class='ocrx_word' id='word_1_566' title='bbox 1276 4011 1324 4057; x_wconf 92' lang='lat' dir='ltr'><strong><em>te</em></strong></span> <span class='ocrx_word' id='word_1_567' title='bbox 1355 4002 1533 4057; x_wconf 88' lang='lat' dir='ltr'><strong><em>domui</em></strong></span> <span class='ocrx_word' id='word_1_568' title='bbox 1574 3999 1773 4072; x_wconf 86' lang='lat' dir='ltr'><strong><em>Israel,</em></strong></span> <span class='ocrx_word' id='word_1_569' title='bbox 1804 4015 1852 4058; x_wconf 89' lang='lat' dir='ltr'><strong><em>et</em></strong></span> <span class='ocrx_word' id='word_1_570' title='bbox 1888 4004 2068 4060; x_wconf 86' lang='lat' dir='ltr'><strong><em>audies</em></strong></span> 
     </span>
    </p>
   </div>
   <div class='ocr_carea' id='block_1_70' title="bbox 470 4097 2067 4166">
    <p class='ocr_par' dir='ltr' id='par_1_70' title="bbox 470 4097 2067 4166">
     <span class='ocr_line' id='line_1_70' title="bbox 470 4097 2067 4166; baseline 0 -13"><span class='ocrx_word' id='word_1_571' title='bbox 470 4099 535 4154; x_wconf 91' lang='lat' dir='ltr'><strong><em>de</em></strong></span> <span class='ocrx_word' id='word_1_572' title='bbox 558 4115 644 4153; x_wconf 90' lang='lat' dir='ltr'><strong><em>ore</em></strong></span> <span class='ocrx_word' id='word_1_573' title='bbox 694 4113 806 4152; x_wconf 88' lang='lat' dir='ltr'><strong><em>meo</em></strong></span> <span class='ocrx_word' id='word_1_574' title='bbox 860 4097 1104 4165; x_wconf 86' lang='lat' dir='ltr'><strong><em>verbum,</em></strong></span> <span class='ocrx_word' id='word_1_575' title='bbox 1136 4105 1182 4151; x_wconf 90' lang='lat' dir='ltr'><strong><em>et</em></strong></span> <span class='ocrx_word' id='word_1_576' title='bbox 1226 4097 1558 4151; x_wconf 86' lang='lat' dir='ltr'><strong><em>annuntiabis</em></strong></span> <span class='ocrx_word' id='word_1_577' title='bbox 1618 4098 1692 4152; x_wconf 89' lang='lat' dir='ltr'><strong><em>eis</em></strong></span> <span class='ocrx_word' id='word_1_578' title='bbox 1736 4114 1798 4152; x_wconf 80' lang='lat' dir='ltr'><strong><em>ea:</em></strong></span> <span class='ocrx_word' id='word_1_579' title='bbox 1837 4115 1935 4151; x_wconf 83' lang='lat' dir='ltr'><strong><em>me.</em></strong></span> <span class='ocrx_word' id='word_1_580' title='bbox 1967 4097 2067 4166; x_wconf 85' lang='lat' dir='ltr'><strong><em>Qui</em></strong></span> 
     </span>
    </p>
   </div>
   <div class='ocr_carea' id='block_1_71' title="bbox 468 4189 2065 4264">
    <p class='ocr_par' dir='ltr' id='par_1_71' title="bbox 468 4189 2065 4264">
     <span class='ocr_line' id='line_1_71' title="bbox 468 4189 2065 4264; baseline -0.003 -15"><span class='ocrx_word' id='word_1_581' title='bbox 468 4192 777 4264; x_wconf 89' lang='lat' dir='ltr'><strong><em>speculator</em></strong></span> <span class='ocrx_word' id='word_1_582' title='bbox 823 4189 1035 4246; x_wconf 82' lang='lat' dir='ltr'><strong><em>futurus</em></strong></span> <span class='ocrx_word' id='word_1_583' title='bbox 1063 4198 1145 4245; x_wconf 92' lang='lat' dir='ltr'><strong><em>est</em></strong></span> <span class='ocrx_word' id='word_1_584' title='bbox 1167 4231 1182 4256; x_wconf 93' lang='lat'><strong><em>,</em></strong></span> <span class='ocrx_word' id='word_1_585' title='bbox 1212 4201 1267 4245; x_wconf 94' lang='lat' dir='ltr'><strong><em>et</em></strong></span> <span class='ocrx_word' id='word_1_586' title='bbox 1297 4190 1389 4245; x_wconf 88' lang='lat' dir='ltr'><strong><em>Dei</em></strong></span> <span class='ocrx_word' id='word_1_587' title='bbox 1436 4189 1601 4245; x_wconf 90' lang='lat' dir='ltr'><strong><em>verba</em></strong></span> <span class='ocrx_word' id='word_1_588' title='bbox 1634 4191 1841 4261; x_wconf 91' lang='lat' dir='ltr'><strong><em>populo</em></strong></span> <span class='ocrx_word' id='word_1_589' title='bbox 1881 4205 2065 4245; x_wconf 58' lang='lat' dir='ltr'><strong><em>narrac</em></strong></span> 
     </span>
    </p>
   </div>
   <div class='ocr_carea' id='block_1_72' title="bbox 472 4282 2068 4354">
    <p class='ocr_par' dir='ltr' id='par_1_72' title="bbox 472 4282 2068 4354">
     <span class='ocr_line' id='line_1_72' title="bbox 472 4282 2068 4354; baseline -0.002 -14"><span class='ocrx_word' id='word_1_590' title='bbox 472 4295 621 4340; x_wconf 91' lang='lat' dir='ltr'><strong><em>turus</em></strong></span> <span class='ocrx_word' id='word_1_591' title='bbox 640 4325 654 4350; x_wconf 96' lang='lat'><strong><em>,</em></strong></span> <span class='ocrx_word' id='word_1_592' title='bbox 688 4282 858 4338; x_wconf 91' lang='lat' dir='ltr'><strong><em>multo</em></strong></span> <span class='ocrx_word' id='word_1_593' title='bbox 891 4292 1136 4354; x_wconf 84' lang='lat' dir='ltr'><strong><em>tempore</em></strong></span> <span class='ocrx_word' id='word_1_594' title='bbox 1163 4282 1325 4338; x_wconf 88' lang='lat' dir='ltr'><strong><em>debet</em></strong></span> <span class='ocrx_word' id='word_1_595' title='bbox 1352 4283 1640 4353; x_wconf 90' lang='lat' dir='ltr'><strong><em>quiescere</em></strong></span> <span class='ocrx_word' id='word_1_596' title='bbox 1661 4328 1675 4353; x_wconf 91' lang='lat'><strong><em>,</em></strong></span> <span class='ocrx_word' id='word_1_597' title='bbox 1710 4292 1765 4339; x_wconf 90' lang='lat' dir='ltr'><strong><em>et</em></strong></span> <span class='ocrx_word' id='word_1_598' title='bbox 1787 4282 1975 4339; x_wconf 84' lang='lat' dir='ltr'><strong><em>dolere</em></strong></span> <span class='ocrx_word' id='word_1_599' title='bbox 2002 4282 2068 4337; x_wconf 86' lang='lat' dir='ltr'><strong><em>ad</em></strong></span> 
     </span>
    </p>
   </div>
   <div class='ocr_carea' id='block_1_73' title="bbox 470 4375 2065 4447">
    <p class='ocr_par' dir='ltr' id='par_1_73' title="bbox 470 4375 2065 4447">
     <span class='ocr_line' id='line_1_73' title="bbox 470 4375 2065 4447; baseline -0.002 -13"><span class='ocrx_word' id='word_1_600' title='bbox 470 4394 536 4435; x_wconf 91' lang='lat' dir='ltr'><strong><em>ea</em></strong></span> <span class='ocrx_word' id='word_1_601' title='bbox 557 4394 677 4447; x_wconf 66' lang='lat' dir='ltr'><strong><em>quae</em></strong></span> <span class='ocrx_word' id='word_1_602' title='bbox 698 4377 909 4432; x_wconf 88' lang='lat' dir='ltr'><strong><em>videat:</em></strong></span> <span class='ocrx_word' id='word_1_603' title='bbox 935 4375 1401 4446; x_wconf 82' lang='lat' dir='ltr'><strong><em>nihilqueltabere</em></strong></span> <span class='ocrx_word' id='word_1_604' title='bbox 1418 4391 1608 4432; x_wconf 91' lang='lat' dir='ltr'><strong><em>eorum</em></strong></span> <span class='ocrx_word' id='word_1_605' title='bbox 1634 4376 1690 4431; x_wconf 91' lang='lat' dir='ltr'><strong><em>in</em></strong></span> <span class='ocrx_word' id='word_1_606' title='bbox 1713 4376 2065 4445; x_wconf 77' lang='lat' dir='ltr'><strong><em>conscientia,</em></strong></span> 
     </span>
    </p>
   </div>
   <div class='ocr_carea' id='block_1_74' title="bbox 472 4470 1343 4544">
    <p class='ocr_par' dir='ltr' id='par_1_74' title="bbox 472 4470 1343 4544">
     <span class='ocr_line' id='line_1_74' title="bbox 472 4470 1343 4544; baseline -0.002 -17"><span class='ocrx_word' id='word_1_607' title='bbox 472 4487 592 4544; x_wconf 61' lang='lat' dir='ltr'><strong><em>quae</em></strong></span> <span class='ocrx_word' id='word_1_608' title='bbox 618 4470 674 4527; x_wconf 89' lang='lat' dir='ltr'><strong><em>in</em></strong></span> <span class='ocrx_word' id='word_1_609' title='bbox 704 4470 824 4526; x_wconf 89' lang='lat' dir='ltr'><strong><em>aliis</em></strong></span> <span class='ocrx_word' id='word_1_610' title='bbox 853 4476 1208 4540; x_wconf 88' lang='lat' dir='ltr'><strong><em>correpturos</em></strong></span> <span class='ocrx_word' id='word_1_611' title='bbox 1239 4477 1343 4526; x_wconf 91' lang='lat' dir='ltr'><strong><em>est.</em></strong></span> 
     </span>
    </p>
   </div>
   <div class='ocr_carea' id='block_1_75' title="bbox 477 4581 2071 4658">
    <p class='ocr_par' dir='ltr' id='par_1_75' title="bbox 477 4581 2071 4658">
     <span class='ocr_line' id='line_1_75' title="bbox 477 4581 2071 4658; baseline 0.001 -21"><span class='ocrx_word' id='word_1_612' title='bbox 477 4614 501 4637; x_wconf 37' lang='grc' dir='ltr'><strong><em>τν</em></strong></span> <span class='ocrx_word' id='word_1_613' title='bbox 550 4582 733 4658; x_wconf 75' lang='lat' dir='ltr'><strong><em>(Vers.</em></strong></span> <span class='ocrx_word' id='word_1_614' title='bbox 772 4584 870 4651; x_wconf 79' lang='grc'><strong><em>18,</em></strong></span> <span class='ocrx_word' id='word_1_615' title='bbox 904 4581 1019 4655; x_wconf 81' lang='lat' dir='ltr'><strong><em>l9.)</em></strong></span> <span class='ocrx_word' id='word_1_616' title='bbox 1053 4582 1117 4639; x_wconf 88' lang='lat' dir='ltr'><strong><em>Si</em></strong></span> <span class='ocrx_word' id='word_1_617' title='bbox 1158 4583 1359 4638; x_wconf 85' lang='lat' dir='ltr'><strong><em>dicente</em></strong></span> <span class='ocrx_word' id='word_1_618' title='bbox 1386 4600 1466 4638; x_wconf 86' lang='lat' dir='ltr'><strong><em>me</em></strong></span> <span class='ocrx_word' id='word_1_619' title='bbox 1504 4586 1572 4638; x_wconf 89' lang='lat' dir='ltr'><strong><em>ad</em></strong></span> <span class='ocrx_word' id='word_1_620' title='bbox 1612 4586 1825 4656; x_wconf 70' lang='lat' dir='ltr'><strong><em>impium</em></strong></span> <span class='ocrx_word' id='word_1_621' title='bbox 1851 4602 1868 4637; x_wconf 89' lang='lat'><strong><em>:</em></strong></span> <span class='ocrx_word' id='word_1_622' title='bbox 1900 4583 2071 4640; x_wconf 82' lang='lat' dir='ltr'><strong><em>Morte</em></strong></span> 
     </span>
    </p>
   </div>
   <div class='ocr_carea' id='block_1_76' title="bbox 472 4677 2068 4749">
    <p class='ocr_par' dir='ltr' id='par_1_76' title="bbox 472 4677 2068 4749">
     <span class='ocr_line' id='line_1_76' title="bbox 472 4677 2068 4749; baseline -0.001 -16"><span class='ocrx_word' id='word_1_623' title='bbox 472 4678 708 4733; x_wconf 83' lang='lat' dir='ltr'><strong><em>morieris</em></strong></span> <span class='ocrx_word' id='word_1_624' title='bbox 734 4722 747 4747; x_wconf 89' lang='lat'><strong><em>,</em></strong></span> <span class='ocrx_word' id='word_1_625' title='bbox 784 4692 886 4730; x_wconf 90' lang='lat' dir='ltr'><strong><em>non</em></strong></span> <span class='ocrx_word' id='word_1_626' title='bbox 930 4677 1318 4731; x_wconf 84' lang='lat' dir='ltr'><strong><em>annuntiaveris</em></strong></span> <span class='ocrx_word' id='word_1_627' title='bbox 1344 4677 1389 4731; x_wconf 87' lang='lat' dir='ltr'><strong><em>ei</em></strong></span> <span class='ocrx_word' id='word_1_628' title='bbox 1415 4720 1429 4745; x_wconf 93' lang='lat'><strong><em>,</em></strong></span> <span class='ocrx_word' id='word_1_629' title='bbox 1475 4694 1633 4748; x_wconf 85' lang='lat' dir='ltr'><strong><em>neque</em></strong></span> <span class='ocrx_word' id='word_1_630' title='bbox 1662 4679 1867 4733; x_wconf 89' lang='lat' dir='ltr'><strong><em>locutus</em></strong></span> <span class='ocrx_word' id='word_1_631' title='bbox 1909 4678 2068 4749; x_wconf 77' lang='lat' dir='ltr'><strong><em>fueris</em></strong></span> 
     </span>
    </p>
   </div>
   <div class='ocr_carea' id='block_1_77' title="bbox 473 4768 2070 4839">
    <p class='ocr_par' dir='ltr' id='par_1_77' title="bbox 473 4768 2070 4839">
     <span class='ocr_line' id='line_1_77' title="bbox 473 4768 2070 4839; baseline -0.001 -14"><span class='ocrx_word' id='word_1_632' title='bbox 473 4779 531 4825; x_wconf 87' lang='lat' dir='ltr'><strong><em>ut</em></strong></span> <span class='ocrx_word' id='word_1_633' title='bbox 564 4778 826 4824; x_wconf 82' lang='lat' dir='ltr'><strong><em>avertatur</em></strong></span> <span class='ocrx_word' id='word_1_634' title='bbox 853 4785 886 4822; x_wconf 91' lang='lat' dir='ltr'><strong><em>a</em></strong></span> <span class='ocrx_word' id='word_1_635' title='bbox 914 4769 995 4821; x_wconf 89' lang='lat' dir='ltr'><strong><em>via</em></strong></span> <span class='ocrx_word' id='word_1_636' title='bbox 1024 4785 1120 4822; x_wconf 87' lang='lat' dir='ltr'><strong><em>sua</em></strong></span> <span class='ocrx_word' id='word_1_637' title='bbox 1144 4768 1348 4837; x_wconf 66' lang='lat' dir='ltr'><strong><em>impia,</em></strong></span> <span class='ocrx_word' id='word_1_638' title='bbox 1384 4778 1430 4823; x_wconf 87' lang='lat' dir='ltr'><strong><em>et</em></strong></span> <span class='ocrx_word' id='word_1_639' title='bbox 1460 4770 1592 4823; x_wconf 76' lang='lat' dir='ltr'><strong><em>vivat</em></strong></span> <span class='ocrx_word' id='word_1_640' title='bbox 1616 4786 1634 4822; x_wconf 91' lang='lat'><strong><em>:</em></strong></span> <span class='ocrx_word' id='word_1_641' title='bbox 1664 4770 1772 4839; x_wconf 86' lang='lat' dir='ltr'><strong><em>ipse</em></strong></span> <span class='ocrx_word' id='word_1_642' title='bbox 1798 4770 1987 4839; x_wconf 84' lang='lat' dir='ltr'><strong><em>impius</em></strong></span> <span class='ocrx_word' id='word_1_643' title='bbox 2015 4770 2070 4824; x_wconf 85' lang='lat' dir='ltr'><strong><em>in</em></strong></span> 
     </span>
    </p>
   </div>
   <div class='ocr_carea' id='block_1_78' title="bbox 471 4861 2071 4935">
    <p class='ocr_par' dir='ltr' id='par_1_78' title="bbox 471 4861 2071 4935">
     <span class='ocr_line' id='line_1_78' title="bbox 471 4861 2071 4935; baseline 0.002 -20"><span class='ocrx_word' id='word_1_644' title='bbox 471 4862 746 4933; x_wconf 88' lang='lat' dir='ltr'><strong><em>iniquitate</em></strong></span> <span class='ocrx_word' id='word_1_645' title='bbox 793 4877 889 4915; x_wconf 89' lang='lat' dir='ltr'><strong><em>sua</em></strong></span> <span class='ocrx_word' id='word_1_646' title='bbox 934 4861 1226 4927; x_wconf 87' lang='lat' dir='ltr'><strong><em>morietur;</em></strong></span> <span class='ocrx_word' id='word_1_647' title='bbox 1269 4862 1572 4932; x_wconf 86' lang='lat' dir='ltr'><strong><em>sanguinem</em></strong></span> <span class='ocrx_word' id='word_1_648' title='bbox 1626 4873 1799 4917; x_wconf 83' lang='lat' dir='ltr'><strong><em>autem</em></strong></span> <span class='ocrx_word' id='word_1_649' title='bbox 1846 4868 1960 4935; x_wconf 86' lang='lat' dir='ltr'><strong><em>ejus</em></strong></span> <span class='ocrx_word' id='word_1_650' title='bbox 2007 4864 2071 4918; x_wconf 86' lang='lat' dir='ltr'><strong><em>de</em></strong></span> 
     </span>
    </p>
   </div>
   <div class='ocr_carea' id='block_1_79' title="bbox 472 4951 2065 5027">
    <p class='ocr_par' dir='ltr' id='par_1_79' title="bbox 472 4951 2065 5027">
     <span class='ocr_line' id='line_1_79' title="bbox 472 4951 2065 5027; baseline 0 -18"><span class='ocrx_word' id='word_1_651' title='bbox 472 4971 632 5009; x_wconf 86' lang='lat' dir='ltr'><strong><em>manu</em></strong></span> <span class='ocrx_word' id='word_1_652' title='bbox 685 4964 773 5008; x_wconf 92' lang='lat' dir='ltr'><strong><em>tua</em></strong></span> <span class='ocrx_word' id='word_1_653' title='bbox 800 4956 1077 5023; x_wconf 87' lang='lat' dir='ltr'><strong><em>requiram.</em></strong></span> <span class='ocrx_word' id='word_1_654' title='bbox 1125 4951 1187 5008; x_wconf 91' lang='lat' dir='ltr'><strong><em>Si</em></strong></span> <span class='ocrx_word' id='word_1_655' title='bbox 1226 4963 1397 5008; x_wconf 89' lang='lat' dir='ltr'><strong><em>autent</em></strong></span> <span class='ocrx_word' id='word_1_656' title='bbox 1440 4955 1823 5009; x_wconf 83' lang='lat' dir='ltr'><strong><em>annuntiaveris</em></strong></span> <span class='ocrx_word' id='word_1_657' title='bbox 1862 4956 2021 5027; x_wconf 86' lang='lat' dir='ltr'><strong><em>impio</em></strong></span> <span class='ocrx_word' id='word_1_658' title='bbox 2050 4997 2065 5023; x_wconf 93' lang='lat'><strong><em>,</em></strong></span> 
     </span>
    </p>
   </div>
   <div class='ocr_carea' id='block_1_80' title="bbox 473 5046 2069 5121">
    <p class='ocr_par' dir='ltr' id='par_1_80' title="bbox 473 5046 2069 5121">
     <span class='ocr_line' id='line_1_80' title="bbox 473 5046 2069 5121; baseline 0.001 -17"><span class='ocrx_word' id='word_1_659' title='bbox 473 5057 520 5104; x_wconf 88' lang='lat' dir='ltr'><strong><em>et</em></strong></span> <span class='ocrx_word' id='word_1_660' title='bbox 554 5049 643 5104; x_wconf 88' lang='lat' dir='ltr'><strong><em>ille</em></strong></span> <span class='ocrx_word' id='word_1_661' title='bbox 672 5064 777 5102; x_wconf 90' lang='lat' dir='ltr'><strong><em>non</em></strong></span> <span class='ocrx_word' id='word_1_662' title='bbox 823 5047 979 5118; x_wconf 77' lang='lat' dir='ltr'><strong><em>fuerit</em></strong></span> <span class='ocrx_word' id='word_1_663' title='bbox 1012 5062 1287 5101; x_wconf 84' lang='lat' dir='ltr'><strong><em>conversus</em></strong></span> <span class='ocrx_word' id='word_1_664' title='bbox 1333 5047 1397 5102; x_wconf 93' lang='lat' dir='ltr'><strong><em>ab</em></strong></span> <span class='ocrx_word' id='word_1_665' title='bbox 1423 5046 1452 5087; x_wconf 72' lang='grc' dir='ltr'><strong><em>ι)</em></strong></span> <span class='ocrx_word' id='word_1_666' title='bbox 1494 5050 1765 5121; x_wconf 85' lang='lat' dir='ltr'><strong><em>iniquitate</em></strong></span> <span class='ocrx_word' id='word_1_667' title='bbox 1789 5092 1803 5117; x_wconf 89' lang='lat'><strong><em>,</em></strong></span> <span class='ocrx_word' id='word_1_668' title='bbox 1838 5061 1882 5106; x_wconf 93' lang='lat' dir='ltr'><strong><em>et</em></strong></span> <span class='ocrx_word' id='word_1_669' title='bbox 1928 5069 1959 5105; x_wconf 92' lang='lat' dir='ltr'><strong><em>a</em></strong></span> <span class='ocrx_word' id='word_1_670' title='bbox 1988 5052 2069 5106; x_wconf 89' lang='lat' dir='ltr'><strong><em>via</em></strong></span> 
     </span>
    </p>
   </div>
   <div class='ocr_carea' id='block_1_81' title="bbox 471 5140 2065 5214">
    <p class='ocr_par' dir='ltr' id='par_1_81' title="bbox 471 5140 2065 5214">
     <span class='ocr_line' id='line_1_81' title="bbox 471 5140 2065 5214; baseline 0.003 -15"><span class='ocrx_word' id='word_1_671' title='bbox 471 5161 568 5199; x_wconf 86' lang='lat' dir='ltr'><strong><em>sua</em></strong></span> <span class='ocrx_word' id='word_1_672' title='bbox 594 5144 794 5214; x_wconf 87' lang='lat' dir='ltr'><strong><em>impia:</em></strong></span> <span class='ocrx_word' id='word_1_673' title='bbox 823 5142 933 5213; x_wconf 87' lang='lat' dir='ltr'><strong><em>ipse</em></strong></span> <span class='ocrx_word' id='word_1_674' title='bbox 958 5140 1166 5212; x_wconf 89' lang='lat' dir='ltr'><strong><em>quidem</em></strong></span> <span class='ocrx_word' id='word_1_675' title='bbox 1206 5142 1261 5195; x_wconf 88' lang='lat' dir='ltr'><strong><em>in</em></strong></span> <span class='ocrx_word' id='word_1_676' title='bbox 1288 5143 1561 5212; x_wconf 89' lang='lat' dir='ltr'><strong><em>iniquitate</em></strong></span> <span class='ocrx_word' id='word_1_677' title='bbox 1590 5162 1686 5198; x_wconf 89' lang='lat' dir='ltr'><strong><em>sua</em></strong></span> <span class='ocrx_word' id='word_1_678' title='bbox 1710 5146 1975 5209; x_wconf 88' lang='lat' dir='ltr'><strong><em>morietur,</em></strong></span> <span class='ocrx_word' id='word_1_679' title='bbox 2009 5160 2065 5203; x_wconf 85' lang='lat' dir='ltr'><strong><em>tu</em></strong></span> 
     </span>
    </p>
   </div>
   <div class='ocr_carea' id='block_1_82' title="bbox 469 5231 2065 5309">
    <p class='ocr_par' dir='ltr' id='par_1_82' title="bbox 469 5231 2065 5309">
     <span class='ocr_line' id='line_1_82' title="bbox 469 5231 2065 5309; baseline 0.005 -19"><span class='ocrx_word' id='word_1_680' title='bbox 469 5248 641 5291; x_wconf 88' lang='lat' dir='ltr'><strong><em>autem</em></strong></span> <span class='ocrx_word' id='word_1_681' title='bbox 680 5236 907 5289; x_wconf 89' lang='lat' dir='ltr'><strong><em>anintam</em></strong></span> <span class='ocrx_word' id='word_1_682' title='bbox 934 5242 1075 5287; x_wconf 90' lang='lat' dir='ltr'><strong><em>tuam</em></strong></span> <span class='ocrx_word' id='word_1_683' title='bbox 1101 5231 1355 5289; x_wconf 86' lang='lat' dir='ltr'><strong><em>liberasti.</em></strong></span> <span class='ocrx_word' id='word_1_684' title='bbox 1393 5235 1509 5291; x_wconf 90' lang='lat' dir='ltr'><strong><em>Duo</em></strong></span> <span class='ocrx_word' id='word_1_685' title='bbox 1550 5247 1675 5291; x_wconf 84' lang='lat' dir='ltr'><strong><em>sunt</em></strong></span> <span class='ocrx_word' id='word_1_686' title='bbox 1720 5238 1914 5309; x_wconf 89' lang='lat' dir='ltr'><strong><em>impii,</em></strong></span> <span class='ocrx_word' id='word_1_687' title='bbox 1949 5241 2065 5299; x_wconf 87' lang='lat' dir='ltr'><strong><em>sive</em></strong></span> 
     </span>
    </p>
   </div>
   <div class='ocr_carea' id='block_1_83' title="bbox 469 5324 2066 5403">
    <p class='ocr_par' dir='ltr' id='par_1_83' title="bbox 469 5324 2066 5403">
     <span class='ocr_line' id='line_1_83' title="bbox 469 5324 2066 5403; baseline 0.005 -18"><span class='ocrx_word' id='word_1_688' title='bbox 469 5327 665 5401; x_wconf 89' lang='lat' dir='ltr'><strong><em>iniqui,</em></strong></span> <span class='ocrx_word' id='word_1_689' title='bbox 697 5336 756 5383; x_wconf 90' lang='lat' dir='ltr'><strong><em>ut</em></strong></span> <span class='ocrx_word' id='word_1_690' title='bbox 776 5324 922 5382; x_wconf 81' lang='lat' dir='ltr'><strong><em>LXX</em></strong></span> <span class='ocrx_word' id='word_1_691' title='bbox 955 5330 1369 5384; x_wconf 88' lang='lat' dir='ltr'><strong><em>transtulerunt.</em></strong></span> <span class='ocrx_word' id='word_1_692' title='bbox 1395 5328 1549 5386; x_wconf 86' lang='lat' dir='ltr'><strong><em>Unus</em></strong></span> <span class='ocrx_word' id='word_1_693' title='bbox 1573 5331 1662 5403; x_wconf 88' lang='lat' dir='ltr'><strong><em>qui</em></strong></span> <span class='ocrx_word' id='word_1_694' title='bbox 1695 5330 1828 5388; x_wconf 91' lang='lat' dir='ltr'><strong><em>nihil</em></strong></span> <span class='ocrx_word' id='word_1_695' title='bbox 1855 5335 2006 5392; x_wconf 91' lang='lat' dir='ltr'><strong><em>audit</em></strong></span> <span class='ocrx_word' id='word_1_696' title='bbox 2035 5355 2066 5393; x_wconf 89' lang='lat' dir='ltr'><strong><em>a</em></strong></span> 
     </span>
    </p>
   </div>
   <div class='ocr_carea' id='block_1_84' title="bbox 544 5445 1405 5502">
    <p class='ocr_par' dir='ltr' id='par_1_84' title="bbox 544 5445 1405 5502">
     <span class='ocr_line' id='line_1_84' title="bbox 544 5445 1405 5502; baseline 0.003 -3"><span class='ocrx_word' id='word_1_697' title='bbox 544 5455 571 5485; x_wconf 71' lang='grc' dir='ltr'><strong>α</strong></span> <span class='ocrx_word' id='word_1_698' title='bbox 604 5445 811 5501; x_wconf 86' lang='lat' dir='ltr'><strong><em>Vitiose</em></strong></span> <span class='ocrx_word' id='word_1_699' title='bbox 835 5453 992 5499; x_wconf 88' lang='lat' dir='ltr'><strong><em>antea</em></strong></span> <span class='ocrx_word' id='word_1_700' title='bbox 1023 5454 1141 5500; x_wconf 85' lang='lat' dir='ltr'><strong><em>erat</em></strong></span> <span class='ocrx_word' id='word_1_701' title='bbox 1161 5445 1405 5502; x_wconf 86' lang='lat' dir='ltr'><strong><em>dicimus.</em></strong></span> 
     </span>
    </p>
   </div>
   <div class='ocr_carea' id='block_1_85' title="bbox 541 5516 2057 5595">
    <p class='ocr_par' dir='ltr' id='par_1_85' title="bbox 541 5516 2057 5595">
     <span class='ocr_line' id='line_1_85' title="bbox 541 5516 2057 5595; baseline 0.007 -23"><span class='ocrx_word' id='word_1_702' title='bbox 541 5517 569 5556; x_wconf 76' lang='grc' dir='ltr'><strong>ι)</strong></span> <span class='ocrx_word' id='word_1_703' title='bbox 614 5517 822 5595; x_wconf 58' lang='grc' dir='ltr'><strong><em>κηρίῳ·ἶ</em></strong></span> <span class='ocrx_word' id='word_1_704' title='bbox 853 5532 977 5595; x_wconf 83' lang='lat' dir='ltr'><strong><em>cum</em></strong></span> <span class='ocrx_word' id='word_1_705' title='bbox 1004 5516 1269 5595; x_wconf 74' lang='lat' dir='ltr'><strong><em>Vulgata,</em></strong></span> <span class='ocrx_word' id='word_1_706' title='bbox 1300 5520 1362 5573; x_wconf 90' lang='lat' dir='ltr'><strong><em>ab</em></strong></span> <span class='ocrx_word' id='word_1_707' title='bbox 1402 5519 1663 5595; x_wconf 77' lang='lat' dir='ltr'><strong><em>impietate</em></strong></span> <span class='ocrx_word' id='word_1_708' title='bbox 1694 5531 1782 5577; x_wconf 87' lang='lat' dir='ltr'><strong><em>tua</em></strong></span> <span class='ocrx_word' id='word_1_709' title='bbox 1822 5536 1902 5595; x_wconf 81' lang='lat' dir='ltr'><strong><em>et,</em></strong></span> <span class='ocrx_word' id='word_1_710' title='bbox 1928 5537 2057 5595; x_wconf 90' lang='lat' dir='ltr'><strong><em>etc.,</em></strong></span> 
     </span>
    </p>
   </div>
   <div class='ocr_carea' id='block_1_86' title="bbox 471 5589 2060 5669">
    <p class='ocr_par' dir='ltr' id='par_1_86' title="bbox 471 5589 2060 5669">
     <span class='ocr_line' id='line_1_86' title="bbox 471 5589 2060 5669; baseline 0.002 -25"><span class='ocrx_word' id='word_1_711' title='bbox 471 5604 695 5669; x_wconf 64' lang='lat' dir='ltr'><strong><em>negans,</em></strong></span> <span class='ocrx_word' id='word_1_712' title='bbox 718 5589 781 5643; x_wconf 89' lang='lat' dir='ltr'><strong><em>ab</em></strong></span> <span class='ocrx_word' id='word_1_713' title='bbox 805 5589 1052 5669; x_wconf 75' lang='lat' dir='ltr'><strong><em>inquitate</em></strong></span> <span class='ocrx_word' id='word_1_714' title='bbox 1074 5591 1412 5669; x_wconf 78' lang='lat' dir='ltr'><strong><em>,_lectionem</em></strong></span> <span class='ocrx_word' id='word_1_715' title='bbox 1440 5589 1559 5646; x_wconf 70' lang='lat' dir='ltr'><strong><em>esse</em></strong></span> <span class='ocrx_word' id='word_1_716' title='bbox 1588 5589 1935 5669; x_wconf 80' lang='lat' dir='ltr'><strong><em>Hieronymi;</em></strong></span> <span class='ocrx_word' id='word_1_717' title='bbox 1964 5589 2060 5657; x_wconf 78' lang='lat' dir='ltr'><strong><em>sed</em></strong></span> 
     </span>
    </p>
   </div>
   <div class='ocr_carea' id='block_1_87' title="bbox 470 5660 1237 5731">
    <p class='ocr_par' dir='ltr' id='par_1_87' title="bbox 470 5660 1237 5731">
     <span class='ocr_line' id='line_1_87' title="bbox 470 5660 1237 5731; baseline -0.003 -14"><span class='ocrx_word' id='word_1_718' title='bbox 470 5660 615 5717; x_wconf 75' lang='lat' dir='ltr'><strong><em>LXX</em></strong></span> <span class='ocrx_word' id='word_1_719' title='bbox 649 5678 661 5715; x_wconf 89' lang='lat'><strong><em>:</em></strong></span> <span class='ocrx_word' id='word_1_720' title='bbox 690 5670 782 5724; x_wconf 80' lang='grc' dir='ltr'><strong><em>τῆς</em></strong></span> <span class='ocrx_word' id='word_1_721' title='bbox 811 5662 1026 5731; x_wconf 78' lang='grc' dir='ltr'><strong><em>ἀνομίας</em></strong></span> <span class='ocrx_word' id='word_1_722' title='bbox 1055 5662 1237 5716; x_wconf 80' lang='grc' dir='ltr'>αὐτοῦ.</span> 
     </span>
    </p>
   </div>
   <div class='ocr_carea' id='block_1_88' title="bbox 543 5732 2062 5803">
    <p class='ocr_par' dir='ltr' id='par_1_88' title="bbox 543 5732 2062 5803">
     <span class='ocr_line' id='line_1_88' title="bbox 543 5732 2062 5803; baseline 0.007 -15"><span class='ocrx_word' id='word_1_723' title='bbox 543 5744 566 5773; x_wconf 76' lang='grc' dir='ltr'><strong>ο</strong></span> <span class='ocrx_word' id='word_1_724' title='bbox 601 5732 745 5789; x_wconf 88' lang='lat' dir='ltr'><strong><em>Idem</em></strong></span> <span class='ocrx_word' id='word_1_725' title='bbox 773 5777 787 5801; x_wconf 91' lang='lat'><strong><em>,</em></strong></span> <span class='ocrx_word' id='word_1_726' title='bbox 823 5732 1065 5803; x_wconf 83' lang='lat' dir='ltr'><strong><em>probetur</em></strong></span> <span class='ocrx_word' id='word_1_727' title='bbox 1094 5744 1268 5788; x_wconf 85' lang='lat' dir='ltr'><strong><em>utrum</em></strong></span> <span class='ocrx_word' id='word_1_728' title='bbox 1305 5734 1597 5803; x_wconf 86' lang='lat' dir='ltr'><strong><em>speculator</em></strong></span> <span class='ocrx_word' id='word_1_729' title='bbox 1626 5747 1867 5795; x_wconf 74' lang='lat' dir='ltr'><strong><em>externus</em></strong></span> <span class='ocrx_word' id='word_1_730' title='bbox 1905 5758 2062 5799; x_wconf 87' lang='lat' dir='ltr'><strong><em>causa</em></strong></span> 
     </span>
    </p>
   </div>
   <div class='ocr_carea' id='block_1_89' title="bbox 468 5801 2060 5887">
    <p class='ocr_par' dir='ltr' id='par_1_89' title="bbox 468 5801 2060 5887">
     <span class='ocr_line' id='line_1_89' title="bbox 468 5801 2060 5887; baseline 0.006 -26"><span class='ocrx_word' id='word_1_731' title='bbox 468 5805 535 5861; x_wconf 85' lang='lat' dir='ltr'><strong><em>sit</em></strong></span> <span class='ocrx_word' id='word_1_732' title='bbox 584 5805 764 5860; x_wconf 87' lang='lat' dir='ltr'><strong><em>mortis</em></strong></span> <span class='ocrx_word' id='word_1_733' title='bbox 786 5841 805 5873; x_wconf 88' lang='lat'><strong><em>,</em></strong></span> <span class='ocrx_word' id='word_1_734' title='bbox 831 5814 941 5860; x_wconf 89' lang='lat' dir='ltr'><strong><em>etc.</em></strong></span> <span class='ocrx_word' id='word_1_735' title='bbox 985 5801 1163 5861; x_wconf 86' lang='lat' dir='ltr'><strong><em>Nullis</em></strong></span> <span class='ocrx_word' id='word_1_736' title='bbox 1194 5801 1344 5876; x_wconf 90' lang='lat' dir='ltr'><strong><em>quod</em></strong></span> <span class='ocrx_word' id='word_1_737' title='bbox 1372 5807 1541 5865; x_wconf 87' lang='lat' dir='ltr'><strong><em>sciam</em></strong></span> <span class='ocrx_word' id='word_1_738' title='bbox 1576 5822 1711 5865; x_wconf 87' lang='lat' dir='ltr'><strong><em>mss.</em></strong></span> <span class='ocrx_word' id='word_1_739' title='bbox 1757 5810 2060 5887; x_wconf 73' lang='lat' dir='ltr'><strong><em>suifragan-</em></strong></span> 
     </span>
    </p>
   </div>
   <div class='ocr_carea' id='block_1_90' title="bbox 2175 3299 3772 3373">
    <p class='ocr_par' dir='ltr' id='par_1_90' title="bbox 2175 3299 3772 3373">
     <span class='ocr_line' id='line_1_90' title="bbox 2175 3299 3772 3373; baseline -0.003 -14"><span class='ocrx_word' id='word_1_740' title='bbox 2175 3313 2227 3359; x_wconf 91' lang='lat' dir='ltr'><strong><em>et</em></strong></span> <span class='ocrx_word' id='word_1_741' title='bbox 2258 3313 2281 3341; x_wconf 72' lang='grc' dir='ltr'>ο</span> <span class='ocrx_word' id='word_1_742' title='bbox 2314 3302 2511 3373; x_wconf 88' lang='lat' dir='ltr'><strong><em>periit;</em></strong></span> <span class='ocrx_word' id='word_1_743' title='bbox 2545 3302 2688 3357; x_wconf 90' lang='lat' dir='ltr'><strong><em>alter</em></strong></span> <span class='ocrx_word' id='word_1_744' title='bbox 2733 3302 2824 3371; x_wconf 92' lang='lat' dir='ltr'><strong><em>qui</em></strong></span> <span class='ocrx_word' id='word_1_745' title='bbox 2862 3301 3108 3370; x_wconf 88' lang='lat' dir='ltr'><strong><em>audivit,</em></strong></span> <span class='ocrx_word' id='word_1_746' title='bbox 3138 3311 3194 3356; x_wconf 90' lang='lat' dir='ltr'><strong><em>et</em></strong></span> <span class='ocrx_word' id='word_1_747' title='bbox 3221 3316 3520 3357; x_wconf 80' lang='lat' dir='ltr'><strong><em>conversus</em></strong></span> <span class='ocrx_word' id='word_1_748' title='bbox 3557 3299 3622 3353; x_wconf 88' lang='lat' dir='ltr'><strong><em>ad</em></strong></span> <span class='ocrx_word' id='word_1_749' title='bbox 3656 3314 3772 3371; x_wconf 77' lang='lat' dir='ltr'><strong><em>pte-</em></strong></span> 
     </span>
    </p>
   </div>
   <div class='ocr_carea' id='block_1_91' title="bbox 2170 3389 3768 3462">
    <p class='ocr_par' dir='ltr' id='par_1_91' title="bbox 2170 3389 3768 3462">
     <span class='ocr_line' id='line_1_91' title="bbox 2170 3389 3768 3462; baseline -0.003 -12"><span class='ocrx_word' id='word_1_750' title='bbox 2170 3395 2481 3460; x_wconf 89' lang='lat' dir='ltr'><strong><em>nitentiam,</em></strong></span> <span class='ocrx_word' id='word_1_751' title='bbox 2496 3394 2729 3448; x_wconf 82' lang='lat' dir='ltr'><strong><em>salvavit</em></strong></span> <span class='ocrx_word' id='word_1_752' title='bbox 2746 3395 2985 3449; x_wconf 88' lang='lat' dir='ltr'><strong><em>animam</em></strong></span> <span class='ocrx_word' id='word_1_753' title='bbox 3004 3409 3178 3449; x_wconf 90' lang='lat' dir='ltr'><strong><em>suam.</em></strong></span> <span class='ocrx_word' id='word_1_754' title='bbox 3194 3393 3609 3462; x_wconf 85' lang='lat' dir='ltr'><strong><em>Notandumque</em></strong></span> <span class='ocrx_word' id='word_1_755' title='bbox 3626 3389 3768 3462; x_wconf 89' lang='lat' dir='ltr'><strong><em>quod</em></strong></span> 
     </span>
    </p>
   </div>
   <div class='ocr_carea' id='block_1_92' title="bbox 2174 3485 3767 3560">
    <p class='ocr_par' dir='ltr' id='par_1_92' title="bbox 2174 3485 3767 3560">
     <span class='ocr_line' id='line_1_92' title="bbox 2174 3485 3767 3560; baseline -0.003 -15"><span class='ocrx_word' id='word_1_756' title='bbox 2174 3488 2344 3560; x_wconf 89' lang='lat' dir='ltr'><strong><em>possit</em></strong></span> <span class='ocrx_word' id='word_1_757' title='bbox 2367 3489 2552 3558; x_wconf 88' lang='lat' dir='ltr'><strong><em>justus</em></strong></span> <span class='ocrx_word' id='word_1_758' title='bbox 2577 3488 2777 3544; x_wconf 86' lang='lat' dir='ltr'><strong><em>cadere</em></strong></span> <span class='ocrx_word' id='word_1_759' title='bbox 2804 3503 2818 3554; x_wconf 92' lang='lat'><strong>;</strong></span> <span class='ocrx_word' id='word_1_760' title='bbox 2851 3497 2907 3543; x_wconf 93' lang='lat' dir='ltr'><strong><em>et</em></strong></span> <span class='ocrx_word' id='word_1_761' title='bbox 2942 3489 2988 3543; x_wconf 91' lang='lat' dir='ltr'><strong><em>si</em></strong></span> <span class='ocrx_word' id='word_1_762' title='bbox 3019 3488 3269 3545; x_wconf 90' lang='lat' dir='ltr'><strong><em>habuerit</em></strong></span> <span class='ocrx_word' id='word_1_763' title='bbox 3298 3488 3624 3560; x_wconf 76' lang='lat' dir='ltr'><strong><em>magistrum</em></strong></span> <span class='ocrx_word' id='word_1_764' title='bbox 3653 3529 3667 3553; x_wconf 94' lang='lat'><strong><em>,</em></strong></span> <span class='ocrx_word' id='word_1_765' title='bbox 3702 3485 3767 3540; x_wconf 90' lang='lat' dir='ltr'><strong><em>ad</em></strong></span> 
     </span>
    </p>
   </div>
   <div class='ocr_carea' id='block_1_93' title="bbox 2171 3582 3768 3655">
    <p class='ocr_par' dir='ltr' id='par_1_93' title="bbox 2171 3582 3768 3655">
     <span class='ocr_line' id='line_1_93' title="bbox 2171 3582 3768 3655; baseline -0.001 -16"><span class='ocrx_word' id='word_1_766' title='bbox 2171 3584 2401 3639; x_wconf 88' lang='lat' dir='ltr'><strong><em>meliora</em></strong></span> <span class='ocrx_word' id='word_1_767' title='bbox 2427 3583 2698 3638; x_wconf 90' lang='lat' dir='ltr'><strong><em>converti.</em></strong></span> <span class='ocrx_word' id='word_1_768' title='bbox 2734 3582 2799 3638; x_wconf 88' lang='lat' dir='ltr'><strong><em>Et</em></strong></span> <span class='ocrx_word' id='word_1_769' title='bbox 2833 3582 2973 3638; x_wconf 86' lang='lat' dir='ltr'><strong><em>bona</em></strong></span> <span class='ocrx_word' id='word_1_770' title='bbox 3004 3583 3165 3655; x_wconf 88' lang='lat' dir='ltr'><strong><em>igitur</em></strong></span> <span class='ocrx_word' id='word_1_771' title='bbox 3202 3598 3371 3654; x_wconf 88' lang='lat' dir='ltr'><strong><em>opera</em></strong></span> <span class='ocrx_word' id='word_1_772' title='bbox 3400 3582 3646 3653; x_wconf 81' lang='lat' dir='ltr'><strong><em>indigent</em></strong></span> <span class='ocrx_word' id='word_1_773' title='bbox 3678 3597 3768 3637; x_wconf 83' lang='lat' dir='ltr'><strong><em>as-</em></strong></span> 
     </span>
    </p>
   </div>
   <div class='ocr_carea' id='block_1_94' title="bbox 2170 3674 3771 3745">
    <p class='ocr_par' dir='ltr' id='par_1_94' title="bbox 2170 3674 3771 3745">
     <span class='ocr_line' id='line_1_94' title="bbox 2170 3674 3771 3745; baseline 0 -16"><span class='ocrx_word' id='word_1_774' title='bbox 2170 3675 2327 3730; x_wconf 91' lang='lat' dir='ltr'><strong><em>siduo</em></strong></span> <span class='ocrx_word' id='word_1_775' title='bbox 2356 3683 2723 3745; x_wconf 70' lang='lat' dir='ltr'><strong><em>prmceptore‘,</em></strong></span> <span class='ocrx_word' id='word_1_776' title='bbox 2754 3689 2823 3729; x_wconf 88' lang='lat' dir='ltr'><strong><em>ne</em></strong></span> <span class='ocrx_word' id='word_1_777' title='bbox 2850 3675 3035 3745; x_wconf 89' lang='lat' dir='ltr'><strong><em>lapsus</em></strong></span> <span class='ocrx_word' id='word_1_778' title='bbox 3083 3674 3152 3730; x_wconf 88' lang='lat' dir='ltr'><strong><em>ab</em></strong></span> <span class='ocrx_word' id='word_1_779' title='bbox 3190 3676 3401 3743; x_wconf 81' lang='lat' dir='ltr'><strong><em>Optimo</em></strong></span> <span class='ocrx_word' id='word_1_780' title='bbox 3445 3689 3649 3740; x_wconf 81' lang='lat' dir='ltr'><strong><em>cursu,</em></strong></span> <span class='ocrx_word' id='word_1_781' title='bbox 3688 3688 3771 3729; x_wconf 88' lang='lat' dir='ltr'><strong><em>re-</em></strong></span> 
     </span>
    </p>
   </div>
   <div class='ocr_carea' id='block_1_95' title="bbox 2174 3766 3772 3839">
    <p class='ocr_par' dir='ltr' id='par_1_95' title="bbox 2174 3766 3772 3839">
     <span class='ocr_line' id='line_1_95' title="bbox 2174 3766 3772 3839; baseline 0.001 -18"><span class='ocrx_word' id='word_1_782' title='bbox 2174 3766 2352 3822; x_wconf 87' lang='lat' dir='ltr'><strong><em>trahat</em></strong></span> <span class='ocrx_word' id='word_1_783' title='bbox 2377 3766 2591 3837; x_wconf 92' lang='lat' dir='ltr'><strong><em>pedem.</em></strong></span> <span class='ocrx_word' id='word_1_784' title='bbox 2626 3766 2693 3821; x_wconf 85' lang='lat' dir='ltr'><strong><em>Et</em></strong></span> <span class='ocrx_word' id='word_1_785' title='bbox 2715 3767 2914 3838; x_wconf 89' lang='lat' dir='ltr'><strong><em>impius</em></strong></span> <span class='ocrx_word' id='word_1_786' title='bbox 2933 3767 3179 3839; x_wconf 90' lang='lat' dir='ltr'><strong><em>quidem,</em></strong></span> <span class='ocrx_word' id='word_1_787' title='bbox 3202 3767 3286 3823; x_wconf 87' lang='lat' dir='ltr'><strong><em>vel</em></strong></span> <span class='ocrx_word' id='word_1_788' title='bbox 3317 3768 3540 3838; x_wconf 89' lang='lat' dir='ltr'><strong><em>iniquus</em></strong></span> <span class='ocrx_word' id='word_1_789' title='bbox 3567 3769 3611 3822; x_wconf 90' lang='lat' dir='ltr'><strong><em>si</em></strong></span> <span class='ocrx_word' id='word_1_790' title='bbox 3640 3781 3772 3824; x_wconf 87' lang='lat' dir='ltr'><strong><em>con-</em></strong></span> 
     </span>
    </p>
   </div>
   <div class='ocr_carea' id='block_1_96' title="bbox 2173 3859 3768 3934">
    <p class='ocr_par' dir='ltr' id='par_1_96' title="bbox 2173 3859 3768 3934">
     <span class='ocr_line' id='line_1_96' title="bbox 2173 3859 3768 3934; baseline 0.003 -20"><span class='ocrx_word' id='word_1_791' title='bbox 2173 3875 2363 3916; x_wconf 89' lang='lat' dir='ltr'><strong><em>versus</em></strong></span> <span class='ocrx_word' id='word_1_792' title='bbox 2415 3876 2523 3915; x_wconf 88' lang='lat' dir='ltr'><strong><em>non</em></strong></span> <span class='ocrx_word' id='word_1_793' title='bbox 2574 3859 2771 3925; x_wconf 89' lang='lat' dir='ltr'><strong><em>fuerit,</em></strong></span> <span class='ocrx_word' id='word_1_794' title='bbox 2811 3860 2865 3915; x_wconf 91' lang='lat' dir='ltr'><strong><em>in</em></strong></span> <span class='ocrx_word' id='word_1_795' title='bbox 2915 3861 3194 3932; x_wconf 90' lang='lat' dir='ltr'><strong><em>impietate</em></strong></span> <span class='ocrx_word' id='word_1_796' title='bbox 3231 3872 3285 3918; x_wconf 92' lang='lat' dir='ltr'><strong><em>et</em></strong></span> <span class='ocrx_word' id='word_1_797' title='bbox 3340 3862 3624 3934; x_wconf 88' lang='lat' dir='ltr'><strong><em>iniquitate</em></strong></span> <span class='ocrx_word' id='word_1_798' title='bbox 3673 3879 3768 3919; x_wconf 85' lang='lat' dir='ltr'><strong><em>sua</em></strong></span> 
     </span>
    </p>
   </div>
   <div class='ocr_carea' id='block_1_97' title="bbox 2174 3954 3768 4027">
    <p class='ocr_par' dir='ltr' id='par_1_97' title="bbox 2174 3954 3768 4027">
     <span class='ocr_line' id='line_1_97' title="bbox 2174 3954 3768 4027; baseline 0.001 -16"><span class='ocrx_word' id='word_1_799' title='bbox 2174 3955 2457 4012; x_wconf 90' lang='lat' dir='ltr'><strong><em>morietur.</em></strong></span> <span class='ocrx_word' id='word_1_800' title='bbox 2491 3954 2679 4011; x_wconf 86' lang='lat' dir='ltr'><strong><em>Justus</em></strong></span> <span class='ocrx_word' id='word_1_801' title='bbox 2716 3965 2899 4011; x_wconf 90' lang='lat' dir='ltr'><strong><em>autem</em></strong></span> <span class='ocrx_word' id='word_1_802' title='bbox 2944 3956 2989 4010; x_wconf 90' lang='lat' dir='ltr'><strong><em>si</em></strong></span> <span class='ocrx_word' id='word_1_803' title='bbox 3023 3954 3216 4011; x_wconf 81' lang='lat' dir='ltr'><strong><em>iecerit</em></strong></span> <span class='ocrx_word' id='word_1_804' title='bbox 3245 3957 3576 4027; x_wconf 88' lang='lat' dir='ltr'><strong><em>impietatem</em></strong></span> <span class='ocrx_word' id='word_1_805' title='bbox 3608 3966 3768 4026; x_wconf 89' lang='lat' dir='ltr'><strong><em>atque</em></strong></span> 
     </span>
    </p>
   </div>
   <div class='ocr_carea' id='block_1_98' title="bbox 2173 4048 3764 4119">
    <p class='ocr_par' dir='ltr' id='par_1_98' title="bbox 2173 4048 3764 4119">
     <span class='ocr_line' id='line_1_98' title="bbox 2173 4048 3764 4119; baseline 0.003 -20"><span class='ocrx_word' id='word_1_806' title='bbox 2173 4057 2477 4119; x_wconf 82' lang='lat' dir='ltr'><strong><em>peccatum,</em></strong></span> <span class='ocrx_word' id='word_1_807' title='bbox 2501 4064 2607 4102; x_wconf 92' lang='lat' dir='ltr'><strong><em>non</em></strong></span> <span class='ocrx_word' id='word_1_808' title='bbox 2635 4048 2815 4103; x_wconf 88' lang='lat' dir='ltr'><strong><em>statim</em></strong></span> <span class='ocrx_word' id='word_1_809' title='bbox 2839 4048 3090 4114; x_wconf 84' lang='lat' dir='ltr'><strong><em>moritur;</em></strong></span> <span class='ocrx_word' id='word_1_810' title='bbox 3115 4049 3209 4104; x_wconf 89' lang='lat' dir='ltr'><strong><em>sed</em></strong></span> <span class='ocrx_word' id='word_1_811' title='bbox 3235 4050 3450 4119; x_wconf 88' lang='lat' dir='ltr'><strong><em>ponitur</em></strong></span> <span class='ocrx_word' id='word_1_812' title='bbox 3468 4048 3764 4104; x_wconf 79' lang='lat' dir='ltr'><strong><em>oil&#39;endicu—</em></strong></span> 
     </span>
    </p>
   </div>
   <div class='ocr_carea' id='block_1_99' title="bbox 2173 4139 3765 4209">
    <p class='ocr_par' dir='ltr' id='par_1_99' title="bbox 2173 4139 3765 4209">
     <span class='ocr_line' id='line_1_99' title="bbox 2173 4139 3765 4209; baseline -0.001 -13"><span class='ocrx_word' id='word_1_813' title='bbox 2173 4141 2282 4196; x_wconf 90' lang='lat' dir='ltr'><strong><em>lum</em></strong></span> <span class='ocrx_word' id='word_1_814' title='bbox 2309 4155 2491 4196; x_wconf 89' lang='lat' dir='ltr'><strong><em>coram</em></strong></span> <span class='ocrx_word' id='word_1_815' title='bbox 2514 4154 2601 4206; x_wconf 92' lang='lat' dir='ltr'><strong><em>eo,</em></strong></span> <span class='ocrx_word' id='word_1_816' title='bbox 2622 4139 2737 4194; x_wconf 88' lang='lat' dir='ltr'><strong><em>sive</em></strong></span> <span class='ocrx_word' id='word_1_817' title='bbox 2760 4148 3113 4207; x_wconf 88' lang='lat' dir='ltr'><strong><em>tormentum;</em></strong></span> <span class='ocrx_word' id='word_1_818' title='bbox 3139 4150 3194 4195; x_wconf 88' lang='lat' dir='ltr'><strong><em>et</em></strong></span> <span class='ocrx_word' id='word_1_819' title='bbox 3215 4149 3275 4195; x_wconf 93' lang='lat' dir='ltr'><strong><em>ut</em></strong></span> <span class='ocrx_word' id='word_1_820' title='bbox 3290 4140 3593 4196; x_wconf 86' lang='lat' dir='ltr'><strong><em>Theodotio</em></strong></span> <span class='ocrx_word' id='word_1_821' title='bbox 3611 4140 3765 4209; x_wconf 81' lang='lat' dir='ltr'><strong><em>dixit,</em></strong></span> 
     </span>
    </p>
   </div>
   <div class='ocr_carea' id='block_1_100' title="bbox 2172 4235 3767 4305">
    <p class='ocr_par' dir='ltr' id='par_1_100' title="bbox 2172 4235 3767 4305">
     <span class='ocr_line' id='line_1_100' title="bbox 2172 4235 3767 4305; baseline 0.001 -16"><span class='ocrx_word' id='word_1_822' title='bbox 2172 4235 2451 4305; x_wconf 82' lang='lat' dir='ltr'><strong><em>inﬁrmitas</em></strong></span> <span class='ocrx_word' id='word_1_823' title='bbox 2481 4251 2497 4287; x_wconf 89' lang='lat'><strong><em>:</em></strong></span> <span class='ocrx_word' id='word_1_824' title='bbox 2531 4242 2587 4287; x_wconf 92' lang='lat' dir='ltr'><strong><em>ut</em></strong></span> <span class='ocrx_word' id='word_1_825' title='bbox 2621 4242 2966 4305; x_wconf 87' lang='lat' dir='ltr'><strong><em>torqueatur,</em></strong></span> <span class='ocrx_word' id='word_1_826' title='bbox 2998 4244 3052 4290; x_wconf 91' lang='lat' dir='ltr'><strong><em>et</em></strong></span> <span class='ocrx_word' id='word_1_827' title='bbox 3074 4235 3287 4305; x_wconf 86' lang='lat' dir='ltr'><strong><em>planam</em></strong></span> <span class='ocrx_word' id='word_1_828' title='bbox 3317 4235 3456 4289; x_wconf 89' lang='lat' dir='ltr'><strong><em>viam</em></strong></span> <span class='ocrx_word' id='word_1_829' title='bbox 3483 4250 3590 4289; x_wconf 91' lang='lat' dir='ltr'><strong><em>non</em></strong></span> <span class='ocrx_word' id='word_1_830' title='bbox 3620 4236 3767 4290; x_wconf 70' lang='lat' dir='ltr'><strong><em>intc-</em></strong></span> 
     </span>
    </p>
   </div>
   <div class='ocr_carea' id='block_1_101' title="bbox 2174 4326 3765 4398">
    <p class='ocr_par' dir='ltr' id='par_1_101' title="bbox 2174 4326 3765 4398">
     <span class='ocr_line' id='line_1_101' title="bbox 2174 4326 3765 4398; baseline -0.001 -16"><span class='ocrx_word' id='word_1_831' title='bbox 2174 4328 2309 4391; x_wconf 89' lang='lat' dir='ltr'><strong><em>niat,</em></strong></span> <span class='ocrx_word' id='word_1_832' title='bbox 2338 4335 2393 4383; x_wconf 86' lang='lat' dir='ltr'><strong><em>et</em></strong></span> <span class='ocrx_word' id='word_1_833' title='bbox 2414 4326 2684 4397; x_wconf 87' lang='lat' dir='ltr'><strong><em>intelligat</em></strong></span> <span class='ocrx_word' id='word_1_834' title='bbox 2708 4340 2767 4380; x_wconf 91' lang='lat' dir='ltr'><strong><em>se</em></strong></span> <span class='ocrx_word' id='word_1_835' title='bbox 2797 4326 3130 4397; x_wconf 87' lang='lat' dir='ltr'><strong><em>languidum,</em></strong></span> <span class='ocrx_word' id='word_1_836' title='bbox 3156 4328 3222 4383; x_wconf 89' lang='lat' dir='ltr'><strong><em>de</em></strong></span> <span class='ocrx_word' id='word_1_837' title='bbox 3242 4328 3435 4398; x_wconf 87' lang='lat' dir='ltr'><strong><em>quibus</em></strong></span> <span class='ocrx_word' id='word_1_838' title='bbox 3456 4336 3510 4383; x_wconf 87' lang='lat' dir='ltr'><strong><em>et</em></strong></span> <span class='ocrx_word' id='word_1_839' title='bbox 3541 4329 3765 4396; x_wconf 78' lang='lat' dir='ltr'><strong><em>Aposto-</em></strong></span> 
     </span>
    </p>
   </div>
   <div class='ocr_carea' id='block_1_102' title="bbox 2173 4416 3763 4491">
    <p class='ocr_par' dir='ltr' id='par_1_102' title="bbox 2173 4416 3763 4491">
     <span class='ocr_line' id='line_1_102' title="bbox 2173 4416 3763 4491; baseline 0.001 -18"><span class='ocrx_word' id='word_1_840' title='bbox 2173 4418 2257 4473; x_wconf 90' lang='lat' dir='ltr'><strong><em>lus</em></strong></span> <span class='ocrx_word' id='word_1_841' title='bbox 2286 4417 2458 4473; x_wconf 88' lang='lat' dir='ltr'><strong><em>dicit:</em></strong></span> <span class='ocrx_word' id='word_1_842' title='bbox 2492 4416 2624 4472; x_wconf 87' lang='lat' dir='ltr'><strong><em>Ideo</em></strong></span> <span class='ocrx_word' id='word_1_843' title='bbox 2661 4418 2998 4488; x_wconf 84' lang='lat' dir='ltr'><strong><em>inﬁrmantur</em></strong></span> <span class='ocrx_word' id='word_1_844' title='bbox 3034 4420 3183 4473; x_wconf 89' lang='lat' dir='ltr'><strong><em>multi</em></strong></span> <span class='ocrx_word' id='word_1_845' title='bbox 3233 4419 3375 4491; x_wconf 85' lang='lat' dir='ltr'><strong><em>apud</em></strong></span> <span class='ocrx_word' id='word_1_846' title='bbox 3410 4436 3497 4475; x_wconf 84' lang='lat' dir='ltr'><strong><em>vos</em></strong></span> <span class='ocrx_word' id='word_1_847' title='bbox 3520 4427 3601 4485; x_wconf 80' lang='lat' dir='ltr'><strong><em>,et</em></strong></span> <span class='ocrx_word' id='word_1_848' title='bbox 3641 4420 3763 4474; x_wconf 82' lang='lat' dir='ltr'><strong><em>dor-</em></strong></span> 
     </span>
    </p>
   </div>
   <div class='ocr_carea' id='block_1_103' title="bbox 2172 4507 3763 4581">
    <p class='ocr_par' dir='ltr' id='par_1_103' title="bbox 2172 4507 3763 4581">
     <span class='ocr_line' id='line_1_103' title="bbox 2172 4507 3763 4581; baseline 0.003 -19"><span class='ocrx_word' id='word_1_849' title='bbox 2172 4509 2334 4563; x_wconf 88' lang='lat' dir='ltr'><strong><em>miunt</em></strong></span> <span class='ocrx_word' id='word_1_850' title='bbox 2378 4507 2530 4563; x_wconf 89' lang='lat' dir='ltr'><strong><em>multi</em></strong></span> <span class='ocrx_word' id='word_1_851' title='bbox 2558 4507 2735 4581; x_wconf 87' lang='lat' dir='ltr'><strong><em>(Ibid;</em></strong></span> <span class='ocrx_word' id='word_1_852' title='bbox 2765 4525 2849 4577; x_wconf 65' lang='lat' dir='ltr'><strong><em>at,</em></strong></span> <span class='ocrx_word' id='word_1_853' title='bbox 2882 4510 2971 4567; x_wconf 81' lang='lat'><strong><em>&#39;50.</em></strong></span> <span class='ocrx_word' id='word_1_854' title='bbox 3004 4509 3232 4565; x_wconf 87' lang='lat' dir='ltr'><strong><em>Prodest</em></strong></span> <span class='ocrx_word' id='word_1_855' title='bbox 3255 4512 3400 4565; x_wconf 91' lang='lat' dir='ltr'><strong><em>enim</em></strong></span> <span class='ocrx_word' id='word_1_856' title='bbox 3430 4511 3575 4581; x_wconf 84' lang='lat' dir='ltr'><strong><em>justo</em></strong></span> <span class='ocrx_word' id='word_1_857' title='bbox 3609 4512 3763 4566; x_wconf 90' lang='lat' dir='ltr'><strong><em>intel-</em></strong></span> 
     </span>
    </p>
   </div>
   <div class='ocr_carea' id='block_1_104' title="bbox 2173 4599 3759 4674">
    <p class='ocr_par' dir='ltr' id='par_1_104' title="bbox 2173 4599 3759 4674">
     <span class='ocr_line' id='line_1_104' title="bbox 2173 4599 3759 4674; baseline 0.001 -18"><span class='ocrx_word' id='word_1_858' title='bbox 2173 4602 2348 4673; x_wconf 87' lang='lat' dir='ltr'><strong><em>ligere</em></strong></span> <span class='ocrx_word' id='word_1_859' title='bbox 2378 4601 2635 4657; x_wconf 81' lang='lat' dir='ltr'><strong><em>delicmm</em></strong></span> <span class='ocrx_word' id='word_1_860' title='bbox 2667 4615 2823 4657; x_wconf 89' lang='lat' dir='ltr'><strong><em>suum</em></strong></span> <span class='ocrx_word' id='word_1_861' title='bbox 2852 4647 2865 4669; x_wconf 89' lang='lat'><strong><em>,</em></strong></span> <span class='ocrx_word' id='word_1_862' title='bbox 2902 4599 3363 4674; x_wconf 63' lang='lat' dir='ltr'><strong><em>conscientiaeque</em></strong></span> <span class='ocrx_word' id='word_1_863' title='bbox 3394 4615 3719 4659; x_wconf 83' lang='lat' dir='ltr'><strong><em>tormentum</em></strong></span> <span class='ocrx_word' id='word_1_864' title='bbox 3745 4624 3759 4671; x_wconf 60' lang='lat'><strong><em>,-</em></strong></span> 
     </span>
    </p>
   </div>
   <div class='ocr_carea' id='block_1_105' title="bbox 2171 4695 3763 4772">
    <p class='ocr_par' dir='ltr' id='par_1_105' title="bbox 2171 4695 3763 4772">
     <span class='ocr_line' id='line_1_105' title="bbox 2171 4695 3763 4772; baseline 0.002 -21"><span class='ocrx_word' id='word_1_865' title='bbox 2171 4705 2228 4751; x_wconf 88' lang='lat' dir='ltr'><strong><em>et</em></strong></span> <span class='ocrx_word' id='word_1_866' title='bbox 2258 4696 2446 4751; x_wconf 90' lang='lat' dir='ltr'><strong><em>dicere</em></strong></span> <span class='ocrx_word' id='word_1_867' title='bbox 2475 4712 2598 4750; x_wconf 92' lang='lat' dir='ltr'><strong><em>cum</em></strong></span> <span class='ocrx_word' id='word_1_868' title='bbox 2631 4695 2922 4751; x_wconf 80' lang='lat' dir='ltr'><strong><em>Psalmista</em></strong></span> <span class='ocrx_word' id='word_1_869' title='bbox 2955 4712 2968 4749; x_wconf 92' lang='lat'><strong><em>:</em></strong></span> <span class='ocrx_word' id='word_1_870' title='bbox 2998 4696 3286 4752; x_wconf 81' lang='lat' dir='ltr'><strong><em>Conversus</em></strong></span> <span class='ocrx_word' id='word_1_871' title='bbox 3312 4715 3427 4753; x_wconf 88' lang='lat' dir='ltr'><strong><em>sum</em></strong></span> <span class='ocrx_word' id='word_1_872' title='bbox 3446 4698 3499 4752; x_wconf 90' lang='lat' dir='ltr'><strong><em>in</em></strong></span> <span class='ocrx_word' id='word_1_873' title='bbox 3532 4714 3763 4772; x_wconf 68' lang='lat' dir='ltr'><strong><em>rerumna</em></strong></span> 
     </span>
    </p>
   </div>
   <div class='ocr_carea' id='block_1_106' title="bbox 2174 4788 3762 4862">
    <p class='ocr_par' dir='ltr' id='par_1_106' title="bbox 2174 4788 3762 4862">
     <span class='ocr_line' id='line_1_106' title="bbox 2174 4788 3762 4862; baseline 0.001 -20"><span class='ocrx_word' id='word_1_874' title='bbox 2174 4806 2285 4843; x_wconf 75' lang='lat' dir='ltr'><strong><em>mea</em></strong></span> <span class='ocrx_word' id='word_1_875' title='bbox 2310 4833 2324 4858; x_wconf 91' lang='lat'><strong><em>,</em></strong></span> <span class='ocrx_word' id='word_1_876' title='bbox 2362 4788 2488 4842; x_wconf 85' lang='lat' dir='ltr'><strong><em>dunt</em></strong></span> <span class='ocrx_word' id='word_1_877' title='bbox 2516 4788 2645 4842; x_wconf 81' lang='lat' dir='ltr'><strong><em>mihi</em></strong></span> <span class='ocrx_word' id='word_1_878' title='bbox 2670 4788 2908 4860; x_wconf 78' lang='lat' dir='ltr'><strong><em>inﬁgitur</em></strong></span> <span class='ocrx_word' id='word_1_879' title='bbox 2933 4791 3087 4860; x_wconf 88' lang='lat' dir='ltr'><strong><em>spina</em></strong></span> <span class='ocrx_word' id='word_1_880' title='bbox 3119 4788 3235 4862; x_wconf 88' lang='lat' dir='ltr'><strong><em>(Ps.</em></strong></span> <span class='ocrx_word' id='word_1_881' title='bbox 3260 4805 3410 4859; x_wconf 73' lang='lat' dir='ltr'><strong><em>tum,</em></strong></span> <span class='ocrx_word' id='word_1_882' title='bbox 3440 4789 3516 4862; x_wconf 69' lang='grc' dir='ltr'><strong><em>Δ).</em></strong></span> <span class='ocrx_word' id='word_1_883' title='bbox 3546 4793 3609 4845; x_wconf 80' lang='lat' dir='ltr'><strong><em>Et</em></strong></span> <span class='ocrx_word' id='word_1_884' title='bbox 3633 4807 3762 4860; x_wconf 86' lang='lat' dir='ltr'><strong><em>quo-</em></strong></span> 
     </span>
    </p>
   </div>
   <div class='ocr_carea' id='block_1_107' title="bbox 2174 4877 3764 4953">
    <p class='ocr_par' dir='ltr' id='par_1_107' title="bbox 2174 4877 3764 4953">
     <span class='ocr_line' id='line_1_107' title="bbox 2174 4877 3764 4953; baseline 0.003 -20"><span class='ocrx_word' id='word_1_885' title='bbox 2174 4877 2336 4934; x_wconf 89' lang='lat' dir='ltr'><strong><em>modo</em></strong></span> <span class='ocrx_word' id='word_1_886' title='bbox 2365 4879 2533 4948; x_wconf 89' lang='lat' dir='ltr'><strong><em>impio</em></strong></span> <span class='ocrx_word' id='word_1_887' title='bbox 2560 4894 2666 4933; x_wconf 91' lang='lat' dir='ltr'><strong><em>non</em></strong></span> <span class='ocrx_word' id='word_1_888' title='bbox 2696 4889 2826 4934; x_wconf 90' lang='lat' dir='ltr'><strong><em>sunt</em></strong></span> <span class='ocrx_word' id='word_1_889' title='bbox 2853 4879 3027 4935; x_wconf 62' lang='lat' dir='ltr'><strong><em>obvia:</em></strong></span> <span class='ocrx_word' id='word_1_890' title='bbox 3055 4880 3398 4953; x_wconf 87' lang='lat' dir='ltr'><strong><em>iniquitates,</em></strong></span> <span class='ocrx_word' id='word_1_891' title='bbox 3428 4886 3469 4937; x_wconf 91' lang='lat' dir='ltr'><strong><em>si</em></strong></span> <span class='ocrx_word' id='word_1_892' title='bbox 3492 4882 3764 4937; x_wconf 84' lang='lat' dir='ltr'><strong><em>avertatur</em></strong></span> 
     </span>
    </p>
   </div>
   <div class='ocr_carea' id='block_1_108' title="bbox 2171 4971 3765 5047">
    <p class='ocr_par' dir='ltr' id='par_1_108' title="bbox 2171 4971 3765 5047">
     <span class='ocr_line' id='line_1_108' title="bbox 2171 4971 3765 5047; baseline 0.004 -22"><span class='ocrx_word' id='word_1_893' title='bbox 2171 4986 2200 5025; x_wconf 91' lang='lat' dir='ltr'><strong><em>a</em></strong></span> <span class='ocrx_word' id='word_1_894' title='bbox 2225 4971 2309 5026; x_wconf 87' lang='lat' dir='ltr'><strong><em>via</em></strong></span> <span class='ocrx_word' id='word_1_895' title='bbox 2333 4986 2429 5026; x_wconf 87' lang='lat' dir='ltr'><strong><em>sua</em></strong></span> <span class='ocrx_word' id='word_1_896' title='bbox 2465 4972 2629 5042; x_wconf 91' lang='lat' dir='ltr'><strong><em>impia</em></strong></span> <span class='ocrx_word' id='word_1_897' title='bbox 2653 4983 2708 5029; x_wconf 92' lang='lat' dir='ltr'><strong><em>et</em></strong></span> <span class='ocrx_word' id='word_1_898' title='bbox 2736 4972 2883 5029; x_wconf 89' lang='lat' dir='ltr'><strong><em>vivat</em></strong></span> <span class='ocrx_word' id='word_1_899' title='bbox 2914 4992 2926 5028; x_wconf 93' lang='lat'><strong><em>:</em></strong></span> <span class='ocrx_word' id='word_1_900' title='bbox 2960 4974 3038 5030; x_wconf 80' lang='lat' dir='ltr'><strong><em>sic</em></strong></span> <span class='ocrx_word' id='word_1_901' title='bbox 3062 4975 3213 5046; x_wconf 86' lang='lat' dir='ltr'><strong><em>justo</em></strong></span> <span class='ocrx_word' id='word_1_902' title='bbox 3245 4992 3350 5031; x_wconf 91' lang='lat' dir='ltr'><strong><em>non</em></strong></span> <span class='ocrx_word' id='word_1_903' title='bbox 3374 4987 3602 5047; x_wconf 73' lang='lat' dir='ltr'><strong><em>prosunt</em></strong></span> <span class='ocrx_word' id='word_1_904' title='bbox 3626 4978 3765 5032; x_wconf 52' lang='lat' dir='ltr'><strong><em>arui.</em></strong></span> 
     </span>
    </p>
   </div>
   <div class='ocr_carea' id='block_1_109' title="bbox 2171 5064 3761 5139">
    <p class='ocr_par' dir='ltr' id='par_1_109' title="bbox 2171 5064 3761 5139">
     <span class='ocr_line' id='line_1_109' title="bbox 2171 5064 3761 5139; baseline 0.003 -18"><span class='ocrx_word' id='word_1_905' title='bbox 2171 5080 2293 5137; x_wconf 65' lang='lat' dir='ltr'><strong><em>quae</em></strong></span> <span class='ocrx_word' id='word_1_906' title='bbox 2313 5064 2539 5137; x_wconf 84' lang='lat' dir='ltr'><strong><em>justitiae</em></strong></span> <span class='ocrx_word' id='word_1_907' title='bbox 2561 5107 2575 5132; x_wconf 94' lang='lat'><strong><em>,</em></strong></span> <span class='ocrx_word' id='word_1_908' title='bbox 2609 5067 2654 5123; x_wconf 92' lang='lat' dir='ltr'><strong><em>si</em></strong></span> <span class='ocrx_word' id='word_1_909' title='bbox 2687 5067 2845 5125; x_wconf 92' lang='lat' dir='ltr'><strong><em>novis</em></strong></span> <span class='ocrx_word' id='word_1_910' title='bbox 2876 5067 3206 5124; x_wconf 79' lang='lat' dir='ltr'><strong><em>facinoribus</em></strong></span> <span class='ocrx_word' id='word_1_911' title='bbox 3229 5069 3586 5139; x_wconf 88' lang='lat' dir='ltr'><strong><em>opprimatur.</em></strong></span> <span class='ocrx_word' id='word_1_912' title='bbox 3610 5069 3761 5137; x_wconf 88' lang='lat' dir='ltr'><strong><em>Quod</em></strong></span> 
     </span>
    </p>
   </div>
   <div class='ocr_carea' id='block_1_110' title="bbox 2172 5159 3755 5234">
    <p class='ocr_par' dir='ltr' id='par_1_110' title="bbox 2172 5159 3755 5234">
     <span class='ocr_line' id='line_1_110' title="bbox 2172 5159 3755 5234; baseline 0.003 -20"><span class='ocrx_word' id='word_1_913' title='bbox 2172 5168 2351 5215; x_wconf 87' lang='lat' dir='ltr'><strong><em>autem</em></strong></span> <span class='ocrx_word' id='word_1_914' title='bbox 2381 5160 2597 5216; x_wconf 83' lang='lat' dir='ltr'><strong><em>intulit:</em></strong></span> <span class='ocrx_word' id='word_1_915' title='bbox 2618 5159 2741 5234; x_wconf 88' lang='lat' dir='ltr'><strong><em>Ipse</em></strong></span> <span class='ocrx_word' id='word_1_916' title='bbox 2767 5165 3038 5230; x_wconf 87' lang='lat' dir='ltr'><strong><em>morietur,</em></strong></span> <span class='ocrx_word' id='word_1_917' title='bbox 3072 5165 3194 5233; x_wconf 89' lang='lat' dir='ltr'><strong><em>quia</em></strong></span> <span class='ocrx_word' id='word_1_918' title='bbox 3217 5179 3319 5217; x_wconf 87' lang='lat' dir='ltr'><strong><em>non</em></strong></span> <span class='ocrx_word' id='word_1_919' title='bbox 3347 5165 3671 5218; x_wconf 84' lang='lat' dir='ltr'><strong><em>annuntiain</em></strong></span> <span class='ocrx_word' id='word_1_920' title='bbox 3694 5165 3755 5231; x_wconf 81' lang='lat' dir='ltr'><strong><em>ei,</em></strong></span> 
     </span>
    </p>
   </div>
   <div class='ocr_carea' id='block_1_111' title="bbox 2173 5252 3760 5329">
    <p class='ocr_par' dir='ltr' id='par_1_111' title="bbox 2173 5252 3760 5329">
     <span class='ocr_line' id='line_1_111' title="bbox 2173 5252 3760 5329; baseline 0.003 -21"><span class='ocrx_word' id='word_1_921' title='bbox 2173 5252 2518 5319; x_wconf 89' lang='lat' dir='ltr'><strong><em>subauditur,</em></strong></span> <span class='ocrx_word' id='word_1_922' title='bbox 2548 5255 2791 5325; x_wconf 90' lang='lat' dir='ltr'><strong><em>potuisse</em></strong></span> <span class='ocrx_word' id='word_1_923' title='bbox 2821 5272 2945 5313; x_wconf 91' lang='lat' dir='ltr'><strong><em>eum</em></strong></span> <span class='ocrx_word' id='word_1_924' title='bbox 2977 5256 3160 5313; x_wconf 80' lang='lat' dir='ltr'><strong><em>vivere</em></strong></span> <span class='ocrx_word' id='word_1_925' title='bbox 3184 5296 3199 5324; x_wconf 93' lang='lat'><strong><em>,</em></strong></span> <span class='ocrx_word' id='word_1_926' title='bbox 3228 5256 3275 5311; x_wconf 89' lang='lat' dir='ltr'><strong><em>si</em></strong></span> <span class='ocrx_word' id='word_1_927' title='bbox 3312 5258 3622 5329; x_wconf 83' lang='lat' dir='ltr'><strong><em>speculator</em></strong></span> <span class='ocrx_word' id='word_1_928' title='bbox 3652 5271 3760 5313; x_wconf 87' lang='lat' dir='ltr'><strong><em>ma-</em></strong></span> 
     </span>
    </p>
   </div>
   <div class='ocr_carea' id='block_1_112' title="bbox 2171 5346 2765 5418">
    <p class='ocr_par' dir='ltr' id='par_1_112' title="bbox 2171 5346 2765 5418">
     <span class='ocr_line' id='line_1_112' title="bbox 2171 5346 2765 5418; baseline 0.01 -18"><span class='ocrx_word' id='word_1_929' title='bbox 2171 5347 2446 5418; x_wconf 83' lang='lat' dir='ltr'><strong><em>gisterque</em></strong></span> <span class='ocrx_word' id='word_1_930' title='bbox 2465 5346 2765 5405; x_wconf 89' lang='lat' dir='ltr'><strong><em>docuisset.</em></strong></span> 
     </span>
    </p>
   </div>
   <div class='ocr_carea' id='block_1_113' title="bbox 2165 5463 3752 5622">
    <p class='ocr_par' dir='ltr' id='par_1_113' title="bbox 2165 5463 3752 5622">
     <span class='ocr_line' id='line_1_113' title="bbox 2165 5463 3752 5622; baseline 0.008 -37"><span class='ocrx_word' id='word_1_931' title='bbox 2165 5463 2648 5622; x_wconf 31' lang='lat' dir='ltr'><strong><em>tllﬁtill’ulga‘tse</em></strong></span> <span class='ocrx_word' id='word_1_932' title='bbox 2676 5537 2949 5622; x_wconf 61' lang='lat' dir='ltr'><strong><em>liditiopis</em></strong></span> <span class='ocrx_word' id='word_1_933' title='bbox 2979 5538 3140 5622; x_wconf 70' lang='lat' dir='ltr'><strong><em>tidem</em></strong></span> <span class='ocrx_word' id='word_1_934' title='bbox 3173 5540 3421 5599; x_wconf 87' lang='lat' dir='ltr'><strong><em>rescribit</em></strong></span> <span class='ocrx_word' id='word_1_935' title='bbox 3454 5537 3752 5598; x_wconf 78' lang='lat' dir='ltr'><strong><em>Victorius:</em></strong></span> 
     </span>
    </p>
   </div>
   <div class='ocr_carea' id='block_1_114' title="bbox 2165 5610 3193 5694">
    <p class='ocr_par' dir='ltr' id='par_1_114' title="bbox 2165 5610 3193 5694">
     <span class='ocr_line' id='line_1_114' title="bbox 2165 5610 3193 5694; baseline 0.008 -36"><span class='ocrx_word' id='word_1_936' title='bbox 2165 5622 2196 5658; x_wconf 92' lang='lat' dir='ltr'><strong><em>a</em></strong></span> <span class='ocrx_word' id='word_1_937' title='bbox 2210 5610 2545 5694; x_wconf 38' lang='lat' dir='ltr'><strong><em>jus‘titiafua</em></strong></span> <span class='ocrx_word' id='word_1_938' title='bbox 2563 5610 2740 5694; x_wconf 65' lang='lat' dir='ltr'><strong><em>[usi-it,</em></strong></span> <span class='ocrx_word' id='word_1_939' title='bbox 2765 5620 2813 5663; x_wconf 90' lang='lat' dir='ltr'><strong><em>et</em></strong></span> <span class='ocrx_word' id='word_1_940' title='bbox 2842 5613 3020 5693; x_wconf 62' lang='lat' dir='ltr'><strong><em>[ecerit</em></strong></span> <span class='ocrx_word' id='word_1_941' title='bbox 3040 5656 3053 5679; x_wconf 89' lang='lat'><strong><em>,</em></strong></span> <span class='ocrx_word' id='word_1_942' title='bbox 3085 5622 3193 5694; x_wconf 75' lang='lat' dir='ltr'><strong><em>etc.</em></strong></span> 
     </span>
    </p>
   </div>
   <div class='ocr_carea' id='block_1_115' title="bbox 2166 5676 3753 5822">
    <p class='ocr_par' dir='ltr' id='par_1_115' title="bbox 2166 5676 3753 5822">
     <span class='ocr_line' id='line_1_115' title="bbox 2212 5676 3753 5762; baseline 0.006 -33"><span class='ocrx_word' id='word_1_943' title='bbox 2212 5676 2263 5713; x_wconf 66' lang='grc' dir='ltr'>ἐ</span> <span class='ocrx_word' id='word_1_944' title='bbox 2287 5676 2445 5747; x_wconf 85' lang='lat' dir='ltr'><strong><em>Apud</em></strong></span> <span class='ocrx_word' id='word_1_945' title='bbox 2476 5680 2689 5762; x_wconf 39' lang='lat' dir='ltr'><strong><em>.ttaban.</em></strong></span> <span class='ocrx_word' id='word_1_946' title='bbox 2718 5676 3178 5755; x_wconf 57' lang='lat' dir='ltr'><strong><em>outn&#39;interposita</em></strong></span> <span class='ocrx_word' id='word_1_947' title='bbox 3202 5684 3434 5756; x_wconf 82' lang='lat' dir='ltr'><strong><em>negandi</em></strong></span> <span class='ocrx_word' id='word_1_948' title='bbox 3474 5685 3753 5757; x_wconf 88' lang='lat' dir='ltr'><strong><em>particula,</em></strong></span> 
     </span>
     <span class='ocr_line' id='line_1_116' title="bbox 2166 5756 2550 5822; baseline 0.005 -17"><span class='ocrx_word' id='word_1_949' title='bbox 2166 5756 2214 5805; x_wconf 87' lang='lat' dir='ltr'><strong><em>et</em></strong></span> <span class='ocrx_word' id='word_1_950' title='bbox 2243 5764 2346 5807; x_wconf 87' lang='lat' dir='ltr'><strong><em>non</em></strong></span> <span class='ocrx_word' id='word_1_951' title='bbox 2379 5759 2550 5822; x_wconf 72' lang='lat' dir='ltr'><strong><em>periit.</em></strong></span> 
     </span>
    </p>
   </div>
  </div>
