4018 6322
183 194 237 252 ιι
882 191 1565 251 'COMMENTARIORUM
1610 194 1672 251 1N
1715 195 2148 255 EZECHIELEM
2186 199 2315 257 LIB.
2357 201 2394 256 Ι.
2446 201 2580 259 CAP
2617 205 2704 261 Ν.

240 307 422 377 (Vcrs.
458 306 578 377 29..)
606 306 675 362 Et
712 307 853 378 facta
877 318 951 363 est
980 310 1049 364 ibi
1090 310 1272 383 [Vulg.
1317 320 1461 367 tacet
1492 311 1585 385 ibi]
1608 329 1761 383 super
1788 319 1837 380 Α

184 416 248 453 ste
283 415 470 452 manus
502 396 750 468 Domini,
784 409 830 455 et
852 402 986 456 dixit
1026 404 1095 456 ad
1121 420 1201 458 me
1239 420 1258 459 :
1288 421 1503 476 surgens
1526 408 1760 479 egredere

182 492 225 544 in
258 506 525 563 campum,
566 499 613 545 et
649 491 722 545 ibi
760 492 948 562 loquar
994 503 1178 549 tecum.
1222 495 1376 561 Quod
1418 511 1485 551 ex
1528 496 1760 554 Hebraeo

184 585 561 652 transtulimus,
592 585 683 650 ibi,
708 586 839 640 etin
864 586 1010 641 LXX
1038 602 1145 643 non
1169 587 1424 655 habetur,
1449 590 1758 661 signiﬁcan-

184 683 251 728 ter
273 674 508 744 positum
544 686 628 731 est
652 719 668 744 ,
695 692 798 733 nec
832 677 1059 733 dubium
1086 679 1219 749 qttin
1254 680 1432 735 locum
1473 681 1762 749 signiﬁcet.

182 768 333 839 Supra
359 769 512 825 enim
538 770 770 841 legimus
798 770 901 826 :Et
928 774 1043 827 ueni
1075 773 1142 826 ad
1174 775 1677 848 transmigrationcm
1696 777 1765 829 ad

183 880 397 917 acerram
425 880 679 920 novarum
700 867 932 938 frugum,
963 867 1034 921 ad
1068 884 1152 922 eos
1180 869 1267 938 qui
1296 868 1591 924 habitabant
1604 874 1767 943 juxta

183 959 375 1028 ﬂuvium
388 956 604 1013 Chobar
621 959 844 1031 (Supra,
860 977 941 1029 ιιι,
964 962 1076 1030 15).
1104 962 1375 1032 Recteque
1391 964 1441 1019 ei
1465 973 1487 1000 ⁸
1501 965 1587 1019 cui
1606 962 1656 1017 di
1668 978 1767 1019 xe-

187 1061 278 1115 rst,
296 1051 430 1115 sedi,
457 1052 689 1121 jubetur
708 1062 765 1107 ut
786 1064 991 1123 surgat.
1012 1054 1076 1107 Et
1092 1053 1184 1124 qui
1208 1055 1488 1125 ingreSsus
1510 1053 1682 1109 luerat
1702 1053 1769 1109 ad

186 1145 705 1214 transmigrationem
725 1187 740 1211 ,
773 1146 946 1214 audit,
980 1145 1259 1217 egredere:
1289 1145 1396 1216 35
1420 1160 1524 1201 non
1554 1145 1606 1200 in
1641 1160 1771 1200 con-

184 1236 406 1307 fragosas
453 1237 664 1303 valles,
720 1254 829 1292 non
874 1239 925 1292 in
978 1247 1281 1308 praeruptas
1324 1252 1524 1305 rupes,
1577 1237 1672 1291 sed
1717 1239 1770 1293 itt

183 1331 335 1400 campi
362 1331 717 1386 latitudinem
741 1348 863 1402 quze
884 1336 1267 1404 possitcapere
1283 1333 1509 1403 gloriam
1531 1331 1768 1387 Domini.

184 1422 321 1479 Unde
358 1431 417 1477 et
461 1421 770 1479 Corinthiis
818 1425 1017 1479 dicitur
1047 1442 1061 1479 :
1092 1423 1407 1479 Dilatamini
1438 1425 1484 1494 (Ι
1519 1424 1639 1478 Cor.
1676 1440 1727 1478 vt
1756 1464 1770 1489 ,

188 1513 282 1582 l3).
329 1514 570 1582 Quando
607 1517 912 1587 ingreditur
948 1516 1016 1571 ad
1062 1521 1341 1587 captivos,
1374 1516 1442 1571 de
1468 1518 1667 1586 quibus
1693 1516 1778 1571 di-

187 1617 313 1662 ctum
344 1618 453 1675 est,
486 1609 634 1679 quod
667 1611 939 1665 insaniant
960 1619 1015 1665 et
1042 1620 1441 1680 persequantur
1468 1624 1615 1674 eum,
1649 1609 1775 1663 forti

3381 218 3454 270 42

1938 314 2120 387 (Vers.
2244 361 2258 385 ,
2291 314 2409 387 εἶθ.)
2443 317 2509 373 Et
2539 328 2592 372 tu
2619 365 2630 386 ,
2660 319 2740 389 ﬁli
2761 321 2985 375 hominis
3010 338 3028 375 .'
3058 338 3171 378 ecce
3195 324 3319 380 data
3336 340 3455 383 sunt

1863 425 2018 479 super
2046 419 2093 463 te
2122 409 2326 463 vincula
2346 452 2361 475 ,
2395 421 2444 465 et
2488 413 2723 484 ligabunt
2751 424 2799 469 te
2826 416 2897 469 eis
2919 459 2932 481 ,
2966 424 3014 469 et
3043 433 3145 472 non
3175 422 3452 489 egredieris

1864 499 1927 553 de
1960 499 2139 572 [Vulg.
2164 500 2240 573 in]
2268 503 2434 556 medio
2460 519 2668 573 eorum,
2699 515 2745 559 et
2766 506 2996 579 linguam
3027 519 3170 563 tuam
3193 512 3458 569 adhaerere

1867 593 2054 661 faciam
2086 596 2259 663 palato
2290 594 2397 667 (vel
2422 599 2647 668 gutturi)
2677 608 2767 653 tuo
2790 642 2804 667 ,
2836 609 2881 653 et
2911 603 3008 655 eris
3040 612 3213 659 mutus
3238 647 3251 669 ,
3280 622 3371 660 nec
3400 618 3457 660 ut

1864 685 1941 738 vir
1971 686 2251 759 obiurgans
2294 704 2381 742 eos
2430 686 2497 760 [A
2530 690 2685 759 Vulg.
2726 691 2881 746 abest
2924 694 3069 768 eos]:
3123 699 3244 766 quia
3275 699 3459 754 domus

1867 793 2179 848 exasperatis
2227 790 2318 835 est.
2363 781 2519 849 Quod
2558 782 2611 836 in
2640 783 2802 839 domo
2829 786 3099 843 clauditur
3122 834 3136 857 ,
3167 793 3309 859 quod
3340 793 3463 848 viu-

1868 868 2005 926 culis
2023 871 2297 942 alligatur,
2324 873 2465 942 quod
2492 891 2597 928 non
2621 876 2903 945 egreditur
2926 880 2991 933 ad
3016 895 3135 948 eos,
3166 883 3305 947 inter
3326 902 3464 955 quos

1872 962 2110 1027 habitat,
2143 966 2236 1018 sed
2280 966 2420 1020 inter
2448 968 2845 1025 multitudinem
2888 975 3249 1041 captivorum,
3272 980 3466 1036 solitu-

1872 1052 2051 1107 dinem
2085 1055 2322 1110 carceris
2362 1058 2563 1125 patitur
2588 1059 2667 1129 (ut
2694 1074 2855 1129 supra
2895 1060 3031 1134 dixi)
3054 1064 3355 1122 obsidiOnis
3386 1070 3468 1124 in-

1872 1145 2074 1201 dicium
2106 1158 2209 1213 est,
2234 1150 2378 1218 quod
2407 1150 2588 1204 clausa
2612 1151 2913 1208 Jerusalem
2943 1163 3107 1225 atque
3136 1159 3468 1218 circumdata

1872 1238 1941 1292 ab
1971 1242 2212 1295 exercitu
2256 1239 2661 1311 Chaldaeorum,
2692 1244 2898 1299 nullum
2929 1246 3290 1304 habitantium
3321 1252 3467 1310 foras

1876 1331 2027 1387 exire
2058 1334 2357 1401 permittet.
2380 1335 2507 1390 HIPC
2522 1346 2605 1391 est
2634 1337 2740 1391 olla
2762 1337 2833 1393 de
2862 1355 2965 1409 qua
2998 1340 3263 1397 Jerentias
3292 1346 3469 1417 loqui-

1879 1433 1966 1479 tur
1992 1425 2213 1496 (Jerem.
2243 1442 2259 1481 ι
2293 1426 2334 1498 ),
2372 1436 2427 1483 et
2454 1429 2569 1498 ipse
2616 1429 2707 1485 hic
2749 1430 3018 1501 Propheta
3052 1436 3103 1488 in
3129 1450 3475 1507 consequen-

1878 1519 2063 1584 tibus;
2098 1521 2149 1574 in
2180 1536 2283 1591 qua
2315 1536 2509 1578 carnes
2541 1524 2723 1593 populi
2755 1534 3169 1583 consumuntur.
3197 1532 3353 1596 Quod
3382 1548 3479 1588 au-

1880 1618 1986 1665 tem
2030 1610 2211 1681 lingua
2251 1612 2539 1683 PrOphetae
2587 1616 2768 1684 palato
2798 1617 2881 1672 vel
2909 1622 3110 1688 gutturi
3156 1622 3396 1679 cohaeret
3425 1635 3481 1682 et

187 1718 331 1757 manu
361 1703 620 1774 indiget,
649 1714 706 1759 ut
733 1707 901 1775 possit
928 1704 1189 1760 resistere
1211 1746 1223 1767 ,
1248 1713 1304 1759 et
1325 1704 1564 1759 furorem
1596 1717 1774 1772 perse-
1808 1713 1851 1773 Β
1879 1713 2061 1759 mutus
2084 1704 2331 1771 allectus,
2374 1708 2755 1764 auctoritatem
2793 1725 2899 1764 non
2933 1711 3095 1767 habet
3122 1714 3477 1786 increpantis,

189 1798 451 1867 quentium
512 1798 812 1855 sustinere.
878 1798 1108 1867 Quando
1168 1805 1347 1852 autem
1394 1796 1674 1867 egreditur
1726 1797 1778 1849 in

189 1905 420 1961 campum
450 1935 466 1959 ,
512 1892 576 1946 lit
618 1892 841 1961 quidem
893 1908 1058 1963 super
1103 1908 1228 1948 eum
1278 1904 1473 1946 manus
1516 1889 1777 1945 Domini:

192 1982 298 2053 quis
345 1982 563 2053 absque
618 1984 766 2040 illius
815 1984 1089 2055 adjutorio
1144 1985 1296 2040 exire
1351 1998 1458 2039 non
1523 1991 1778 2053 poterat,

192 2074 276 2129 sed
321 2091 428 2131 non
484 2076 710 2131 additur
759 2078 932 2148 fortis.
997 2078 1078 2132 Ad
1129 2076 1417 2133 videndam
1464 2074 1609 2129 enim
1660 2074 1782 2143 glo-

193 2166 309 2220 riam
370 2167 518 2232 Dei,
551 2182 659 2222 non
691 2168 758 2222 ad
813 2170 1161 2238 pugnandum
1218 2166 1515 2239 egreditur.
1557 2165 1626 2219 Et
1680 2166 1784 2222 hoc

194 2258 758 2325 animadvertendum,
788 2260 933 2330 quod
984 2263 1037 2317 in
1080 2262 1261 2318 medio
1309 2269 1645 2334 captivorum
1694 2283 1781 2323 se-

193 2346 420 2403 dentium
452 2392 467 2413 ,
506 2350 624 2421 ipse
652 2349 855 2407 sedens
884 2352 1156 2423 Propheta
1179 2356 1406 2426 gloriam
1437 2360 1651 2416 Domini
1678 2375 1784 2416 nou

196 2439 401 2495 viderit.
1650 2520 1653 2521 ν

262 2532 442 2601 (Yers.
472 2532 595 2602 25.)
643 2534 711 2589 Et
750 2537 955 2590 surrexi
980 2535 1165 2609 [Vulg.
1197 2540 1440 2614 surgens]
1483 2552 1528 2597 et
1556 2560 1790 2614 egressus

196 2641 300 2678 sum
332 2625 385 2679 in
433 2643 720 2698 campum,
764 2636 813 2681 et
840 2644 956 2683 ecce
1000 2629 1073 2682 ibi
1116 2633 1286 2704 glmia
1330 2632 1539 2688 Domini
1588 2637 1789 2704 stabat,

198 2720 331 2788 quasi
360 2720 541 2790 gloria
566 2736 726 2789 quam
750 2721 855 2774 vidi
882 2725 1039 2794 juxta
1065 2725 1278 2792 ﬂuvium
1310 2723 1535 2782 Chobar.
1560 2727 1794 2785 Jubente

200 2808 420 2866 Domino
441 2851 461 2876 ,
498 2811 841 2882 ingreditur,
872 2825 927 2870 et
950 2814 1177 2884 juhcute
1202 2818 1501 2888 egreditur,
1534 2820 1794 2893 sedetque

200 2917 313 2959 cum
334 2905 695 2972 sedentibus;
724 2907 850 2977 quia
882 2916 1117 2966 stantem
1147 2910 1299 2966 illum
1329 2927 1591 2969 numerus
1617 2916 1792 2985 capti-

200 3011 379 3052 vorum
408 2998 608 3055 audire
632 3014 741 3054 non
773 3010 1009 3068 poterat.
1042 3002 1415 3075 Egressusque
1440 3007 1490 3062 in
1514 3009 1693 3079 campi
1721 3009 1798 3063 la-

1881 1810 2044 1851 causa
2080 1799 2362 1867 perSpicua
2403 1812 2488 1853 eSt
2513 1816 2526 1853 :
2553 1802 2675 1870 quia
2710 1802 2923 1873 inquit,
2957 1805 3138 1861 domus
3167 1825 3483 1878 exasperant

1882 1896 1977 1941 est.
2027 1888 2092 1943 Et
2116 1898 2201 1944 est
2240 1905 2433 1945 sensus
2469 1908 2483 1945 :
2535 1893 2722 1948 Tantm
2752 1904 2879 1949 sunt
2910 1894 2937 1934 ι’
2971 1900 3347 1957 amaritudinis
3372 1948 3386 1972 ,
3427 1914 3484 1959 et

1884 1987 2050 2034 tanta:
2082 1980 2347 2036 adversus
2378 1982 2543 2036 Deum
2576 1985 2963 2054 contentionis,
2994 1996 3056 2043 ut
3100 1991 3477 2063 objurgantem

1886 2085 1993 2125 non
2024 2082 2338 2127 mereantur
2360 2073 2576 2130 audire.
2612 2077 2689 2129 Ex
2719 2092 2828 2146 quo
2854 2082 3208 2148 percpicuum
3238 2096 3317 2140 est
3346 2127 3361 2153 ,
3391 2088 3484 2143 ubi

1887 2162 2174 2218 multitudo
2226 2164 2389 2219 fuerit
2450 2176 2837 2235 peccatorum,
2894 2170 3145 2243 indignos
3190 2191 3311 2233 esse
3361 2194 3486 2249 pec—

1887 2264 2075 2313 cantes
2093 2299 2106 2321 ,
2133 2258 2227 2327 qui
2262 2274 2292 2313 a
2323 2259 2554 2317 Domino
2576 2265 2941 2335 corrigantur.

1962 2348 2146 2421 (Vers.
2168 2350 2298 2420 ‘27.)
2330 2350 2459 2407 Cum
2495 2364 2665 2408 autem
2696 2356 2902 2411 locutus
2931 2360 3080 2429 fuero
3108 2362 3224 2427 tibi,
3259 2364 3489 2434 aperiam

1889 2455 1947 2493 os
1972 2447 2119 2493 tuum
2140 2482 2154 2507 ,
2185 2452 2232 2495 et
2259 2441 2397 2498 dices
2426 2444 2495 2497 ad
2522 2460 2608 2500 eos
2632 2462 2651 2500 :
2692 2446 2824 2502 Haec
2857 2450 2982 2504 dicit
3017 2450 3271 2508 Dominus
3302 2454 3439 2510 Deus
3471 2472 3492 2511 :

1895 2531 1999 2600 Qui
2051 2534 2234 2598 audit,
2272 2535 2454 2589 audiat
2485 2552 2502 2590 :
2536 2545 2582 2591 et
2622 2540 2711 2609 qui
2754 2542 3007 2610 quiescit,
3057 2545 3331 2615 quiescat:
3367 2549 3493 2618 quia

1894 2620 2078 2679 domus
2105 2642 2421 2696 exasperans
2446 2640 2544 2683 est.
2576 2629 2715 2686 lllud
2743 2633 2885 2702 quod
2915 2634 2966 2688 in
3005 2635 3333 2693 Ecclesiaste
3360 2639 3493 2710 legi-

1894 2729 2017 2770 mus
2051 2733 2065 2771 :
2110 2716 2338 2789 Tempus
2387 2720 2592 2775 tacendi
2618 2736 2645 2786 ,‘
2669 2733 2715 2776 et
2746 2733 2945 2794 tempus
2976 2726 3224 2796 loquendi
3265 2726 3494 2798 (Eccles.

1894 2810 2021 2882 tu),
2071 2814 2237 2868 etiam
2292 2814 2346 2867 in
2401 2827 2660 2870 sermone
2707 2816 3026 2886 prophetico
3070 2823 3495 2889 comprobatur;

1896 2902 2040 2972 quod
2089 2903 2332 2969 eiusdem
2381 2905 2455 2959 sit
2500 2906 2784 2974 sapientiae
2828 2918 2886 2962 et
2914 2916 3097 2965 tacere
3134 2920 3190 2966 et
3220 2912 3365 2983 lotlui
3398 2929 3498 2984 pro

1900 3002 2148 3064 tempore
2168 3038 2183 3062 ,
2213 3005 2269 3051 et
2312 2994 2446 3051 dare
2472 2997 2754 3054 conservis
2795 3001 2911 3055 suis
2942 3002 2994 3055 in
3029 3010 3272 3072 tempore
3299 3020 3398 3060 suo
3424 3006 3500 3061 ci-

204 3089 511 3155 ιίιηάῇηεω,
540 3092 675 3147 vidit
702 3100 933 3148 stantem
954 3095 1186 3165 gloriam
1207 3097 1440 3164 Domini,
1465 3115 1627 3169 quam
1648 3101 1799 3171 prius
1826 3104 1872 3168 ρ
1904 3085 2073 3142 baria.
2107 3088 2261 3144 Unde
2290 3098 2346 3144 et
2378 3089 2547 3145 Isaias
2592 3091 2657 3145 ad
2690 3093 2952 3162 pupulum
2992 3111 3100 3150 non
3143 3096 3453 3155 credentem
3484 3117 3499 3155 :

206 3183 404 3240 viderat
449 3185 820 3242 ambulantem
844 3228 858 3248 ,
891 3197 947 3243 et
972 3188 1277 3245 elevantem
1306 3205 1403 3255 se,
1435 3204 1488 3247 et
1520 3194 1793 3249 interdum

206 3284 452 3333 stantem.
477 3277 614 3343 Quia
629 3278 781 3348 juxta
814 3280 1037 3335 ﬂuvium
1060 3282 1243 3337 smculi
1270 3282 1432 3352 hujus
1451 3284 1678 3352 Cltobar,
1704 3289 1797 3356 qui

208 3369 548 3442 interpretari
588 3382 775 3442 potest
824 3372 933 3447 [ΑΙ.
984 3375 1393 3449 interpretatur]
1441 3379 1797 3451 gravissimus,

208 3463 366 3534 gloria
412 3465 796 3521 cernebatur:
838 3466 981 3537 quod
1021 3468 1325 3539 signiﬁcat,
1354 3485 1573 3526 omnem
1614 3472 1799 3528 mundi

211 3554 360 3625 hujus
384 3556 624 3626 gloriam
652 3556 1042 3627 praeterﬂuere,
1073 3569 1126 3614 et
1154 3560 1379 3630 gradum
1411 3562 1661 3617 stabilem
1693 3578 1801 3619 non

212 3647 427 3705 habere.
461 3649 647 3707 Gloria
680 3660 864 3707 autem
893 3651 1108 3706 Domitii
1134 3660 1304 3719 stans,
1329 3664 1385 3709 et
1418 3669 1800 3724 perseverans,

210 3754 325 3796 cum
366 3751 554 3797 Stante
599 3742 871 3813 Propheta
920 3746 1135 3800 videtur
1192 3746 1247 3799 in
1287 3761 1482 3816 campo
1529 3764 1701 3818 :quae
1750 3749 1803 3802 in

212 3834 385 3889 medio
416 3833 796 3904 captivorum,
833 3851 937 3893 nec
986 3844 1135 3893 stare
1183 3847 1435 3907 poterat,
1466 3853 1566 3895 nec
1607 3838 1801 3894 videri.

280 3926 463 3995 (Vera.
486 3929 607 3997 24.)
626 3927 695 3982 Et
707 3930 871 3983 cecidi
892 3930 946 3983 in
969 3931 1155 4000 faciem
1176 3947 1369 3998 meam,
1385 3940 1430 3986 et
1450 3933 1711 4006 ingressus
1730 3942 1806 3989 est

216 4021 265 4074 in
292 4038 368 4074 me
388 4020 611 4079 spiritus
632 4064 647 4088 ,
676 4032 727 4076 et
752 4024 931 4077 statuit
959 4040 1039 4078 me
1069 4040 1224 4093 super
1252 4025 1407 4097 pedes
1434 4042 1573 4081 meos
1601 4042 1620 4081 :
1650 4035 1698 4081 et
1732 4029 1810 4081 lo-

217 4122 360 4167 cutus
388 4124 468 4168 est
514 4113 643 4168 mihi
666 4157 683 4183 ,
711 4124 762 4170 et
792 4116 927 4171 dixit
963 4117 1032 4171 ad
1058 4135 1138 4172 me
1165 4133 1182 4171 :
1210 4115 1492 4189 Ingredere
1514 4159 1530 4183 ,
1557 4128 1609 4174 et
1638 4120 1808 4174 inclu-

220 4203 336 4259 dere
365 4206 422 4259 in
472 4206 642 4260 medio
689 4206 874 4263 domus
902 4220 1024 4263 tute.
1069 4209 1312 4266 Stantem
1340 4212 1571 4280 gloriam
1599 4212 1811 4267 Domini

221 4293 359 4351 ferre
398 4312 505 4352 non
536 4300 843 4366 sustinens,
876 4298 1072 4355 cecidit
1101 4301 1155 4356 in
1200 4301 1392 4357 faciem
1421 4318 1574 4358 suam
1602 4344 1617 4371 ,
1646 4311 1710 4358 ut
1745 4303 1813 4358 ab

223 4388 560 4459 ingrediente
609 4394 665 4447 in
713 4408 839 4449 eum
881 4394 1079 4464 spiritu
1131 4395 1424 4451 levaretur.
1457 4396 1563 4464 Qui
1590 4397 1812 4467 spiritus

1898 3182 2095 3251 Tacui,
2128 3184 2382 3255 numquid
2408 3202 2607 3257 semper
2646 3188 2859 3243 tacebo?
2897 3190 3023 3244 dicit
3051 3190 3312 3247 Dominus
3343 3192 3501 3262 (Isai.

1902 3274 2047 3344 va).
2093 3274 2194 3341 Qui
2234 3276 2399 3346 igitur
2438 3277 2511 3331 ob
2560 3278 2964 3335 multitudinem
3019 3293 3367 3351 peccatorum
3410 3285 3503 3341 ditt

1899 3368 2142 3421 clausum
2198 3382 2261 3422 os
2308 3368 2529 3423 tenuit:
2562 3370 2690 3439 quia
2742 3371 2877 3425 vidit
2905 3373 3117 3441 aliquos
3160 3389 3322 3443 posse
3372 3391 3504 3431 con-

1902 3460 2061 3527 verti,
2095 3458 2163 3514 de
2186 3461 2383 3529 quibus
2408 3460 2617 3516 dictum
2644 3470 2729 3516 est
2761 3481 2774 3516 :
2804 3462 2907 3530 Qui
2932 3466 3079 3518 audit
3101 3467 3305 3536 audiat,
3333 3480 3386 3523 et
3413 3471 3504 3539 qui

1907 3566 1938 3605 a
1962 3552 2122 3606 malis
2150 3554 2382 3623 quiescit
2408 3554 2686 3622 quiescat,
2720 3564 2774 3608 et
2804 3554 3017 3609 desinat
3045 3574 3057 3609 :
3091 3556 3295 3613 idcirco
3317 3568 3510 3628 aperto

1903 3660 2031 3712 ore,
2065 3655 2118 3701 et
2140 3660 2253 3710 non
2286 3646 2504 3717 propria
2535 3647 2816 3702 voluntate
2838 3689 2853 3714 ,
2889 3649 2985 3702 sed
3024 3649 3235 3704 Domini
3262 3651 3510 3719 jussione

1905 3739 2151 3808 loquitur
2176 3738 2245 3793 ad
2271 3740 2548 3808 populum.
2572 3738 2627 3793 ld
2658 3750 2842 3794 autem
2878 3740 3023 3809 quod
3055 3756 3153 3796 nos
3186 3742 3465 3811 pusuimus
3492 3762 3505 3798 :

1911 3832 2015 3899 Qui
2044 3831 2196 3886 audit
2225 3832 2444 3886 audiat:
2471 3839 2520 3885 et
2564 3832 2653 3902 qui
2681 3832 2934 3901 quiescit,
2964 3835 3240 3902 quiescat:
3271 3850 3371 3905 pro
3400 3852 3508 3907 quo

1909 3926 2056 3983 LXX
2091 3926 2440 3996 interpretati
2468 3936 2595 3981 sunt
2628 3944 2638 3979 :
2674 3926 2777 3994 Qui
2804 3928 2952 3980 audit
2976 3927 3204 3981 audiat:
3237 3938 3285 3984 et
3310 3932 3399 4000 qui
3428 3931 3509 3984 in-

1910 4021 2153 4077 credulus
2179 4032 2288 4093 est”
2316 4020 2614 4075 incredulus
2642 4022 2709 4074 sit
2745 4037 2764 4074 :
2808 4021 3044 4076 secunda
3077 4022 3289 4092 Aquilae
3334 4024 3503 4080 editio

1914 4116 1987 4171 ita
2004 4115 2318 4171 transtulit:
2348 4115 2449 4182 Qui
2465 4114 2612 4169 audit
2637 4114 2743 4186 37
2769 4116 3009 4171 audietur
3036 4124 3121 4170 :et
3140 4118 3228 4187 qui
3244 4117 3509 4189 relinquit,

1913 4209 2252 4279 relinquetur.
2295 4207 2361 4263 Et
2406 4216 2492 4263 est
2539 4222 2735 4264 sensus
2769 4226 2781 4260 :
2817 4207 2920 4273 Qui
2962 4206 3115 4262 habet
3148 4207 3356 4263 dabitur
3401 4211 3451 4264 ei
3491 4228 3509 4265 :

1914 4305 2003 4372 qui
2039 4311 2212 4358 autem
2252 4318 2356 4357 non
2397 4302 2588 4369 habet,
2636 4302 2791 4357 etiam
2820 4301 2873 4356 id
2901 4302 3042 4372 quod
3082 4302 3285 4357 videtur
3325 4302 3513 4359 habere

1915 4395 2177 4465 auferetur
2205 4393 2267 4447 ab
2297 4410 2358 4449 eo
2383 4392 2579 4466 (Marc.
2616 4408 2690 4459 tv,
2716 4391 2833 4464 25).

222 4486 408 4539 statuit
433 4501 557 4540 eum
584 4500 748 4557 super
776 4487 945 4557 pedes
971 4503 1103 4545 suos
1129 4530 1145 4557 ,
1176 4498 1233 4545 et
1258 4489 1471 4547 locutus
1499 4498 1585 4546 est
1613 4490 1663 4546 ei
1688 4532 1703 4556 ,
1734 4490 1816 4545 di-
1840 4497 1894 4557 D
1993 4490 2148 4560 (Cap.
2184 4485 2527 4542 lV.—Vers.
2555 4487 2609 4550 1,
2635 4484 2719 4555 2.)
2753 4483 2819 4540 Ει
2847 4493 2922 4549 tu,
2955 4484 3034 4553 ﬁli
3060 4484 3316 4552 hominis,
3338 4503 3513 4555 sume,

225 4591 352 4632 cens
379 4596 392 4632 :
427 4578 581 4632 Intra
617 4590 666 4633 et
694 4579 959 4635 includere
987 4584 1039 4636 in
1068 4582 1237 4637 medio
1271 4583 1453 4638 domus
1486 4592 1605 4639 tute.
1635 4584 1701 4637 Et
1732 4592 1815 4640 est

228 4682 469 4724 sensus:
513 4671 649 4737 Quia
698 4673 1089 4729 corroboratus
1148 4689 1208 4730 es
1249 4686 1474 4744 aspectu
1524 4676 1820 4731 Dominica:

229 4762 547 4830 majestatis,
574 4763 782 4818 nullum
808 4764 1024 4831 timeas,
1052 4781 1158 4822 nec
1179 4766 1415 4834 aliquem
1441 4767 1820 4837 pertimescas;

231 4854 321 4908 sed
356 4865 634 4911 revertere
678 4857 730 4911 in
764 4858 983 4912 domum
1014 4868 1161 4915 tuam
1202 4878 1215 4914 :
1246 4862 1330 4915 vel
1371 4860 1437 4916 ad
1468 4862 1826 4917 necessitates

231 4948 508 5016 corporis,
544 4957 603 5001 ut
641 4948 861 5018 quidam
897 4958 1085 5018 putant
1109 4993 1124 5018 ,
1159 4952 1244 5007 vel
1291 4953 1343 5007 in
1386 4951 1597 5023 signum
1629 4954 1826 5009 lutum

235 5039 555 5096 obsidionis.
589 5041 656 5096 Et
688 5043 964 5111 quomodo
991 5044 1157 5101 Isaias
1187 5044 1534 5101 discalciatus
1574 5061 1626 5102 et
1650 5047 1827 5102 nudus

236 5128 388 5200 (Isai.
436 5132 540 5203 xx)
572 5172 590 5199 ,
622 5134 787 5190 trium
817 5149 1086 5191 annorum
1125 5137 1498 5206 captivitatem
1522 5178 1539 5204 ,
1569 5148 1625 5196 et
1666 5139 1824 5194 nudi-

239 5232 400 5281 tatem
426 5226 535 5299 36
574 5229 757 5297 populi
789 5230 1080 5297 nuntiavit,
1105 5231 1180 5287 ita
1209 5241 1265 5288 et
1311 5242 1365 5288 tu
1395 5234 1611 5289 clausus
1641 5232 1823 5303 domo,

241 5332 403 5386 opere
438 5321 557 5390 ipso
590 5320 859 5390 propheta
906 5323 1145 5380 vicinam
1177 5324 1521 5384 obsidionem
1562 5325 1709 5383 urbis
1740 5326 1830 5384 Je-

243 5411 497 5468 rusalem.

320 5633 345 5696 ξ
375 5622 776 5696 Αηιθδυγὶιίοεθ
803 5635 940 5691 erat,
968 5625 1058 5696 qui
1082 5626 1307 5683 dixerat.

316 5693 343 5733 δ
374 5696 505 5752 Cum
535 5693 781 5750 Victorio
810 5710 878 5751 ex
907 5693 1153 5753 Floreat.
1176 5697 1363 5767 codd.,
1393 5696 1759 5752 amaritudinis
1783 5704 1839 5753 et

527 5789 805 5857 Ριτιιοι..
853 5787 1061 5849 XXV.

1926 4582 2016 4635 tibi
2049 4580 2279 4647 laterem,
2312 4590 2358 4633 et
2385 4595 2542 4652 pones
2571 4594 2687 4632 eum
2726 4594 2901 4631 coram
2925 4589 2994 4644 te,
3020 4588 3065 4633 et
3105 4577 3357 4633 describes
3379 4580 3433 4633 in
3456 4596 3515 4635 eo

1924 4675 2184 4729 civitatem
2220 4671 2534 4736 Jerusalem,
2560 4683 2607 4725 et
2644 4670 2910 4725 ordinabis
2950 4672 3197 4727 adversus
3239 4689 3355 4727 eam
3377 4675 3513 4729 obsio

1927 4766 2156 4832 dionem,
2188 4775 2235 4819 et
2274 4765 2559 4834 mdiﬁcabis
2594 4764 2925 4829 munitiones,
2950 4774 2995 4817 et
3041 4765 3390 4833 comportabis
3430 4785 3524 4842 ag-

1928 4874 2121 4931 gerem,
2146 4866 2192 4910 et
2226 4855 2375 4910 dabis
2411 4865 2591 4909 contra
2621 4872 2736 4909 eum
2779 4864 2969 4922 castra,
2995 4866 3041 4908 et
3070 4872 3231 4927 pones
3258 4857 3443 4912 arietes
3466 4859 3520 4912 in

1929 4954 2061 5024 giro.
2094 4950 2244 5005 Sicut
2274 4949 2423 5019 prius
2444 4949 2680 5003 diximus
2706 4947 2891 5003 :Intra
2913 4959 2962 5002 et
2981 4949 3246 5012 includere
3270 4950 3324 5004 iu
3347 4952 3517 5006 medio

1935 5046 2120 5099 domus
2152 5053 2274 5109 tute,
2305 5052 2355 5097 et
2383 5058 2496 5096 ecce
2524 5043 2648 5096 data
2676 5051 2793 5096 sunt
2820 5058 2974 5114 super
2996 5053 3044 5096 te
3070 5042 3295 5112 vincula,
3320 5056 3369 5097 et
3392 5044 3524 5115 liga-

1936 5139 2058 5193 bunt
2086 5147 2155 5206 te,
2188 5146 2236 5193 et
2256 5154 2359 5191 non
2390 5136 2691 5207 egredieris,
2727 5147 2912 5206 typum
2938 5150 3064 5191 esse
3090 5142 3414 5206 prophetam
3444 5139 3529 5192 luo

1939 5241 2073 5287 tura:
2102 5230 2402 5287 obsidionis
2444 5230 2597 5285 urbis
2636 5229 2938 5286 Jerusalem
2970 5247 2983 5283 :
3019 5230 3089 5283 ita
3123 5244 3267 5285 nunc
3297 5228 3529 5286 Geome-

1936 5323 2075 5380 trica
2117 5324 2342 5394 jubetur
2393 5323 2448 5378 in
2490 5323 2662 5378 latere
2705 5332 2827 5377 arte
2866 5320 3205 5388 describere,
3244 5321 3533 5392 ipsumque

1939 5416 2165 5473 laterem
2199 5416 2328 5487 poni
2368 5414 2424 5471 itt
2462 5422 2758 5486 conspectu
2792 5414 3099 5486 prOphette,
3143 5421 3203 5467 ut
3245 5421 3533 5484 postquam

1942 5619 2287 5677 contentionis
2312 5616 2647 5695 reponimus,
2675 5612 3017 5695 concinniori
3060 5626 3224 5668 sensu
3256 5631 3271 5669 :
3298 5629 3399 5685 pro
3426 5630 3536 5687 quo

1947 5702 2104 5751 antea
2130 5698 2254 5749 erat
2281 5690 2652 5745 antaritudines
2681 5695 2738 5743 et
2761 5690 3128 5741 contentiones.
3160 5696 3171 5753 ἡ

2989 5775 3031 5836 2
