  <div class='ocr_page' id='page_1' title='image "/cluster/home/n/w/nwhite01/storage/ocr_20150623/25/hvd.32044015471394/029.png"; bbox 0 0 4018 6322; ppageno 0'>
   <div class='ocr_carea' id='block_1_1' title="bbox 545 242 2121 310">
    <p class='ocr_par' dir='ltr' id='par_1_1' title="bbox 545 243 2121 308">
     <span class='ocr_line' id='line_1_1' title="bbox 545 243 2121 308; baseline -0.005 -1"><span class='ocrx_word' id='word_1_1' title='bbox 545 253 618 308; x_wconf 71' lang='grc' dir='ltr'><strong>ιδ</strong></span> <span class='ocrx_word' id='word_1_2' title='bbox 1779 247 1839 301; x_wconf 76' lang='grc' dir='ltr'><strong>Β.</strong></span> <span class='ocrx_word' id='word_1_3' title='bbox 1885 243 2121 302; x_wconf 80' lang='lat' dir='ltr'><strong>EUSEB]</strong></span> 
     </span>
    </p>
   </div>
   <div class='ocr_carea' id='block_1_2' title="bbox 2226 242 3842 310">
    <p class='ocr_par' dir='ltr' id='par_1_2' title="bbox 2226 242 3842 310">
     <span class='ocr_line' id='line_1_2' title="bbox 2226 242 3842 310; baseline 0.006 -10"><span class='ocrx_word' id='word_1_4' title='bbox 2226 242 2590 302; x_wconf 75' lang='lat' dir='ltr'><strong>IIERONYMI</strong></span> <span class='ocrx_word' id='word_1_5' title='bbox 3771 253 3842 310; x_wconf 68' lang='grc' dir='ltr'><strong>ιι</strong></span> 
     </span>
    </p>
   </div>
   <div class='ocr_carea' id='block_1_3' title="bbox 545 359 3842 436">
    <p class='ocr_par' dir='ltr' id='par_1_3' title="bbox 545 359 3842 436">
     <span class='ocr_line' id='line_1_3' title="bbox 545 359 3842 436; baseline -0.001 -14"><span class='ocrx_word' id='word_1_6' title='bbox 545 365 897 436; x_wconf 84' lang='lat' dir='ltr'><strong>descripserit</strong></span> <span class='ocrx_word' id='word_1_7' title='bbox 915 365 970 420; x_wconf 90' lang='lat' dir='ltr'><strong>in</strong></span> <span class='ocrx_word' id='word_1_8' title='bbox 1004 363 1232 433; x_wconf 79' lang='lat' dir='ltr'><strong>pulvere</strong></span> <span class='ocrx_word' id='word_1_9' title='bbox 1253 359 1582 426; x_wconf 84' lang='lat' dir='ltr'><strong>Jerusalem,</strong></span> <span class='ocrx_word' id='word_1_10' title='bbox 1612 374 1828 415; x_wconf 89' lang='lat' dir='ltr'><strong>omnem</strong></span> <span class='ocrx_word' id='word_1_11' title='bbox 1852 359 2138 414; x_wconf 80' lang='lat' dir='ltr'><strong>adversum</strong></span> <span class='ocrx_word' id='word_1_12' title='bbox 2169 359 2222 420; x_wconf 83' lang='grc' dir='ltr'><strong>Α</strong></span> <span class='ocrx_word' id='word_1_13' title='bbox 2248 359 2465 415; x_wconf 89' lang='lat' dir='ltr'><strong>mollem</strong></span> <span class='ocrx_word' id='word_1_14' title='bbox 2497 375 2596 414; x_wconf 90' lang='lat' dir='ltr'><strong>suo</strong></span> <span class='ocrx_word' id='word_1_15' title='bbox 2617 359 2751 414; x_wconf 86' lang='lat' dir='ltr'><strong>vitio</strong></span> <span class='ocrx_word' id='word_1_16' title='bbox 2777 359 3029 415; x_wconf 79' lang='lat' dir='ltr'><strong>iecerunt</strong></span> <span class='ocrx_word' id='word_1_17' title='bbox 3055 373 3183 416; x_wconf 81' lang='lat' dir='ltr'><strong>esse</strong></span> <span class='ocrx_word' id='word_1_18' title='bbox 3203 361 3577 417; x_wconf 84' lang='lat' dir='ltr'><strong>durissimum.</strong></span> <span class='ocrx_word' id='word_1_19' title='bbox 3610 363 3842 435; x_wconf 83' lang='lat' dir='ltr'><strong>Sartago</strong></span> 
     </span>
    </p>
   </div>
   <div class='ocr_carea' id='block_1_4' title="bbox 547 451 3840 530">
    <p class='ocr_par' dir='ltr' id='par_1_4' title="bbox 547 451 3840 530">
     <span class='ocr_line' id='line_1_4' title="bbox 547 451 3840 530; baseline -0.001 -14"><span class='ocrx_word' id='word_1_20' title='bbox 547 477 668 518; x_wconf 90' lang='lat' dir='ltr'><strong>eam</strong></span> <span class='ocrx_word' id='word_1_21' title='bbox 702 461 890 530; x_wconf 87' lang='lat' dir='ltr'><strong>pingat</strong></span> <span class='ocrx_word' id='word_1_22' title='bbox 929 454 1303 520; x_wconf 81' lang='lat' dir='ltr'><strong>obsidionem;</strong></span> <span class='ocrx_word' id='word_1_23' title='bbox 1337 452 1672 508; x_wconf 77' lang='lat' dir='ltr'><strong>adumbratis</strong></span> <span class='ocrx_word' id='word_1_24' title='bbox 1701 451 2056 515; x_wconf 73' lang='lat' dir='ltr'><strong>munitiones,</strong></span> <span class='ocrx_word' id='word_1_25' title='bbox 2090 457 2147 505; x_wconf 91' lang='lat' dir='ltr'><strong>et</strong></span> <span class='ocrx_word' id='word_1_26' title='bbox 2248 467 2463 523; x_wconf 89' lang='lat' dir='ltr'><strong>quoque</strong></span> <span class='ocrx_word' id='word_1_27' title='bbox 2491 452 2690 508; x_wconf 90' lang='lat' dir='ltr'><strong>dicitur</strong></span> <span class='ocrx_word' id='word_1_28' title='bbox 2718 452 2930 508; x_wconf 84' lang='lat' dir='ltr'><strong>medius</strong></span> <span class='ocrx_word' id='word_1_29' title='bbox 2957 455 3100 510; x_wconf 79' lang='lat' dir='ltr'><strong>inter</strong></span> <span class='ocrx_word' id='word_1_30' title='bbox 3127 457 3382 526; x_wconf 85' lang='lat' dir='ltr'><strong>populum</strong></span> <span class='ocrx_word' id='word_1_31' title='bbox 3413 463 3469 512; x_wconf 86' lang='lat' dir='ltr'><strong>et</strong></span> <span class='ocrx_word' id='word_1_32' title='bbox 3497 457 3666 513; x_wconf 88' lang='lat' dir='ltr'><strong>Deum</strong></span> <span class='ocrx_word' id='word_1_33' title='bbox 3716 475 3840 514; x_wconf 85' lang='lat' dir='ltr'><strong>mu-</strong></span> 
     </span>
    </p>
   </div>
   <div class='ocr_carea' id='block_1_5' title="bbox 544 543 2142 624">
    <p class='ocr_par' dir='ltr' id='par_1_5' title="bbox 544 543 2142 624">
     <span class='ocr_line' id='line_1_5' title="bbox 544 543 2142 624; baseline -0.009 -12"><span class='ocrx_word' id='word_1_34' title='bbox 544 563 921 624; x_wconf 89' lang='lat' dir='ltr'><strong>comportatos</strong></span> <span class='ocrx_word' id='word_1_35' title='bbox 960 563 1210 619; x_wconf 87' lang='lat' dir='ltr'><strong>aggeres,</strong></span> <span class='ocrx_word' id='word_1_36' title='bbox 1245 558 1300 602; x_wconf 92' lang='lat' dir='ltr'><strong>et</strong></span> <span class='ocrx_word' id='word_1_37' title='bbox 1339 560 1601 602; x_wconf 90' lang='lat' dir='ltr'><strong>coronam</strong></span> <span class='ocrx_word' id='word_1_38' title='bbox 1638 543 1905 600; x_wconf 85' lang='lat' dir='ltr'><strong>vallantis</strong></span> <span class='ocrx_word' id='word_1_39' title='bbox 1932 543 2142 602; x_wconf 75' lang='lat' dir='ltr'><strong>exerci-</strong></span> 
     </span>
    </p>
   </div>
   <div class='ocr_carea' id='block_1_6' title="bbox 547 633 2143 712">
    <p class='ocr_par' dir='ltr' id='par_1_6' title="bbox 547 633 2143 712">
     <span class='ocr_line' id='line_1_6' title="bbox 547 633 2143 712; baseline -0.011 -8"><span class='ocrx_word' id='word_1_40' title='bbox 547 659 657 712; x_wconf 90' lang='lat' dir='ltr'><strong>tus,</strong></span> <span class='ocrx_word' id='word_1_41' title='bbox 696 656 750 700; x_wconf 92' lang='lat' dir='ltr'><strong>et</strong></span> <span class='ocrx_word' id='word_1_42' title='bbox 777 644 978 698; x_wconf 75' lang='lat' dir='ltr'><strong>arietes</strong></span> <span class='ocrx_word' id='word_1_43' title='bbox 1006 642 1059 695; x_wconf 92' lang='lat' dir='ltr'><strong>in</strong></span> <span class='ocrx_word' id='word_1_44' title='bbox 1082 638 1338 704; x_wconf 83' lang='lat' dir='ltr'><strong>circuitu,</strong></span> <span class='ocrx_word' id='word_1_45' title='bbox 1365 653 1464 708; x_wconf 88' lang='lat' dir='ltr'><strong>per</strong></span> <span class='ocrx_word' id='word_1_46' title='bbox 1486 653 1604 706; x_wconf 73' lang='lat' dir='ltr'><strong>qua:</strong></span> <span class='ocrx_word' id='word_1_47' title='bbox 1627 635 1808 690; x_wconf 83' lang='lat' dir='ltr'><strong>omnia</strong></span> <span class='ocrx_word' id='word_1_48' title='bbox 1832 636 2000 689; x_wconf 84' lang='lat' dir='ltr'><strong>urbes</strong></span> <span class='ocrx_word' id='word_1_49' title='bbox 2024 633 2143 702; x_wconf 87' lang='lat' dir='ltr'><strong>capi</strong></span> 
     </span>
    </p>
   </div>
   <div class='ocr_carea' id='block_1_7' title="bbox 546 724 2141 796">
    <p class='ocr_par' dir='ltr' id='par_1_7' title="bbox 546 724 2141 796">
     <span class='ocr_line' id='line_1_7' title="bbox 546 724 2141 796; baseline -0.009 -2"><span class='ocrx_word' id='word_1_50' title='bbox 546 739 750 794; x_wconf 90' lang='lat' dir='ltr'><strong>solent.</strong></span> <span class='ocrx_word' id='word_1_51' title='bbox 807 733 1135 788; x_wconf 81' lang='lat' dir='ltr'><strong>Munitiones</strong></span> <span class='ocrx_word' id='word_1_52' title='bbox 1176 731 1457 792; x_wconf 87' lang='lat' dir='ltr'><strong>dicuntur,</strong></span> <span class='ocrx_word' id='word_1_53' title='bbox 1505 727 1705 796; x_wconf 79' lang='lat' dir='ltr'><strong>quibus</strong></span> <span class='ocrx_word' id='word_1_54' title='bbox 1761 725 1888 780; x_wconf 90' lang='lat' dir='ltr'><strong>urbs</strong></span> <span class='ocrx_word' id='word_1_55' title='bbox 1937 724 2141 780; x_wconf 89' lang='lat' dir='ltr'><strong>claudi-</strong></span> 
     </span>
    </p>
   </div>
   <div class='ocr_carea' id='block_1_8' title="bbox 539 818 2139 898">
    <p class='ocr_par' dir='ltr' id='par_1_8' title="bbox 539 818 2139 898">
     <span class='ocr_line' id='line_1_8' title="bbox 539 818 2139 898; baseline -0.009 -13"><span class='ocrx_word' id='word_1_56' title='bbox 539 838 650 894; x_wconf 87' lang='lat' dir='ltr'><strong>tur,</strong></span> <span class='ocrx_word' id='word_1_57' title='bbox 685 844 752 882; x_wconf 89' lang='lat' dir='ltr'><strong>ne</strong></span> <span class='ocrx_word' id='word_1_58' title='bbox 776 829 896 898; x_wconf 85' lang='lat' dir='ltr'><strong>quis</strong></span> <span class='ocrx_word' id='word_1_59' title='bbox 926 825 1279 882; x_wconf 86' lang='lat' dir='ltr'><strong>obsessorum</strong></span> <span class='ocrx_word' id='word_1_60' title='bbox 1304 821 1477 891; x_wconf 87' lang='lat' dir='ltr'><strong>possit</strong></span> <span class='ocrx_word' id='word_1_61' title='bbox 1497 818 1741 888; x_wconf 76' lang='lat' dir='ltr'><strong>elfugere</strong></span> <span class='ocrx_word' id='word_1_62' title='bbox 1768 836 1780 872; x_wconf 90' lang='lat'><strong>:</strong></span> <span class='ocrx_word' id='word_1_63' title='bbox 1814 818 2139 886; x_wconf 89' lang='lat' dir='ltr'><strong>comportati</strong></span> 
     </span>
    </p>
   </div>
   <div class='ocr_carea' id='block_1_9' title="bbox 541 913 2137 994">
    <p class='ocr_par' dir='ltr' id='par_1_9' title="bbox 541 913 2137 994">
     <span class='ocr_line' id='line_1_9' title="bbox 541 913 2137 994; baseline -0.008 -16"><span class='ocrx_word' id='word_1_64' title='bbox 541 937 792 994; x_wconf 77' lang='lat' dir='ltr'><strong>aggeres,</strong></span> <span class='ocrx_word' id='word_1_65' title='bbox 837 921 1040 992; x_wconf 88' lang='lat' dir='ltr'><strong>quibus</strong></span> <span class='ocrx_word' id='word_1_66' title='bbox 1069 919 1270 973; x_wconf 82' lang='lat' dir='ltr'><strong>vallum</strong></span> <span class='ocrx_word' id='word_1_67' title='bbox 1311 915 1585 984; x_wconf 66' lang='lat' dir='ltr'><strong>fossaeque</strong></span> <span class='ocrx_word' id='word_1_68' title='bbox 1614 913 1959 982; x_wconf 89' lang='lat' dir='ltr'><strong>complentur</strong></span> <span class='ocrx_word' id='word_1_69' title='bbox 1991 929 2005 966; x_wconf 91' lang='lat'><strong>:</strong></span> <span class='ocrx_word' id='word_1_70' title='bbox 2047 926 2137 966; x_wconf 86' lang='lat' dir='ltr'><strong>ca-</strong></span> 
     </span>
    </p>
   </div>
   <div class='ocr_carea' id='block_1_10' title="bbox 543 1003 2138 1081">
    <p class='ocr_par' dir='ltr' id='par_1_10' title="bbox 543 1003 2138 1081">
     <span class='ocr_line' id='line_1_10' title="bbox 543 1003 2138 1081; baseline -0.007 -12"><span class='ocrx_word' id='word_1_71' title='bbox 543 1025 678 1081; x_wconf 89' lang='lat' dir='ltr'><strong>stra,</strong></span> <span class='ocrx_word' id='word_1_72' title='bbox 705 1015 935 1069; x_wconf 89' lang='lat' dir='ltr'><strong>militum</strong></span> <span class='ocrx_word' id='word_1_73' title='bbox 960 1010 1224 1067; x_wconf 75' lang='lat' dir='ltr'><strong>custodia:</strong></span> <span class='ocrx_word' id='word_1_74' title='bbox 1247 1024 1342 1078; x_wconf 86' lang='lat' dir='ltr'><strong>per</strong></span> <span class='ocrx_word' id='word_1_75' title='bbox 1357 1007 1644 1062; x_wconf 79' lang='lat' dir='ltr'><strong>circuitum</strong></span> <span class='ocrx_word' id='word_1_76' title='bbox 1672 1021 1685 1058; x_wconf 87' lang='lat'><strong>:</strong></span> <span class='ocrx_word' id='word_1_77' title='bbox 1711 1004 1919 1060; x_wconf 79' lang='lat' dir='ltr'><strong>arietes</strong></span> <span class='ocrx_word' id='word_1_78' title='bbox 1938 1003 2138 1074; x_wconf 85' lang='lat' dir='ltr'><strong>quibus</strong></span> 
     </span>
    </p>
   </div>
   <div class='ocr_carea' id='block_1_11' title="bbox 543 1095 2135 1171">
    <p class='ocr_par' dir='ltr' id='par_1_11' title="bbox 543 1095 2135 1171">
     <span class='ocr_line' id='line_1_11' title="bbox 543 1095 2135 1171; baseline -0.008 -6"><span class='ocrx_word' id='word_1_79' title='bbox 543 1124 824 1166; x_wconf 88' lang='lat' dir='ltr'><strong>murorum</strong></span> <span class='ocrx_word' id='word_1_80' title='bbox 855 1106 1212 1161; x_wconf 86' lang='lat' dir='ltr'><strong>fundamenta</strong></span> <span class='ocrx_word' id='word_1_81' title='bbox 1248 1102 1602 1171; x_wconf 90' lang='lat' dir='ltr'><strong>quatiuntur,</strong></span> <span class='ocrx_word' id='word_1_82' title='bbox 1643 1109 1696 1152; x_wconf 90' lang='lat' dir='ltr'><strong>et</strong></span> <span class='ocrx_word' id='word_1_83' title='bbox 1729 1096 1966 1165; x_wconf 83' lang='lat' dir='ltr'><strong>lapidum</strong></span> <span class='ocrx_word' id='word_1_84' title='bbox 2013 1095 2135 1164; x_wconf 89' lang='lat' dir='ltr'><strong>jun-</strong></span> 
     </span>
    </p>
   </div>
   <div class='ocr_carea' id='block_1_12' title="bbox 543 1188 2134 1257">
    <p class='ocr_par' dir='ltr' id='par_1_12' title="bbox 543 1188 2134 1257">
     <span class='ocr_line' id='line_1_12' title="bbox 543 1188 2134 1257; baseline -0.009 -2"><span class='ocrx_word' id='word_1_85' title='bbox 543 1208 696 1255; x_wconf 88' lang='lat' dir='ltr'><strong>ctura</strong></span> <span class='ocrx_word' id='word_1_86' title='bbox 727 1199 1070 1254; x_wconf 83' lang='lat' dir='ltr'><strong>dissolvitur.</strong></span> <span class='ocrx_word' id='word_1_87' title='bbox 1101 1196 1215 1249; x_wconf 91' lang='lat' dir='ltr'><strong>lloc</strong></span> <span class='ocrx_word' id='word_1_88' title='bbox 1244 1205 1425 1247; x_wconf 87' lang='lat' dir='ltr'><strong>autem</strong></span> <span class='ocrx_word' id='word_1_89' title='bbox 1459 1191 1684 1255; x_wconf 89' lang='lat' dir='ltr'><strong>dicitur,</strong></span> <span class='ocrx_word' id='word_1_90' title='bbox 1717 1197 1775 1242; x_wconf 93' lang='lat' dir='ltr'><strong>ut</strong></span> <span class='ocrx_word' id='word_1_91' title='bbox 1798 1188 2134 1257; x_wconf 82' lang='lat' dir='ltr'><strong>signiﬁcetur</strong></span> 
     </span>
    </p>
   </div>
   <div class='ocr_carea' id='block_1_13' title="bbox 541 1279 2132 1352">
    <p class='ocr_par' dir='ltr' id='par_1_13' title="bbox 541 1279 2132 1352">
     <span class='ocr_line' id='line_1_13' title="bbox 541 1279 2132 1352; baseline -0.009 -5"><span class='ocrx_word' id='word_1_92' title='bbox 541 1293 692 1347; x_wconf 89' lang='lat' dir='ltr'><strong>urbis</strong></span> <span class='ocrx_word' id='word_1_93' title='bbox 719 1291 1027 1347; x_wconf 80' lang='lat' dir='ltr'><strong>Jerusalem</strong></span> <span class='ocrx_word' id='word_1_94' title='bbox 1050 1289 1151 1343; x_wconf 89' lang='lat' dir='ltr'><strong>sub</strong></span> <span class='ocrx_word' id='word_1_95' title='bbox 1173 1286 1400 1343; x_wconf 84' lang='lat' dir='ltr'><strong>Sedecia</strong></span> <span class='ocrx_word' id='word_1_96' title='bbox 1425 1283 1602 1339; x_wconf 88' lang='lat' dir='ltr'><strong>vicina</strong></span> <span class='ocrx_word' id='word_1_97' title='bbox 1632 1282 1952 1352; x_wconf 78' lang='lat' dir='ltr'><strong>captivitas:</strong></span> <span class='ocrx_word' id='word_1_98' title='bbox 1978 1279 2132 1348; x_wconf 84' lang='lat' dir='ltr'><strong>cujus</strong></span> 
     </span>
    </p>
   </div>
   <div class='ocr_carea' id='block_1_14' title="bbox 535 1373 2130 1445">
    <p class='ocr_par' dir='ltr' id='par_1_14' title="bbox 535 1373 2130 1445">
     <span class='ocr_line' id='line_1_14' title="bbox 535 1373 2130 1445; baseline -0.008 -6"><span class='ocrx_word' id='word_1_99' title='bbox 535 1401 682 1441; x_wconf 89' lang='lat' dir='ltr'><strong>anno</strong></span> <span class='ocrx_word' id='word_1_100' title='bbox 730 1384 1018 1440; x_wconf 89' lang='lat' dir='ltr'><strong>undecimo</strong></span> <span class='ocrx_word' id='word_1_101' title='bbox 1049 1393 1101 1438; x_wconf 92' lang='lat' dir='ltr'><strong>et</strong></span> <span class='ocrx_word' id='word_1_102' title='bbox 1137 1397 1255 1445; x_wconf 82' lang='lat' dir='ltr'><strong>rex,</strong></span> <span class='ocrx_word' id='word_1_103' title='bbox 1287 1388 1344 1434; x_wconf 88' lang='lat' dir='ltr'><strong>et</strong></span> <span class='ocrx_word' id='word_1_104' title='bbox 1368 1378 1560 1434; x_wconf 79' lang='lat' dir='ltr'><strong>civitas</strong></span> <span class='ocrx_word' id='word_1_105' title='bbox 1601 1385 1754 1444; x_wconf 88' lang='lat' dir='ltr'><strong>capta</strong></span> <span class='ocrx_word' id='word_1_106' title='bbox 1785 1384 1888 1430; x_wconf 87' lang='lat' dir='ltr'><strong>est.</strong></span> <span class='ocrx_word' id='word_1_107' title='bbox 1920 1374 2024 1428; x_wconf 85' lang='lat' dir='ltr'><strong>Pro</strong></span> <span class='ocrx_word' id='word_1_108' title='bbox 2055 1373 2130 1428; x_wconf 87' lang='lat' dir='ltr'><strong>la-</strong></span> 
     </span>
    </p>
   </div>
   <div class='ocr_carea' id='block_1_15' title="bbox 537 1468 2126 1548">
    <p class='ocr_par' dir='ltr' id='par_1_15' title="bbox 537 1468 2126 1548">
     <span class='ocr_line' id='line_1_15' title="bbox 537 1468 2126 1548; baseline -0.009 -13"><span class='ocrx_word' id='word_1_109' title='bbox 537 1489 684 1546; x_wconf 86' lang='lat' dir='ltr'><strong>tere,</strong></span> <span class='ocrx_word' id='word_1_110' title='bbox 718 1479 808 1548; x_wconf 92' lang='lat' dir='ltr'><strong>qui</strong></span> <span class='ocrx_word' id='word_1_111' title='bbox 840 1477 1030 1532; x_wconf 48' lang='lat' dir='ltr'><strong>Gra&#39;ce</strong></span> <span class='ocrx_word' id='word_1_112' title='bbox 1059 1475 1258 1530; x_wconf 90' lang='lat' dir='ltr'><strong>dicitur</strong></span> <span class='ocrx_word' id='word_1_113' title='bbox 1305 1486 1506 1541; x_wconf 84' lang='lat' dir='ltr'><strong>genere</strong></span> <span class='ocrx_word' id='word_1_114' title='bbox 1536 1468 1802 1524; x_wconf 71' lang='lat' dir='ltr'><strong>feu&#39;tinino</strong></span> <span class='ocrx_word' id='word_1_115' title='bbox 1831 1470 1862 1526; x_wconf 77' lang='lat' dir='ltr'><strong>ri</strong></span> <span class='ocrx_word' id='word_1_116' title='bbox 1885 1468 2086 1529; x_wconf 80' lang='grc' dir='ltr'><strong>πλίνθος</strong></span> <span class='ocrx_word' id='word_1_117' title='bbox 2112 1508 2126 1533; x_wconf 86' lang='grc'><em>,</em></span> 
     </span>
    </p>
   </div>
   <div class='ocr_carea' id='block_1_16' title="bbox 537 1562 2124 1644">
    <p class='ocr_par' dir='ltr' id='par_1_16' title="bbox 537 1562 2124 1644">
     <span class='ocr_line' id='line_1_16' title="bbox 537 1562 2124 1644; baseline -0.009 -16"><span class='ocrx_word' id='word_1_118' title='bbox 537 1570 902 1644; x_wconf 83' lang='lat' dir='ltr'><strong>Symmachus</strong></span> <span class='ocrx_word' id='word_1_119' title='bbox 945 1567 1291 1623; x_wconf 82' lang='lat' dir='ltr'><strong>manifestius</strong></span> <span class='ocrx_word' id='word_1_120' title='bbox 1329 1567 1719 1634; x_wconf 81' lang='lat' dir='ltr'><strong>interpretatus</strong></span> <span class='ocrx_word' id='word_1_121' title='bbox 1755 1572 1840 1616; x_wconf 88' lang='lat' dir='ltr'><strong>est</strong></span> <span class='ocrx_word' id='word_1_122' title='bbox 1867 1562 2086 1616; x_wconf 76' lang='grc' dir='ltr'><strong>πλίνθων</strong></span> <span class='ocrx_word' id='word_1_123' title='bbox 2110 1602 2124 1625; x_wconf 88' lang='grc'><em>,</em></span> 
     </span>
    </p>
   </div>
   <div class='ocr_carea' id='block_1_17' title="bbox 532 1659 2123 1738">
    <p class='ocr_par' dir='ltr' id='par_1_17' title="bbox 532 1659 2123 1738">
     <span class='ocr_line' id='line_1_17' title="bbox 532 1659 2123 1738; baseline -0.009 -16"><span class='ocrx_word' id='word_1_124' title='bbox 532 1681 693 1738; x_wconf 82' lang='lat' dir='ltr'><strong>quem</strong></span> <span class='ocrx_word' id='word_1_125' title='bbox 725 1681 825 1719; x_wconf 83' lang='lat' dir='ltr'><strong>nos</strong></span> <span class='ocrx_word' id='word_1_126' title='bbox 848 1664 1157 1718; x_wconf 83' lang='lat' dir='ltr'><strong>laterculum</strong></span> <span class='ocrx_word' id='word_1_127' title='bbox 1181 1671 1235 1716; x_wconf 90' lang='lat' dir='ltr'><strong>et</strong></span> <span class='ocrx_word' id='word_1_128' title='bbox 1262 1661 1478 1714; x_wconf 86' lang='lat' dir='ltr'><strong>abacum</strong></span> <span class='ocrx_word' id='word_1_129' title='bbox 1504 1659 1778 1728; x_wconf 83' lang='lat' dir='ltr'><strong>appellare</strong></span> <span class='ocrx_word' id='word_1_130' title='bbox 1807 1671 2123 1728; x_wconf 74' lang='lat' dir='ltr'><strong>poswmus.</strong></span> 
     </span>
    </p>
   </div>
   <div class='ocr_carea' id='block_1_18' title="bbox 2247 547 3838 615">
    <p class='ocr_par' dir='ltr' id='par_1_18' title="bbox 2247 547 3838 615">
     <span class='ocr_line' id='line_1_18' title="bbox 2247 547 3838 615; baseline 0.005 -16"><span class='ocrx_word' id='word_1_131' title='bbox 2247 561 2342 600; x_wconf 87' lang='lat' dir='ltr'><strong>rus</strong></span> <span class='ocrx_word' id='word_1_132' title='bbox 2362 547 2666 615; x_wconf 85' lang='lat' dir='ltr'><strong>oppositus,</strong></span> <span class='ocrx_word' id='word_1_133' title='bbox 2696 555 2754 601; x_wconf 94' lang='lat' dir='ltr'><strong>ut</strong></span> <span class='ocrx_word' id='word_1_134' title='bbox 2791 547 3046 602; x_wconf 85' lang='lat' dir='ltr'><strong>ostendat</strong></span> <span class='ocrx_word' id='word_1_135' title='bbox 3085 564 3299 604; x_wconf 84' lang='lat' dir='ltr'><strong>onmem</strong></span> <span class='ocrx_word' id='word_1_136' title='bbox 3345 551 3748 607; x_wconf 87' lang='lat' dir='ltr'><strong>multitudinem</strong></span> <span class='ocrx_word' id='word_1_137' title='bbox 3784 554 3838 608; x_wconf 91' lang='lat' dir='ltr'><strong>in</strong></span> 
     </span>
    </p>
   </div>
   <div class='ocr_carea' id='block_1_19' title="bbox 2245 637 3837 714">
    <p class='ocr_par' dir='ltr' id='par_1_19' title="bbox 2245 637 3837 714">
     <span class='ocr_line' id='line_1_19' title="bbox 2245 637 3837 714; baseline 0.006 -24"><span class='ocrx_word' id='word_1_138' title='bbox 2245 637 2393 692; x_wconf 88' lang='lat' dir='ltr'><strong>brevi</strong></span> <span class='ocrx_word' id='word_1_139' title='bbox 2425 652 2548 693; x_wconf 82' lang='lat' dir='ltr'><strong>esse</strong></span> <span class='ocrx_word' id='word_1_140' title='bbox 2575 638 2951 708; x_wconf 81' lang='lat' dir='ltr'><strong>frangendam,</strong></span> <span class='ocrx_word' id='word_1_141' title='bbox 2981 641 3437 714; x_wconf 85' lang='lat' dir='ltr'><strong>redigendamque</strong></span> <span class='ocrx_word' id='word_1_142' title='bbox 3473 645 3537 698; x_wconf 86' lang='lat' dir='ltr'><strong>ad</strong></span> <span class='ocrx_word' id='word_1_143' title='bbox 3580 645 3837 700; x_wconf 88' lang='lat' dir='ltr'><strong>nihilum.</strong></span> 
     </span>
    </p>
   </div>
   <div class='ocr_carea' id='block_1_20' title="bbox 2243 731 3838 808">
    <p class='ocr_par' dir='ltr' id='par_1_20' title="bbox 2243 731 3838 808">
     <span class='ocr_line' id='line_1_20' title="bbox 2243 731 3838 808; baseline 0.009 -23"><span class='ocrx_word' id='word_1_144' title='bbox 2243 731 2564 787; x_wconf 82' lang='lat' dir='ltr'><strong>Obﬁrntatio</strong></span> <span class='ocrx_word' id='word_1_145' title='bbox 2601 742 2780 788; x_wconf 90' lang='lat' dir='ltr'><strong>autem</strong></span> <span class='ocrx_word' id='word_1_146' title='bbox 2813 735 2993 790; x_wconf 86' lang='lat' dir='ltr'><strong>vultus</strong></span> <span class='ocrx_word' id='word_1_147' title='bbox 3037 747 3225 792; x_wconf 79' lang='lat' dir='ltr'><strong>contra</strong></span> <span class='ocrx_word' id='word_1_148' title='bbox 3273 739 3485 808; x_wconf 88' lang='lat' dir='ltr'><strong>urbem,</strong></span> <span class='ocrx_word' id='word_1_149' title='bbox 3525 744 3838 800; x_wconf 83' lang='lat' dir='ltr'><strong>severitatis</strong></span> 
     </span>
    </p>
   </div>
   <div class='ocr_carea' id='block_1_21' title="bbox 2243 823 3838 906">
    <p class='ocr_par' dir='ltr' id='par_1_21' title="bbox 2243 823 3838 906">
     <span class='ocr_line' id='line_1_21' title="bbox 2243 823 3838 906; baseline 0.006 -28"><span class='ocrx_word' id='word_1_150' title='bbox 2243 823 2502 879; x_wconf 90' lang='lat' dir='ltr'><strong>indicium</strong></span> <span class='ocrx_word' id='word_1_151' title='bbox 2539 835 2658 879; x_wconf 88' lang='lat' dir='ltr'><strong>est:</strong></span> <span class='ocrx_word' id='word_1_152' title='bbox 2683 825 2836 894; x_wconf 73' lang='lat' dir='ltr'><strong>juxta</strong></span> <span class='ocrx_word' id='word_1_153' title='bbox 2868 827 3001 882; x_wconf 91' lang='lat' dir='ltr'><strong>illud</strong></span> <span class='ocrx_word' id='word_1_154' title='bbox 3034 831 3177 898; x_wconf 86' lang='lat' dir='ltr'><strong>quod</strong></span> <span class='ocrx_word' id='word_1_155' title='bbox 3210 831 3338 886; x_wconf 86' lang='lat' dir='ltr'><strong>alibi</strong></span> <span class='ocrx_word' id='word_1_156' title='bbox 3385 833 3648 902; x_wconf 86' lang='lat' dir='ltr'><strong>scriptum</strong></span> <span class='ocrx_word' id='word_1_157' title='bbox 3701 835 3838 906; x_wconf 76' lang='lat' dir='ltr'><strong>legi-</strong></span> 
     </span>
    </p>
   </div>
   <div class='ocr_carea' id='block_1_22' title="bbox 2241 915 3839 998">
    <p class='ocr_par' dir='ltr' id='par_1_22' title="bbox 2241 915 3839 998">
     <span class='ocr_line' id='line_1_22' title="bbox 2241 915 3839 998; baseline 0.007 -29"><span class='ocrx_word' id='word_1_158' title='bbox 2241 929 2362 970; x_wconf 80' lang='lat' dir='ltr'><strong>mus</strong></span> <span class='ocrx_word' id='word_1_159' title='bbox 2396 933 2409 969; x_wconf 89' lang='lat'><strong>:</strong></span> <span class='ocrx_word' id='word_1_160' title='bbox 2441 915 2630 971; x_wconf 80' lang='lat' dir='ltr'><strong>Facies</strong></span> <span class='ocrx_word' id='word_1_161' title='bbox 2654 915 2870 972; x_wconf 86' lang='lat' dir='ltr'><strong>Domini</strong></span> <span class='ocrx_word' id='word_1_162' title='bbox 2892 937 3052 988; x_wconf 83' lang='lat' dir='ltr'><strong>super</strong></span> <span class='ocrx_word' id='word_1_163' title='bbox 3075 921 3322 991; x_wconf 71' lang='lat' dir='ltr'><strong>facientes</strong></span> <span class='ocrx_word' id='word_1_164' title='bbox 3349 924 3521 990; x_wconf 81' lang='lat' dir='ltr'><strong>maia;</strong></span> <span class='ocrx_word' id='word_1_165' title='bbox 3549 935 3605 978; x_wconf 84' lang='lat' dir='ltr'><strong>ut</strong></span> <span class='ocrx_word' id='word_1_166' title='bbox 3633 925 3839 998; x_wconf 83' lang='lat' dir='ltr'><strong>disper-</strong></span> 
     </span>
    </p>
   </div>
   <div class='ocr_carea' id='block_1_23' title="bbox 2239 1010 3616 1088">
    <p class='ocr_par' dir='ltr' id='par_1_23' title="bbox 2239 1010 3616 1088">
     <span class='ocr_line' id='line_1_23' title="bbox 2239 1010 3616 1088; baseline 0.004 -22"><span class='ocrx_word' id='word_1_167' title='bbox 2239 1010 2328 1066; x_wconf 81' lang='lat' dir='ltr'><strong>dat</strong></span> <span class='ocrx_word' id='word_1_168' title='bbox 2361 1013 2424 1065; x_wconf 88' lang='lat' dir='ltr'><strong>de</strong></span> <span class='ocrx_word' id='word_1_169' title='bbox 2445 1021 2582 1066; x_wconf 85' lang='lat' dir='ltr'><strong>terra</strong></span> <span class='ocrx_word' id='word_1_170' title='bbox 2609 1015 2910 1067; x_wconf 87' lang='lat' dir='ltr'><strong>memoriam</strong></span> <span class='ocrx_word' id='word_1_171' title='bbox 2931 1030 3109 1069; x_wconf 79' lang='lat' dir='ltr'><strong>eorum</strong></span> <span class='ocrx_word' id='word_1_172' title='bbox 3131 1015 3252 1086; x_wconf 83' lang='lat' dir='ltr'><strong>(Ps.</strong></span> <span class='ocrx_word' id='word_1_173' title='bbox 3283 1029 3474 1086; x_wconf 71' lang='lat' dir='ltr'><strong>xsxttt,</strong></span> <span class='ocrx_word' id='word_1_174' title='bbox 3500 1019 3616 1088; x_wconf 80' lang='lat' dir='ltr'><strong>i7).</strong></span> 
     </span>
    </p>
   </div>
   <div class='ocr_carea' id='block_1_24' title="bbox 2311 1103 3836 1181">
    <p class='ocr_par' dir='ltr' id='par_1_24' title="bbox 2311 1103 3836 1181">
     <span class='ocr_line' id='line_1_24' title="bbox 2311 1103 3836 1181; baseline 0.007 -22"><span class='ocrx_word' id='word_1_175' title='bbox 2311 1103 2501 1172; x_wconf 86' lang='lat' dir='ltr'><strong>(Vers.</strong></span> <span class='ocrx_word' id='word_1_176' title='bbox 2529 1107 2561 1160; x_wconf 77' lang='grc' dir='ltr'>ι</span> <span class='ocrx_word' id='word_1_177' title='bbox 2591 1107 2770 1176; x_wconf 84' lang='lat' dir='ltr'><strong>seqq.)</strong></span> <span class='ocrx_word' id='word_1_178' title='bbox 2802 1105 2868 1161; x_wconf 80' lang='lat' dir='ltr'><strong>Et</strong></span> <span class='ocrx_word' id='word_1_179' title='bbox 2893 1116 2949 1161; x_wconf 88' lang='lat' dir='ltr'><strong>tu</strong></span> <span class='ocrx_word' id='word_1_180' title='bbox 2980 1109 3204 1164; x_wconf 84' lang='lat' dir='ltr'><strong>dormies</strong></span> <span class='ocrx_word' id='word_1_181' title='bbox 3229 1127 3387 1181; x_wconf 85' lang='lat' dir='ltr'><strong>super</strong></span> <span class='ocrx_word' id='word_1_182' title='bbox 3417 1113 3553 1166; x_wconf 84' lang='lat' dir='ltr'><strong>latus</strong></span> <span class='ocrx_word' id='word_1_183' title='bbox 3584 1122 3729 1169; x_wconf 83' lang='lat' dir='ltr'><strong>tamn</strong></span> <span class='ocrx_word' id='word_1_184' title='bbox 3759 1115 3836 1170; x_wconf 88' lang='lat' dir='ltr'><strong>si-</strong></span> 
     </span>
    </p>
   </div>
   <div class='ocr_carea' id='block_1_25' title="bbox 2237 1197 3831 1276">
    <p class='ocr_par' dir='ltr' id='par_1_25' title="bbox 2237 1197 3831 1276">
     <span class='ocr_line' id='line_1_25' title="bbox 2237 1197 3831 1276; baseline 0.009 -28"><span class='ocrx_word' id='word_1_185' title='bbox 2237 1197 2482 1264; x_wconf 85' lang='lat' dir='ltr'><strong>nistrum,</strong></span> <span class='ocrx_word' id='word_1_186' title='bbox 2509 1209 2558 1252; x_wconf 81' lang='lat' dir='ltr'><strong>et</strong></span> <span class='ocrx_word' id='word_1_187' title='bbox 2591 1215 2748 1268; x_wconf 78' lang='lat' dir='ltr'><strong>partes</strong></span> <span class='ocrx_word' id='word_1_188' title='bbox 2775 1201 3073 1271; x_wconf 85' lang='lat' dir='ltr'><strong>iniquitates</strong></span> <span class='ocrx_word' id='word_1_189' title='bbox 3115 1204 3297 1257; x_wconf 86' lang='lat' dir='ltr'><strong>domus</strong></span> <span class='ocrx_word' id='word_1_190' title='bbox 3329 1204 3500 1259; x_wconf 81' lang='lat' dir='ltr'><strong>Israel</strong></span> <span class='ocrx_word' id='word_1_191' title='bbox 3543 1223 3702 1276; x_wconf 86' lang='lat' dir='ltr'><strong>super</strong></span> <span class='ocrx_word' id='word_1_192' title='bbox 3746 1224 3831 1276; x_wconf 84' lang='lat' dir='ltr'><strong>eo,</strong></span> 
     </span>
    </p>
   </div>
   <div class='ocr_carea' id='block_1_26' title="bbox 2236 1290 3832 1365">
    <p class='ocr_par' dir='ltr' id='par_1_26' title="bbox 2236 1290 3832 1365">
     <span class='ocr_line' id='line_1_26' title="bbox 2236 1290 3832 1365; baseline 0.008 -25"><span class='ocrx_word' id='word_1_193' title='bbox 2236 1303 2448 1342; x_wconf 88' lang='lat' dir='ltr'><strong>numero</strong></span> <span class='ocrx_word' id='word_1_194' title='bbox 2476 1290 2676 1343; x_wconf 85' lang='lat' dir='ltr'><strong>dierum</strong></span> <span class='ocrx_word' id='word_1_195' title='bbox 2697 1291 2880 1359; x_wconf 83' lang='lat' dir='ltr'><strong>quibus</strong></span> <span class='ocrx_word' id='word_1_196' title='bbox 2902 1291 3128 1346; x_wconf 83' lang='lat' dir='ltr'><strong>dormies</strong></span> <span class='ocrx_word' id='word_1_197' title='bbox 3157 1299 3310 1365; x_wconf 83' lang='lat' dir='ltr'><strong>super</strong></span> <span class='ocrx_word' id='word_1_198' title='bbox 3331 1295 3486 1363; x_wconf 85' lang='lat' dir='ltr'><strong>illud,</strong></span> <span class='ocrx_word' id='word_1_199' title='bbox 3519 1306 3568 1350; x_wconf 89' lang='lat' dir='ltr'><strong>et</strong></span> <span class='ocrx_word' id='word_1_200' title='bbox 3597 1313 3832 1353; x_wconf 81' lang='lat' dir='ltr'><strong>assumes</strong></span> 
     </span>
    </p>
   </div>
   <div class='ocr_carea' id='block_1_27' title="bbox 2203 1378 3833 1460">
    <p class='ocr_par' dir='ltr' id='par_1_27' title="bbox 2203 1378 3833 1460">
     <span class='ocr_line' id='line_1_27' title="bbox 2203 1378 3833 1460; baseline 0.009 -30"><span class='ocrx_word' id='word_1_201' title='bbox 2203 1452 2206 1454; x_wconf 86' lang='lat'><em>_</em></span> <span class='ocrx_word' id='word_1_202' title='bbox 2234 1378 2563 1448; x_wconf 74' lang='lat' dir='ltr'><strong>iniquitatem</strong></span> <span class='ocrx_word' id='word_1_203' title='bbox 2585 1398 2788 1437; x_wconf 82' lang='lat' dir='ltr'><strong>eorum.</strong></span> <span class='ocrx_word' id='word_1_204' title='bbox 2817 1381 2928 1452; x_wconf 83' lang='lat' dir='ltr'><strong>Ego</strong></span> <span class='ocrx_word' id='word_1_205' title='bbox 2956 1393 3126 1438; x_wconf 86' lang='lat' dir='ltr'><strong>autem</strong></span> <span class='ocrx_word' id='word_1_206' title='bbox 3158 1386 3278 1439; x_wconf 90' lang='lat' dir='ltr'><strong>dedi</strong></span> <span class='ocrx_word' id='word_1_207' title='bbox 3319 1387 3410 1440; x_wconf 82' lang='lat' dir='ltr'><strong>tibi</strong></span> <span class='ocrx_word' id='word_1_208' title='bbox 3437 1405 3603 1442; x_wconf 85' lang='lat' dir='ltr'><strong>annos</strong></span> <span class='ocrx_word' id='word_1_209' title='bbox 3631 1389 3833 1460; x_wconf 79' lang='lat' dir='ltr'><strong>iniqui—</strong></span> 
     </span>
    </p>
   </div>
   <div class='ocr_carea' id='block_1_28' title="bbox 2232 1471 3834 1552">
    <p class='ocr_par' dir='ltr' id='par_1_28' title="bbox 2232 1471 3834 1552">
     <span class='ocr_line' id='line_1_28' title="bbox 2232 1471 3834 1552; baseline 0.006 -29"><span class='ocrx_word' id='word_1_210' title='bbox 2232 1471 2354 1526; x_wconf 82' lang='lat' dir='ltr'><strong>tatis</strong></span> <span class='ocrx_word' id='word_1_211' title='bbox 2383 1487 2581 1539; x_wconf 79' lang='lat' dir='ltr'><strong>eorunt,</strong></span> <span class='ocrx_word' id='word_1_212' title='bbox 2615 1490 2830 1528; x_wconf 84' lang='lat' dir='ltr'><strong>nurnero</strong></span> <span class='ocrx_word' id='word_1_213' title='bbox 2877 1475 3079 1528; x_wconf 84' lang='lat' dir='ltr'><strong>dierum</strong></span> <span class='ocrx_word' id='word_1_214' title='bbox 3132 1485 3404 1542; x_wconf 81' lang='lat' dir='ltr'><strong>trecentos,</strong></span> <span class='ocrx_word' id='word_1_215' title='bbox 3451 1488 3499 1532; x_wconf 83' lang='lat' dir='ltr'><strong>et</strong></span> <span class='ocrx_word' id='word_1_216' title='bbox 3541 1482 3834 1552; x_wconf 76' lang='lat' dir='ltr'><strong>nonaginta</strong></span> 
     </span>
    </p>
   </div>
   <div class='ocr_carea' id='block_1_29' title="bbox 2231 1561 3833 1637">
    <p class='ocr_par' dir='ltr' id='par_1_29' title="bbox 2231 1561 3833 1637">
     <span class='ocr_line' id='line_1_29' title="bbox 2231 1561 3833 1637; baseline 0.008 -23"><span class='ocrx_word' id='word_1_217' title='bbox 2231 1561 2358 1627; x_wconf 87' lang='lat' dir='ltr'><strong>dies,</strong></span> <span class='ocrx_word' id='word_1_218' title='bbox 2394 1571 2442 1616; x_wconf 86' lang='lat' dir='ltr'><strong>et</strong></span> <span class='ocrx_word' id='word_1_219' title='bbox 2473 1566 2700 1635; x_wconf 82' lang='lat' dir='ltr'><strong>portabis</strong></span> <span class='ocrx_word' id='word_1_220' title='bbox 2747 1567 3075 1637; x_wconf 75' lang='lat' dir='ltr'><strong>iniquitatem</strong></span> <span class='ocrx_word' id='word_1_221' title='bbox 3117 1569 3303 1624; x_wconf 77' lang='lat' dir='ltr'><strong>domus</strong></span> <span class='ocrx_word' id='word_1_222' title='bbox 3356 1567 3544 1624; x_wconf 87' lang='lat' dir='ltr'><strong>Israel.</strong></span> <span class='ocrx_word' id='word_1_223' title='bbox 3591 1569 3658 1626; x_wconf 87' lang='lat' dir='ltr'><strong>Et</strong></span> <span class='ocrx_word' id='word_1_224' title='bbox 3708 1589 3833 1627; x_wconf 83' lang='lat' dir='ltr'><strong>cum</strong></span> 
     </span>
    </p>
   </div>
   <div class='ocr_carea' id='block_1_30' title="bbox 2232 1658 3833 1734">
    <p class='ocr_par' dir='ltr' id='par_1_30' title="bbox 2232 1658 3833 1734">
     <span class='ocr_line' id='line_1_30' title="bbox 2232 1658 3833 1734; baseline 0.007 -26"><span class='ocrx_word' id='word_1_225' title='bbox 2232 1658 2569 1726; x_wconf 73' lang='lat' dir='ltr'><strong>compleveris</strong></span> <span class='ocrx_word' id='word_1_226' title='bbox 2600 1659 2742 1719; x_wconf 64' lang='lat' dir='ltr'><strong>hac.</strong></span> <span class='ocrx_word' id='word_1_227' title='bbox 2775 1660 3001 1715; x_wconf 83' lang='lat' dir='ltr'><strong>dormies</strong></span> <span class='ocrx_word' id='word_1_228' title='bbox 3029 1678 3184 1734; x_wconf 82' lang='lat' dir='ltr'><strong>super</strong></span> <span class='ocrx_word' id='word_1_229' title='bbox 3223 1664 3358 1717; x_wconf 73' lang='lat' dir='ltr'><strong>latus</strong></span> <span class='ocrx_word' id='word_1_230' title='bbox 3406 1673 3548 1719; x_wconf 81' lang='lat' dir='ltr'><strong>tuum</strong></span> <span class='ocrx_word' id='word_1_231' title='bbox 3588 1667 3833 1720; x_wconf 74' lang='lat' dir='ltr'><strong>dea-trum</strong></span> 
     </span>
    </p>
   </div>
   <div class='ocr_carea' id='block_1_31' title="bbox 533 1748 3835 1830">
    <p class='ocr_par' dir='ltr' id='par_1_31' title="bbox 533 1748 3835 1830">
     <span class='ocr_line' id='line_1_31' title="bbox 533 1748 3835 1830; baseline 0.001 -19"><span class='ocrx_word' id='word_1_232' title='bbox 533 1757 592 1812; x_wconf 85' lang='lat' dir='ltr'><strong>In</strong></span> <span class='ocrx_word' id='word_1_233' title='bbox 628 1757 785 1830; x_wconf 87' lang='lat' dir='ltr'><strong>cujus</strong></span> <span class='ocrx_word' id='word_1_234' title='bbox 819 1757 1045 1828; x_wconf 76' lang='lat' dir='ltr'><strong>pulvere</strong></span> <span class='ocrx_word' id='word_1_235' title='bbox 1088 1754 1267 1808; x_wconf 88' lang='lat' dir='ltr'><strong>solent</strong></span> <span class='ocrx_word' id='word_1_236' title='bbox 1310 1761 1609 1822; x_wconf 58' lang='lat' dir='ltr'><strong>geometras</strong></span> <span class='ocrx_word' id='word_1_237' title='bbox 1637 1752 1904 1826; x_wconf 67' lang='grc' dir='ltr'><strong>γραμμὰς,</strong></span> <span class='ocrx_word' id='word_1_238' title='bbox 1938 1748 1992 1802; x_wconf 86' lang='lat' dir='ltr'><strong>id</strong></span> <span class='ocrx_word' id='word_1_239' title='bbox 2022 1757 2120 1811; x_wconf 77' lang='lat' dir='ltr'><strong>ost,</strong></span> <span class='ocrx_word' id='word_1_240' title='bbox 2160 1751 2205 1810; x_wconf 85' lang='grc' dir='ltr'><strong>Β</strong></span> <span class='ocrx_word' id='word_1_241' title='bbox 2229 1751 2476 1814; x_wconf 85' lang='lat' dir='ltr'><strong>secundo,</strong></span> <span class='ocrx_word' id='word_1_242' title='bbox 2512 1764 2560 1804; x_wconf 88' lang='lat' dir='ltr'><strong>et</strong></span> <span class='ocrx_word' id='word_1_243' title='bbox 2579 1769 2813 1807; x_wconf 78' lang='lat' dir='ltr'><strong>assumes</strong></span> <span class='ocrx_word' id='word_1_244' title='bbox 2846 1755 3171 1826; x_wconf 79' lang='lat' dir='ltr'><strong>iniquitatem</strong></span> <span class='ocrx_word' id='word_1_245' title='bbox 3197 1758 3385 1812; x_wconf 84' lang='lat' dir='ltr'><strong>domus</strong></span> <span class='ocrx_word' id='word_1_246' title='bbox 3407 1756 3563 1812; x_wconf 77' lang='lat' dir='ltr'><strong>&#39;Jnda</strong></span> <span class='ocrx_word' id='word_1_247' title='bbox 3597 1761 3835 1826; x_wconf 84' lang='lat' dir='ltr'><strong>quadra-</strong></span> 
     </span>
    </p>
   </div>
   <div class='ocr_carea' id='block_1_32' title="bbox 530 1841 2122 1920">
    <p class='ocr_par' dir='ltr' id='par_1_32' title="bbox 530 1841 2122 1920">
     <span class='ocr_line' id='line_1_32' title="bbox 530 1841 2122 1920; baseline -0.006 -16"><span class='ocrx_word' id='word_1_248' title='bbox 530 1849 720 1920; x_wconf 85' lang='lat' dir='ltr'><strong>lineas,</strong></span> <span class='ocrx_word' id='word_1_249' title='bbox 744 1851 1032 1919; x_wconf 84' lang='lat' dir='ltr'><strong>radiosque</strong></span> <span class='ocrx_word' id='word_1_250' title='bbox 1063 1847 1395 1904; x_wconf 85' lang='lat' dir='ltr'><strong>describere.</strong></span> <span class='ocrx_word' id='word_1_251' title='bbox 1424 1847 1498 1900; x_wconf 83' lang='lat' dir='ltr'><strong>Ex</strong></span> <span class='ocrx_word' id='word_1_252' title='bbox 1525 1859 1632 1915; x_wconf 91' lang='lat' dir='ltr'><strong>quo</strong></span> <span class='ocrx_word' id='word_1_253' title='bbox 1658 1843 1878 1913; x_wconf 87' lang='lat' dir='ltr'><strong>quidam</strong></span> <span class='ocrx_word' id='word_1_254' title='bbox 1915 1841 2122 1906; x_wconf 82' lang='lat' dir='ltr'><strong>volunt,</strong></span> 
     </span>
    </p>
   </div>
   <div class='ocr_carea' id='block_1_33' title="bbox 533 1933 2129 2005">
    <p class='ocr_par' dir='ltr' id='par_1_33' title="bbox 533 1933 2129 2005">
     <span class='ocr_line' id='line_1_33' title="bbox 533 1933 2129 2005; baseline -0.009 -5"><span class='ocrx_word' id='word_1_255' title='bbox 533 1961 642 2001; x_wconf 88' lang='lat' dir='ltr'><strong>non</strong></span> <span class='ocrx_word' id='word_1_256' title='bbox 693 1942 988 1998; x_wconf 86' lang='lat' dir='ltr'><strong>absurdum</strong></span> <span class='ocrx_word' id='word_1_257' title='bbox 1033 1956 1156 1995; x_wconf 88' lang='lat' dir='ltr'><strong>esse</strong></span> <span class='ocrx_word' id='word_1_258' title='bbox 1199 1939 1365 1994; x_wconf 87' lang='lat' dir='ltr'><strong>etiam</strong></span> <span class='ocrx_word' id='word_1_259' title='bbox 1401 1937 1560 2005; x_wconf 87' lang='lat' dir='ltr'><strong>hujus</strong></span> <span class='ocrx_word' id='word_1_260' title='bbox 1607 1935 1870 1990; x_wconf 67' lang='lat' dir='ltr'><strong>doctrinas</strong></span> <span class='ocrx_word' id='word_1_261' title='bbox 1926 1933 2129 1988; x_wconf 85' lang='lat' dir='ltr'><strong>habere</strong></span> 
     </span>
    </p>
   </div>
   <div class='ocr_carea' id='block_1_34' title="bbox 534 2023 2128 2105">
    <p class='ocr_par' dir='ltr' id='par_1_34' title="bbox 534 2023 2128 2105">
     <span class='ocr_line' id='line_1_34' title="bbox 534 2023 2128 2105; baseline -0.009 -13"><span class='ocrx_word' id='word_1_262' title='bbox 534 2036 822 2094; x_wconf 83' lang='lat' dir='ltr'><strong>scientiam</strong></span> <span class='ocrx_word' id='word_1_263' title='bbox 842 2034 956 2105; x_wconf 89' lang='lat' dir='ltr'><strong>(illa</strong></span> <span class='ocrx_word' id='word_1_264' title='bbox 986 2031 1233 2100; x_wconf 77' lang='lat' dir='ltr'><strong>exempla</strong></span> <span class='ocrx_word' id='word_1_265' title='bbox 1261 2029 1616 2098; x_wconf 84' lang='lat' dir='ltr'><strong>replicantes,</strong></span> <span class='ocrx_word' id='word_1_266' title='bbox 1641 2026 1784 2096; x_wconf 90' lang='lat' dir='ltr'><strong>quod</strong></span> <span class='ocrx_word' id='word_1_267' title='bbox 1809 2025 1968 2080; x_wconf 79' lang='lat' dir='ltr'><strong>Jesus</strong></span> <span class='ocrx_word' id='word_1_268' title='bbox 1985 2023 2128 2078; x_wconf 79' lang='lat' dir='ltr'><strong>ﬁlius</strong></span> 
     </span>
    </p>
   </div>
   <div class='ocr_carea' id='block_1_35' title="bbox 539 2116 2129 2196">
    <p class='ocr_par' dir='ltr' id='par_1_35' title="bbox 539 2116 2129 2196">
     <span class='ocr_line' id='line_1_35' title="bbox 539 2116 2129 2196; baseline -0.009 -14"><span class='ocrx_word' id='word_1_269' title='bbox 539 2129 686 2182; x_wconf 80' lang='lat' dir='ltr'><strong>Nave</strong></span> <span class='ocrx_word' id='word_1_270' title='bbox 723 2126 1108 2196; x_wconf 75' lang='lat' dir='ltr'><strong>exploratores</strong></span> <span class='ocrx_word' id='word_1_271' title='bbox 1127 2122 1359 2182; x_wconf 87' lang='lat' dir='ltr'><strong>miserit,</strong></span> <span class='ocrx_word' id='word_1_272' title='bbox 1393 2120 1484 2190; x_wconf 89' lang='lat' dir='ltr'><strong>qui</strong></span> <span class='ocrx_word' id='word_1_273' title='bbox 1513 2128 1717 2174; x_wconf 87' lang='lat' dir='ltr'><strong>terram</strong></span> <span class='ocrx_word' id='word_1_274' title='bbox 1748 2116 2129 2173; x_wconf 85' lang='lat' dir='ltr'><strong>describerent</strong></span> 
     </span>
    </p>
   </div>
   <div class='ocr_carea' id='block_1_36' title="bbox 533 2209 2127 2294">
    <p class='ocr_par' dir='ltr' id='par_1_36' title="bbox 533 2209 2127 2294">
     <span class='ocr_line' id='line_1_36' title="bbox 533 2209 2127 2294; baseline -0.007 -19"><span class='ocrx_word' id='word_1_275' title='bbox 533 2220 672 2294; x_wconf 84' lang='lat' dir='ltr'><strong>(Jos.</strong></span> <span class='ocrx_word' id='word_1_276' title='bbox 698 2220 767 2286; x_wconf 87' lang='grc' dir='ltr'><strong>ιι)</strong></span> <span class='ocrx_word' id='word_1_277' title='bbox 791 2233 912 2288; x_wconf 65' lang='lat' dir='ltr'><strong>qua:</strong></span> <span class='ocrx_word' id='word_1_278' title='bbox 940 2215 1161 2287; x_wconf 86' lang='lat' dir='ltr'><strong>proprie</strong></span> <span class='ocrx_word' id='word_1_279' title='bbox 1204 2223 1428 2270; x_wconf 83' lang='lat' dir='ltr'><strong>vocatur</strong></span> <span class='ocrx_word' id='word_1_280' title='bbox 1476 2213 1791 2269; x_wconf 83' lang='lat' dir='ltr'><strong>Geometria</strong></span> <span class='ocrx_word' id='word_1_281' title='bbox 1817 2228 1830 2265; x_wconf 90' lang='lat'><strong>:</strong></span> <span class='ocrx_word' id='word_1_282' title='bbox 1860 2220 1915 2264; x_wconf 89' lang='lat' dir='ltr'><strong>et</strong></span> <span class='ocrx_word' id='word_1_283' title='bbox 1945 2209 2127 2277; x_wconf 85' lang='lat' dir='ltr'><strong>Ange-</strong></span> 
     </span>
    </p>
   </div>
   <div class='ocr_carea' id='block_1_37' title="bbox 530 2300 2125 2366">
    <p class='ocr_par' dir='ltr' id='par_1_37' title="bbox 530 2300 2125 2366">
     <span class='ocr_line' id='line_1_37' title="bbox 530 2300 2125 2366; baseline -0.008 0"><span class='ocrx_word' id='word_1_284' title='bbox 530 2313 618 2366; x_wconf 89' lang='lat' dir='ltr'><strong>lus</strong></span> <span class='ocrx_word' id='word_1_285' title='bbox 648 2313 700 2365; x_wconf 92' lang='lat' dir='ltr'><strong>in</strong></span> <span class='ocrx_word' id='word_1_286' title='bbox 734 2309 997 2365; x_wconf 78' lang='lat' dir='ltr'><strong>Zacharia</strong></span> <span class='ocrx_word' id='word_1_287' title='bbox 1029 2305 1274 2362; x_wconf 83' lang='lat' dir='ltr'><strong>habuerit</strong></span> <span class='ocrx_word' id='word_1_288' title='bbox 1308 2304 1604 2360; x_wconf 78' lang='lat' dir='ltr'><strong>funiculum</strong></span> <span class='ocrx_word' id='word_1_289' title='bbox 1628 2303 2032 2360; x_wconf 75' lang='lat' dir='ltr'><strong>Geometrieum</strong></span> <span class='ocrx_word' id='word_1_290' title='bbox 2055 2300 2125 2355; x_wconf 88' lang='lat' dir='ltr'><strong>ad</strong></span> 
     </span>
    </p>
   </div>
   <div class='ocr_carea' id='block_1_38' title="bbox 527 2394 2128 2469">
    <p class='ocr_par' dir='ltr' id='par_1_38' title="bbox 527 2394 2128 2469">
     <span class='ocr_line' id='line_1_38' title="bbox 527 2394 2128 2469; baseline -0.008 -8"><span class='ocrx_word' id='word_1_291' title='bbox 527 2404 834 2461; x_wconf 85' lang='lat' dir='ltr'><strong>Jerusalem</strong></span> <span class='ocrx_word' id='word_1_292' title='bbox 873 2400 1211 2458; x_wconf 85' lang='lat' dir='ltr'><strong>metiendam</strong></span> <span class='ocrx_word' id='word_1_293' title='bbox 1249 2398 1435 2469; x_wconf 78' lang='lat' dir='ltr'><strong>(lactt.</strong></span> <span class='ocrx_word' id='word_1_294' title='bbox 1467 2401 1549 2466; x_wconf 86' lang='lat' dir='ltr'><strong>tt).</strong></span> <span class='ocrx_word' id='word_1_295' title='bbox 1581 2397 1648 2452; x_wconf 86' lang='lat' dir='ltr'><strong>Et</strong></span> <span class='ocrx_word' id='word_1_296' title='bbox 1687 2395 1830 2467; x_wconf 82' lang='lat' dir='ltr'><strong>quod</strong></span> <span class='ocrx_word' id='word_1_297' title='bbox 1873 2394 2128 2464; x_wconf 89' lang='lat' dir='ltr'><strong>nuncju-</strong></span> 
     </span>
    </p>
   </div>
   <div class='ocr_carea' id='block_1_39' title="bbox 525 2487 2126 2565">
    <p class='ocr_par' dir='ltr' id='par_1_39' title="bbox 525 2487 2126 2565">
     <span class='ocr_line' id='line_1_39' title="bbox 525 2487 2126 2565; baseline -0.007 -14"><span class='ocrx_word' id='word_1_298' title='bbox 525 2497 686 2551; x_wconf 87' lang='lat' dir='ltr'><strong>betur</strong></span> <span class='ocrx_word' id='word_1_299' title='bbox 700 2493 975 2565; x_wconf 80' lang='lat' dir='ltr'><strong>Propheta</strong></span> <span class='ocrx_word' id='word_1_300' title='bbox 995 2492 1298 2548; x_wconf 79' lang='lat' dir='ltr'><strong>Jerusalem</strong></span> <span class='ocrx_word' id='word_1_301' title='bbox 1325 2491 1376 2544; x_wconf 89' lang='lat' dir='ltr'><strong>in</strong></span> <span class='ocrx_word' id='word_1_302' title='bbox 1403 2490 1632 2560; x_wconf 83' lang='lat' dir='ltr'><strong>pulvere</strong></span> <span class='ocrx_word' id='word_1_303' title='bbox 1651 2488 1965 2546; x_wconf 76' lang='lat' dir='ltr'><strong>describere</strong></span> <span class='ocrx_word' id='word_1_304' title='bbox 1977 2487 2126 2557; x_wconf 69' lang='lat' dir='ltr'><strong>(quin</strong></span> 
     </span>
    </p>
   </div>
   <div class='ocr_carea' id='block_1_40' title="bbox 526 2579 2127 2658">
    <p class='ocr_par' dir='ltr' id='par_1_40' title="bbox 526 2579 2127 2658">
     <span class='ocr_line' id='line_1_40' title="bbox 526 2579 2127 2658; baseline -0.007 -15"><span class='ocrx_word' id='word_1_305' title='bbox 526 2589 670 2658; x_wconf 82' lang='lat' dir='ltr'><strong>apud</strong></span> <span class='ocrx_word' id='word_1_306' title='bbox 695 2603 794 2644; x_wconf 90' lang='lat' dir='ltr'><strong>eos</strong></span> <span class='ocrx_word' id='word_1_307' title='bbox 819 2590 1039 2657; x_wconf 85' lang='lat' dir='ltr'><strong>proprie</strong></span> <span class='ocrx_word' id='word_1_308' title='bbox 1059 2595 1084 2623; x_wconf 71' lang='grc'>⁸</span> <span class='ocrx_word' id='word_1_309' title='bbox 1107 2584 1414 2655; x_wconf 86' lang='lat' dir='ltr'><strong>appellatur</strong></span> <span class='ocrx_word' id='word_1_310' title='bbox 1439 2579 1807 2658; x_wconf 74' lang='grc' dir='ltr'><strong>σκηνογραφία)</strong></span> <span class='ocrx_word' id='word_1_311' title='bbox 1838 2593 2127 2649; x_wconf 83' lang='lat' dir='ltr'><strong>possumus</strong></span> 
     </span>
    </p>
   </div>
   <div class='ocr_carea' id='block_1_41' title="bbox 530 2670 2123 2747">
    <p class='ocr_par' dir='ltr' id='par_1_41' title="bbox 530 2670 2123 2747">
     <span class='ocr_line' id='line_1_41' title="bbox 530 2670 2123 2747; baseline -0.006 -15"><span class='ocrx_word' id='word_1_312' title='bbox 530 2678 764 2734; x_wconf 84' lang='lat' dir='ltr'><strong>laterem</strong></span> <span class='ocrx_word' id='word_1_313' title='bbox 819 2687 873 2732; x_wconf 89' lang='lat' dir='ltr'><strong>et</strong></span> <span class='ocrx_word' id='word_1_314' title='bbox 909 2679 962 2732; x_wconf 91' lang='lat' dir='ltr'><strong>in</strong></span> <span class='ocrx_word' id='word_1_315' title='bbox 993 2676 1395 2747; x_wconf 87' lang='lat' dir='ltr'><strong>sugillationem</strong></span> <span class='ocrx_word' id='word_1_316' title='bbox 1425 2674 1647 2730; x_wconf 84' lang='lat' dir='ltr'><strong>lsraelis</strong></span> <span class='ocrx_word' id='word_1_317' title='bbox 1677 2674 1952 2740; x_wconf 82' lang='lat' dir='ltr'><strong>accipere.</strong></span> <span class='ocrx_word' id='word_1_318' title='bbox 1977 2670 2123 2740; x_wconf 90' lang='lat' dir='ltr'><strong>quod</strong></span> 
     </span>
    </p>
   </div>
   <div class='ocr_carea' id='block_1_42' title="bbox 527 2763 2124 2838">
    <p class='ocr_par' dir='ltr' id='par_1_42' title="bbox 527 2763 2124 2838">
     <span class='ocr_line' id='line_1_42' title="bbox 527 2763 2124 2838; baseline -0.004 -14"><span class='ocrx_word' id='word_1_319' title='bbox 527 2771 582 2826; x_wconf 92' lang='lat' dir='ltr'><strong>in</strong></span> <span class='ocrx_word' id='word_1_320' title='bbox 615 2772 752 2834; x_wconf 92' lang='lat' dir='ltr'><strong>luto,</strong></span> <span class='ocrx_word' id='word_1_321' title='bbox 782 2779 839 2826; x_wconf 89' lang='lat' dir='ltr'><strong>et</strong></span> <span class='ocrx_word' id='word_1_322' title='bbox 868 2771 1043 2824; x_wconf 85' lang='lat' dir='ltr'><strong>latere</strong></span> <span class='ocrx_word' id='word_1_323' title='bbox 1075 2769 1333 2824; x_wconf 84' lang='lat' dir='ltr'><strong>servierit</strong></span> <span class='ocrx_word' id='word_1_324' title='bbox 1359 2767 1632 2824; x_wconf 84' lang='lat' dir='ltr'><strong>Pharaoni</strong></span> <span class='ocrx_word' id='word_1_325' title='bbox 1659 2765 1863 2838; x_wconf 64' lang='lat' dir='ltr'><strong>(Exod.</strong></span> <span class='ocrx_word' id='word_1_326' title='bbox 1896 2764 1968 2836; x_wconf 83' lang='grc' dir='ltr'><strong>ι).</strong></span> <span class='ocrx_word' id='word_1_327' title='bbox 1993 2763 2124 2820; x_wconf 81' lang='lat' dir='ltr'><strong>Sive</strong></span> 
     </span>
    </p>
   </div>
   <div class='ocr_carea' id='block_1_43' title="bbox 525 2857 2124 2932">
    <p class='ocr_par' dir='ltr' id='par_1_43' title="bbox 525 2857 2124 2932">
     <span class='ocr_line' id='line_1_43' title="bbox 525 2857 2124 2932; baseline -0.004 -15"><span class='ocrx_word' id='word_1_328' title='bbox 525 2870 586 2917; x_wconf 86' lang='lat' dir='ltr'><strong>ut</strong></span> <span class='ocrx_word' id='word_1_329' title='bbox 613 2864 764 2928; x_wconf 84' lang='lat' dir='ltr'><strong>urbs,</strong></span> <span class='ocrx_word' id='word_1_330' title='bbox 795 2877 957 2932; x_wconf 89' lang='lat' dir='ltr'><strong>quam</strong></span> <span class='ocrx_word' id='word_1_331' title='bbox 994 2861 1255 2930; x_wconf 85' lang='lat' dir='ltr'><strong>putabant</strong></span> <span class='ocrx_word' id='word_1_332' title='bbox 1285 2874 1406 2914; x_wconf 88' lang='lat' dir='ltr'><strong>esse</strong></span> <span class='ocrx_word' id='word_1_333' title='bbox 1448 2860 1657 2914; x_wconf 84' lang='lat' dir='ltr'><strong>iirmam</strong></span> <span class='ocrx_word' id='word_1_334' title='bbox 1695 2867 1750 2912; x_wconf 88' lang='lat' dir='ltr'><strong>et</strong></span> <span class='ocrx_word' id='word_1_335' title='bbox 1785 2857 2124 2925; x_wconf 70' lang='lat' dir='ltr'><strong>inexpugna-</strong></span> 
     </span>
    </p>
   </div>
   <div class='ocr_carea' id='block_1_44' title="bbox 525 2951 2122 3024">
    <p class='ocr_par' dir='ltr' id='par_1_44' title="bbox 525 2951 2122 3024">
     <span class='ocr_line' id='line_1_44' title="bbox 525 2951 2122 3024; baseline -0.002 -15"><span class='ocrx_word' id='word_1_336' title='bbox 525 2957 712 3022; x_wconf 88' lang='lat' dir='ltr'><strong>bilem,</strong></span> <span class='ocrx_word' id='word_1_337' title='bbox 742 2955 1097 3024; x_wconf 82' lang='lat' dir='ltr'><strong>fragilissimo</strong></span> <span class='ocrx_word' id='word_1_338' title='bbox 1120 2955 1280 3010; x_wconf 85' lang='lat' dir='ltr'><strong>lateri</strong></span> <span class='ocrx_word' id='word_1_339' title='bbox 1304 2962 1675 3022; x_wconf 81' lang='lat' dir='ltr'><strong>comparetur,</strong></span> <span class='ocrx_word' id='word_1_340' title='bbox 1706 2952 1798 3022; x_wconf 85' lang='lat' dir='ltr'><strong>qui</strong></span> <span class='ocrx_word' id='word_1_341' title='bbox 1829 2951 1895 3004; x_wconf 83' lang='lat' dir='ltr'><strong>ad</strong></span> <span class='ocrx_word' id='word_1_342' title='bbox 1922 2958 2122 3006; x_wconf 88' lang='lat' dir='ltr'><strong>tactum</strong></span> 
     </span>
    </p>
   </div>
   <div class='ocr_carea' id='block_1_45' title="bbox 524 3044 2122 3120">
    <p class='ocr_par' dir='ltr' id='par_1_45' title="bbox 524 3044 2122 3120">
     <span class='ocr_line' id='line_1_45' title="bbox 524 3044 2122 3120; baseline -0.008 -13"><span class='ocrx_word' id='word_1_343' title='bbox 524 3065 678 3120; x_wconf 74' lang='lat' dir='ltr'><strong>aqua:</strong></span> <span class='ocrx_word' id='word_1_344' title='bbox 721 3049 892 3115; x_wconf 45' lang='lat' dir='ltr'><strong>illico,</strong></span> <span class='ocrx_word' id='word_1_345' title='bbox 919 3048 1172 3110; x_wconf 87' lang='lat' dir='ltr'><strong>solvitur,</strong></span> <span class='ocrx_word' id='word_1_346' title='bbox 1208 3056 1264 3099; x_wconf 91' lang='lat' dir='ltr'><strong>ut</strong></span> <span class='ocrx_word' id='word_1_347' title='bbox 1293 3045 1364 3100; x_wconf 86' lang='lat' dir='ltr'><strong>de</strong></span> <span class='ocrx_word' id='word_1_348' title='bbox 1407 3060 1512 3114; x_wconf 88' lang='lat' dir='ltr'><strong>qua</strong></span> <span class='ocrx_word' id='word_1_349' title='bbox 1547 3044 1696 3112; x_wconf 85' lang='lat' dir='ltr'><strong>prius</strong></span> <span class='ocrx_word' id='word_1_350' title='bbox 1737 3044 1939 3098; x_wconf 88' lang='lat' dir='ltr'><strong>dictum</strong></span> <span class='ocrx_word' id='word_1_351' title='bbox 1993 3053 2077 3096; x_wconf 80' lang='lat' dir='ltr'><strong>est</strong></span> <span class='ocrx_word' id='word_1_352' title='bbox 2108 3059 2122 3095; x_wconf 91' lang='lat'>:</span> 
     </span>
    </p>
   </div>
   <div class='ocr_carea' id='block_1_46' title="bbox 2230 1842 3834 1923">
    <p class='ocr_par' dir='ltr' id='par_1_46' title="bbox 2230 1842 3834 1923">
     <span class='ocr_line' id='line_1_46' title="bbox 2230 1842 3834 1923; baseline 0.007 -29"><span class='ocrx_word' id='word_1_353' title='bbox 2230 1842 2376 1911; x_wconf 82' lang='lat' dir='ltr'><strong>ginta</strong></span> <span class='ocrx_word' id='word_1_354' title='bbox 2402 1843 2600 1898; x_wconf 85' lang='lat' dir='ltr'><strong>diebus.</strong></span> <span class='ocrx_word' id='word_1_355' title='bbox 2631 1844 2783 1899; x_wconf 82' lang='lat' dir='ltr'><strong>Diem</strong></span> <span class='ocrx_word' id='word_1_356' title='bbox 2810 1864 2902 1916; x_wconf 88' lang='lat' dir='ltr'><strong>pro</strong></span> <span class='ocrx_word' id='word_1_357' title='bbox 2919 1864 3081 1914; x_wconf 87' lang='lat' dir='ltr'><strong>anno,</strong></span> <span class='ocrx_word' id='word_1_358' title='bbox 3113 1849 3272 1918; x_wconf 79' lang='lat' dir='ltr'><strong>diem,</strong></span> <span class='ocrx_word' id='word_1_359' title='bbox 3302 1852 3539 1921; x_wconf 85' lang='lat' dir='ltr'><strong>inquam,</strong></span> <span class='ocrx_word' id='word_1_360' title='bbox 3567 1868 3664 1923; x_wconf 87' lang='lat' dir='ltr'><strong>pro</strong></span> <span class='ocrx_word' id='word_1_361' title='bbox 3685 1869 3834 1906; x_wconf 76' lang='lat' dir='ltr'><strong>atina</strong></span> 
     </span>
    </p>
   </div>
   <div class='ocr_carea' id='block_1_47' title="bbox 2231 1935 3828 2014">
    <p class='ocr_par' dir='ltr' id='par_1_47' title="bbox 2231 1935 3828 2014">
     <span class='ocr_line' id='line_1_47' title="bbox 2231 1935 3828 2014; baseline 0.007 -27"><span class='ocrx_word' id='word_1_362' title='bbox 2231 1935 2352 1988; x_wconf 82' lang='lat' dir='ltr'><strong>dedi</strong></span> <span class='ocrx_word' id='word_1_363' title='bbox 2376 1935 2488 1989; x_wconf 81' lang='lat' dir='ltr'><strong>tibi.</strong></span> <span class='ocrx_word' id='word_1_364' title='bbox 2509 1935 2828 2003; x_wconf 69' lang='lat' dir='ltr'><strong>Qumramus</strong></span> <span class='ocrx_word' id='word_1_365' title='bbox 2843 1939 2934 2008; x_wconf 88' lang='lat' dir='ltr'><strong>qui</strong></span> <span class='ocrx_word' id='word_1_366' title='bbox 2955 1941 3060 1994; x_wconf 89' lang='lat' dir='ltr'><strong>sint</strong></span> <span class='ocrx_word' id='word_1_367' title='bbox 3086 1942 3212 1994; x_wconf 86' lang='lat' dir='ltr'><strong>anni</strong></span> <span class='ocrx_word' id='word_1_368' title='bbox 3241 1943 3473 1998; x_wconf 79' lang='lat' dir='ltr'><strong>trecenti</strong></span> <span class='ocrx_word' id='word_1_369' title='bbox 3507 1945 3828 2014; x_wconf 83' lang='lat' dir='ltr'><strong>nonginta,</strong></span> 
     </span>
    </p>
   </div>
   <div class='ocr_carea' id='block_1_48' title="bbox 2231 2027 3833 2104">
    <p class='ocr_par' dir='ltr' id='par_1_48' title="bbox 2231 2027 3833 2104">
     <span class='ocr_line' id='line_1_48' title="bbox 2231 2027 3833 2104; baseline 0.007 -24"><span class='ocrx_word' id='word_1_370' title='bbox 2231 2027 2320 2096; x_wconf 89' lang='lat' dir='ltr'><strong>qui</strong></span> <span class='ocrx_word' id='word_1_371' title='bbox 2355 2043 2452 2096; x_wconf 87' lang='lat' dir='ltr'><strong>pro</strong></span> <span class='ocrx_word' id='word_1_372' title='bbox 2483 2029 2672 2084; x_wconf 81' lang='lat' dir='ltr'><strong>diebus</strong></span> <span class='ocrx_word' id='word_1_373' title='bbox 2705 2031 2935 2086; x_wconf 86' lang='lat' dir='ltr'><strong>totidem</strong></span> <span class='ocrx_word' id='word_1_374' title='bbox 2965 2035 3583 2104; x_wconf 83' lang='lat' dir='ltr'><strong>supputentur,.qulbus</strong></span> <span class='ocrx_word' id='word_1_375' title='bbox 3607 2037 3661 2090; x_wconf 88' lang='lat' dir='ltr'><strong>in</strong></span> <span class='ocrx_word' id='word_1_376' title='bbox 3692 2035 3833 2091; x_wconf 86' lang='lat' dir='ltr'><strong>sini-</strong></span> 
     </span>
    </p>
   </div>
   <div class='ocr_carea' id='block_1_49' title="bbox 2231 2119 3832 2197">
    <p class='ocr_par' dir='ltr' id='par_1_49' title="bbox 2231 2119 3832 2197">
     <span class='ocr_line' id='line_1_49' title="bbox 2231 2119 3832 2197; baseline 0.007 -25"><span class='ocrx_word' id='word_1_377' title='bbox 2231 2128 2347 2173; x_wconf 82' lang='lat' dir='ltr'><strong>atro</strong></span> <span class='ocrx_word' id='word_1_378' title='bbox 2374 2119 2545 2175; x_wconf 86' lang='lat' dir='ltr'><strong>latere</strong></span> <span class='ocrx_word' id='word_1_379' title='bbox 2574 2122 2834 2190; x_wconf 80' lang='lat' dir='ltr'><strong>prapheta</strong></span> <span class='ocrx_word' id='word_1_380' title='bbox 2857 2123 3144 2179; x_wconf 86' lang='lat' dir='ltr'><strong>dormierit</strong></span> <span class='ocrx_word' id='word_1_381' title='bbox 3167 2127 3384 2186; x_wconf 78' lang='lat' dir='ltr'><strong>vinctus</strong></span> <span class='ocrx_word' id='word_1_382' title='bbox 3402 2135 3566 2197; x_wconf 87' lang='lat' dir='ltr'><strong>atque</strong></span> <span class='ocrx_word' id='word_1_383' title='bbox 3587 2128 3832 2183; x_wconf 86' lang='lat' dir='ltr'><strong>constri-</strong></span> 
     </span>
    </p>
   </div>
   <div class='ocr_carea' id='block_1_50' title="bbox 2227 2213 3833 2289">
    <p class='ocr_par' dir='ltr' id='par_1_50' title="bbox 2227 2213 3833 2289">
     <span class='ocr_line' id='line_1_50' title="bbox 2227 2213 3833 2289; baseline 0.006 -23"><span class='ocrx_word' id='word_1_384' title='bbox 2227 2226 2379 2277; x_wconf 88' lang='lat' dir='ltr'><strong>ctus;</strong></span> <span class='ocrx_word' id='word_1_385' title='bbox 2413 2213 2486 2267; x_wconf 88' lang='lat' dir='ltr'><strong>ita</strong></span> <span class='ocrx_word' id='word_1_386' title='bbox 2508 2223 2566 2268; x_wconf 92' lang='lat' dir='ltr'><strong>ut</strong></span> <span class='ocrx_word' id='word_1_387' title='bbox 2595 2214 2650 2268; x_wconf 88' lang='lat' dir='ltr'><strong>in</strong></span> <span class='ocrx_word' id='word_1_388' title='bbox 2681 2215 2822 2270; x_wconf 86' lang='lat' dir='ltr'><strong>latus</strong></span> <span class='ocrx_word' id='word_1_389' title='bbox 2843 2233 2904 2270; x_wconf 84' lang='lat' dir='ltr'><strong>se</strong></span> <span class='ocrx_word' id='word_1_390' title='bbox 2920 2217 3154 2272; x_wconf 84' lang='lat' dir='ltr'><strong>alterum</strong></span> <span class='ocrx_word' id='word_1_391' title='bbox 3173 2232 3280 2273; x_wconf 86' lang='lat' dir='ltr'><strong>non</strong></span> <span class='ocrx_word' id='word_1_392' title='bbox 3305 2229 3570 2287; x_wconf 83' lang='lat' dir='ltr'><strong>moveret,</strong></span> <span class='ocrx_word' id='word_1_393' title='bbox 3595 2222 3833 2289; x_wconf 86' lang='lat' dir='ltr'><strong>captivi-</strong></span> 
     </span>
    </p>
   </div>
   <div class='ocr_carea' id='block_1_51' title="bbox 2231 2309 3832 2379">
    <p class='ocr_par' dir='ltr' id='par_1_51' title="bbox 2231 2309 3832 2379">
     <span class='ocr_line' id='line_1_51' title="bbox 2231 2309 3832 2379; baseline 0.009 -22"><span class='ocrx_word' id='word_1_394' title='bbox 2231 2312 2395 2359; x_wconf 89' lang='lat' dir='ltr'><strong>tatem</strong></span> <span class='ocrx_word' id='word_1_395' title='bbox 2443 2316 2499 2360; x_wconf 91' lang='lat' dir='ltr'><strong>et</strong></span> <span class='ocrx_word' id='word_1_396' title='bbox 2540 2309 2791 2363; x_wconf 86' lang='lat' dir='ltr'><strong>miserias</strong></span> <span class='ocrx_word' id='word_1_397' title='bbox 2839 2309 3026 2365; x_wconf 84' lang='lat' dir='ltr'><strong>decem</strong></span> <span class='ocrx_word' id='word_1_398' title='bbox 3071 2312 3332 2376; x_wconf 81' lang='lat' dir='ltr'><strong>tribuum,</strong></span> <span class='ocrx_word' id='word_1_399' title='bbox 3361 2313 3413 2367; x_wconf 91' lang='lat' dir='ltr'><strong>id</strong></span> <span class='ocrx_word' id='word_1_400' title='bbox 3461 2325 3568 2379; x_wconf 80' lang='lat' dir='ltr'><strong>est,</strong></span> <span class='ocrx_word' id='word_1_401' title='bbox 3610 2316 3832 2370; x_wconf 86' lang='lat' dir='ltr'><strong>lsraclis</strong></span> 
     </span>
    </p>
   </div>
   <div class='ocr_carea' id='block_1_52' title="bbox 2229 2398 3831 2479">
    <p class='ocr_par' dir='ltr' id='par_1_52' title="bbox 2229 2398 3831 2479">
     <span class='ocr_line' id='line_1_52' title="bbox 2229 2398 3831 2479; baseline 0.006 -25"><span class='ocrx_word' id='word_1_402' title='bbox 2229 2398 2546 2456; x_wconf 84' lang='lat' dir='ltr'><strong>ostendens.</strong></span> <span class='ocrx_word' id='word_1_403' title='bbox 2573 2401 2640 2456; x_wconf 88' lang='lat' dir='ltr'><strong>Et</strong></span> <span class='ocrx_word' id='word_1_404' title='bbox 2665 2405 2754 2472; x_wconf 86' lang='lat' dir='ltr'><strong>qni</strong></span> <span class='ocrx_word' id='word_1_405' title='bbox 2788 2403 2883 2457; x_wconf 83' lang='lat' dir='ltr'><strong>alii</strong></span> <span class='ocrx_word' id='word_1_406' title='bbox 2909 2405 3276 2475; x_wconf 80' lang='lat' dir='ltr'><strong>quadraginta</strong></span> <span class='ocrx_word' id='word_1_407' title='bbox 3303 2409 3454 2474; x_wconf 84' lang='lat' dir='ltr'><strong>anui,</strong></span> <span class='ocrx_word' id='word_1_408' title='bbox 3493 2408 3692 2476; x_wconf 83' lang='lat' dir='ltr'><strong>quibus</strong></span> <span class='ocrx_word' id='word_1_409' title='bbox 3722 2423 3831 2479; x_wconf 83' lang='lat' dir='ltr'><strong>pro</strong></span> 
     </span>
    </p>
   </div>
   <div class='ocr_carea' id='block_1_53' title="bbox 2228 2487 3827 2569">
    <p class='ocr_par' dir='ltr' id='par_1_53' title="bbox 2228 2487 3827 2569">
     <span class='ocr_line' id='line_1_53' title="bbox 2228 2487 3827 2569; baseline 0.009 -28"><span class='ocrx_word' id='word_1_410' title='bbox 2228 2487 2365 2544; x_wconf 89' lang='lat' dir='ltr'><strong>Juda</strong></span> <span class='ocrx_word' id='word_1_411' title='bbox 2397 2503 2451 2545; x_wconf 89' lang='lat' dir='ltr'><strong>et</strong></span> <span class='ocrx_word' id='word_1_412' title='bbox 2491 2493 2866 2563; x_wconf 81' lang='lat' dir='ltr'><strong>iniquitatibus</strong></span> <span class='ocrx_word' id='word_1_413' title='bbox 2893 2497 3014 2563; x_wconf 89' lang='lat' dir='ltr'><strong>ejus</strong></span> <span class='ocrx_word' id='word_1_414' title='bbox 3048 2497 3099 2551; x_wconf 91' lang='lat' dir='ltr'><strong>in</strong></span> <span class='ocrx_word' id='word_1_415' title='bbox 3132 2497 3326 2552; x_wconf 82' lang='lat' dir='ltr'><strong>dextro</strong></span> <span class='ocrx_word' id='word_1_416' title='bbox 3350 2499 3587 2569; x_wconf 86' lang='lat' dir='ltr'><strong>jacuerit</strong></span> <span class='ocrx_word' id='word_1_417' title='bbox 3625 2501 3827 2569; x_wconf 86' lang='lat' dir='ltr'><strong>latere,</strong></span> 
     </span>
    </p>
   </div>
   <div class='ocr_carea' id='block_1_54' title="bbox 2226 2580 3833 2655">
    <p class='ocr_par' dir='ltr' id='par_1_54' title="bbox 2226 2580 3833 2655">
     <span class='ocr_line' id='line_1_54' title="bbox 2226 2580 3833 2655; baseline 0.009 -21"><span class='ocrx_word' id='word_1_418' title='bbox 2226 2580 2343 2636; x_wconf 80' lang='lat' dir='ltr'><strong>sive</strong></span> <span class='ocrx_word' id='word_1_419' title='bbox 2382 2592 2442 2642; x_wconf 86' lang='lat' dir='ltr'><strong>ut</strong></span> <span class='ocrx_word' id='word_1_420' title='bbox 2483 2596 2664 2640; x_wconf 77' lang='lat' dir='ltr'><strong>narrat</strong></span> <span class='ocrx_word' id='word_1_421' title='bbox 2691 2595 2877 2641; x_wconf 77' lang='lat' dir='ltr'><strong>sancta</strong></span> <span class='ocrx_word' id='word_1_422' title='bbox 2907 2587 3208 2654; x_wconf 75' lang='lat' dir='ltr'><strong>Scriptura,</strong></span> <span class='ocrx_word' id='word_1_423' title='bbox 3237 2589 3534 2655; x_wconf 70' lang='lat' dir='ltr'><strong>denotarit,</strong></span> <span class='ocrx_word' id='word_1_424' title='bbox 3561 2591 3630 2646; x_wconf 90' lang='lat' dir='ltr'><strong>de</strong></span> <span class='ocrx_word' id='word_1_425' title='bbox 3659 2593 3833 2648; x_wconf 87' lang='lat' dir='ltr'><strong>lsrael</strong></span> 
     </span>
    </p>
   </div>
   <div class='ocr_carea' id='block_1_55' title="bbox 2231 2673 3833 2754">
    <p class='ocr_par' dir='ltr' id='par_1_55' title="bbox 2231 2673 3833 2754">
     <span class='ocr_line' id='line_1_55' title="bbox 2231 2673 3833 2754; baseline 0.01 -28"><span class='ocrx_word' id='word_1_426' title='bbox 2231 2673 2333 2734; x_wconf 81' lang='lat' dir='ltr'><strong>hoc</strong></span> <span class='ocrx_word' id='word_1_427' title='bbox 2360 2676 2650 2734; x_wconf 85' lang='lat' dir='ltr'><strong>dicendum</strong></span> <span class='ocrx_word' id='word_1_428' title='bbox 2691 2690 2797 2744; x_wconf 81' lang='lat' dir='ltr'><strong>est,</strong></span> <span class='ocrx_word' id='word_1_429' title='bbox 2826 2681 2938 2752; x_wconf 69' lang='lat'><strong>39</strong></span> <span class='ocrx_word' id='word_1_430' title='bbox 2965 2683 3110 2751; x_wconf 85' lang='lat' dir='ltr'><strong>quod</strong></span> <span class='ocrx_word' id='word_1_431' title='bbox 3143 2683 3246 2738; x_wconf 85' lang='lat' dir='ltr'><strong>sub</strong></span> <span class='ocrx_word' id='word_1_432' title='bbox 3276 2697 3404 2754; x_wconf 80' lang='lat' dir='ltr'><strong>rege</strong></span> <span class='ocrx_word' id='word_1_433' title='bbox 3452 2686 3665 2741; x_wconf 79' lang='lat' dir='ltr'><strong>Phacee</strong></span> <span class='ocrx_word' id='word_1_434' title='bbox 3707 2687 3833 2743; x_wconf 87' lang='lat' dir='ltr'><strong>lilio</strong></span> 
     </span>
    </p>
   </div>
   <div class='ocr_carea' id='block_1_56' title="bbox 2227 2763 3836 2844">
    <p class='ocr_par' dir='ltr' id='par_1_56' title="bbox 2227 2763 3836 2844">
     <span class='ocr_line' id='line_1_56' title="bbox 2227 2763 3836 2844; baseline 0.007 -22"><span class='ocrx_word' id='word_1_435' title='bbox 2227 2763 2522 2832; x_wconf 71' lang='lat' dir='ltr'><strong>Romeliae,</strong></span> <span class='ocrx_word' id='word_1_436' title='bbox 2553 2769 2644 2838; x_wconf 86' lang='lat' dir='ltr'><strong>qui</strong></span> <span class='ocrx_word' id='word_1_437' title='bbox 2685 2771 3127 2827; x_wconf 80' lang='lat' dir='ltr'><strong>undevicesimus</strong></span> <span class='ocrx_word' id='word_1_438' title='bbox 3151 2775 3397 2844; x_wconf 75' lang='lat' dir='ltr'><strong>regnavit</strong></span> <span class='ocrx_word' id='word_1_439' title='bbox 3425 2777 3480 2829; x_wconf 75' lang='lat' dir='ltr'><strong>in</strong></span> <span class='ocrx_word' id='word_1_440' title='bbox 3511 2776 3680 2833; x_wconf 84' lang='lat' dir='ltr'><strong>israel</strong></span> <span class='ocrx_word' id='word_1_441' title='bbox 3725 2792 3836 2832; x_wconf 85' lang='lat' dir='ltr'><strong>an-</strong></span> 
     </span>
    </p>
   </div>
   <div class='ocr_carea' id='block_1_57' title="bbox 2227 2856 3886 2942">
    <p class='ocr_par' dir='ltr' id='par_1_57' title="bbox 2227 2856 3886 2942">
     <span class='ocr_line' id='line_1_57' title="bbox 2227 2856 3886 2942; baseline 0.007 -32"><span class='ocrx_word' id='word_1_442' title='bbox 2227 2856 2312 2910; x_wconf 84' lang='lat' dir='ltr'><strong>uis</strong></span> <span class='ocrx_word' id='word_1_443' title='bbox 2351 2857 2563 2926; x_wconf 79' lang='lat' dir='ltr'><strong>viginti,</strong></span> <span class='ocrx_word' id='word_1_444' title='bbox 2592 2862 2742 2918; x_wconf 81' lang='lat' dir='ltr'><strong>venit</strong></span> <span class='ocrx_word' id='word_1_445' title='bbox 2777 2861 3226 2930; x_wconf 83' lang='lat' dir='ltr'><strong>Teglatpltalasar</strong></span> <span class='ocrx_word' id='word_1_446' title='bbox 3257 2882 3351 2920; x_wconf 78' lang='lat' dir='ltr'><strong>rex</strong></span> <span class='ocrx_word' id='word_1_447' title='bbox 3382 2865 3553 2922; x_wconf 79' lang='lat' dir='ltr'><strong>Assur</strong></span> <span class='ocrx_word' id='word_1_448' title='bbox 3575 2868 3666 2939; x_wconf 86' lang='lat' dir='ltr'><strong>(lV</strong></span> <span class='ocrx_word' id='word_1_449' title='bbox 3689 2869 3830 2942; x_wconf 80' lang='lat' dir='ltr'><strong>Reg.</strong></span> <span class='ocrx_word' id='word_1_450' title='bbox 3853 2908 3886 2920; x_wconf 89' lang='lat'><strong>..</strong></span> 
     </span>
    </p>
   </div>
   <div class='ocr_carea' id='block_1_58' title="bbox 2228 2946 3836 3035">
    <p class='ocr_par' dir='ltr' id='par_1_58' title="bbox 2228 2946 3836 3035">
     <span class='ocr_line' id='line_1_58' title="bbox 2228 2946 3836 3035; baseline 0.009 -33"><span class='ocrx_word' id='word_1_451' title='bbox 2228 2946 2344 3019; x_wconf 72' lang='lat' dir='ltr'><strong>xv),</strong></span> <span class='ocrx_word' id='word_1_452' title='bbox 2377 2959 2431 3004; x_wconf 86' lang='lat' dir='ltr'><strong>et</strong></span> <span class='ocrx_word' id='word_1_453' title='bbox 2477 2952 2621 3019; x_wconf 80' lang='lat' dir='ltr'><strong>cepit</strong></span> <span class='ocrx_word' id='word_1_454' title='bbox 2645 2953 2825 3035; x_wconf 44' lang='lat' dir='ltr'><strong>\Ajon,</strong></span> <span class='ocrx_word' id='word_1_455' title='bbox 2857 2963 2913 3008; x_wconf 88' lang='lat' dir='ltr'><strong>et</strong></span> <span class='ocrx_word' id='word_1_456' title='bbox 2946 2956 3119 3021; x_wconf 69' lang='lat' dir='ltr'><strong>Abel,</strong></span> <span class='ocrx_word' id='word_1_457' title='bbox 3169 2959 3393 3015; x_wconf 86' lang='lat' dir='ltr'><strong>dotuum</strong></span> <span class='ocrx_word' id='word_1_458' title='bbox 3436 2959 3734 3028; x_wconf 76' lang='lat' dir='ltr'><strong>Maacbam,</strong></span> <span class='ocrx_word' id='word_1_459' title='bbox 3770 2971 3836 3016; x_wconf 89' lang='lat' dir='ltr'><strong>et</strong></span> 
     </span>
    </p>
   </div>
   <div class='ocr_carea' id='block_1_59' title="bbox 2225 3038 3834 3115">
    <p class='ocr_par' dir='ltr' id='par_1_59' title="bbox 2225 3038 3834 3115">
     <span class='ocr_line' id='line_1_59' title="bbox 2225 3038 3834 3115; baseline 0.009 -22"><span class='ocrx_word' id='word_1_460' title='bbox 2225 3038 2417 3108; x_wconf 84' lang='lat' dir='ltr'><strong>Janoe,</strong></span> <span class='ocrx_word' id='word_1_461' title='bbox 2445 3051 2502 3095; x_wconf 90' lang='lat' dir='ltr'><strong>et</strong></span> <span class='ocrx_word' id='word_1_462' title='bbox 2541 3043 2746 3107; x_wconf 74' lang='lat' dir='ltr'><strong>Cedas,</strong></span> <span class='ocrx_word' id='word_1_463' title='bbox 2775 3044 2918 3102; x_wconf 74' lang='lat' dir='ltr'><strong>Amr</strong></span> <span class='ocrx_word' id='word_1_464' title='bbox 2953 3057 3012 3100; x_wconf 90' lang='lat' dir='ltr'><strong>et</strong></span> <span class='ocrx_word' id='word_1_465' title='bbox 3055 3047 3293 3114; x_wconf 76' lang='lat' dir='ltr'><strong>(island,</strong></span> <span class='ocrx_word' id='word_1_466' title='bbox 3321 3059 3379 3104; x_wconf 77' lang='lat' dir='ltr'><strong>et</strong></span> <span class='ocrx_word' id='word_1_467' title='bbox 3417 3049 3723 3115; x_wconf 68' lang='lat' dir='ltr'><strong>Caluinam,</strong></span> <span class='ocrx_word' id='word_1_468' title='bbox 3769 3063 3834 3107; x_wconf 86' lang='lat' dir='ltr'><strong>et</strong></span> 
     </span>
    </p>
   </div>
   <div class='ocr_carea' id='block_1_60' title="bbox 527 3133 3829 3214">
    <p class='ocr_par' dir='ltr' id='par_1_60' title="bbox 527 3133 3829 3214">
     <span class='ocr_line' id='line_1_60' title="bbox 527 3133 3829 3214; baseline 0.001 -17"><span class='ocrx_word' id='word_1_469' title='bbox 527 3143 784 3214; x_wconf 87' lang='lat' dir='ltr'><strong>numquid</strong></span> <span class='ocrx_word' id='word_1_470' title='bbox 830 3151 980 3213; x_wconf 81' lang='lat' dir='ltr'><strong>petra</strong></span> <span class='ocrx_word' id='word_1_471' title='bbox 1017 3141 1128 3212; x_wconf 72' lang='lat'><strong>38</strong></span> <span class='ocrx_word' id='word_1_472' title='bbox 1167 3140 1477 3202; x_wconf 83' lang='lat' dir='ltr'><strong>durissima,</strong></span> <span class='ocrx_word' id='word_1_473' title='bbox 1505 3142 1583 3194; x_wconf 83' lang='lat' dir='ltr'><strong>uel</strong></span> <span class='ocrx_word' id='word_1_474' title='bbox 1613 3138 1724 3209; x_wconf 80' lang='lat' dir='ltr'><strong>[AL</strong></span> <span class='ocrx_word' id='word_1_475' title='bbox 1759 3135 1906 3208; x_wconf 73' lang='lat' dir='ltr'><strong>quia]</strong></span> <span class='ocrx_word' id='word_1_476' title='bbox 1936 3135 2125 3190; x_wconf 83' lang='lat' dir='ltr'><strong>deserti</strong></span> <span class='ocrx_word' id='word_1_477' title='bbox 2151 3133 2200 3196; x_wconf 72' lang='grc' dir='ltr'>Ω</span> <span class='ocrx_word' id='word_1_478' title='bbox 2232 3135 2537 3194; x_wconf 81' lang='lat' dir='ltr'><strong>universam</strong></span> <span class='ocrx_word' id='word_1_479' title='bbox 2574 3146 2774 3196; x_wconf 77' lang='lat' dir='ltr'><strong>terram</strong></span> <span class='ocrx_word' id='word_1_480' title='bbox 2815 3137 3186 3208; x_wconf 75' lang='lat' dir='ltr'><strong>Nephthulim,</strong></span> <span class='ocrx_word' id='word_1_481' title='bbox 3219 3151 3276 3195; x_wconf 82' lang='lat' dir='ltr'><strong>et</strong></span> <span class='ocrx_word' id='word_1_482' title='bbox 3318 3143 3593 3198; x_wconf 84' lang='lat' dir='ltr'><strong>transtulit</strong></span> <span class='ocrx_word' id='word_1_483' title='bbox 3631 3159 3728 3198; x_wconf 82' lang='lat' dir='ltr'><strong>eos</strong></span> <span class='ocrx_word' id='word_1_484' title='bbox 3765 3145 3829 3199; x_wconf 80' lang='lat' dir='ltr'><strong>in</strong></span> 
     </span>
    </p>
   </div>
   <div class='ocr_carea' id='block_1_61' title="bbox 525 3227 2122 3304">
    <p class='ocr_par' dir='ltr' id='par_1_61' title="bbox 525 3227 2122 3304">
     <span class='ocr_line' id='line_1_61' title="bbox 525 3227 2122 3304; baseline -0.003 -16"><span class='ocrx_word' id='word_1_485' title='bbox 525 3252 674 3290; x_wconf 86' lang='lat' dir='ltr'><strong>mons</strong></span> <span class='ocrx_word' id='word_1_486' title='bbox 705 3243 776 3288; x_wconf 84' lang='lat' dir='ltr'><strong>est</strong></span> <span class='ocrx_word' id='word_1_487' title='bbox 803 3234 930 3304; x_wconf 74' lang='lat' dir='ltr'><strong>ﬁlia:</strong></span> <span class='ocrx_word' id='word_1_488' title='bbox 953 3228 1122 3298; x_wconf 56' lang='lat' dir='ltr'><strong>Sion,‘</strong></span> <span class='ocrx_word' id='word_1_489' title='bbox 1137 3240 1384 3287; x_wconf 86' lang='lat' dir='ltr'><strong>vertatur</strong></span> <span class='ocrx_word' id='word_1_490' title='bbox 1411 3232 1465 3286; x_wconf 91' lang='lat' dir='ltr'><strong>in</strong></span> <span class='ocrx_word' id='word_1_491' title='bbox 1490 3232 1743 3297; x_wconf 78' lang='lat' dir='ltr'><strong>laterem,</strong></span> <span class='ocrx_word' id='word_1_492' title='bbox 1769 3230 1862 3300; x_wconf 85' lang='lat' dir='ltr'><strong>qui</strong></span> <span class='ocrx_word' id='word_1_493' title='bbox 1892 3227 2122 3284; x_wconf 78' lang='lat' dir='ltr'><strong>inunda-</strong></span> 
     </span>
    </p>
   </div>
   <div class='ocr_carea' id='block_1_62' title="bbox 524 3322 2122 3397">
    <p class='ocr_par' dir='ltr' id='par_1_62' title="bbox 524 3322 2122 3397">
     <span class='ocr_line' id='line_1_62' title="bbox 524 3322 2122 3397; baseline -0.003 -15"><span class='ocrx_word' id='word_1_494' title='bbox 524 3331 673 3390; x_wconf 81' lang='lat' dir='ltr'><strong>tione</strong></span> <span class='ocrx_word' id='word_1_495' title='bbox 705 3327 1000 3397; x_wconf 86' lang='lat' dir='ltr'><strong>Babylonia</strong></span> <span class='ocrx_word' id='word_1_496' title='bbox 1031 3334 1446 3394; x_wconf 86' lang='lat' dir='ltr'><strong>corrumpatur;</strong></span> <span class='ocrx_word' id='word_1_497' title='bbox 1476 3324 1630 3394; x_wconf 75' lang='lat' dir='ltr'><strong>juxta</strong></span> <span class='ocrx_word' id='word_1_498' title='bbox 1661 3322 1796 3376; x_wconf 89' lang='lat' dir='ltr'><strong>illud</strong></span> <span class='ocrx_word' id='word_1_499' title='bbox 1827 3324 1970 3391; x_wconf 86' lang='lat' dir='ltr'><strong>quod</strong></span> <span class='ocrx_word' id='word_1_500' title='bbox 1993 3322 2122 3378; x_wconf 87' lang='lat' dir='ltr'><strong>scri-</strong></span> 
     </span>
    </p>
   </div>
   <div class='ocr_carea' id='block_1_63' title="bbox 525 3416 2123 3490">
    <p class='ocr_par' dir='ltr' id='par_1_63' title="bbox 525 3416 2123 3490">
     <span class='ocr_line' id='line_1_63' title="bbox 525 3416 2123 3490; baseline -0.004 -15"><span class='ocrx_word' id='word_1_501' title='bbox 525 3433 677 3490; x_wconf 85' lang='lat' dir='ltr'><strong>ptum</strong></span> <span class='ocrx_word' id='word_1_502' title='bbox 734 3429 818 3475; x_wconf 91' lang='lat' dir='ltr'><strong>est</strong></span> <span class='ocrx_word' id='word_1_503' title='bbox 852 3437 865 3474; x_wconf 88' lang='lat'><strong>:</strong></span> <span class='ocrx_word' id='word_1_504' title='bbox 902 3418 1192 3488; x_wconf 82' lang='lat' dir='ltr'><strong>Propterea</strong></span> <span class='ocrx_word' id='word_1_505' title='bbox 1238 3417 1464 3471; x_wconf 82' lang='lat' dir='ltr'><strong>adducet</strong></span> <span class='ocrx_word' id='word_1_506' title='bbox 1517 3416 1772 3470; x_wconf 85' lang='lat' dir='ltr'><strong>Dominus</strong></span> <span class='ocrx_word' id='word_1_507' title='bbox 1827 3431 1982 3486; x_wconf 82' lang='lat' dir='ltr'><strong>super</strong></span> <span class='ocrx_word' id='word_1_508' title='bbox 2035 3431 2123 3470; x_wconf 79' lang='lat' dir='ltr'><strong>eos</strong></span> 
     </span>
    </p>
   </div>
   <div class='ocr_carea' id='block_1_64' title="bbox 523 3503 2117 3582">
    <p class='ocr_par' dir='ltr' id='par_1_64' title="bbox 523 3503 2117 3582">
     <span class='ocr_line' id='line_1_64' title="bbox 523 3503 2117 3582; baseline -0.004 -18"><span class='ocrx_word' id='word_1_509' title='bbox 523 3527 683 3582; x_wconf 87' lang='lat' dir='ltr'><strong>aquas</strong></span> <span class='ocrx_word' id='word_1_510' title='bbox 707 3510 895 3564; x_wconf 83' lang='lat' dir='ltr'><strong>multas</strong></span> <span class='ocrx_word' id='word_1_511' title='bbox 922 3517 971 3562; x_wconf 86' lang='lat' dir='ltr'><strong>et</strong></span> <span class='ocrx_word' id='word_1_512' title='bbox 1003 3513 1185 3578; x_wconf 77' lang='lat' dir='ltr'><strong>fortes,</strong></span> <span class='ocrx_word' id='word_1_513' title='bbox 1204 3523 1376 3577; x_wconf 85' lang='lat' dir='ltr'><strong>regem</strong></span> <span class='ocrx_word' id='word_1_514' title='bbox 1398 3506 1732 3576; x_wconf 80' lang='lat' dir='ltr'><strong>Assyriorum</strong></span> <span class='ocrx_word' id='word_1_515' title='bbox 1747 3503 1884 3576; x_wconf 74' lang='lat' dir='ltr'><strong>(Ira.</strong></span> <span class='ocrx_word' id='word_1_516' title='bbox 1906 3520 2020 3572; x_wconf 78' lang='lat' dir='ltr'><strong>vui,</strong></span> <span class='ocrx_word' id='word_1_517' title='bbox 2039 3507 2117 3574; x_wconf 88' lang='lat'><strong>7).</strong></span> 
     </span>
    </p>
   </div>
   <div class='ocr_carea' id='block_1_65' title="bbox 600 3597 2122 3673">
    <p class='ocr_par' dir='ltr' id='par_1_65' title="bbox 600 3597 2122 3673">
     <span class='ocr_line' id='line_1_65' title="bbox 600 3597 2122 3673; baseline -0.003 -19"><span class='ocrx_word' id='word_1_518' title='bbox 600 3603 781 3673; x_wconf 82' lang='lat' dir='ltr'><strong>(Vers.</strong></span> <span class='ocrx_word' id='word_1_519' title='bbox 814 3601 892 3670; x_wconf 77' lang='lat'><strong>5.)</strong></span> <span class='ocrx_word' id='word_1_520' title='bbox 927 3599 996 3652; x_wconf 87' lang='lat' dir='ltr'><strong>Et</strong></span> <span class='ocrx_word' id='word_1_521' title='bbox 1037 3610 1092 3654; x_wconf 87' lang='lat' dir='ltr'><strong>tu</strong></span> <span class='ocrx_word' id='word_1_522' title='bbox 1135 3615 1284 3652; x_wconf 81' lang='lat' dir='ltr'><strong>sume</strong></span> <span class='ocrx_word' id='word_1_523' title='bbox 1314 3599 1404 3652; x_wconf 86' lang='lat' dir='ltr'><strong>tibi</strong></span> <span class='ocrx_word' id='word_1_524' title='bbox 1433 3599 1748 3665; x_wconf 81' lang='lat' dir='ltr'><strong>sartaginem</strong></span> <span class='ocrx_word' id='word_1_525' title='bbox 1777 3597 1998 3664; x_wconf 74' lang='lat' dir='ltr'><strong>ferream</strong></span> <span class='ocrx_word' id='word_1_526' title='bbox 2027 3613 2045 3652; x_wconf 88' lang='lat'><strong><em>:</em></strong></span> <span class='ocrx_word' id='word_1_527' title='bbox 2073 3606 2122 3652; x_wconf 86' lang='lat' dir='ltr'><strong>et</strong></span> 
     </span>
    </p>
   </div>
   <div class='ocr_carea' id='block_1_66' title="bbox 523 3688 2117 3762">
    <p class='ocr_par' dir='ltr' id='par_1_66' title="bbox 523 3688 2117 3762">
     <span class='ocr_line' id='line_1_66' title="bbox 523 3688 2117 3762; baseline -0.003 -13"><span class='ocrx_word' id='word_1_528' title='bbox 523 3710 684 3762; x_wconf 87' lang='lat' dir='ltr'><strong>pones</strong></span> <span class='ocrx_word' id='word_1_529' title='bbox 707 3710 826 3748; x_wconf 85' lang='lat' dir='ltr'><strong>eam</strong></span> <span class='ocrx_word' id='word_1_530' title='bbox 855 3709 1062 3746; x_wconf 77' lang='lat' dir='ltr'><strong>inurunt</strong></span> <span class='ocrx_word' id='word_1_531' title='bbox 1093 3690 1278 3761; x_wconf 65' lang='lat' dir='ltr'><strong>[Vulg</strong></span> <span class='ocrx_word' id='word_1_532' title='bbox 1309 3691 1362 3746; x_wconf 77' lang='lat' dir='ltr'><strong>in</strong></span> <span class='ocrx_word' id='word_1_533' title='bbox 1383 3688 1610 3760; x_wconf 79' lang='lat' dir='ltr'><strong>murum]</strong></span> <span class='ocrx_word' id='word_1_534' title='bbox 1633 3691 1859 3756; x_wconf 74' lang='lat' dir='ltr'><strong>ferreum</strong></span> <span class='ocrx_word' id='word_1_535' title='bbox 1885 3692 2020 3744; x_wconf 81' lang='lat' dir='ltr'><strong>inter</strong></span> <span class='ocrx_word' id='word_1_536' title='bbox 2049 3700 2117 3756; x_wconf 78' lang='lat' dir='ltr'><strong>te,</strong></span> 
     </span>
    </p>
   </div>
   <div class='ocr_carea' id='block_1_67' title="bbox 522 3783 2118 3854">
    <p class='ocr_par' dir='ltr' id='par_1_67' title="bbox 522 3783 2118 3854">
     <span class='ocr_line' id='line_1_67' title="bbox 522 3783 2118 3854; baseline -0.003 -10"><span class='ocrx_word' id='word_1_537' title='bbox 522 3799 570 3844; x_wconf 87' lang='lat' dir='ltr'><strong>et</strong></span> <span class='ocrx_word' id='word_1_538' title='bbox 598 3789 736 3843; x_wconf 86' lang='lat' dir='ltr'><strong>inter</strong></span> <span class='ocrx_word' id='word_1_539' title='bbox 764 3787 1047 3850; x_wconf 83' lang='lat' dir='ltr'><strong>civitatem,</strong></span> <span class='ocrx_word' id='word_1_540' title='bbox 1079 3793 1126 3838; x_wconf 81' lang='lat' dir='ltr'><strong>et</strong></span> <span class='ocrx_word' id='word_1_541' title='bbox 1157 3783 1454 3854; x_wconf 72' lang='lat' dir='ltr'><strong>obﬁrmabis</strong></span> <span class='ocrx_word' id='word_1_542' title='bbox 1487 3783 1675 3852; x_wconf 78' lang='lat' dir='ltr'><strong>[aciem</strong></span> <span class='ocrx_word' id='word_1_543' title='bbox 1720 3793 1863 3838; x_wconf 85' lang='lat' dir='ltr'><strong>tuom</strong></span> <span class='ocrx_word' id='word_1_544' title='bbox 1888 3785 1956 3838; x_wconf 81' lang='lat' dir='ltr'><strong>ad</strong></span> <span class='ocrx_word' id='word_1_545' title='bbox 1979 3798 2118 3848; x_wconf 74' lang='lat' dir='ltr'><strong>eam,</strong></span> 
     </span>
    </p>
   </div>
   <div class='ocr_carea' id='block_1_68' title="bbox 520 3873 2120 3944">
    <p class='ocr_par' dir='ltr' id='par_1_68' title="bbox 520 3873 2120 3944">
     <span class='ocr_line' id='line_1_68' title="bbox 520 3873 2120 3944; baseline -0.006 -9"><span class='ocrx_word' id='word_1_546' title='bbox 520 3892 568 3936; x_wconf 87' lang='lat' dir='ltr'><strong>et</strong></span> <span class='ocrx_word' id='word_1_547' title='bbox 618 3881 715 3934; x_wconf 88' lang='lat' dir='ltr'><strong>erit</strong></span> <span class='ocrx_word' id='word_1_548' title='bbox 763 3881 818 3932; x_wconf 89' lang='lat' dir='ltr'><strong>in</strong></span> <span class='ocrx_word' id='word_1_549' title='bbox 871 3877 1216 3938; x_wconf 79' lang='lat' dir='ltr'><strong>obsidionem,</strong></span> <span class='ocrx_word' id='word_1_550' title='bbox 1244 3886 1294 3930; x_wconf 82' lang='lat' dir='ltr'><strong>et</strong></span> <span class='ocrx_word' id='word_1_551' title='bbox 1327 3873 1679 3930; x_wconf 64' lang='lat' dir='ltr'><strong>circumdatus</strong></span> <span class='ocrx_word' id='word_1_552' title='bbox 1715 3891 1850 3930; x_wconf 85' lang='lat' dir='ltr'><strong>eam.</strong></span> <span class='ocrx_word' id='word_1_553' title='bbox 1895 3874 2120 3944; x_wconf 75' lang='lat' dir='ltr'><strong>Signum</strong></span> 
     </span>
    </p>
   </div>
   <div class='ocr_carea' id='block_1_69' title="bbox 523 3967 2121 4040">
    <p class='ocr_par' dir='ltr' id='par_1_69' title="bbox 523 3967 2121 4040">
     <span class='ocr_line' id='line_1_69' title="bbox 523 3967 2121 4040; baseline -0.001 -12"><span class='ocrx_word' id='word_1_554' title='bbox 523 3974 702 4028; x_wconf 83' lang='lat' dir='ltr'><strong>domui</strong></span> <span class='ocrx_word' id='word_1_555' title='bbox 734 3969 906 4026; x_wconf 79' lang='lat' dir='ltr'><strong>Israel</strong></span> <span class='ocrx_word' id='word_1_556' title='bbox 925 3979 1023 4024; x_wconf 85' lang='lat' dir='ltr'><strong>est.</strong></span> <span class='ocrx_word' id='word_1_557' title='bbox 1053 3970 1208 4036; x_wconf 84' lang='lat' dir='ltr'><strong>Quod</strong></span> <span class='ocrx_word' id='word_1_558' title='bbox 1231 3984 1396 4040; x_wconf 81' lang='lat' dir='ltr'><strong>supra</strong></span> <span class='ocrx_word' id='word_1_559' title='bbox 1419 3967 1684 4032; x_wconf 77' lang='lat' dir='ltr'><strong>diximus,</strong></span> <span class='ocrx_word' id='word_1_560' title='bbox 1711 3976 1769 4023; x_wconf 86' lang='lat' dir='ltr'><strong>et</strong></span> <span class='ocrx_word' id='word_1_561' title='bbox 1793 3968 1971 4036; x_wconf 83' lang='lat' dir='ltr'><strong>ipsum</strong></span> <span class='ocrx_word' id='word_1_562' title='bbox 1993 3981 2121 4036; x_wconf 84' lang='lat' dir='ltr'><strong>pro-</strong></span> 
     </span>
    </p>
   </div>
   <div class='ocr_carea' id='block_1_70' title="bbox 525 4060 2122 4135">
    <p class='ocr_par' dir='ltr' id='par_1_70' title="bbox 525 4060 2122 4135">
     <span class='ocr_line' id='line_1_70' title="bbox 525 4060 2122 4135; baseline -0.003 -17"><span class='ocrx_word' id='word_1_563' title='bbox 525 4065 770 4135; x_wconf 88' lang='lat' dir='ltr'><strong>phetam,</strong></span> <span class='ocrx_word' id='word_1_564' title='bbox 798 4074 854 4120; x_wconf 92' lang='lat' dir='ltr'><strong>et</strong></span> <span class='ocrx_word' id='word_1_565' title='bbox 883 4063 1312 4132; x_wconf 85' lang='lat' dir='ltr'><strong>descriptionem</strong></span> <span class='ocrx_word' id='word_1_566' title='bbox 1339 4060 1548 4126; x_wconf 86' lang='lat' dir='ltr'><strong>latoris,</strong></span> <span class='ocrx_word' id='word_1_567' title='bbox 1578 4061 1996 4127; x_wconf 83' lang='lat' dir='ltr'><strong>munitionibus,</strong></span> <span class='ocrx_word' id='word_1_568' title='bbox 2026 4074 2122 4129; x_wconf 82' lang='lat' dir='ltr'><strong>ag-</strong></span> 
     </span>
    </p>
   </div>
   <div class='ocr_carea' id='block_1_71' title="bbox 525 4148 2118 4229">
    <p class='ocr_par' dir='ltr' id='par_1_71' title="bbox 525 4148 2118 4229">
     <span class='ocr_line' id='line_1_71' title="bbox 525 4148 2118 4229; baseline -0.004 -17"><span class='ocrx_word' id='word_1_569' title='bbox 525 4174 676 4229; x_wconf 82' lang='lat' dir='ltr'><strong>gere,</strong></span> <span class='ocrx_word' id='word_1_570' title='bbox 711 4155 1088 4222; x_wconf 86' lang='lat' dir='ltr'><strong>arietibusque</strong></span> <span class='ocrx_word' id='word_1_571' title='bbox 1116 4151 1546 4212; x_wconf 63' lang='lat' dir='ltr'><strong>circumeuntem</strong></span> <span class='ocrx_word' id='word_1_572' title='bbox 1579 4150 1687 4222; x_wconf 77' lang='lat' dir='ltr'><strong>[AL</strong></span> <span class='ocrx_word' id='word_1_573' title='bbox 1721 4148 2118 4222; x_wconf 79' lang='lat' dir='ltr'><strong>circumdatis],</strong></span> 
     </span>
    </p>
   </div>
   <div class='ocr_carea' id='block_1_72' title="bbox 525 4242 2121 4318">
    <p class='ocr_par' dir='ltr' id='par_1_72' title="bbox 525 4242 2121 4318">
     <span class='ocr_line' id='line_1_72' title="bbox 525 4242 2121 4318; baseline -0.001 -16"><span class='ocrx_word' id='word_1_574' title='bbox 525 4251 580 4302; x_wconf 93' lang='lat' dir='ltr'><strong>in</strong></span> <span class='ocrx_word' id='word_1_575' title='bbox 629 4249 841 4318; x_wconf 86' lang='lat' dir='ltr'><strong>signum</strong></span> <span class='ocrx_word' id='word_1_576' title='bbox 897 4245 1213 4316; x_wconf 65' lang='lat' dir='ltr'><strong>prmcedere</strong></span> <span class='ocrx_word' id='word_1_577' title='bbox 1264 4242 1584 4300; x_wconf 77' lang='lat' dir='ltr'><strong>obsidenda:</strong></span> <span class='ocrx_word' id='word_1_578' title='bbox 1637 4242 1968 4311; x_wconf 85' lang='lat' dir='ltr'><strong>Jerusalem,</strong></span> <span class='ocrx_word' id='word_1_579' title='bbox 2016 4243 2121 4300; x_wconf 85' lang='lat' dir='ltr'><strong>hoc</strong></span> 
     </span>
    </p>
   </div>
   <div class='ocr_carea' id='block_1_73' title="bbox 527 4333 2118 4403">
    <p class='ocr_par' dir='ltr' id='par_1_73' title="bbox 527 4333 2118 4403">
     <span class='ocr_line' id='line_1_73' title="bbox 527 4333 2118 4403; baseline -0.004 -9"><span class='ocrx_word' id='word_1_580' title='bbox 527 4353 671 4394; x_wconf 89' lang='lat' dir='ltr'><strong>nunc</strong></span> <span class='ocrx_word' id='word_1_581' title='bbox 723 4335 1062 4394; x_wconf 77' lang='lat' dir='ltr'><strong>manifestius</strong></span> <span class='ocrx_word' id='word_1_582' title='bbox 1121 4333 1354 4398; x_wconf 88' lang='lat' dir='ltr'><strong>dicitur,</strong></span> <span class='ocrx_word' id='word_1_583' title='bbox 1399 4342 1515 4401; x_wconf 91' lang='lat' dir='ltr'><strong>post</strong></span> <span class='ocrx_word' id='word_1_584' title='bbox 1559 4333 1732 4392; x_wconf 72' lang='lat' dir='ltr'><strong>milita</strong></span> <span class='ocrx_word' id='word_1_585' title='bbox 1777 4348 1899 4403; x_wconf 80' lang='lat' dir='ltr'><strong>quae</strong></span> <span class='ocrx_word' id='word_1_586' title='bbox 1939 4334 2118 4396; x_wconf 84' lang='lat' dir='ltr'><strong>media</strong></span> 
     </span>
    </p>
   </div>
   <div class='ocr_carea' id='block_1_74' title="bbox 525 4423 2118 4498">
    <p class='ocr_par' dir='ltr' id='par_1_74' title="bbox 525 4423 2118 4498">
     <span class='ocr_line' id='line_1_74' title="bbox 525 4423 2118 4498; baseline -0.001 -12"><span class='ocrx_word' id='word_1_587' title='bbox 525 4441 653 4486; x_wconf 88' lang='lat' dir='ltr'><strong>sunt</strong></span> <span class='ocrx_word' id='word_1_588' title='bbox 687 4449 699 4482; x_wconf 86' lang='lat'><strong>:</strong></span> <span class='ocrx_word' id='word_1_589' title='bbox 729 4429 952 4498; x_wconf 86' lang='lat' dir='ltr'><strong>Signum</strong></span> <span class='ocrx_word' id='word_1_590' title='bbox 981 4438 1054 4481; x_wconf 87' lang='lat' dir='ltr'><strong>est</strong></span> <span class='ocrx_word' id='word_1_591' title='bbox 1081 4426 1257 4479; x_wconf 79' lang='lat' dir='ltr'><strong>domui</strong></span> <span class='ocrx_word' id='word_1_592' title='bbox 1296 4423 1486 4492; x_wconf 81' lang='lat' dir='ltr'><strong>Israel,</strong></span> <span class='ocrx_word' id='word_1_593' title='bbox 1519 4432 1738 4495; x_wconf 83' lang='lat' dir='ltr'><strong>sartago</strong></span> <span class='ocrx_word' id='word_1_594' title='bbox 1767 4424 1966 4492; x_wconf 79' lang='lat' dir='ltr'><strong>ferrea,</strong></span> <span class='ocrx_word' id='word_1_595' title='bbox 1999 4443 2118 4498; x_wconf 62' lang='lat' dir='ltr'><strong>quin</strong></span> 
     </span>
    </p>
   </div>
   <div class='ocr_carea' id='block_1_75' title="bbox 2226 3226 3832 3300">
    <p class='ocr_par' dir='ltr' id='par_1_75' title="bbox 2226 3226 3832 3300">
     <span class='ocr_line' id='line_1_75' title="bbox 2226 3226 3832 3300; baseline 0.005 -18"><span class='ocrx_word' id='word_1_596' title='bbox 2226 3226 2500 3296; x_wconf 76' lang='lat' dir='ltr'><strong>Assyrios.</strong></span> <span class='ocrx_word' id='word_1_597' title='bbox 2535 3228 2668 3284; x_wconf 86' lang='lat' dir='ltr'><strong>Post</strong></span> <span class='ocrx_word' id='word_1_598' title='bbox 2708 3245 2868 3299; x_wconf 75' lang='lat' dir='ltr'><strong>queui</strong></span> <span class='ocrx_word' id='word_1_599' title='bbox 2908 3233 3157 3300; x_wconf 71' lang='lat' dir='ltr'><strong>regnavit</strong></span> <span class='ocrx_word' id='word_1_600' title='bbox 3185 3235 3240 3285; x_wconf 86' lang='lat' dir='ltr'><strong>in</strong></span> <span class='ocrx_word' id='word_1_601' title='bbox 3275 3233 3441 3288; x_wconf 84' lang='lat' dir='ltr'><strong>Israel</strong></span> <span class='ocrx_word' id='word_1_602' title='bbox 3485 3233 3628 3289; x_wconf 87' lang='lat' dir='ltr'><strong>Osce</strong></span> <span class='ocrx_word' id='word_1_603' title='bbox 3676 3235 3832 3292; x_wconf 86' lang='lat' dir='ltr'><strong>iilius</strong></span> 
     </span>
    </p>
   </div>
   <div class='ocr_carea' id='block_1_76' title="bbox 2227 3316 3830 3394">
    <p class='ocr_par' dir='ltr' id='par_1_76' title="bbox 2227 3316 3830 3394">
     <span class='ocr_line' id='line_1_76' title="bbox 2227 3316 3830 3394; baseline 0.008 -24"><span class='ocrx_word' id='word_1_604' title='bbox 2227 3316 2325 3380; x_wconf 79' lang='lat' dir='ltr'><strong>Eia</strong></span> <span class='ocrx_word' id='word_1_605' title='bbox 2355 3319 2515 3376; x_wconf 82' lang='lat' dir='ltr'><strong>anuis</strong></span> <span class='ocrx_word' id='word_1_606' title='bbox 2539 3335 2768 3388; x_wconf 82' lang='lat' dir='ltr'><strong>novem,</strong></span> <span class='ocrx_word' id='word_1_607' title='bbox 2795 3334 3097 3394; x_wconf 81' lang='lat' dir='ltr'><strong>captusque</strong></span> <span class='ocrx_word' id='word_1_608' title='bbox 3125 3334 3211 3379; x_wconf 83' lang='lat' dir='ltr'><strong>est</strong></span> <span class='ocrx_word' id='word_1_609' title='bbox 3233 3341 3358 3380; x_wconf 82' lang='lat' dir='ltr'><strong>cum</strong></span> <span class='ocrx_word' id='word_1_610' title='bbox 3385 3326 3537 3382; x_wconf 85' lang='lat' dir='ltr'><strong>omni</strong></span> <span class='ocrx_word' id='word_1_611' title='bbox 3567 3325 3830 3383; x_wconf 75' lang='lat' dir='ltr'><strong>Samaria</strong></span> 
     </span>
    </p>
   </div>
   <div class='ocr_carea' id='block_1_77' title="bbox 2223 3409 3831 3486">
    <p class='ocr_par' dir='ltr' id='par_1_77' title="bbox 2223 3409 3831 3486">
     <span class='ocr_line' id='line_1_77' title="bbox 2223 3409 3831 3486; baseline 0.007 -22"><span class='ocrx_word' id='word_1_612' title='bbox 2223 3425 2250 3464; x_wconf 88' lang='lat' dir='ltr'><strong>a</strong></span> <span class='ocrx_word' id='word_1_613' title='bbox 2274 3409 2652 3468; x_wconf 85' lang='lat' dir='ltr'><strong>Salmanassar</strong></span> <span class='ocrx_word' id='word_1_614' title='bbox 2676 3429 2803 3484; x_wconf 82' lang='lat' dir='ltr'><strong>rege</strong></span> <span class='ocrx_word' id='word_1_615' title='bbox 2831 3417 3206 3486; x_wconf 78' lang='lat' dir='ltr'><strong>Assyriorum,</strong></span> <span class='ocrx_word' id='word_1_616' title='bbox 3237 3426 3293 3472; x_wconf 83' lang='lat' dir='ltr'><strong>et</strong></span> <span class='ocrx_word' id='word_1_617' title='bbox 3325 3419 3622 3474; x_wconf 81' lang='lat' dir='ltr'><strong>translatus</strong></span> <span class='ocrx_word' id='word_1_618' title='bbox 3653 3429 3736 3474; x_wconf 87' lang='lat' dir='ltr'><strong>est</strong></span> <span class='ocrx_word' id='word_1_619' title='bbox 3765 3421 3831 3476; x_wconf 89' lang='lat' dir='ltr'><strong>in</strong></span> 
     </span>
    </p>
   </div>
   <div class='ocr_carea' id='block_1_78' title="bbox 2225 3503 3834 3568">
    <p class='ocr_par' dir='ltr' id='par_1_78' title="bbox 2225 3503 3834 3568">
     <span class='ocr_line' id='line_1_78' title="bbox 2225 3503 3834 3568; baseline 0.007 -12"><span class='ocrx_word' id='word_1_620' title='bbox 2225 3503 2402 3568; x_wconf 80' lang='lat' dir='ltr'><strong>Elam,</strong></span> <span class='ocrx_word' id='word_1_621' title='bbox 2437 3513 2492 3559; x_wconf 85' lang='lat' dir='ltr'><strong>et</strong></span> <span class='ocrx_word' id='word_1_622' title='bbox 2522 3505 2671 3560; x_wconf 79' lang='lat' dir='ltr'><strong>Abor</strong></span> <span class='ocrx_word' id='word_1_623' title='bbox 2710 3506 2904 3562; x_wconf 76' lang='lat' dir='ltr'><strong>llutios</strong></span> <span class='ocrx_word' id='word_1_624' title='bbox 2947 3507 3152 3568; x_wconf 75' lang='lat' dir='ltr'><strong>Count</strong></span> <span class='ocrx_word' id='word_1_625' title='bbox 3186 3511 3237 3564; x_wconf 93' lang='lat' dir='ltr'><strong>in</strong></span> <span class='ocrx_word' id='word_1_626' title='bbox 3283 3509 3595 3566; x_wconf 78' lang='lat' dir='ltr'><strong>civitatibus</strong></span> <span class='ocrx_word' id='word_1_627' title='bbox 3633 3512 3834 3568; x_wconf 70' lang='lat' dir='ltr'><strong>Medo-</strong></span> 
     </span>
    </p>
   </div>
   <div class='ocr_carea' id='block_1_79' title="bbox 2223 3595 3831 3671">
    <p class='ocr_par' dir='ltr' id='par_1_79' title="bbox 2223 3595 3831 3671">
     <span class='ocr_line' id='line_1_79' title="bbox 2223 3595 3831 3671; baseline 0.005 -19"><span class='ocrx_word' id='word_1_628' title='bbox 2223 3611 2366 3652; x_wconf 81' lang='lat' dir='ltr'><strong>rum.</strong></span> <span class='ocrx_word' id='word_1_629' title='bbox 2399 3595 2566 3654; x_wconf 76' lang='lat' dir='ltr'><strong>Sesto</strong></span> <span class='ocrx_word' id='word_1_630' title='bbox 2605 3606 2784 3654; x_wconf 84' lang='lat' dir='ltr'><strong>autem</strong></span> <span class='ocrx_word' id='word_1_631' title='bbox 2833 3598 3082 3656; x_wconf 68' lang='lat' dir='ltr'><strong>Ezechiae</strong></span> <span class='ocrx_word' id='word_1_632' title='bbox 3123 3601 3270 3671; x_wconf 79' lang='lat' dir='ltr'><strong>regis</strong></span> <span class='ocrx_word' id='word_1_633' title='bbox 3311 3618 3478 3671; x_wconf 75' lang='lat' dir='ltr'><strong>attito,</strong></span> <span class='ocrx_word' id='word_1_634' title='bbox 3521 3611 3585 3657; x_wconf 80' lang='lat' dir='ltr'><strong>ut</strong></span> <span class='ocrx_word' id='word_1_635' title='bbox 3632 3613 3831 3659; x_wconf 63' lang='lat' dir='ltr'><strong>saltem</strong></span> 
     </span>
    </p>
   </div>
   <div class='ocr_carea' id='block_1_80' title="bbox 2224 3685 3826 3764">
    <p class='ocr_par' dir='ltr' id='par_1_80' title="bbox 2224 3685 3826 3764">
     <span class='ocr_line' id='line_1_80' title="bbox 2224 3685 3826 3764; baseline 0.006 -26"><span class='ocrx_word' id='word_1_636' title='bbox 2224 3685 2430 3756; x_wconf 83' lang='lat' dir='ltr'><strong>Regum</strong></span> <span class='ocrx_word' id='word_1_637' title='bbox 2460 3698 2648 3744; x_wconf 83' lang='lat' dir='ltr'><strong>narrat</strong></span> <span class='ocrx_word' id='word_1_638' title='bbox 2673 3689 2900 3748; x_wconf 85' lang='lat' dir='ltr'><strong>historia</strong></span> <span class='ocrx_word' id='word_1_639' title='bbox 2929 3689 3123 3761; x_wconf 56' lang='lat' dir='ltr'><strong>(Ibid,</strong></span> <span class='ocrx_word' id='word_1_640' title='bbox 3145 3692 3302 3762; x_wconf 74' lang='lat' dir='ltr'><strong>uvis),</strong></span> <span class='ocrx_word' id='word_1_641' title='bbox 3325 3704 3517 3764; x_wconf 82' lang='lat' dir='ltr'><strong>captus</strong></span> <span class='ocrx_word' id='word_1_642' title='bbox 3539 3705 3627 3748; x_wconf 77' lang='lat' dir='ltr'><strong>est</strong></span> <span class='ocrx_word' id='word_1_643' title='bbox 3641 3695 3826 3750; x_wconf 82' lang='lat' dir='ltr'><strong>Osee:</strong></span> 
     </span>
    </p>
   </div>
   <div class='ocr_carea' id='block_1_81' title="bbox 2219 3779 3830 3852">
    <p class='ocr_par' dir='ltr' id='par_1_81' title="bbox 2219 3779 3830 3852">
     <span class='ocr_line' id='line_1_81' title="bbox 2219 3779 3830 3852; baseline 0.004 -19"><span class='ocrx_word' id='word_1_644' title='bbox 2219 3794 2252 3833; x_wconf 88' lang='lat' dir='ltr'><strong>a</strong></span> <span class='ocrx_word' id='word_1_645' title='bbox 2283 3793 2392 3848; x_wconf 89' lang='lat' dir='ltr'><strong>quo</strong></span> <span class='ocrx_word' id='word_1_646' title='bbox 2416 3779 2465 3834; x_wconf 89' lang='lat' dir='ltr'><strong>si</strong></span> <span class='ocrx_word' id='word_1_647' title='bbox 2494 3795 2589 3849; x_wconf 82' lang='lat' dir='ltr'><strong>per</strong></span> <span class='ocrx_word' id='word_1_648' title='bbox 2613 3780 2864 3836; x_wconf 87' lang='lat' dir='ltr'><strong>ordinem</strong></span> <span class='ocrx_word' id='word_1_649' title='bbox 2897 3793 3278 3851; x_wconf 75' lang='lat' dir='ltr'><strong>supputcutus,</strong></span> <span class='ocrx_word' id='word_1_650' title='bbox 3301 3796 3435 3852; x_wconf 78' lang='lat' dir='ltr'><strong>quot</strong></span> <span class='ocrx_word' id='word_1_651' title='bbox 3461 3787 3625 3840; x_wconf 72' lang='lat' dir='ltr'><strong>anuis</strong></span> <span class='ocrx_word' id='word_1_652' title='bbox 3652 3786 3830 3842; x_wconf 74' lang='lat' dir='ltr'><strong>lsrael</strong></span> 
     </span>
    </p>
   </div>
   <div class='ocr_carea' id='block_1_82' title="bbox 2223 3869 3830 3946">
    <p class='ocr_par' dir='ltr' id='par_1_82' title="bbox 2223 3869 3830 3946">
     <span class='ocr_line' id='line_1_82' title="bbox 2223 3869 3830 3946; baseline 0.005 -20"><span class='ocrx_word' id='word_1_653' title='bbox 2223 3869 2386 3932; x_wconf 78' lang='lat' dir='ltr'><strong>fuerit</strong></span> <span class='ocrx_word' id='word_1_654' title='bbox 2416 3871 2469 3930; x_wconf 86' lang='lat' dir='ltr'><strong>in</strong></span> <span class='ocrx_word' id='word_1_655' title='bbox 2501 3871 2751 3944; x_wconf 84' lang='lat' dir='ltr'><strong>angustia</strong></span> <span class='ocrx_word' id='word_1_656' title='bbox 2777 3882 2832 3929; x_wconf 85' lang='lat' dir='ltr'><strong>et</strong></span> <span class='ocrx_word' id='word_1_657' title='bbox 2851 3873 2983 3944; x_wconf 85' lang='lat' dir='ltr'><strong>jugo</strong></span> <span class='ocrx_word' id='word_1_658' title='bbox 3005 3890 3227 3944; x_wconf 86' lang='lat' dir='ltr'><strong>pressus</strong></span> <span class='ocrx_word' id='word_1_659' title='bbox 3245 3877 3602 3946; x_wconf 78' lang='lat' dir='ltr'><strong>captivitatis,</strong></span> <span class='ocrx_word' id='word_1_660' title='bbox 3633 3879 3830 3934; x_wconf 81' lang='lat' dir='ltr'><strong>sicin-</strong></span> 
     </span>
    </p>
   </div>
   <div class='ocr_carea' id='block_1_83' title="bbox 2222 3965 3827 4038">
    <p class='ocr_par' dir='ltr' id='par_1_83' title="bbox 2222 3965 3827 4038">
     <span class='ocr_line' id='line_1_83' title="bbox 2222 3965 3827 4038; baseline 0.004 -18"><span class='ocrx_word' id='word_1_661' title='bbox 2222 3966 2412 4022; x_wconf 79' lang='lat' dir='ltr'><strong>venire</strong></span> <span class='ocrx_word' id='word_1_662' title='bbox 2431 3967 2753 4036; x_wconf 70' lang='lat' dir='ltr'><strong>poterimus,</strong></span> <span class='ocrx_word' id='word_1_663' title='bbox 2773 3965 2821 4024; x_wconf 78' lang='grc' dir='ltr'><strong>Δ</strong></span> <span class='ocrx_word' id='word_1_664' title='bbox 2849 3977 3006 4024; x_wconf 62' lang='lat' dir='ltr'><strong>sexta</strong></span> <span class='ocrx_word' id='word_1_665' title='bbox 3035 3983 3178 4023; x_wconf 80' lang='lat' dir='ltr'><strong>anno</strong></span> <span class='ocrx_word' id='word_1_666' title='bbox 3205 3983 3380 4038; x_wconf 81' lang='lat' dir='ltr'><strong>usque</strong></span> <span class='ocrx_word' id='word_1_667' title='bbox 3407 3970 3472 4024; x_wconf 88' lang='lat' dir='ltr'><strong>ad</strong></span> <span class='ocrx_word' id='word_1_668' title='bbox 3497 3972 3827 4026; x_wconf 70' lang='lat' dir='ltr'><strong>vicesimum</strong></span> 
     </span>
    </p>
   </div>
   <div class='ocr_carea' id='block_1_84' title="bbox 2223 4059 3827 4132">
    <p class='ocr_par' dir='ltr' id='par_1_84' title="bbox 2223 4059 3827 4132">
     <span class='ocr_line' id='line_1_84' title="bbox 2223 4059 3827 4132; baseline 0.008 -27"><span class='ocrx_word' id='word_1_669' title='bbox 2223 4072 2424 4118; x_wconf 69' lang='lat' dir='ltr'><strong>nouum</strong></span> <span class='ocrx_word' id='word_1_670' title='bbox 2453 4059 2558 4125; x_wconf 88' lang='lat' dir='ltr'><strong>(tot</strong></span> <span class='ocrx_word' id='word_1_671' title='bbox 2588 4059 2735 4116; x_wconf 83' lang='lat' dir='ltr'><strong>enim</strong></span> <span class='ocrx_word' id='word_1_672' title='bbox 2782 4059 3047 4118; x_wconf 63' lang='lat' dir='ltr'><strong>Ezechias</strong></span> <span class='ocrx_word' id='word_1_673' title='bbox 3093 4062 3343 4132; x_wconf 80' lang='lat' dir='ltr'><strong>regnarit</strong></span> <span class='ocrx_word' id='word_1_674' title='bbox 3384 4063 3567 4132; x_wconf 82' lang='lat' dir='ltr'><strong>annis)</strong></span> <span class='ocrx_word' id='word_1_675' title='bbox 3611 4078 3827 4132; x_wconf 80' lang='lat' dir='ltr'><strong>suppu—</strong></span> 
     </span>
    </p>
   </div>
   <div class='ocr_carea' id='block_1_85' title="bbox 2224 4150 3823 4223">
    <p class='ocr_par' dir='ltr' id='par_1_85' title="bbox 2224 4150 3823 4223">
     <span class='ocr_line' id='line_1_85' title="bbox 2224 4150 3823 4223; baseline 0.002 -18"><span class='ocrx_word' id='word_1_676' title='bbox 2224 4161 2405 4214; x_wconf 78' lang='lat' dir='ltr'><strong>tantur</strong></span> <span class='ocrx_word' id='word_1_677' title='bbox 2427 4154 2559 4206; x_wconf 87' lang='lat' dir='ltr'><strong>anni</strong></span> <span class='ocrx_word' id='word_1_678' title='bbox 2585 4150 2774 4222; x_wconf 78' lang='lat' dir='ltr'><strong>viginti</strong></span> <span class='ocrx_word' id='word_1_679' title='bbox 2800 4162 3036 4223; x_wconf 76' lang='lat' dir='ltr'><strong>quatuor</strong></span> <span class='ocrx_word' id='word_1_680' title='bbox 3062 4171 3074 4206; x_wconf 90' lang='lat'><strong>:</strong></span> <span class='ocrx_word' id='word_1_681' title='bbox 3105 4155 3191 4210; x_wconf 84' lang='lat' dir='ltr'><strong>cui</strong></span> <span class='ocrx_word' id='word_1_682' title='bbox 3219 4154 3489 4209; x_wconf 77' lang='lat' dir='ltr'><strong>successit</strong></span> <span class='ocrx_word' id='word_1_683' title='bbox 3513 4153 3823 4220; x_wconf 68' lang='lat' dir='ltr'><strong>Monaeses,</strong></span> 
     </span>
    </p>
   </div>
   <div class='ocr_carea' id='block_1_86' title="bbox 2220 4245 3826 4318">
    <p class='ocr_par' dir='ltr' id='par_1_86' title="bbox 2220 4245 3826 4318">
     <span class='ocr_line' id='line_1_86' title="bbox 2220 4245 3826 4318; baseline 0 -14"><span class='ocrx_word' id='word_1_684' title='bbox 2220 4247 2580 4316; x_wconf 80' lang='lat' dir='ltr'><strong>regnavitque</strong></span> <span class='ocrx_word' id='word_1_685' title='bbox 2605 4245 2766 4306; x_wconf 83' lang='lat' dir='ltr'><strong>annis</strong></span> <span class='ocrx_word' id='word_1_686' title='bbox 2793 4247 3187 4318; x_wconf 80' lang='lat' dir='ltr'><strong>quinquaginta</strong></span> <span class='ocrx_word' id='word_1_687' title='bbox 3215 4247 3478 4318; x_wconf 73' lang='lat' dir='ltr'><strong>quinque.</strong></span> <span class='ocrx_word' id='word_1_688' title='bbox 3510 4247 3643 4302; x_wconf 87' lang='lat' dir='ltr'><strong>Post</strong></span> <span class='ocrx_word' id='word_1_689' title='bbox 3671 4247 3826 4304; x_wconf 80' lang='lat' dir='ltr'><strong>hunc</strong></span> 
     </span>
    </p>
   </div>
   <div class='ocr_carea' id='block_1_87' title="bbox 2221 4323 3825 4410">
    <p class='ocr_par' dir='ltr' id='par_1_87' title="bbox 2221 4323 3825 4410">
     <span class='ocr_line' id='line_1_87' title="bbox 2221 4323 3825 4410; baseline 0.001 -18"><span class='ocrx_word' id='word_1_690' title='bbox 2221 4323 2398 4398; x_wconf 78' lang='lat' dir='ltr'><strong>Anton</strong></span> <span class='ocrx_word' id='word_1_691' title='bbox 2430 4340 2677 4408; x_wconf 81' lang='lat' dir='ltr'><strong>regnavit</strong></span> <span class='ocrx_word' id='word_1_692' title='bbox 2702 4339 2860 4396; x_wconf 82' lang='lat' dir='ltr'><strong>annis</strong></span> <span class='ocrx_word' id='word_1_693' title='bbox 2889 4339 3126 4396; x_wconf 78' lang='lat' dir='ltr'><strong>duobus.</strong></span> <span class='ocrx_word' id='word_1_694' title='bbox 3155 4339 3287 4395; x_wconf 80' lang='lat' dir='ltr'><strong>Post</strong></span> <span class='ocrx_word' id='word_1_695' title='bbox 3318 4345 3478 4410; x_wconf 77' lang='lat' dir='ltr'><strong>quem</strong></span> <span class='ocrx_word' id='word_1_696' title='bbox 3504 4338 3686 4395; x_wconf 78' lang='lat' dir='ltr'><strong>Josias</strong></span> <span class='ocrx_word' id='word_1_697' title='bbox 3712 4354 3825 4394; x_wconf 83' lang='lat' dir='ltr'><strong>an-</strong></span> 
     </span>
    </p>
   </div>
   <div class='ocr_carea' id='block_1_88' title="bbox 2223 4433 3823 4505">
    <p class='ocr_par' dir='ltr' id='par_1_88' title="bbox 2223 4433 3823 4505">
     <span class='ocr_line' id='line_1_88' title="bbox 2223 4433 3823 4505; baseline 0.002 -18"><span class='ocrx_word' id='word_1_698' title='bbox 2223 4435 2308 4490; x_wconf 89' lang='lat' dir='ltr'><strong>uis</strong></span> <span class='ocrx_word' id='word_1_699' title='bbox 2340 4435 2559 4504; x_wconf 83' lang='lat' dir='ltr'><strong>triginta</strong></span> <span class='ocrx_word' id='word_1_700' title='bbox 2604 4445 2657 4492; x_wconf 84' lang='lat' dir='ltr'><strong>et</strong></span> <span class='ocrx_word' id='word_1_701' title='bbox 2689 4433 2716 4474; x_wconf 71' lang='grc' dir='ltr'>δ</span> <span class='ocrx_word' id='word_1_702' title='bbox 2737 4434 2972 4489; x_wconf 83' lang='lat' dir='ltr'><strong>duobus.</strong></span> <span class='ocrx_word' id='word_1_703' title='bbox 3013 4435 3116 4490; x_wconf 70' lang='lat' dir='ltr'><strong>(iui</strong></span> <span class='ocrx_word' id='word_1_704' title='bbox 3155 4437 3419 4490; x_wconf 74' lang='lat' dir='ltr'><strong>successit</strong></span> <span class='ocrx_word' id='word_1_705' title='bbox 3455 4434 3688 4502; x_wconf 86' lang='lat' dir='ltr'><strong>Joacim,</strong></span> <span class='ocrx_word' id='word_1_706' title='bbox 3717 4436 3823 4505; x_wconf 83' lang='lat' dir='ltr'><strong>qui</strong></span> 
     </span>
    </p>
   </div>
   <div class='ocr_carea' id='block_1_89' title="bbox 525 4509 3823 4596">
    <p class='ocr_par' dir='ltr' id='par_1_89' title="bbox 525 4509 3823 4596">
     <span class='ocr_line' id='line_1_89' title="bbox 525 4509 3823 4596; baseline 0.001 -18"><span class='ocrx_word' id='word_1_707' title='bbox 525 4525 700 4579; x_wconf 86' lang='lat' dir='ltr'><strong>instar</strong></span> <span class='ocrx_word' id='word_1_708' title='bbox 727 4521 868 4576; x_wconf 87' lang='lat' dir='ltr'><strong>mttri</strong></span> <span class='ocrx_word' id='word_1_709' title='bbox 901 4521 1042 4578; x_wconf 83' lang='lat' dir='ltr'><strong>inter</strong></span> <span class='ocrx_word' id='word_1_710' title='bbox 1070 4516 1391 4588; x_wconf 78' lang='lat' dir='ltr'><strong>prophetam</strong></span> <span class='ocrx_word' id='word_1_711' title='bbox 1415 4526 1468 4570; x_wconf 90' lang='lat' dir='ltr'><strong>ct</strong></span> <span class='ocrx_word' id='word_1_712' title='bbox 1487 4516 1678 4571; x_wconf 88' lang='lat' dir='ltr'><strong>urbem</strong></span> <span class='ocrx_word' id='word_1_713' title='bbox 1703 4516 1941 4585; x_wconf 75' lang='lat' dir='ltr'><strong>ponitur,</strong></span> <span class='ocrx_word' id='word_1_714' title='bbox 1963 4532 2116 4588; x_wconf 85' lang='lat' dir='ltr'><strong>gran-</strong></span> <span class='ocrx_word' id='word_1_715' title='bbox 2143 4509 2196 4570; x_wconf 90' lang='lat' dir='ltr'><strong>D</strong></span> <span class='ocrx_word' id='word_1_716' title='bbox 2221 4536 2277 4582; x_wconf 75' lang='lat' dir='ltr'><strong>et</strong></span> <span class='ocrx_word' id='word_1_717' title='bbox 2308 4525 2532 4584; x_wconf 78' lang='lat' dir='ltr'><strong>Eliacim</strong></span> <span class='ocrx_word' id='word_1_718' title='bbox 2557 4527 2976 4596; x_wconf 48' lang='lat' dir='ltr'><strong>agnotuiuatus</strong></span> <span class='ocrx_word' id='word_1_719' title='bbox 3011 4537 3118 4589; x_wconf 85' lang='lat' dir='ltr'><strong>est,</strong></span> <span class='ocrx_word' id='word_1_720' title='bbox 3145 4539 3200 4580; x_wconf 88' lang='lat' dir='ltr'><strong>et</strong></span> <span class='ocrx_word' id='word_1_721' title='bbox 3242 4529 3488 4596; x_wconf 81' lang='lat' dir='ltr'><strong>regnavit</strong></span> <span class='ocrx_word' id='word_1_722' title='bbox 3514 4526 3672 4582; x_wconf 86' lang='lat' dir='ltr'><strong>annis</strong></span> <span class='ocrx_word' id='word_1_723' title='bbox 3711 4544 3823 4582; x_wconf 86' lang='lat' dir='ltr'><strong>un-</strong></span> 
     </span>
    </p>
   </div>
   <div class='ocr_carea' id='block_1_90' title="bbox 522 4607 2109 4680">
    <p class='ocr_par' dir='ltr' id='par_1_90' title="bbox 522 4607 2109 4680">
     <span class='ocr_line' id='line_1_90' title="bbox 522 4607 2109 4680; baseline -0.004 -10"><span class='ocrx_word' id='word_1_724' title='bbox 522 4615 646 4670; x_wconf 89' lang='lat' dir='ltr'><strong>dem</strong></span> <span class='ocrx_word' id='word_1_725' title='bbox 694 4614 828 4667; x_wconf 86' lang='lat' dir='ltr'><strong>iram</strong></span> <span class='ocrx_word' id='word_1_726' title='bbox 861 4613 1205 4666; x_wconf 69' lang='lat' dir='ltr'><strong>demousuat</strong></span> <span class='ocrx_word' id='word_1_727' title='bbox 1241 4609 1370 4672; x_wconf 89' lang='lat' dir='ltr'><strong>Dei,</strong></span> <span class='ocrx_word' id='word_1_728' title='bbox 1403 4624 1526 4680; x_wconf 73' lang='lat' dir='ltr'><strong>qum</strong></span> <span class='ocrx_word' id='word_1_729' title='bbox 1560 4608 1720 4664; x_wconf 87' lang='lat' dir='ltr'><strong>nullis</strong></span> <span class='ocrx_word' id='word_1_730' title='bbox 1751 4607 2004 4678; x_wconf 87' lang='lat' dir='ltr'><strong>precibus</strong></span> <span class='ocrx_word' id='word_1_731' title='bbox 2029 4611 2109 4666; x_wconf 79' lang='lat' dir='ltr'><strong>la-</strong></span> 
     </span>
    </p>
   </div>
   <div class='ocr_carea' id='block_1_91' title="bbox 525 4701 2114 4781">
    <p class='ocr_par' dir='ltr' id='par_1_91' title="bbox 525 4701 2114 4781">
     <span class='ocr_line' id='line_1_91' title="bbox 525 4701 2114 4781; baseline -0.003 -16"><span class='ocrx_word' id='word_1_732' title='bbox 525 4710 744 4781; x_wconf 89' lang='lat' dir='ltr'><strong>tigetur,</strong></span> <span class='ocrx_word' id='word_1_733' title='bbox 780 4721 880 4762; x_wconf 88' lang='lat' dir='ltr'><strong>nec</strong></span> <span class='ocrx_word' id='word_1_734' title='bbox 918 4701 1167 4762; x_wconf 81' lang='lat' dir='ltr'><strong>ﬂectatur</strong></span> <span class='ocrx_word' id='word_1_735' title='bbox 1203 4705 1269 4758; x_wconf 87' lang='lat' dir='ltr'><strong>ad</strong></span> <span class='ocrx_word' id='word_1_736' title='bbox 1294 4705 1748 4762; x_wconf 85' lang='lat' dir='ltr'><strong>misericordiam.</strong></span> <span class='ocrx_word' id='word_1_737' title='bbox 1779 4703 1930 4762; x_wconf 81' lang='lat' dir='ltr'><strong>Sicut</strong></span> <span class='ocrx_word' id='word_1_738' title='bbox 1970 4707 2114 4762; x_wconf 82' lang='lat' dir='ltr'><strong>enim</strong></span> 
     </span>
    </p>
   </div>
   <div class='ocr_carea' id='block_1_92' title="bbox 525 4797 2111 4870">
    <p class='ocr_par' dir='ltr' id='par_1_92' title="bbox 525 4797 2111 4870">
     <span class='ocr_line' id='line_1_92' title="bbox 525 4797 2111 4870; baseline 0.001 -12"><span class='ocrx_word' id='word_1_739' title='bbox 525 4803 706 4858; x_wconf 88' lang='lat' dir='ltr'><strong>omnia</strong></span> <span class='ocrx_word' id='word_1_740' title='bbox 739 4801 956 4857; x_wconf 83' lang='lat' dir='ltr'><strong>metalla</strong></span> <span class='ocrx_word' id='word_1_741' title='bbox 983 4802 1180 4854; x_wconf 80' lang='lat' dir='ltr'><strong>ferrum</strong></span> <span class='ocrx_word' id='word_1_742' title='bbox 1211 4799 1416 4866; x_wconf 85' lang='lat' dir='ltr'><strong>domat,</strong></span> <span class='ocrx_word' id='word_1_743' title='bbox 1437 4797 1677 4870; x_wconf 80' lang='lat' dir='ltr'><strong>nihilque</strong></span> <span class='ocrx_word' id='word_1_744' title='bbox 1694 4815 1762 4855; x_wconf 88' lang='lat' dir='ltr'><strong>eo</strong></span> <span class='ocrx_word' id='word_1_745' title='bbox 1797 4800 1986 4856; x_wconf 88' lang='lat' dir='ltr'><strong>durius</strong></span> <span class='ocrx_word' id='word_1_746' title='bbox 2005 4809 2111 4867; x_wconf 82' lang='lat' dir='ltr'><strong>est,</strong></span> 
     </span>
    </p>
   </div>
   <div class='ocr_carea' id='block_1_93' title="bbox 523 4887 2115 4957">
    <p class='ocr_par' dir='ltr' id='par_1_93' title="bbox 523 4887 2115 4957">
     <span class='ocr_line' id='line_1_93' title="bbox 523 4887 2115 4957; baseline -0.002 -7"><span class='ocrx_word' id='word_1_747' title='bbox 523 4895 606 4950; x_wconf 90' lang='lat' dir='ltr'><strong>sic</strong></span> <span class='ocrx_word' id='word_1_748' title='bbox 661 4892 1002 4948; x_wconf 81' lang='lat' dir='ltr'><strong>incredibilia</strong></span> <span class='ocrx_word' id='word_1_749' title='bbox 1055 4891 1264 4945; x_wconf 87' lang='lat' dir='ltr'><strong>scelera</strong></span> <span class='ocrx_word' id='word_1_750' title='bbox 1321 4887 1664 4957; x_wconf 84' lang='lat' dir='ltr'><strong>Jerusalem,</strong></span> <span class='ocrx_word' id='word_1_751' title='bbox 1713 4889 1880 4945; x_wconf 82' lang='lat' dir='ltr'><strong>Deum</strong></span> <span class='ocrx_word' id='word_1_752' title='bbox 1921 4901 2115 4952; x_wconf 87' lang='lat' dir='ltr'><strong>natura</strong></span> 
     </span>
    </p>
   </div>
   <div class='ocr_carea' id='block_1_94' title="bbox 593 5022 2110 5097">
    <p class='ocr_par' dir='ltr' id='par_1_94' title="bbox 593 5022 2110 5097">
     <span class='ocr_line' id='line_1_94' title="bbox 593 5022 2110 5097; baseline -0.006 -10"><span class='ocrx_word' id='word_1_753' title='bbox 593 5039 622 5067; x_wconf 78' lang='grc'><strong><em>³</em></strong></span> <span class='ocrx_word' id='word_1_754' title='bbox 650 5030 766 5086; x_wconf 75' lang='lat' dir='ltr'><strong>Hoc</strong></span> <span class='ocrx_word' id='word_1_755' title='bbox 811 5031 972 5082; x_wconf 81' lang='lat' dir='ltr'><strong>modo</strong></span> <span class='ocrx_word' id='word_1_756' title='bbox 999 5027 1189 5097; x_wconf 75' lang='lat' dir='ltr'><strong>legunt</strong></span> <span class='ocrx_word' id='word_1_757' title='bbox 1216 5038 1350 5078; x_wconf 86' lang='lat' dir='ltr'><strong>mss.</strong></span> <span class='ocrx_word' id='word_1_758' title='bbox 1385 5022 1643 5097; x_wconf 75' lang='lat' dir='ltr'><strong>codices;</strong></span> <span class='ocrx_word' id='word_1_759' title='bbox 1676 5023 2013 5097; x_wconf 11' lang='lat' dir='ltr'><strong>editigautcrn</strong></span> <span class='ocrx_word' id='word_1_760' title='bbox 2037 5027 2110 5079; x_wconf 83' lang='lat' dir='ltr'><strong>li-</strong></span> 
     </span>
    </p>
   </div>
   <div class='ocr_carea' id='block_1_95' title="bbox 523 5094 2109 5180">
    <p class='ocr_par' dir='ltr' id='par_1_95' title="bbox 523 5094 2109 5180">
     <span class='ocr_line' id='line_1_95' title="bbox 523 5094 2109 5180; baseline -0.005 -22"><span class='ocrx_word' id='word_1_761' title='bbox 523 5101 606 5158; x_wconf 79' lang='lat' dir='ltr'><strong>bri</strong></span> <span class='ocrx_word' id='word_1_762' title='bbox 642 5103 942 5180; x_wconf 54' lang='lat' dir='ltr'><strong>unto-7W</strong></span> <span class='ocrx_word' id='word_1_763' title='bbox 987 5094 1470 5180; x_wconf 46' lang='lat' dir='ltr'><strong>prgis-zmapr</strong></span> <span class='ocrx_word' id='word_1_764' title='bbox 1809 5095 1902 5148; x_wconf 76' lang='lat' dir='ltr'><strong>Est</strong></span> <span class='ocrx_word' id='word_1_765' title='bbox 1929 5108 2109 5180; x_wconf 66' lang='lat' dir='ltr'><strong>autem</strong></span> 
     </span>
    </p>
   </div>
   <div class='ocr_carea' id='block_1_96' title="bbox 523 5166 2112 5245">
    <p class='ocr_par' dir='ltr' id='par_1_96' title="bbox 523 5166 2112 5245">
     <span class='ocr_line' id='line_1_96' title="bbox 523 5166 2112 5245; baseline -0.004 -17"><span class='ocrx_word' id='word_1_766' title='bbox 523 5166 900 5245; x_wconf 76' lang='lat' dir='ltr'><strong>scenogrdpltia</strong></span> <span class='ocrx_word' id='word_1_767' title='bbox 942 5185 1008 5232; x_wconf 77' lang='lat' dir='ltr'><strong>ex</strong></span> <span class='ocrx_word' id='word_1_768' title='bbox 1051 5166 1321 5245; x_wconf 38' lang='lat' dir='ltr'><strong>_Vitru‘v,_&#39;f</strong></span> <span class='ocrx_word' id='word_1_769' title='bbox 1345 5166 1571 5245; x_wconf 69' lang='lat' dir='ltr'><strong>_I“_routis</strong></span> <span class='ocrx_word' id='word_1_770' title='bbox 1601 5175 1654 5245; x_wconf 84' lang='lat' dir='ltr'><strong>et</strong></span> <span class='ocrx_word' id='word_1_771' title='bbox 1688 5166 2112 5245; x_wconf 58' lang='lat' dir='ltr'><strong>Intern-nrabe-</strong></span> 
     </span>
    </p>
   </div>
   <div class='ocr_carea' id='block_1_97' title="bbox 522 5237 2112 5306">
    <p class='ocr_par' dir='ltr' id='par_1_97' title="bbox 522 5237 2112 5306">
     <span class='ocr_line' id='line_1_97' title="bbox 522 5237 2112 5306; baseline -0.004 -10"><span class='ocrx_word' id='word_1_772' title='bbox 522 5237 750 5298; x_wconf 72' lang='lat' dir='ltr'><strong>dentium</strong></span> <span class='ocrx_word' id='word_1_773' title='bbox 771 5237 1120 5298; x_wconf 80' lang='lat' dir='ltr'><strong>adumbratio,</strong></span> <span class='ocrx_word' id='word_1_774' title='bbox 1146 5239 1213 5290; x_wconf 80' lang='lat' dir='ltr'><strong>ad</strong></span> <span class='ocrx_word' id='word_1_775' title='bbox 1233 5238 1513 5306; x_wconf 70' lang='lat' dir='ltr'><strong>circinique</strong></span> <span class='ocrx_word' id='word_1_776' title='bbox 1543 5244 1773 5289; x_wconf 84' lang='lat' dir='ltr'><strong>centrum</strong></span> <span class='ocrx_word' id='word_1_777' title='bbox 1795 5237 2019 5300; x_wconf 78' lang='lat' dir='ltr'><strong>omnium</strong></span> <span class='ocrx_word' id='word_1_778' title='bbox 2049 5237 2112 5290; x_wconf 86' lang='lat' dir='ltr'><strong>Ii-</strong></span> 
     </span>
    </p>
   </div>
   <div class='ocr_carea' id='block_1_98' title="bbox 519 5307 2111 5379">
    <p class='ocr_par' dir='ltr' id='par_1_98' title="bbox 519 5307 2111 5379">
     <span class='ocr_line' id='line_1_98' title="bbox 519 5307 2111 5379; baseline -0.004 -11"><span class='ocrx_word' id='word_1_779' title='bbox 519 5331 734 5368; x_wconf 81' lang='lat' dir='ltr'><strong>nenrum</strong></span> <span class='ocrx_word' id='word_1_780' title='bbox 761 5327 1042 5379; x_wconf 83' lang='lat' dir='ltr'><strong>responsus</strong></span> <span class='ocrx_word' id='word_1_781' title='bbox 1071 5325 1089 5363; x_wconf 90' lang='lat'><em>:</em></span> <span class='ocrx_word' id='word_1_782' title='bbox 1112 5310 1253 5379; x_wconf 85' lang='lat' dir='ltr'><strong>quod</strong></span> <span class='ocrx_word' id='word_1_783' title='bbox 1289 5309 1524 5379; x_wconf 75' lang='lat' dir='ltr'><strong>perfecte</strong></span> <span class='ocrx_word' id='word_1_784' title='bbox 1549 5307 1804 5361; x_wconf 79' lang='lat' dir='ltr'><strong>convenit</strong></span> <span class='ocrx_word' id='word_1_785' title='bbox 1823 5307 1947 5360; x_wconf 73' lang='lat' dir='ltr'><strong>ioco</strong></span> <span class='ocrx_word' id='word_1_786' title='bbox 1972 5323 2111 5376; x_wconf 64' lang='lat' dir='ltr'><strong>prm-</strong></span> 
     </span>
    </p>
   </div>
   <div class='ocr_carea' id='block_1_99' title="bbox 519 5377 2104 5502">
    <p class='ocr_par' dir='ltr' id='par_1_99' title="bbox 519 5377 2104 5502">
     <span class='ocr_line' id='line_1_99' title="bbox 519 5377 2104 5502; baseline -0.005 -62"><span class='ocrx_word' id='word_1_787' title='bbox 519 5387 660 5440; x_wconf 68' lang='lat' dir='ltr'><strong>senti</strong></span> <span class='ocrx_word' id='word_1_788' title='bbox 692 5377 1001 5446; x_wconf 71' lang='lat' dir='ltr'><strong>Eaecinielis</strong></span> <span class='ocrx_word' id='word_1_789' title='bbox 1023 5377 1392 5436; x_wconf 69' lang='lat' dir='ltr'><strong>describentis</strong></span> <span class='ocrx_word' id='word_1_790' title='bbox 1431 5377 1731 5432; x_wconf 72' lang='lat' dir='ltr'><strong>Jerusalem</strong></span> <span class='ocrx_word' id='word_1_791' title='bbox 1766 5380 1830 5502; x_wconf 56' lang='lat' dir='ltr'><strong>liii</strong></span> <span class='ocrx_word' id='word_1_792' title='bbox 1857 5380 2104 5443; x_wconf 79' lang='lat' dir='ltr'><strong>pulvere.</strong></span> 
     </span>
     <span class='ocr_line' id='line_1_100' title="bbox 1809 5464 1960 5502; baseline 0 0"><span class='ocrx_word' id='word_1_793' title='bbox 1809 5464 1960 5502; x_wconf 62' lang='lat' dir='ltr'><strong>aur.</strong></span> 
     </span>
    </p>
   </div>
   <div class='ocr_carea' id='block_1_100' title="bbox 1809 5464 1960 5504">
    <p class='ocr_par' dir='ltr' id='par_1_100' title="bbox 1809 5464 1960 5504">
     <span class='ocr_line' id='line_1_101' title="bbox 1809 5464 1960 5504; baseline 0.007 -2"><span class='ocrx_word' id='word_1_794' title='bbox 1809 5464 1960 5504; x_wconf 73' lang='grc' dir='ltr'><strong>ΙΔΒΤ.</strong></span> 
     </span>
    </p>
   </div>
   <div class='ocr_carea' id='block_1_101' title="bbox 589 5517 2110 5590">
    <p class='ocr_par' dir='ltr' id='par_1_101' title="bbox 589 5517 2110 5590">
     <span class='ocr_line' id='line_1_102' title="bbox 589 5517 2110 5590; baseline -0.007 -7"><span class='ocrx_word' id='word_1_795' title='bbox 589 5517 912 5582; x_wconf 71' lang='lat' dir='ltr'><strong>bVictorius</strong></span> <span class='ocrx_word' id='word_1_796' title='bbox 941 5529 1048 5581; x_wconf 90' lang='lat' dir='ltr'><strong>ait:</strong></span> <span class='ocrx_word' id='word_1_797' title='bbox 1071 5519 1317 5590; x_wconf 79' lang='lat' dir='ltr'><strong>Triginta</strong></span> <span class='ocrx_word' id='word_1_798' title='bbox 1351 5529 1566 5590; x_wconf 20' lang='lat' dir='ltr'><strong>etittnn,</strong></span> <span class='ocrx_word' id='word_1_799' title='bbox 1605 5532 1708 5571; x_wconf 92' lang='lat' dir='ltr'><strong>non</strong></span> <span class='ocrx_word' id='word_1_800' title='bbox 1733 5517 1949 5590; x_wconf 73' lang='lat' dir='ltr'><strong>triginta</strong></span> <span class='ocrx_word' id='word_1_801' title='bbox 1972 5517 2110 5573; x_wconf 92' lang='lat' dir='ltr'><strong>duo-</strong></span> 
     </span>
    </p>
   </div>
   <div class='ocr_carea' id='block_1_102' title="bbox 523 5586 2104 5662">
    <p class='ocr_par' dir='ltr' id='par_1_102' title="bbox 523 5586 2104 5662">
     <span class='ocr_line' id='line_1_103' title="bbox 523 5586 2104 5662; baseline -0.005 -10"><span class='ocrx_word' id='word_1_802' title='bbox 523 5601 620 5652; x_wconf 89' lang='lat' dir='ltr'><strong>bus</strong></span> <span class='ocrx_word' id='word_1_803' title='bbox 667 5601 822 5653; x_wconf 89' lang='lat' dir='ltr'><strong>annis</strong></span> <span class='ocrx_word' id='word_1_804' title='bbox 861 5598 1036 5653; x_wconf 80' lang='lat' dir='ltr'><strong>Josias</strong></span> <span class='ocrx_word' id='word_1_805' title='bbox 1083 5586 1344 5662; x_wconf 76' lang='lat' dir='ltr'><strong>regnavit,</strong></span> <span class='ocrx_word' id='word_1_806' title='bbox 1383 5588 1621 5662; x_wconf 28' lang='lat' dir='ltr'><strong>lVﬂIlcg.</strong></span> <span class='ocrx_word' id='word_1_807' title='bbox 1670 5605 1813 5653; x_wconf 81' lang='lat' dir='ltr'><strong>xxu;</strong></span> <span class='ocrx_word' id='word_1_808' title='bbox 1857 5586 1898 5642; x_wconf 92' lang='lat' dir='ltr'><strong>ll</strong></span> <span class='ocrx_word' id='word_1_809' title='bbox 1927 5589 2104 5644; x_wconf 72' lang='lat' dir='ltr'><strong>l’aral.</strong></span> 
     </span>
    </p>
   </div>
   <div class='ocr_carea' id='block_1_103' title="bbox 518 5657 2105 5737">
    <p class='ocr_par' dir='ltr' id='par_1_103' title="bbox 518 5657 2105 5737">
     <span class='ocr_line' id='line_1_104' title="bbox 518 5657 2105 5737; baseline -0.007 -12"><span class='ocrx_word' id='word_1_810' title='bbox 518 5684 699 5734; x_wconf 66' lang='lat' dir='ltr'><strong>sum</strong></span> <span class='ocrx_word' id='word_1_811' title='bbox 734 5669 874 5737; x_wconf 81' lang='lat' dir='ltr'><strong>apud</strong></span> <span class='ocrx_word' id='word_1_812' title='bbox 901 5682 1120 5724; x_wconf 68' lang='lat' dir='ltr'><strong>attines.</strong></span> <span class='ocrx_word' id='word_1_813' title='bbox 1144 5657 1356 5718; x_wconf 59' lang='lat' dir='ltr'><strong>&#39;Vetutn</strong></span> <span class='ocrx_word' id='word_1_814' title='bbox 1397 5658 1538 5737; x_wconf 71' lang='lat' dir='ltr'><strong>nihil</strong></span> <span class='ocrx_word' id='word_1_815' title='bbox 1577 5657 1957 5737; x_wconf 48' lang='lat' dir='ltr'><strong>humatum,</strong></span> <span class='ocrx_word' id='word_1_816' title='bbox 1979 5662 2105 5728; x_wconf 76' lang='lat' dir='ltr'><strong>quia</strong></span> 
     </span>
    </p>
   </div>
   <div class='ocr_carea' id='block_1_104' title="bbox 511 5729 2101 5810">
    <p class='ocr_par' dir='ltr' id='par_1_104' title="bbox 511 5729 2101 5810">
     <span class='ocr_line' id='line_1_105' title="bbox 511 5729 2101 5810; baseline -0.004 -14"><span class='ocrx_word' id='word_1_817' title='bbox 511 5729 884 5810; x_wconf 75' lang='lat' dir='ltr'><strong>numerorum,</strong></span> <span class='ocrx_word' id='word_1_818' title='bbox 909 5753 1048 5810; x_wconf 87' lang='lat' dir='ltr'><strong>quos</strong></span> <span class='ocrx_word' id='word_1_819' title='bbox 1083 5741 1370 5807; x_wconf 74' lang='lat' dir='ltr'><strong>supputat,</strong></span> <span class='ocrx_word' id='word_1_820' title='bbox 1399 5729 1544 5788; x_wconf 81' lang='lat' dir='ltr'><strong>ratio</strong></span> <span class='ocrx_word' id='word_1_821' title='bbox 1576 5741 1690 5788; x_wconf 75' lang='lat' dir='ltr'><strong>non</strong></span> <span class='ocrx_word' id='word_1_822' title='bbox 1719 5731 2101 5802; x_wconf 62' lang='lat' dir='ltr'><strong>superﬂuat.</strong></span> 
     </span>
    </p>
   </div>
   <div class='ocr_carea' id='block_1_105' title="bbox 2221 4617 3819 4687">
    <p class='ocr_par' dir='ltr' id='par_1_105' title="bbox 2221 4617 3819 4687">
     <span class='ocr_line' id='line_1_106' title="bbox 2221 4617 3819 4687; baseline 0.002 -15"><span class='ocrx_word' id='word_1_823' title='bbox 2221 4617 2420 4672; x_wconf 87' lang='lat' dir='ltr'><strong>decim.</strong></span> <span class='ocrx_word' id='word_1_824' title='bbox 2451 4617 2583 4674; x_wconf 86' lang='lat' dir='ltr'><strong>Post</strong></span> <span class='ocrx_word' id='word_1_825' title='bbox 2613 4632 2772 4686; x_wconf 84' lang='lat' dir='ltr'><strong>quem</strong></span> <span class='ocrx_word' id='word_1_826' title='bbox 2801 4617 3034 4676; x_wconf 76' lang='lat' dir='ltr'><strong>Joachiu</strong></span> <span class='ocrx_word' id='word_1_827' title='bbox 3080 4627 3448 4687; x_wconf 78' lang='lat' dir='ltr'><strong>eoguantento</strong></span> <span class='ocrx_word' id='word_1_828' title='bbox 3495 4619 3819 4683; x_wconf 84' lang='lat' dir='ltr'><strong>Jechouias.</strong></span> 
     </span>
    </p>
   </div>
   <div class='ocr_carea' id='block_1_106' title="bbox 2214 4707 3819 4782">
    <p class='ocr_par' dir='ltr' id='par_1_106' title="bbox 2214 4707 3819 4782">
     <span class='ocr_line' id='line_1_107' title="bbox 2214 4707 3819 4782; baseline 0.005 -21"><span class='ocrx_word' id='word_1_829' title='bbox 2214 4708 2308 4777; x_wconf 85' lang='lat' dir='ltr'><strong>qui</strong></span> <span class='ocrx_word' id='word_1_830' title='bbox 2351 4709 2529 4766; x_wconf 81' lang='lat' dir='ltr'><strong>statim</strong></span> <span class='ocrx_word' id='word_1_831' title='bbox 2575 4707 2771 4765; x_wconf 83' lang='lat' dir='ltr'><strong>ductus</strong></span> <span class='ocrx_word' id='word_1_832' title='bbox 2807 4720 2894 4763; x_wconf 87' lang='lat' dir='ltr'><strong>est</strong></span> <span class='ocrx_word' id='word_1_833' title='bbox 2925 4711 2979 4764; x_wconf 81' lang='lat' dir='ltr'><strong>in</strong></span> <span class='ocrx_word' id='word_1_834' title='bbox 3019 4709 3416 4778; x_wconf 80' lang='lat' dir='ltr'><strong>captivitatem,</strong></span> <span class='ocrx_word' id='word_1_835' title='bbox 3454 4711 3819 4782; x_wconf 78' lang='lat' dir='ltr'><strong>regnavith</strong></span> 
     </span>
    </p>
   </div>
   <div class='ocr_carea' id='block_1_107' title="bbox 2217 4799 3818 4872">
    <p class='ocr_par' dir='ltr' id='par_1_107' title="bbox 2217 4799 3818 4872">
     <span class='ocr_line' id='line_1_108' title="bbox 2217 4799 3818 4872; baseline 0.004 -20"><span class='ocrx_word' id='word_1_836' title='bbox 2217 4815 2321 4870; x_wconf 88' lang='lat' dir='ltr'><strong>pro</strong></span> <span class='ocrx_word' id='word_1_837' title='bbox 2349 4814 2415 4855; x_wconf 90' lang='lat' dir='ltr'><strong>eo</strong></span> <span class='ocrx_word' id='word_1_838' title='bbox 2437 4799 2699 4856; x_wconf 77' lang='lat' dir='ltr'><strong>Sedecias</strong></span> <span class='ocrx_word' id='word_1_839' title='bbox 2725 4800 2885 4856; x_wconf 83' lang='lat' dir='ltr'><strong>anuis</strong></span> <span class='ocrx_word' id='word_1_840' title='bbox 2929 4801 3202 4866; x_wconf 83' lang='lat' dir='ltr'><strong>undecim,</strong></span> <span class='ocrx_word' id='word_1_841' title='bbox 3229 4801 3333 4857; x_wconf 85' lang='lat' dir='ltr'><strong>sub</strong></span> <span class='ocrx_word' id='word_1_842' title='bbox 3379 4816 3489 4872; x_wconf 90' lang='lat' dir='ltr'><strong>quo</strong></span> <span class='ocrx_word' id='word_1_843' title='bbox 3531 4813 3686 4872; x_wconf 88' lang='lat' dir='ltr'><strong>capta</strong></span> <span class='ocrx_word' id='word_1_844' title='bbox 3727 4811 3818 4858; x_wconf 78' lang='lat' dir='ltr'><strong>est</strong></span> 
     </span>
    </p>
   </div>
   <div class='ocr_carea' id='block_1_108' title="bbox 2217 4891 3817 4964">
    <p class='ocr_par' dir='ltr' id='par_1_108' title="bbox 2217 4891 3817 4964">
     <span class='ocr_line' id='line_1_109' title="bbox 2217 4891 3817 4964; baseline 0.001 -16"><span class='ocrx_word' id='word_1_845' title='bbox 2217 4893 2520 4950; x_wconf 78' lang='lat' dir='ltr'><strong>Jerusalem</strong></span> <span class='ocrx_word' id='word_1_846' title='bbox 2559 4891 2927 4962; x_wconf 73' lang='lat' dir='ltr'><strong>templumque</strong></span> <span class='ocrx_word' id='word_1_847' title='bbox 2967 4893 3328 4952; x_wconf 75' lang='lat' dir='ltr'><strong>destructum.</strong></span> <span class='ocrx_word' id='word_1_848' title='bbox 3359 4894 3522 4948; x_wconf 85' lang='lat' dir='ltr'><strong>Fiunt</strong></span> <span class='ocrx_word' id='word_1_849' title='bbox 3560 4894 3741 4964; x_wconf 82' lang='lat' dir='ltr'><strong>itaque</strong></span> <span class='ocrx_word' id='word_1_850' title='bbox 3781 4910 3817 4950; x_wconf 83' lang='lat' dir='ltr'><strong>a</strong></span> 
     </span>
    </p>
   </div>
   <div class='ocr_carea' id='block_1_109' title="bbox 2213 5023 3813 5100">
    <p class='ocr_par' dir='ltr' id='par_1_109' title="bbox 2213 5023 3813 5100">
     <span class='ocr_line' id='line_1_110' title="bbox 2213 5023 3813 5100; baseline 0.007 -22"><span class='ocrx_word' id='word_1_851' title='bbox 2213 5027 2257 5100; x_wconf 86' lang='lat' dir='ltr'><strong>si</strong></span> <span class='ocrx_word' id='word_1_852' title='bbox 2287 5025 2620 5100; x_wconf 72' lang='lat' dir='ltr'><strong>adimeretur</strong></span> <span class='ocrx_word' id='word_1_853' title='bbox 2649 5041 2807 5100; x_wconf 80' lang='lat' dir='ltr'><strong>unus.</strong></span> <span class='ocrx_word' id='word_1_854' title='bbox 2839 5023 2926 5100; x_wconf 78' lang='lat' dir='ltr'><strong>Eo</strong></span> <span class='ocrx_word' id='word_1_855' title='bbox 2949 5031 3095 5086; x_wconf 91' lang='lat' dir='ltr'><strong>enim</strong></span> <span class='ocrx_word' id='word_1_856' title='bbox 3125 5032 3380 5100; x_wconf 85' lang='lat' dir='ltr'><strong>adempto</strong></span> <span class='ocrx_word' id='word_1_857' title='bbox 3414 5047 3520 5086; x_wconf 89' lang='lat' dir='ltr'><strong>non</strong></span> <span class='ocrx_word' id='word_1_858' title='bbox 3559 5032 3681 5098; x_wconf 68' lang='grc'><strong>164,</strong></span> <span class='ocrx_word' id='word_1_859' title='bbox 3713 5033 3813 5089; x_wconf 84' lang='lat' dir='ltr'><strong>sed</strong></span> 
     </span>
    </p>
   </div>
   <div class='ocr_carea' id='block_1_110' title="bbox 2215 5097 3814 5172">
    <p class='ocr_par' dir='ltr' id='par_1_110' title="bbox 2215 5097 3814 5172">
     <span class='ocr_line' id='line_1_111' title="bbox 2215 5097 3814 5172; baseline 0.006 -22"><span class='ocrx_word' id='word_1_860' title='bbox 2215 5099 2340 5158; x_wconf 73' lang='lat' dir='ltr'><strong>tas.</strong></span> <span class='ocrx_word' id='word_1_861' title='bbox 2375 5097 2628 5172; x_wconf 31' lang='lat' dir='ltr'><strong>nec‘iES.</strong></span> <span class='ocrx_word' id='word_1_862' title='bbox 2659 5098 2754 5172; x_wconf 77' lang='lat' dir='ltr'><strong>sed</strong></span> <span class='ocrx_word' id='word_1_863' title='bbox 2779 5099 2904 5165; x_wconf 74' lang='grc'><strong>154,</strong></span> <span class='ocrx_word' id='word_1_864' title='bbox 2941 5112 3148 5166; x_wconf 87' lang='lat' dir='ltr'><strong>essent,</strong></span> <span class='ocrx_word' id='word_1_865' title='bbox 3173 5113 3228 5156; x_wconf 84' lang='lat' dir='ltr'><strong>et</strong></span> <span class='ocrx_word' id='word_1_866' title='bbox 3256 5097 3325 5156; x_wconf 80' lang='lat' dir='ltr'><strong>ita</strong></span> <span class='ocrx_word' id='word_1_867' title='bbox 3360 5097 3680 5172; x_wconf 80' lang='lat' dir='ltr'><strong>prophetico</strong></span> <span class='ocrx_word' id='word_1_868' title='bbox 3705 5121 3814 5159; x_wconf 89' lang='lat' dir='ltr'><strong>nu-</strong></span> 
     </span>
    </p>
   </div>
   <div class='ocr_carea' id='block_1_111' title="bbox 2213 5166 3814 5242">
    <p class='ocr_par' dir='ltr' id='par_1_111' title="bbox 2213 5166 3814 5242">
     <span class='ocr_line' id='line_1_112' title="bbox 2213 5166 3814 5242; baseline 0.007 -22"><span class='ocrx_word' id='word_1_869' title='bbox 2213 5166 2501 5242; x_wconf 69' lang='lat' dir='ltr'><strong>mero590</strong></span> <span class='ocrx_word' id='word_1_870' title='bbox 2543 5183 2693 5242; x_wconf 69' lang='lat' dir='ltr'><strong>untts</strong></span> <span class='ocrx_word' id='word_1_871' title='bbox 2709 5170 2923 5228; x_wconf 71' lang='lat' dir='ltr'><strong>deesset</strong></span> <span class='ocrx_word' id='word_1_872' title='bbox 2951 5189 3148 5228; x_wconf 71' lang='lat' dir='ltr'><strong>atauus.</strong></span> <span class='ocrx_word' id='word_1_873' title='bbox 3177 5173 3287 5228; x_wconf 78' lang='lat' dir='ltr'><strong>Nec</strong></span> <span class='ocrx_word' id='word_1_874' title='bbox 3329 5166 3621 5242; x_wconf 68' lang='lat' dir='ltr'><strong>propterea</strong></span> <span class='ocrx_word' id='word_1_875' title='bbox 3653 5185 3814 5242; x_wconf 81' lang='lat' dir='ltr'><strong>putes</strong></span> 
     </span>
    </p>
   </div>
   <div class='ocr_carea' id='block_1_112' title="bbox 2213 5240 3811 5313">
    <p class='ocr_par' dir='ltr' id='par_1_112' title="bbox 2213 5240 3811 5313">
     <span class='ocr_line' id='line_1_113' title="bbox 2213 5240 3811 5313; baseline 0.006 -23"><span class='ocrx_word' id='word_1_876' title='bbox 2213 5240 2614 5296; x_wconf 77' lang='lat' dir='ltr'><strong>sanctissimum</strong></span> <span class='ocrx_word' id='word_1_877' title='bbox 2649 5240 2822 5294; x_wconf 83' lang='lat' dir='ltr'><strong>virum</strong></span> <span class='ocrx_word' id='word_1_878' title='bbox 2863 5244 3068 5306; x_wconf 66' lang='lat' dir='ltr'><strong>lapsum</strong></span> <span class='ocrx_word' id='word_1_879' title='bbox 3103 5240 3392 5308; x_wconf 81' lang='lat' dir='ltr'><strong>memoria,</strong></span> <span class='ocrx_word' id='word_1_880' title='bbox 3429 5240 3811 5313; x_wconf 61' lang='lat' dir='ltr'><strong>inanerlcctum</strong></span> 
     </span>
    </p>
   </div>
   <div class='ocr_carea' id='block_1_113' title="bbox 2215 5313 3808 5381">
    <p class='ocr_par' dir='ltr' id='par_1_113' title="bbox 2215 5313 3808 5381">
     <span class='ocr_line' id='line_1_114' title="bbox 2215 5313 3808 5381; baseline 0.005 -19"><span class='ocrx_word' id='word_1_881' title='bbox 2215 5313 2356 5381; x_wconf 87' lang='lat' dir='ltr'><strong>cnim</strong></span> <span class='ocrx_word' id='word_1_882' title='bbox 2391 5324 2596 5381; x_wconf 83' lang='lat' dir='ltr'><strong>annum</strong></span> <span class='ocrx_word' id='word_1_883' title='bbox 2641 5326 2736 5378; x_wconf 89' lang='lat' dir='ltr'><strong>pro</strong></span> <span class='ocrx_word' id='word_1_884' title='bbox 2771 5314 3012 5378; x_wconf 75' lang='lat' dir='ltr'><strong>perfecto</strong></span> <span class='ocrx_word' id='word_1_885' title='bbox 3051 5315 3214 5368; x_wconf 88' lang='lat' dir='ltr'><strong>sumit</strong></span> <span class='ocrx_word' id='word_1_886' title='bbox 3244 5333 3255 5367; x_wconf 93' lang='lat'><strong>:</strong></span> <span class='ocrx_word' id='word_1_887' title='bbox 3284 5325 3332 5369; x_wconf 91' lang='lat' dir='ltr'><strong>et</strong></span> <span class='ocrx_word' id='word_1_888' title='bbox 3374 5331 3436 5368; x_wconf 86' lang='lat' dir='ltr'><strong>ea</strong></span> <span class='ocrx_word' id='word_1_889' title='bbox 3480 5323 3566 5369; x_wconf 82' lang='lat' dir='ltr'><strong>est</strong></span> <span class='ocrx_word' id='word_1_890' title='bbox 3617 5331 3808 5381; x_wconf 80' lang='lat' dir='ltr'><strong>causa,</strong></span> 
     </span>
    </p>
   </div>
   <div class='ocr_carea' id='block_1_114' title="bbox 2207 5379 3811 5452">
    <p class='ocr_par' dir='ltr' id='par_1_114' title="bbox 2207 5379 3811 5452">
     <span class='ocr_line' id='line_1_115' title="bbox 2207 5379 3811 5452; baseline 0.006 -20"><span class='ocrx_word' id='word_1_891' title='bbox 2207 5379 2352 5448; x_wconf 85' lang='lat' dir='ltr'><strong>quod</strong></span> <span class='ocrx_word' id='word_1_892' title='bbox 2399 5380 2454 5434; x_wconf 86' lang='lat' dir='ltr'><strong>in</strong></span> <span class='ocrx_word' id='word_1_893' title='bbox 2499 5379 2665 5433; x_wconf 73' lang='lat' dir='ltr'><strong>satius</strong></span> <span class='ocrx_word' id='word_1_894' title='bbox 2721 5397 2928 5436; x_wconf 73' lang='lat' dir='ltr'><strong>summa</strong></span> <span class='ocrx_word' id='word_1_895' title='bbox 2965 5397 3076 5438; x_wconf 73' lang='lat' dir='ltr'><strong>non</strong></span> <span class='ocrx_word' id='word_1_896' title='bbox 3106 5401 3277 5439; x_wconf 83' lang='lat' dir='ltr'><strong>annos</strong></span> <span class='ocrx_word' id='word_1_897' title='bbox 3319 5386 3442 5452; x_wconf 75' lang='lat'><strong>590,</strong></span> <span class='ocrx_word' id='word_1_898' title='bbox 3475 5386 3571 5439; x_wconf 90' lang='lat' dir='ltr'><strong>sed</strong></span> <span class='ocrx_word' id='word_1_899' title='bbox 3619 5388 3722 5440; x_wconf 79' lang='lat'><strong>389</strong></span> <span class='ocrx_word' id='word_1_900' title='bbox 3753 5379 3811 5441; x_wconf 79' lang='lat' dir='ltr'><strong>et</strong></span> 
     </span>
    </p>
   </div>
   <div class='ocr_carea' id='block_1_115' title="bbox 2214 5456 3808 5523">
    <p class='ocr_par' dir='ltr' id='par_1_115' title="bbox 2214 5456 3808 5523">
     <span class='ocr_line' id='line_1_116' title="bbox 2214 5456 3808 5523; baseline 0.008 -23"><span class='ocrx_word' id='word_1_901' title='bbox 2214 5467 2433 5505; x_wconf 88' lang='lat' dir='ltr'><strong>menses</strong></span> <span class='ocrx_word' id='word_1_902' title='bbox 2462 5462 2694 5523; x_wconf 85' lang='lat' dir='ltr'><strong>quatuor</strong></span> <span class='ocrx_word' id='word_1_903' title='bbox 2736 5465 3013 5522; x_wconf 77' lang='lat' dir='ltr'><strong>supputat.</strong></span> <span class='ocrx_word' id='word_1_904' title='bbox 3052 5457 3122 5508; x_wconf 88' lang='lat' dir='ltr'><strong>At</strong></span> <span class='ocrx_word' id='word_1_905' title='bbox 3160 5456 3438 5523; x_wconf 89' lang='lat' dir='ltr'><strong>Scriptura</strong></span> <span class='ocrx_word' id='word_1_906' title='bbox 3477 5472 3629 5511; x_wconf 85' lang='lat' dir='ltr'><strong>sacra</strong></span> <span class='ocrx_word' id='word_1_907' title='bbox 3669 5460 3808 5512; x_wconf 77' lang='lat' dir='ltr'><strong>inte—</strong></span> 
     </span>
    </p>
   </div>
   <div class='ocr_carea' id='block_1_116' title="bbox 2209 5522 3806 5596">
    <p class='ocr_par' dir='ltr' id='par_1_116' title="bbox 2209 5522 3806 5596">
     <span class='ocr_line' id='line_1_117' title="bbox 2209 5522 3806 5596; baseline 0.006 -25"><span class='ocrx_word' id='word_1_908' title='bbox 2209 5537 2336 5588; x_wconf 79' lang='lat' dir='ltr'><strong>gros</strong></span> <span class='ocrx_word' id='word_1_909' title='bbox 2367 5530 2572 5575; x_wconf 89' lang='lat' dir='ltr'><strong>tantum</strong></span> <span class='ocrx_word' id='word_1_910' title='bbox 2609 5522 2660 5574; x_wconf 91' lang='lat' dir='ltr'><strong>in</strong></span> <span class='ocrx_word' id='word_1_911' title='bbox 2683 5524 2788 5596; x_wconf 72' lang='lat' dir='ltr'><strong>vita</strong></span> <span class='ocrx_word' id='word_1_912' title='bbox 2813 5523 3041 5592; x_wconf 73' lang='lat' dir='ltr'><strong>Regum,</strong></span> <span class='ocrx_word' id='word_1_913' title='bbox 3076 5541 3182 5581; x_wconf 92' lang='lat' dir='ltr'><strong>non</strong></span> <span class='ocrx_word' id='word_1_914' title='bbox 3225 5522 3406 5580; x_wconf 83' lang='lat' dir='ltr'><strong>autem</strong></span> <span class='ocrx_word' id='word_1_915' title='bbox 3455 5527 3806 5596; x_wconf 80' lang='lat' dir='ltr'><strong>imperfectos</strong></span> 
     </span>
    </p>
   </div>
   <div class='ocr_carea' id='block_1_117' title="bbox 2211 5593 3806 5652">
    <p class='ocr_par' dir='ltr' id='par_1_117' title="bbox 2211 5593 3806 5652">
     <span class='ocr_line' id='line_1_118' title="bbox 2211 5593 3806 5652; baseline 0.004 -9"><span class='ocrx_word' id='word_1_916' title='bbox 2211 5603 2461 5646; x_wconf 87' lang='lat' dir='ltr'><strong>numerat</strong></span> <span class='ocrx_word' id='word_1_917' title='bbox 2500 5606 2693 5646; x_wconf 86' lang='lat' dir='ltr'><strong>annos.</strong></span> <span class='ocrx_word' id='word_1_918' title='bbox 2733 5593 2943 5648; x_wconf 84' lang='lat' dir='ltr'><strong>Vixisse</strong></span> <span class='ocrx_word' id='word_1_919' title='bbox 2981 5607 3163 5650; x_wconf 89' lang='lat' dir='ltr'><strong>autem</strong></span> <span class='ocrx_word' id='word_1_920' title='bbox 3205 5596 3408 5651; x_wconf 89' lang='lat' dir='ltr'><strong>Josiam</strong></span> <span class='ocrx_word' id='word_1_921' title='bbox 3450 5593 3665 5652; x_wconf 74' lang='lat' dir='ltr'><strong>mensos</strong></span> <span class='ocrx_word' id='word_1_922' title='bbox 3705 5598 3806 5650; x_wconf 89' lang='lat' dir='ltr'><strong>ali-</strong></span> 
     </span>
    </p>
   </div>
   <div class='ocr_carea' id='block_1_118' title="bbox 2208 5666 3805 5736">
    <p class='ocr_par' dir='ltr' id='par_1_118' title="bbox 2208 5666 3805 5736">
     <span class='ocr_line' id='line_1_119' title="bbox 2208 5666 3805 5736; baseline 0.005 -24"><span class='ocrx_word' id='word_1_923' title='bbox 2208 5672 2343 5730; x_wconf 74' lang='lat' dir='ltr'><strong>quot</strong></span> <span class='ocrx_word' id='word_1_924' title='bbox 2372 5677 2539 5736; x_wconf 77' lang='lat' dir='ltr'><strong>super</strong></span> <span class='ocrx_word' id='word_1_925' title='bbox 2569 5678 2731 5736; x_wconf 87' lang='lat' dir='ltr'><strong>nnqu</strong></span> <span class='ocrx_word' id='word_1_926' title='bbox 2757 5674 2814 5736; x_wconf 69' lang='lat' dir='ltr'><strong>et</strong></span> <span class='ocrx_word' id='word_1_927' title='bbox 2843 5666 3185 5736; x_wconf 66' lang='lat' dir='ltr'><strong>uigesimaut</strong></span> <span class='ocrx_word' id='word_1_928' title='bbox 3219 5683 3447 5736; x_wconf 66' lang='lat' dir='ltr'><strong>ausi-tn,</strong></span> <span class='ocrx_word' id='word_1_929' title='bbox 3476 5669 3696 5725; x_wconf 71' lang='lat' dir='ltr'><strong>aiiunde</strong></span> <span class='ocrx_word' id='word_1_930' title='bbox 3720 5669 3805 5722; x_wconf 87' lang='lat' dir='ltr'><strong>vir</strong></span> 
     </span>
    </p>
   </div>
   <div class='ocr_carea' id='block_1_119' title="bbox 2205 5731 2979 5796">
    <p class='ocr_par' dir='ltr' id='par_1_119' title="bbox 2205 5731 2979 5796">
     <span class='ocr_line' id='line_1_120' title="bbox 2205 5731 2979 5796; baseline 0.001 -6"><span class='ocrx_word' id='word_1_931' title='bbox 2205 5731 2745 5796; x_wconf 52' lang='grc' dir='ltr'>ιωίωεω</span> <span class='ocrx_word' id='word_1_932' title='bbox 2775 5733 2979 5792; x_wconf 79' lang='lat' dir='ltr'><strong>hausit.</strong></span> 
     </span>
    </p>
   </div>
  </div>
