4018 6322
508 267 579 323 47
1740 258 1802 318 S.
1841 254 2119 319 EUSEBII
2155 253 2543 317 HIERONYMI

3733 256 3814 317 48

579 380 761 459 (vers.
805 383 887 455 7.)
934 383 1004 437 Et
1032 381 1101 435 ad
1135 380 1453 436 obsidionem
1499 377 1797 434 Jerusalem
1839 386 2099 434 convertes
2127 380 2260 439 Aet
2284 376 2523 449 inopiam
2561 375 2745 447 pupuli
2789 375 2957 431 lsrael
2999 388 3171 446 opere
3209 374 3609 432 demonstrare.
3651 372 3809 432 Sicut

506 480 689 550 faciem
720 490 896 539 tuam,
936 483 983 528 et
1009 473 1275 527 brachium
1302 482 1452 527 tuum
1478 473 1575 526 erit
1622 480 1854 526 exertam
1898 470 1917 542 [
1944 470 2101 539 Vulg.

507 566 816 639 extentum],
849 575 895 619 et
918 565 1248 637 prophetabis
1273 566 1545 619 adversum
1568 580 1702 618 eam.
1735 561 1881 617 LXX
1907 581 1919 614 :
1950 561 2013 615 Et
2034 562 2104 615 ad

507 663 887 717 conclusionem
926 657 1217 712 Jerusalem
1241 659 1448 727 parabis
1475 657 1661 725 faciem
1690 666 1832 709 tuam
1864 696 1879 722 ,
1909 663 1956 709 et
1978 655 2103 707 bra-

506 754 680 808 chium
706 763 850 807 tuum
878 751 1168 813 roborabis.
1186 760 1235 805 et
1261 748 1592 822 praphetabis
1615 764 1769 819 super
1794 763 1929 800 eam.
1958 745 2104 800 Prte-

506 846 791 915 paratione
840 844 1023 899 vultus
1053 857 1192 914 opus
1217 852 1303 897 est
1343 857 1407 897 ac
1448 841 1649 895 robore
1675 881 1689 904 ,
1721 848 1777 894 et
1806 838 2103 893 conﬁrma-

505 936 656 991 tione
705 936 883 991 exerti
935 934 1144 989 brachii
1195 942 1355 1004 atque
1406 932 1631 997 nudati,
1669 940 1727 984 ut
1777 945 1881 983 non
1924 930 2100 985 solum

504 1043 644 1084 voce
670 1068 686 1094 ,
717 1028 814 1083 sed
863 1038 915 1083 et
962 1037 1117 1096 gestu
1142 1067 1157 1091 ,
1190 1037 1245 1082 et
1273 1025 1461 1081 habitu
1492 1024 1869 1095 prophetantis
1893 1064 1909 1089 ,
1950 1023 2103 1078 urbis

502 1122 718 1178 obsidio
734 1121 1161 1176 demonstretur.

578 1216 759 1288 (Vers.
788 1215 869 1285 8.)
905 1213 1037 1269 Ecce
1064 1213 1382 1268 circumdedi
1425 1221 1473 1265 te
1522 1210 1781 1280 vinculis,
1822 1219 1870 1265 et
1915 1226 2019 1264 non
2052 1218 2101 1263 te

506 1316 766 1363 convertes
792 1305 857 1359 de
906 1306 1066 1359 latere
1101 1315 1187 1357 tuo
1214 1305 1268 1357 in
1296 1304 1430 1357 latus
1473 1301 1696 1356 alterum
1719 1340 1736 1367 ,
1765 1300 1928 1354 donec
1963 1317 2103 1354 com-

504 1405 647 1473 pleas
676 1402 785 1455 dies
827 1399 1108 1454 obsidionis
1137 1398 1245 1469 (vel
1286 1393 1661 1468 conclusionis)
1692 1404 1815 1449 tace.
1845 1393 2101 1449 Sinistrte

502 1506 708 1565 partes,
741 1493 866 1564 quia
893 1494 1014 1547 sine
1044 1490 1250 1556 templo
1277 1532 1293 1555 ,
1339 1500 1395 1544 et
1423 1488 1611 1543 notitia
1655 1488 1753 1542 Dei
1794 1486 2015 1541 fuerant
2044 1486 2099 1540 in

502 1586 750 1643 Samaria
777 1627 792 1651 ,
823 1584 1150 1654 delegantur
1173 1582 1362 1637 Israeli
1393 1598 1409 1648 ;
1441 1582 1668 1649 dextrae,
1702 1580 1883 1648 Judte,
1914 1580 1968 1634 in
1993 1594 2101 1648 quo

501 1679 613 1753 [Αἰ.
640 1678 771 1750 qua]
804 1679 898 1733 Dei
946 1678 1125 1731 cultus
1175 1684 1232 1731 et
1258 1674 1475 1746 religio.
1511 1674 1577 1728 Et
1610 1674 1910 1728 notandum
1953 1670 2099 1743 quod

2203 472 2346 526 enim
2379 471 2436 525 in
2490 486 2676 526 rerum
2722 470 2961 525 omnium
3014 470 3238 536 penuria
3266 514 3279 540 ,
3328 484 3438 523 non
3480 474 3807 538 quaeruntur

2202 564 2447 619 ciborum
2488 564 2836 619 diversitates
2871 571 2928 619 et
2957 563 3205 629 deliciae;
3239 562 3336 618 sed
3365 562 3642 633 quomodo
3674 576 3808 616 ven-

2204 667 2287 712 ter
2334 658 2668 727 impleatur:
2713 658 2794 713 sic
2842 673 2989 714 nunc
3034 657 3299 729 propheta
3346 657 3717 721 frumentum,
3750 664 3810 712 et

2203 751 2491 819 hordeum,
2525 751 2708 806 fabam
2738 794 2754 819 ,
2798 753 3001 807 lentem
3034 794 3048 818 ,
3084 764 3139 807 et
3178 752 3388 806 milium
3414 792 3430 819 ,
3464 763 3809 820 avenamque

2204 844 2371 898 mittit
2409 845 2465 899 in
2511 860 2677 899 unum
2723 858 2820 899 vas
2849 886 2864 910 ,
2907 845 3147 913 facitque
3196 854 3474 899 trecentos
3504 843 3801 913 nonaginta

2203 951 2375 1008 panes
2406 980 2420 1003 ,
2452 953 2590 1009 quos
2621 954 2719 1008 per
2758 939 3004 1009 singulos
3035 938 3159 995 dies
3189 937 3443 993 comedat
3469 955 3485 991 :
3514 937 3603 1008 qui
3635 952 3808 1005 panes

2203 1028 2410 1085 habent
2442 1030 2670 1086 vicenos
2718 1030 2884 1086 siclos
2908 1071 2923 1099 ,
2957 1030 3010 1086 id
3044 1040 3169 1098 est,
3203 1039 3455 1086 stateres.
3501 1029 3679 1085 Siclus
3711 1046 3807 1084 au-

2203 1129 2335 1190 tem,
2380 1121 2410 1161 b
2456 1124 2508 1178 id
2554 1132 2677 1190 est,
2728 1134 2930 1189 stater,
2990 1123 3157 1179 habet
3204 1124 3493 1179 drachmas
3547 1132 3804 1193 quatuor.

2203 1215 2489 1272 Drachma:
2513 1224 2694 1271 autem
2724 1226 2849 1271 octo
2875 1258 2888 1283 ,
2922 1217 3173 1273 Latinam
3211 1216 3425 1272 unciam
3458 1216 3701 1273 faciunt:
3732 1216 3808 1271 ita

2202 1315 2262 1361 ut
2304 1322 2445 1362 unus
2496 1310 2649 1377 panis
2691 1309 2881 1364 decem
2921 1311 3110 1364 uncias
3155 1309 3361 1365 habere
3410 1309 3626 1365 dicatur
3651 1314 3675 1376 ,‘
3696 1322 3808 1380 quo

2204 1401 2437 1456 trahitur
2463 1403 2636 1472 magis
2661 1403 2841 1457 anima
2863 1418 3023 1474 quam
3066 1410 3424 1458 sustentatur.
3451 1402 3807 1458 Sterilitatem

2203 1494 2332 1560 cibi,
2361 1510 2514 1565 aqua:
2561 1504 2725 1565 auget
2776 1495 3070 1551 sterilitas.
3125 1494 3345 1551 Sextam
3394 1495 3541 1551 enim
3593 1504 3805 1566 partem

2201 1601 2474 1641 mensum
2527 1586 2807 1642 Hebraicaa
2837 1629 2853 1655 ,
2908 1602 3026 1656 quae
3056 1587 3362 1656 appellatur
3406 1603 3497 1642 nm
3526 1629 3542 1654 ,
3578 1586 3808 1657 jubaur

2206 1691 2303 1745 per
2334 1676 2581 1745 singulos
2610 1676 2732 1732 dies
2779 1676 2995 1732 bibere.
3038 1676 3209 1732 Porro
3242 1692 3333 1731 nm
3375 1677 3514 1731 duos
3544 1677 3679 1749 χόας
3711 1681 3809 1732 Αι-

503 1775 559 1830 in
590 1776 764 1828 altero
812 1773 884 1827 sit
925 1786 1084 1841 paena
1129 1770 1470 1839 peccantium
1503 1809 1519 1834 ,
1548 1768 1604 1822 in
1650 1768 1828 1822 altero
1878 1764 2100 1821 virtutis
2130 1761 2178 1820 B
2207 1766 2345 1821 ticos
2385 1765 2519 1822 facit
2551 1785 2564 1819 :
2597 1765 2707 1839 44
2750 1783 2885 1837 quos
2917 1782 3017 1821 nos
3049 1766 3332 1837 appellare
3360 1781 3647 1836 possumus
3674 1768 3807 1822 duos

501 1864 844 1923 exercitatio.
877 1863 989 1919 Nec
1031 1863 1313 1916 convertit
1358 1876 1419 1914 se
1468 1860 1536 1915 de
1564 1860 1739 1914 altero
1780 1858 1836 1912 in
1869 1858 2101 1912 alterum

497 1961 663 2026 latus,
685 1968 746 2013 ut
769 1957 912 2011 nulla
954 1954 1298 2013 cruciatuum
1328 1954 1547 2023 requies
1578 1952 1895 2016 indicetur;
1925 1950 2102 2007 donec

498 2052 795 2121 impleatur
817 2048 1254 2120 supradictorum
1282 2047 1494 2102 dierum
1523 2046 1766 2117 perfecta
1797 2044 2098 2099 conclusio.

496 2143 653 2212 Quod
702 2142 819 2198 dies
872 2143 1153 2211 propheta:
1186 2180 1201 2207 ,
1264 2138 1371 2193 hoc
1416 2152 1589 2192 annus
1637 2146 1721 2192 est
1774 2135 2104 2205 patientibus

498 2238 712 2312 (Genes.
758 2234 931 2307 xxix).
986 2236 1205 2301 thuos
1256 2246 1429 2287 annos
1455 2229 2102 2301 putabatLaban,Jacob

501 2339 661 2386 erant
684 2327 842 2399 quasi
867 2325 1029 2397 pauci
1057 2325 1199 2380 dies.
1235 2322 1352 2378 Non
1385 2323 1566 2376 solum
1599 2329 1778 2375 autem
1812 2321 1865 2374 in
1895 2318 2105 2389 suppli-

498 2425 600 2481 ciis
629 2422 874 2477 varietas
902 2429 985 2474 est
1016 2432 1117 2487 pro
1143 2414 1462 2470 diversitate
1511 2414 1838 2469 meritorum
1870 2428 1885 2472 ;
1918 2412 2016 2468 sed
2047 2410 2102 2466 in

494 2519 767 2575 bonorum
797 2528 1014 2585 quoque
1062 2509 1428 2565 retributione
1460 2548 1475 2572 ,
1507 2507 1632 2576 agni
1678 2506 1732 2560 in
1770 2505 1963 2560 dextra
1988 2544 2003 2566 ,
2047 2512 2105 2559 et

499 2611 645 2667 haedi
668 2617 815 2664 stant
844 2608 899 2661 in
929 2603 1171 2659 sinistra.
1194 2600 1351 2657 Unde
1376 2610 1432 2654 et
1459 2599 1513 2653 in
1538 2598 1650 2653 alio
1672 2598 1795 2653 loco
1833 2598 2100 2665 scriptum

495 2714 620 2762 est:
656 2701 759 2757 Cor
783 2699 1029 2772 sapientis
1058 2698 1114 2750 in
1141 2694 1324 2750 dextra
1368 2696 1514 2765 ejus,
1543 2708 1631 2745 cor
1661 2702 1834 2745 autem
1875 2688 2022 2743 stulti
2045 2691 2102 2743 in

494 2799 706 2854 sinistra
745 2796 858 2860 eius
892 2789 1083 2861 (Eccli.
1114 2805 1173 2851 x,
1209 2786 1287 2857 1).
1316 2784 1433 2841 Alia
1465 2791 1597 2839 sunt
1625 2781 2097 2846 Domini'viucula,

498 2891 698 2963 quibus
748 2888 805 2942 in
829 2885 1062 2941 salutem
1109 2883 1344 2952 ligamur
1371 2896 1387 2945 ;
1419 2877 1527 2949 5.3
1553 2878 1661 2931 alia
1694 2876 1899 2931 diaboli
1933 2917 1947 2940 ,
1979 2874 2101 2942 qui-

496 2984 613 3041 bus
653 2981 845 3036 decem
900 2986 954 3033 et
987 2984 1111 3031 octo
1164 2973 1322 3027 annis
1377 2972 1643 3042 ligaverat
1697 2969 1986 3025 mulierem
2042 2968 2097 3022 in

493 3075 794 3148 Evangelia
823 3072 976 3147 (Luc.
1026 3068 1164 3140 xm).
1214 3066 1371 3123 Unde
1417 3075 1473 3120 et
1503 3063 1715 3135 funibus
1767 3072 2098 3131 peccatorum

2206 1860 2458 1913 sextarios
2509 1858 2729 1914 ltalicos
2756 1899 2772 1924 ,
2827 1857 2899 1914 ita
2946 1870 3003 1914 ut
3046 1874 3138 1915 nm
3173 1873 3429 1915 mensura
3475 1860 3548 1914 sit
3589 1858 3807 1916 Judaici

2205 1953 2428 2007 sextarii
2461 1994 2474 2018 ,
2519 1952 2801 2021 nostrique
2833 1953 3133 2009 castrensis
3159 1996 3173 2020 ,
3209 1952 3365 2023 cujus
3386 1961 3541 2008 sexta
3570 1969 3695 2024 pars
3723 1953 3808 2009 fa-

2205 2046 2281 2102 cit
2302 2046 2516 2100 tertiam
2549 2054 2752 2115 partem
2775 2047 2995 2100 sextarii
3023 2045 3217 2102 Italici.
3248 2045 3353 2112 Qui
3380 2044 3535 2102 cibus
3565 2055 3622 2102 et
3646 2056 3806 2117 potus

2198 2137 2355 2207 juxta
2408 2138 2668 2209 inclytum
2721 2137 3009 2193 Oratorem
3066 2153 3171 2193 non
3223 2138 3371 2193 vires
3424 2138 3652 2206 tribuit,
3706 2136 3802 2194 sed

2206 2238 2442 2285 mortem
2494 2229 2767 2299 prohibet.
2816 2229 2972 2297 Quod
3021 2239 3204 2284 autem
3260 2230 3430 2284 dicit:
3485 2229 3531 2284 Α
3573 2242 3805 2302 tempore

2206 2336 2369 2390 usque
2395 2319 2465 2373 ad
2493 2331 2692 2389 tempus
2713 2320 2974 2385 comedes,
3010 2321 3095 2374 vel
3131 2320 3291 2386 bibes,
3316 2320 3449 2375 illud
3468 2363 3483 2387 ,
3516 2336 3545 2374 a
3575 2336 3805 2391 vespere

2207 2426 2376 2481 usque
2397 2410 2465 2465 ad
2497 2426 2782 2480 vesperam
2821 2409 3127 2481 significat:
3162 2412 3291 2466 licet
3310 2412 3529 2481 quidam
3562 2411 3703 2466 male
3732 2412 3804 2468 ab

2204 2522 2350 2562 anno
2376 2521 2552 2577 usque
2597 2506 2666 2561 ad
2709 2522 2915 2563 annum
2946 2506 3178 2578 intelligi
3220 2515 3429 2576 putent.
3462 2506 3679 2578 Ipsique
3708 2521 3807 2578 pa-

2205 2615 2304 2657 nes
2349 2600 2527 2655 instar
2556 2600 2835 2657 hordeacii
2877 2602 3033 2672 panis
3062 2602 3413 2657 subcinericii
3467 2602 3624 2657 ﬁunt.
3650 2602 3803 2657 Dici-

2205 2703 2398 2764 turque
2411 2694 2483 2759 ei,
2508 2704 2565 2747 ut
2594 2694 2833 2749 humano
2856 2705 3102 2750 stercore
3125 2695 3336 2765 aperiat
3363 2709 3483 2758 eos,
3513 2708 3620 2749 non
3645 2694 3805 2765 igno-

2204 2786 2453 2840 rantibus
2484 2785 2567 2839 his
2589 2786 2679 2856 qui
2707 2786 3013 2841 comessuri
3059 2796 3188 2840 sunt
3217 2786 3382 2853 (solet
3406 2784 3606 2855 quippe
3638 2785 3806 2841 insci-

2204 2876 2274 2930 tia
2322 2875 2572 2931 miserias
2616 2876 2947 2947 temperare)
2981 2875 3077 2931 sed
3102 2874 3435 2941 videntibus,
3460 2884 3516 2930 et
3541 2876 3593 2931 in
3626 2876 3803 2931 oculis

2201 2983 2389 3023 eorum
2419 2959 2435 3037 ,
2468 2978 2524 3023 ut
2549 2978 2674 3023 ante
2724 2975 2978 3040 aspectus
3026 2970 3345 3036 horrorem,
3399 2984 3560 3040 quam
3608 2979 3801 3040 gustus

2201 3076 2460 3117 nauseam
2511 3062 2802 3117 sustineat.
2850 3062 3157 3117 Notandum
3190 3077 3435 3133 quoque,
3464 3062 3608 3130 quod
3639 3062 3800 3131 juxta

520 3186 709 3226 uorum
732 3166 1082 3236 unusquisque
1111 3160 1486 3229 constringitur
1518 3156 1705 3221 (Prov.
1737 3172 1790 3220 v,
1818 3156 1934 3223 22).
1964 3156 2095 3221 Qua:
2120 3153 2168 3216 C
2200 3171 2487 3211 numerum
2519 3156 2729 3211 dierum
2760 3156 2967 3211 sinistri
2993 3156 3204 3221 lateris,
3239 3154 3471 3211 trecenti
3502 3154 3801 3225 nonaginta

499 3264 665 3321 solvit
719 3259 981 3316 Dominus
1038 3271 1137 3325 per
1182 3262 1367 3325 typum
1426 3250 1617 3307 Lazari
1676 3249 1960 3313 suscitati,
2004 3247 2100 3318 qui

495 3355 740 3411 fasciolis
768 3395 784 3420 ,
834 3362 891 3408 et
930 3348 1138 3407 institis
1186 3348 1402 3402 vinctus
1436 3345 1687 3415 jacuerat
1732 3343 1786 3397 in
1846 3341 2099 3412 sepulcro

496 3447 679 3521 (Joan.
698 3443 800 3515 XI).

569 3537 753 3610 (Vers.
784 3535 817 3591 9
847 3531 1030 3604 seqq.)
1064 3530 1129 3585 Et
1161 3539 1217 3584 tu
1244 3545 1386 3584 sume
1407 3529 1500 3581 tibi
1518 3532 1835 3599 frumentum
1856 3568 1871 3593 ,
1896 3536 1944 3580 et
1968 3526 2097 3581 hor-

498 3630 677 3693 deum,
728 3636 777 3681 et
805 3626 977 3696 fabam
1008 3668 1022 3691 ,
1065 3631 1114 3677 et
1164 3624 1376 3685 lentem,
1420 3630 1469 3673 et
1510 3618 1734 3685 milium,
1783 3627 1831 3671 et
1872 3620 2049 3671 vitiam
2082 3635 2101 3672 :

495 3732 547 3779 et
590 3722 758 3774 mittes
797 3717 952 3771 eain
994 3733 1081 3769 vas
1110 3729 1309 3778 unum,
1345 3720 1392 3764 et
1441 3711 1599 3781 facies
1642 3711 1735 3764 tibi
1785 3727 1948 3778 panes
1995 3727 2097 3764 nu-

494 3828 637 3868 mero
666 3811 867 3864 dierum
894 3807 1079 3875 quibus
1116 3805 1343 3859 dormies
1387 3820 1542 3874 super
1589 3803 1725 3856 latus
1770 3811 1917 3855 tuum
1947 3819 1967 3857 :
1999 3812 2101 3858 tre-

497 3904 659 3959 centis
681 3911 730 3956 et
761 3899 1049 3971 nonaginta
1089 3897 1267 3950 diebus
1288 3895 1523 3949 comedes
1552 3893 1714 3947 illud.
1742 3893 1896 3950 Cibus
1926 3904 2101 3948 autem

497 4005 618 4049 tuus
643 4009 746 4063 quo
774 3988 996 4043 vesceris
1014 4028 1029 4054 ,
1084 3987 1182 4040 erit
1211 3987 1268 4039 in
1296 3984 1526 4057 pondere
1576 3986 1757 4055 viginti
1800 3994 2017 4039 stateres
2045 3986 2099 4039 in

497 4085 584 4139 die
612 4100 631 4138 :
659 4100 692 4135 a
721 4091 950 4151 tempore
978 4094 1142 4149 usque
1187 4076 1255 4130 ad
1302 4086 1499 4148 tempus
1557 4076 1791 4132 comedes
1844 4077 2001 4132 illud.
2032 4076 2101 4131 Et

499 4192 690 4248 arjuam
710 4176 765 4227 in
794 4187 1039 4226 mensura
1078 4169 1217 4223 bibes
1242 4176 1443 4223 sextam
1484 4178 1688 4239 partem
1724 4166 1861 4232 Hin,
1899 4186 1932 4221 a
1973 4178 2104 4222 tem-

498 4284 627 4339 pore
654 4281 816 4337 usque
844 4264 914 4317 ad
946 4272 1147 4331 tempus
1173 4260 1312 4314 bibes
1340 4258 1499 4314 illud.
1536 4257 1606 4312 Et
1640 4260 1788 4328 quasi
1817 4260 2105 4314 subcineri—

498 4362 640 4415 cium
668 4355 1018 4411 hordeaceum
1054 4355 1285 4407 comedes
1315 4351 1450 4404 illud
1474 4392 1489 4418 ,
1538 4360 1587 4405 et
1620 4360 1843 4406 stercore
1872 4351 2101 4408 humano

503 4455 702 4527 operias
724 4450 859 4506 illud
881 4450 938 4503 in
962 4446 1125 4503 oculis
1149 4462 1347 4501 eorum.
1398 4444 1574 4510 Quam
1604 4459 1703 4500 nos
1726 4446 1908 4501 vitiant
1933 4448 2102 4503 inter-

2203 3249 2557 3304 subcinericii
2585 3264 2751 3319 panes
2771 3249 3069 3319 jubeantur
3083 3250 3225 3317 fieri,
3246 3259 3299 3305 et
3315 3265 3410 3317 per
3421 3248 3663 3317 singulos
3684 3247 3805 3304 dies

2200 3342 2448 3406 comedi;
2481 3350 2537 3396 et
2585 3341 2654 3397 de
2703 3341 3065 3412 quadraginta
3114 3342 3327 3398 dierum
3377 3342 3555 3396 dextri
3612 3342 3803 3397 lateris

2200 3434 2451 3504 panibus.
2487 3434 2710 3490 omnino
2754 3445 3037 3491 taceatur:
3068 3446 3126 3489 ut
3152 3436 3363 3490 occulte
3415 3443 3600 3490 sancta
3650 3434 3804 3490 Scri-

2200 3535 2361 3597 ptura
2414 3527 2700 3595 insinuet,
2751 3542 2859 3583 non
2892 3528 3140 3583 eamdem
3174 3543 3389 3599 pmnam
3445 3526 3627 3598 populi
3678 3542 3804 3584 esse

2200 3620 2537 3689 peccatoris,
2568 3618 2613 3673 si
2666 3629 2845 3675 tamen
2900 3620 3148 3674 notitiam
3181 3619 3381 3675 habeat
3428 3620 3553 3685 Dei,
3587 3629 3642 3675 et
3682 3619 3803 3689 ejus

2202 3710 2292 3781 qui
2322 3727 2352 3765 a
2384 3712 2654 3781 religione
2678 3714 2792 3766 veri
2821 3711 2919 3784 Dei
2949 3712 3172 3767 omnino
3220 3712 3559 3768 discesserit.
3594 3712 3801 3768 Possu-

2200 3818 2324 3857 mus
2351 3814 2531 3858 autem
2556 3815 2613 3858 et
2640 3804 2741 3859 hoc
2763 3804 2947 3860 dicere
2980 3805 3133 3876 juxta
3167 3806 3587 3877 intelligentiam
3636 3807 3803 3877 spiri-

2202 3897 2438 3963 tualem,
2468 3896 2610 3965 quod
2640 3896 2900 3952 Judaicus
2949 3898 3181 3967 populus
3229 3908 3356 3967 post
3403 3897 3669 3953 offensam
3706 3897 3803 3954 Dei

2201 4002 2375 4058 usque
2398 3987 2557 4043 hodie
2578 3990 2971 4043 subcinericios
2996 4004 3165 4057 panes
3191 3989 3444 4045 comedat
3468 3988 3666 4044 mixtos
3688 3989 3804 4044 fru-

2201 4089 2411 4145 mento,
2444 4079 2673 4145 hordeo,
2702 4080 2821 4134 faba
2848 4121 2864 4148 ,
2910 4080 3059 4136 lente
3086 4122 3101 4148 ,
3132 4080 3310 4146 milio,
3342 4093 3395 4135 et
3424 4094 3627 4147 avena;
3662 4094 3802 4149 quo-

2199 4188 2320 4232 rum
2350 4173 2493 4228 alter
2524 4173 2831 4239 hominum,
2856 4174 2994 4228 alter
3016 4173 3385 4245 jumentorum
3427 4173 3580 4228 cibus
3606 4180 3711 4227 est.
3741 4170 3802 4228 In

2202 4283 2269 4325 eo
2293 4268 2439 4325 enim
2463 4268 2607 4339 quod
2636 4267 2893 4324 videntur
2918 4269 2971 4323 in
2995 4284 3160 4323 unum
3207 4268 3375 4324 Deum
3402 4265 3665 4332 credere,
3699 4264 3800 4320 ha-

2201 4359 2332 4416 bent
2374 4359 2575 4430 aliquid
2614 4368 2672 4414 et
2702 4360 2983 4415 frumenti.
3011 4359 3168 4427 Quod
3216 4367 3399 4414 autem
3453 4357 3647 4413 Filium
3697 4372 3801 4413 ne-

2202 4460 2357 4522 gant,
2386 4450 2594 4506 hordeo
2615 4450 2988 4521 jumentorum
3013 4460 3307 4520 pascuntur
3334 4458 3390 4505 et
3409 4448 3568 4515 fabis,
3601 4449 3799 4518 quibus

499 4546 696 4618 pretati
743 4556 929 4597 sumus
950 4582 970 4605 ,
1013 4553 1110 4609 pro
1135 4553 1243 4609 quo
1276 4537 1330 4591 in
1379 4536 1611 4592 Hel)er
1659 4536 1857 4594 dicitur
1904 4553 2179 4613 CBASA-D
2205 4544 2609 4602 comedentium
2662 4555 2858 4601 venter
2887 4544 3141 4610 inﬂatur,
3186 4553 3241 4599 et
3269 4558 3423 4598 mens
3450 4543 3683 4613 Opprimi
3710 4542 3797 4598 di—

517 4654 616 4696 itm
650 4633 891 4708 (tamen)
926 4651 939 4686 :
986 4630 1344 4700 Septuaginta
1368 4627 1783 4699 Theodotioque
1805 4644 2102 4701 posuerunt

503 4730 691 4807 ὅλυραν
718 4768 732 4792 ,
764 4740 926 4797 quam
974 4723 1065 4777 alii
1120 4736 1335 4775 avenam
1363 4760 1379 4786 ,
1414 4720 1505 4774 alii
1552 4721 1773 4792 sigalam
1817 4732 1843 4760 ⁸
1884 4734 2092 4794 putant.

502 4823 716 4894 Aquila:
767 4828 948 4874 autem
1005 4816 1175 4885 prima
1233 4813 1404 4869 editio
1452 4823 1510 4868 et
1556 4814 1916 4884 Symmachus
1947 4822 2092 4887 ζέας,

501 4916 619 4972 sive
660 4914 798 4978 ζείας
842 4906 1185 4975 interpretati
1234 4912 1388 4960 sunt:
1419 4919 1555 4971 quas
1590 4920 1689 4961 nos
1723 4908 1808 4961 vel
1852 4911 1935 4978 far
1961 4952 1977 4977 ,
2009 4910 2094 4965 vel

502 5004 694 5077 gentili
732 5001 901 5055 Italiae
948 4996 1354 5066 Pannoniaque
1376 5009 1629 5052 sermone
1652 5038 1668 5063 ,
1709 4999 1928 5067 spicam,
1960 5001 2097 5068 spel-

2199 4639 2341 4694 citur
2365 4655 2378 4691 :
2426 4638 2695 4692 iutantum
2725 4647 2785 4692 ut
2822 4636 3193 4708 Pythagoricis
3218 4651 3436 4707 quoque
3461 4636 3619 4691 cibus
3647 4635 3800 4691 dete-

2196 4730 2407 4786 stabilis
2436 4730 2527 4785 sit.
2564 4731 2794 4799 Propter
2822 4730 3023 4784 lentem
3059 4729 3199 4784 Esau
3229 4730 3589 4799 primogenita
3615 4726 3801 4797 perdi-

2200 4823 2281 4879 dit
2308 4822 2518 4897 (Genes.
2551 4822 2701 4897 xxv).
2744 4824 2952 4879 Milium
2984 4824 3339 4890 rusticorum,
3366 4836 3423 4880 et
3450 4822 3745 4893 agrestium
3778 4863 3795 4891 ,

2198 4923 2253 4969 et
2286 4915 2517 4968 altilium
2567 4915 2719 4970 cibus
2758 4925 2863 4969 est.
2900 4918 3120 4981 Aveoa,
3168 4917 3281 4973 sive
3308 4915 3436 4971 vitia
3484 4924 3537 4970 et
3583 4914 3737 4986 olyra
3776 4960 3792 4983 ,

2199 5004 2358 5060 bruta
2402 5015 2700 5076 pascuntur
2746 5008 3023 5063 animalia.
3069 5009 3224 5078 Quod
3269 5020 3449 5067 autem
3494 5007 3793 5075 scribitur,

497 5111 712 5170 tamque
751 5094 1000 5149 dicimus.
1038 5092 1095 5145 ln
1125 5104 1253 5144 vase
1280 5104 1498 5159 quoque
1541 5090 1895 5160 Septuaginta
1944 5093 2096 5148 addi-
2192 5096 2345 5167 juxta
2401 5099 2542 5154 LXX
2565 5143 2579 5163 ,
2615 5101 2763 5157 Elius
2793 5102 3008 5174 fugiens
3036 5101 3254 5157 Iezabel
3288 5102 3562 5158 invenisse
3596 5118 3793 5173 panem

503 5195 634 5249 dere
659 5188 830 5258 ﬁctili,
854 5184 1079 5254 jubetur
1112 5190 1294 5237 autem
1321 5182 1583 5251 propheta
1612 5182 1809 5237 famem
1830 5182 2091 5254 futuram,

577 5316 604 5344 ιι
644 5304 702 5359 In
729 5301 852 5356 aliis
886 5298 1039 5353 libris
1062 5294 1281 5350 secalem
1301 5338 1315 5361 ,
1347 5309 1449 5348 ms.
1483 5295 1769 5365 Sangerm.
1799 5297 2086 5365 antiquiss.

501 5376 737 5433 sicalam.
758 5371 877 5426 Vid.
910 5369 1177 5437 superiori
1200 5378 1344 5420 tumo
1372 5369 1422 5437 in
1447 5365 1570 5419 lsai.
1604 5382 1803 5429 xxvut,
1832 5368 1921 5423 25.
1948 5367 2091 5422 Cou-

502 5449 586 5504 fer
612 5457 667 5502 et
710 5444 906 5498 Lexica
938 5436 1141 5499 vetera,
1176 5445 1232 5492 et
1257 5436 1529 5503 praecipue
1564 5437 1911 5507 llesychium.
1948 5440 2091 5492 Dru-

501 5520 620 5574 sius
647 5532 713 5571 ex
745 5514 881 5567 Rob.
927 5509 1096 5564 David
1130 5511 1182 5562 in
1233 5508 1326 5561 lib.
1361 5507 1619 5560 Radicum
1650 5519 1848 5575 ηπ),
1896 5512 2088 5578 spelta.

500 5592 573 5647 Et
601 5590 657 5642 in
683 5582 989 5639 Comment.
1024 5581 1078 5635 in
1113 5579 1254 5633 hunc
1281 5579 1493 5643 locum,
1524 5586 1746 5643 arma,
1778 5581 1937 5650 vulgo
1964 5624 1979 5649 ν
2010 5583 2093 5638 in-

505 5660 834 5756 ῳεὶιη-νίῃτω
861 5671 1323 5756 ,._id'est,_secal‘e..l
1694 5744 1723 5756 Α
1799 5746 1813 5756 ⁸
1879 5743 1910 5756 Α.

571 5752 597 5791 b
633 5741 921 5805 Consentit
946 5742 1218 5813 Josephus
1267 5741 1362 5800 lib.
1390 5757 1448 5798 ιιι
1480 5784 1495 5810 ,
1546 5757 1668 5814 cap.
1693 5744 1748 5817 9,
1785 5743 2099 5817 Antiquita-

2200 5192 2462 5269 ὀλυρίτην,
2503 5194 2901 5251 subcinericium
2929 5197 3019 5266 (ill
3042 5197 3173 5271 Reg.
3212 5198 3357 5264 xix),
3394 5199 3797 5269 persecutionis

2198 5312 2330 5370 tum,
2368 5308 2510 5364 unde
2540 5318 2735 5376 sponte
2785 5311 2896 5366 ruit
2943 5310 3032 5365 illa
3080 5311 3357 5379 praecipue
3409 5310 3793 5368 Rahbinorum

2199 5379 2791 5453 sententiadeduplici
2836 5381 2973 5453 siclo
3016 5385 3248 5450 profano
3288 5391 3343 5435 et
3372 5396 3580 5453 sacro,
3629 5399 3794 5453 quem

2200 5445 2365 5522 duplo
2397 5450 2616 5522 majoris
2649 5445 2804 5522 pretii
2839 5445 3033 5507 fuisse'
3057 5462 3244 5519 putant
3272 5468 3435 5522 supra
3467 5445 3745 5517 vulgarem
3772 5496 3792 5522 ,

2201 5517 2269 5599 de
2312 5533 2423 5599 quo
2462 5520 2549 5599 hic
2598 5517 2699 5575 loci
2733 5517 3120 5599 llieronymmu
3158 5523 3301 5593 loqui
3334 5517 3697 5599 contendunt.
3722 5517 3796 5580 At

2200 5590 2343 5642 istud
2372 5590 2663 5647 discrimen
2692 5609 2869 5664 neque
2891 5590 3283 5667 Hieronymus,
3317 5610 3493 5667 neque
3519 5594 3794 5667 Josephus

2200 5673 2502 5736 agnovere;
2558 5677 2733 5732 neque
2773 5679 2838 5719 ex
2889 5664 3008 5734 ipsa
3058 5664 3339 5736 scriptura
3387 5664 3611 5724 extundi
3652 5664 3792 5723 satis

2199 5733 2486 5789 commode
2518 5742 2714 5803 potest.
