  <div class='ocr_page' id='page_1' title='image "/cluster/home/n/w/nwhite01/storage/ocr_20150623/25/hvd.32044015471394/032.png"; bbox 0 0 3996 6322; ppageno 0'>
   <div class='ocr_carea' id='block_1_1' title="bbox 204 299 3507 375">
    <p class='ocr_par' dir='ltr' id='par_1_1' title="bbox 204 299 3507 375">
     <span class='ocr_line' id='line_1_1' title="bbox 204 299 3507 375; baseline 0.006 -19"><span class='ocrx_word' id='word_1_1' title='bbox 204 300 269 356; x_wconf 62' lang='lat'><strong><em>49</em></strong></span> <span class='ocrx_word' id='word_1_2' title='bbox 916 299 1570 358; x_wconf 73' lang='lat' dir='ltr'><strong>COMMENTARIORUM</strong></span> <span class='ocrx_word' id='word_1_3' title='bbox 1610 301 1676 358; x_wconf 97' lang='lat' dir='ltr'><strong>lN</strong></span> <span class='ocrx_word' id='word_1_4' title='bbox 1717 302 2165 361; x_wconf 74' lang='lat' dir='ltr'><strong>EZECﬂlELEM</strong></span> <span class='ocrx_word' id='word_1_5' title='bbox 2205 305 2336 363; x_wconf 82' lang='lat' dir='ltr'><strong>LIB.</strong></span> <span class='ocrx_word' id='word_1_6' title='bbox 2377 308 2417 364; x_wconf 88' lang='grc'><strong>1.</strong></span> <span class='ocrx_word' id='word_1_7' title='bbox 2470 309 2625 366; x_wconf 79' lang='lat' dir='ltr'><strong>CAP.</strong></span> <span class='ocrx_word' id='word_1_8' title='bbox 2667 311 2758 367; x_wconf 86' lang='lat' dir='ltr'><strong>IV.</strong></span> <span class='ocrx_word' id='word_1_9' title='bbox 3436 319 3507 375; x_wconf 78' lang='lat'><strong>50</strong></span> 
     </span>
    </p>
   </div>
   <div class='ocr_carea' id='block_1_2' title="bbox 203 413 3508 502">
    <p class='ocr_par' dir='ltr' id='par_1_2' title="bbox 203 413 3508 502">
     <span class='ocr_line' id='line_1_2' title="bbox 203 413 3508 502; baseline 0.005 -32"><span class='ocrx_word' id='word_1_10' title='bbox 203 422 251 471; x_wconf 84' lang='lat' dir='ltr'><strong>et</strong></span> <span class='ocrx_word' id='word_1_11' title='bbox 272 414 511 485; x_wconf 72' lang='lat' dir='ltr'><strong>penuria:</strong></span> <span class='ocrx_word' id='word_1_12' title='bbox 540 413 758 484; x_wconf 87' lang='lat' dir='ltr'><strong>signum</strong></span> <span class='ocrx_word' id='word_1_13' title='bbox 784 422 894 470; x_wconf 89' lang='lat' dir='ltr'><strong>est.</strong></span> <span class='ocrx_word' id='word_1_14' title='bbox 928 414 1083 471; x_wconf 85' lang='lat' dir='ltr'><strong>Unde</strong></span> <span class='ocrx_word' id='word_1_15' title='bbox 1110 423 1165 472; x_wconf 92' lang='lat' dir='ltr'><strong>et</strong></span> <span class='ocrx_word' id='word_1_16' title='bbox 1194 431 1226 470; x_wconf 91' lang='lat' dir='ltr'><strong>a</strong></span> <span class='ocrx_word' id='word_1_17' title='bbox 1248 425 1275 454; x_wconf 75' lang='grc' dir='ltr'>ι</span> <span class='ocrx_word' id='word_1_18' title='bbox 1301 417 1482 473; x_wconf 84' lang='lat' dir='ltr'><strong>corvis</strong></span> <span class='ocrx_word' id='word_1_19' title='bbox 1510 417 1752 487; x_wconf 88' lang='lat' dir='ltr'><strong>pascitur</strong></span> <span class='ocrx_word' id='word_1_20' title='bbox 1776 462 1791 486; x_wconf 97' lang='lat'><strong>,</strong></span> <span class='ocrx_word' id='word_1_21' title='bbox 1822 423 1876 484; x_wconf 78' lang='grc' dir='ltr'><strong>Α</strong></span> <span class='ocrx_word' id='word_1_22' title='bbox 1901 427 2123 491; x_wconf 75' lang='lat' dir='ltr'><strong>propter</strong></span> <span class='ocrx_word' id='word_1_23' title='bbox 2163 435 2387 477; x_wconf 82' lang='lat' dir='ltr'><strong>carnem</strong></span> <span class='ocrx_word' id='word_1_24' title='bbox 2438 432 2493 478; x_wconf 90' lang='lat' dir='ltr'><strong>et</strong></span> <span class='ocrx_word' id='word_1_25' title='bbox 2542 434 2813 494; x_wconf 79' lang='lat' dir='ltr'><strong>ventrem,</strong></span> <span class='ocrx_word' id='word_1_26' title='bbox 2861 435 2916 483; x_wconf 88' lang='lat' dir='ltr'><strong>et</strong></span> <span class='ocrx_word' id='word_1_27' title='bbox 2966 436 3129 485; x_wconf 71' lang='lat' dir='ltr'><strong>terra:</strong></span> <span class='ocrx_word' id='word_1_28' title='bbox 3159 430 3325 502; x_wconf 85' lang='lat' dir='ltr'><strong>hujus</strong></span> <span class='ocrx_word' id='word_1_29' title='bbox 3363 431 3508 489; x_wconf 85' lang='lat' dir='ltr'><strong>bona</strong></span> 
     </span>
    </p>
   </div>
   <div class='ocr_carea' id='block_1_3' title="bbox 201 505 1799 581">
    <p class='ocr_par' dir='ltr' id='par_1_3' title="bbox 201 505 1799 581">
     <span class='ocr_line' id='line_1_3' title="bbox 201 505 1799 581; baseline 0.001 -18"><span class='ocrx_word' id='word_1_30' title='bbox 201 505 530 581; x_wconf 60' lang='lat' dir='ltr'><strong>unquis“</strong></span> <span class='ocrx_word' id='word_1_31' title='bbox 557 507 741 562; x_wconf 82' lang='lat' dir='ltr'><strong>cibum</strong></span> <span class='ocrx_word' id='word_1_32' title='bbox 796 521 908 563; x_wconf 92' lang='lat' dir='ltr'><strong>non</strong></span> <span class='ocrx_word' id='word_1_33' title='bbox 956 508 1243 564; x_wconf 72' lang='lat' dir='ltr'><strong>invenerat</strong></span> <span class='ocrx_word' id='word_1_34' title='bbox 1287 509 1339 564; x_wconf 95' lang='lat' dir='ltr'><strong>in</strong></span> <span class='ocrx_word' id='word_1_35' title='bbox 1386 508 1588 575; x_wconf 87' lang='lat' dir='ltr'><strong>Israel,</strong></span> <span class='ocrx_word' id='word_1_36' title='bbox 1619 510 1799 565; x_wconf 88' lang='lat' dir='ltr'><strong>natio-</strong></span> 
     </span>
    </p>
   </div>
   <div class='ocr_carea' id='block_1_4' title="bbox 202 600 1795 672">
    <p class='ocr_par' dir='ltr' id='par_1_4' title="bbox 202 600 1795 672">
     <span class='ocr_line' id='line_1_4' title="bbox 202 600 1795 672; baseline -0.001 -14"><span class='ocrx_word' id='word_1_37' title='bbox 202 618 315 658; x_wconf 90' lang='lat' dir='ltr'><strong>num</strong></span> <span class='ocrx_word' id='word_1_38' title='bbox 355 618 476 670; x_wconf 74' lang='lat' dir='ltr'><strong>quze</strong></span> <span class='ocrx_word' id='word_1_39' title='bbox 521 600 826 656; x_wconf 65' lang='lat' dir='ltr'><strong>immunda:</strong></span> <span class='ocrx_word' id='word_1_40' title='bbox 866 609 1023 657; x_wconf 89' lang='lat' dir='ltr'><strong>erant</strong></span> <span class='ocrx_word' id='word_1_41' title='bbox 1051 644 1067 663; x_wconf 88' lang='lat'>.</span> <span class='ocrx_word' id='word_1_42' title='bbox 1123 612 1443 672; x_wconf 82' lang='lat' dir='ltr'><strong>pasceretur</strong></span> <span class='ocrx_word' id='word_1_43' title='bbox 1499 603 1795 659; x_wconf 74' lang='lat' dir='ltr'><strong>alimentis.</strong></span> 
     </span>
    </p>
   </div>
   <div class='ocr_carea' id='block_1_5' title="bbox 200 694 1796 765">
    <p class='ocr_par' dir='ltr' id='par_1_5' title="bbox 200 694 1796 765">
     <span class='ocr_line' id='line_1_5' title="bbox 200 694 1796 765; baseline -0.001 -13"><span class='ocrx_word' id='word_1_44' title='bbox 200 695 299 752; x_wconf 66' lang='grc' dir='ltr'><strong>ιρι</strong></span> <span class='ocrx_word' id='word_1_45' title='bbox 326 709 539 762; x_wconf 86' lang='lat' dir='ltr'><strong>quoque</strong></span> <span class='ocrx_word' id='word_1_46' title='bbox 591 695 706 763; x_wconf 84' lang='lat' dir='ltr'><strong>ipsa</strong></span> <span class='ocrx_word' id='word_1_47' title='bbox 739 709 908 764; x_wconf 91' lang='lat' dir='ltr'><strong>quam</strong></span> <span class='ocrx_word' id='word_1_48' title='bbox 960 694 1172 764; x_wconf 86' lang='lat' dir='ltr'><strong>legunt,</strong></span> <span class='ocrx_word' id='word_1_49' title='bbox 1205 705 1261 750; x_wconf 91' lang='lat' dir='ltr'><strong>et</strong></span> <span class='ocrx_word' id='word_1_50' title='bbox 1286 711 1393 749; x_wconf 92' lang='lat' dir='ltr'><strong>non</strong></span> <span class='ocrx_word' id='word_1_51' title='bbox 1435 694 1750 765; x_wconf 88' lang='lat' dir='ltr'><strong>intelligunt</strong></span> <span class='ocrx_word' id='word_1_52' title='bbox 1779 737 1796 763; x_wconf 92' lang='lat'><strong>,</strong></span> 
     </span>
    </p>
   </div>
   <div class='ocr_carea' id='block_1_6' title="bbox 202 784 1794 856">
    <p class='ocr_par' dir='ltr' id='par_1_6' title="bbox 202 784 1794 856">
     <span class='ocr_line' id='line_1_6' title="bbox 202 784 1794 856; baseline 0.001 -15"><span class='ocrx_word' id='word_1_53' title='bbox 202 784 584 841; x_wconf 82' lang='lat' dir='ltr'><strong>subcinericius</strong></span> <span class='ocrx_word' id='word_1_54' title='bbox 611 784 770 855; x_wconf 87' lang='lat' dir='ltr'><strong>panis</strong></span> <span class='ocrx_word' id='word_1_55' title='bbox 792 794 909 849; x_wconf 92' lang='lat' dir='ltr'><strong>est,</strong></span> <span class='ocrx_word' id='word_1_56' title='bbox 929 796 984 839; x_wconf 91' lang='lat' dir='ltr'><strong>et</strong></span> <span class='ocrx_word' id='word_1_57' title='bbox 1013 796 1239 856; x_wconf 87' lang='lat' dir='ltr'><strong>opertus</strong></span> <span class='ocrx_word' id='word_1_58' title='bbox 1267 786 1506 843; x_wconf 89' lang='lat' dir='ltr'><strong>humano</strong></span> <span class='ocrx_word' id='word_1_59' title='bbox 1526 801 1794 843; x_wconf 81' lang='lat' dir='ltr'><strong>stercore.</strong></span> 
     </span>
    </p>
   </div>
   <div class='ocr_carea' id='block_1_7' title="bbox 206 876 1801 949">
    <p class='ocr_par' dir='ltr' id='par_1_7' title="bbox 206 876 1801 949">
     <span class='ocr_line' id='line_1_7' title="bbox 206 876 1801 949; baseline 0.001 -17"><span class='ocrx_word' id='word_1_60' title='bbox 206 877 559 947; x_wconf 80' lang='lat' dir='ltr'><strong>Quamobrem</strong></span> <span class='ocrx_word' id='word_1_61' title='bbox 616 886 673 932; x_wconf 89' lang='lat' dir='ltr'><strong>et</strong></span> <span class='ocrx_word' id='word_1_62' title='bbox 717 876 921 932; x_wconf 87' lang='lat' dir='ltr'><strong>Paulus</strong></span> <span class='ocrx_word' id='word_1_63' title='bbox 972 879 1256 948; x_wconf 87' lang='lat' dir='ltr'><strong>apostolus</strong></span> <span class='ocrx_word' id='word_1_64' title='bbox 1307 879 1455 933; x_wconf 90' lang='lat' dir='ltr'><strong>lucra</strong></span> <span class='ocrx_word' id='word_1_65' title='bbox 1509 878 1708 949; x_wconf 86' lang='lat' dir='ltr'><strong>Legis,</strong></span> <span class='ocrx_word' id='word_1_66' title='bbox 1745 889 1801 934; x_wconf 89' lang='lat' dir='ltr'><strong>et</strong></span> 
     </span>
    </p>
   </div>
   <div class='ocr_carea' id='block_1_8' title="bbox 203 969 1788 1041">
    <p class='ocr_par' dir='ltr' id='par_1_8' title="bbox 203 969 1788 1041">
     <span class='ocr_line' id='line_1_8' title="bbox 203 969 1788 1041; baseline 0.003 -20"><span class='ocrx_word' id='word_1_67' title='bbox 203 970 544 1041; x_wconf 79' lang='lat' dir='ltr'><strong>pristinarum</strong></span> <span class='ocrx_word' id='word_1_68' title='bbox 600 969 1058 1023; x_wconf 71' lang='lat' dir='ltr'><strong>cmremoniarum</strong></span> <span class='ocrx_word' id='word_1_69' title='bbox 1116 971 1515 1025; x_wconf 73' lang='lat' dir='ltr'><strong>observnntiam</strong></span> <span class='ocrx_word' id='word_1_70' title='bbox 1562 971 1697 1025; x_wconf 84' lang='lat' dir='ltr'><strong>dicit</strong></span> <span class='ocrx_word' id='word_1_71' title='bbox 1727 987 1788 1027; x_wconf 83' lang='lat' dir='ltr'><strong>se</strong></span> 
     </span>
    </p>
   </div>
   <div class='ocr_carea' id='block_1_9' title="bbox 204 1062 1796 1131">
    <p class='ocr_par' dir='ltr' id='par_1_9' title="bbox 204 1062 1796 1131">
     <span class='ocr_line' id='line_1_9' title="bbox 204 1062 1796 1131; baseline 0.003 -14"><span class='ocrx_word' id='word_1_72' title='bbox 204 1062 447 1118; x_wconf 76' lang='lat' dir='ltr'><strong>habuisse</strong></span> <span class='ocrx_word' id='word_1_73' title='bbox 503 1063 649 1117; x_wconf 89' lang='lat' dir='ltr'><strong>sicut</strong></span> <span class='ocrx_word' id='word_1_74' title='bbox 696 1072 978 1131; x_wconf 85' lang='lat' dir='ltr'><strong>stercora,</strong></span> <span class='ocrx_word' id='word_1_75' title='bbox 1013 1072 1073 1118; x_wconf 94' lang='lat' dir='ltr'><strong>ut</strong></span> <span class='ocrx_word' id='word_1_76' title='bbox 1118 1063 1396 1119; x_wconf 78' lang='lat' dir='ltr'><strong>Christum</strong></span> <span class='ocrx_word' id='word_1_77' title='bbox 1451 1064 1796 1121; x_wconf 86' lang='lat' dir='ltr'><strong>lucrifaceret</strong></span> 
     </span>
    </p>
   </div>
   <div class='ocr_carea' id='block_1_10' title="bbox 206 1151 601 1226">
    <p class='ocr_par' dir='ltr' id='par_1_10' title="bbox 206 1151 601 1226">
     <span class='ocr_line' id='line_1_10' title="bbox 206 1151 601 1226; baseline 0.003 -19"><span class='ocrx_word' id='word_1_78' title='bbox 206 1151 451 1226; x_wconf 79' lang='lat' dir='ltr'><strong>(Philipp.</strong></span> <span class='ocrx_word' id='word_1_79' title='bbox 495 1154 601 1225; x_wconf 84' lang='lat' dir='ltr'><strong>tu).</strong></span> 
     </span>
    </p>
   </div>
   <div class='ocr_carea' id='block_1_11' title="bbox 268 1246 1799 1321">
    <p class='ocr_par' dir='ltr' id='par_1_11' title="bbox 268 1246 1799 1321">
     <span class='ocr_line' id='line_1_11' title="bbox 268 1246 1799 1321; baseline 0.005 -24"><span class='ocrx_word' id='word_1_80' title='bbox 268 1246 444 1317; x_wconf 66' lang='grc' dir='ltr'><strong>(νει-ς.</strong></span> <span class='ocrx_word' id='word_1_81' title='bbox 476 1250 545 1302; x_wconf 75' lang='grc'><strong>13</strong></span> <span class='ocrx_word' id='word_1_82' title='bbox 585 1248 771 1321; x_wconf 85' lang='lat' dir='ltr'><strong>seqq.)</strong></span> <span class='ocrx_word' id='word_1_83' title='bbox 803 1247 874 1303; x_wconf 81' lang='lat' dir='ltr'><strong>Et</strong></span> <span class='ocrx_word' id='word_1_84' title='bbox 911 1249 1041 1304; x_wconf 73' lang='lat' dir='ltr'><strong>dixit</strong></span> <span class='ocrx_word' id='word_1_85' title='bbox 1066 1247 1321 1303; x_wconf 77' lang='lat' dir='ltr'><strong>Dominus</strong></span> <span class='ocrx_word' id='word_1_86' title='bbox 1353 1266 1372 1304; x_wconf 91' lang='lat'><strong><em>:</em></strong></span> <span class='ocrx_word' id='word_1_87' title='bbox 1404 1250 1494 1305; x_wconf 85' lang='lat' dir='ltr'><strong>Sic</strong></span> <span class='ocrx_word' id='word_1_88' title='bbox 1534 1251 1799 1305; x_wconf 87' lang='lat' dir='ltr'><strong>comedent</strong></span> 
     </span>
    </p>
   </div>
   <div class='ocr_carea' id='block_1_12' title="bbox 206 1342 1797 1417">
    <p class='ocr_par' dir='ltr' id='par_1_12' title="bbox 206 1342 1797 1417">
     <span class='ocr_line' id='line_1_12' title="bbox 206 1342 1797 1417; baseline 0.002 -23"><span class='ocrx_word' id='word_1_89' title='bbox 206 1342 290 1411; x_wconf 70' lang='lat' dir='ltr'><strong>ﬁlii</strong></span> <span class='ocrx_word' id='word_1_90' title='bbox 310 1342 477 1396; x_wconf 86' lang='lat' dir='ltr'><strong>Israel</strong></span> <span class='ocrx_word' id='word_1_91' title='bbox 505 1360 695 1411; x_wconf 84' lang='lat' dir='ltr'><strong>panem</strong></span> <span class='ocrx_word' id='word_1_92' title='bbox 721 1360 876 1398; x_wconf 84' lang='lat' dir='ltr'><strong>suum</strong></span> <span class='ocrx_word' id='word_1_93' title='bbox 905 1344 1159 1412; x_wconf 85' lang='lat' dir='ltr'><strong>pollutum</strong></span> <span class='ocrx_word' id='word_1_94' title='bbox 1189 1345 1323 1397; x_wconf 87' lang='lat' dir='ltr'><strong>inter</strong></span> <span class='ocrx_word' id='word_1_95' title='bbox 1349 1354 1544 1417; x_wconf 80' lang='lat' dir='ltr'><strong>gentes,</strong></span> <span class='ocrx_word' id='word_1_96' title='bbox 1574 1344 1642 1396; x_wconf 88' lang='lat' dir='ltr'><strong>ad</strong></span> <span class='ocrx_word' id='word_1_97' title='bbox 1673 1361 1797 1413; x_wconf 87' lang='lat' dir='ltr'><strong>quas</strong></span> 
     </span>
    </p>
   </div>
   <div class='ocr_carea' id='block_1_13' title="bbox 206 1435 1795 1506">
    <p class='ocr_par' dir='ltr' id='par_1_13' title="bbox 206 1435 1795 1506">
     <span class='ocr_line' id='line_1_13' title="bbox 206 1435 1795 1506; baseline 0.001 -17"><span class='ocrx_word' id='word_1_98' title='bbox 206 1437 388 1506; x_wconf 81' lang='lat' dir='ltr'><strong>ejiciam</strong></span> <span class='ocrx_word' id='word_1_99' title='bbox 414 1453 524 1490; x_wconf 87' lang='lat' dir='ltr'><strong>eos.</strong></span> <span class='ocrx_word' id='word_1_100' title='bbox 556 1435 626 1491; x_wconf 84' lang='lat' dir='ltr'><strong>Et</strong></span> <span class='ocrx_word' id='word_1_101' title='bbox 657 1437 792 1503; x_wconf 71' lang='lat' dir='ltr'><strong>dixi,</strong></span> <span class='ocrx_word' id='word_1_102' title='bbox 821 1439 912 1500; x_wconf 89' lang='lat' dir='ltr'><strong>ah,</strong></span> <span class='ocrx_word' id='word_1_103' title='bbox 945 1437 1032 1499; x_wconf 89' lang='lat' dir='ltr'><strong>ah,</strong></span> <span class='ocrx_word' id='word_1_104' title='bbox 1062 1437 1153 1496; x_wconf 88' lang='lat' dir='ltr'><strong>ah.</strong></span> <span class='ocrx_word' id='word_1_105' title='bbox 1186 1435 1407 1491; x_wconf 87' lang='lat' dir='ltr'><strong>Domine</strong></span> <span class='ocrx_word' id='word_1_106' title='bbox 1436 1436 1613 1491; x_wconf 85' lang='lat' dir='ltr'><strong>Deus:</strong></span> <span class='ocrx_word' id='word_1_107' title='bbox 1662 1435 1795 1491; x_wconf 84' lang='lat' dir='ltr'><strong>Ecce</strong></span> 
     </span>
    </p>
   </div>
   <div class='ocr_carea' id='block_1_14' title="bbox 204 1528 1799 1598">
    <p class='ocr_par' dir='ltr' id='par_1_14' title="bbox 204 1528 1799 1598">
     <span class='ocr_line' id='line_1_14' title="bbox 204 1528 1799 1598; baseline 0 -17"><span class='ocrx_word' id='word_1_108' title='bbox 204 1528 360 1581; x_wconf 80' lang='lat' dir='ltr'><strong>anima</strong></span> <span class='ocrx_word' id='word_1_109' title='bbox 387 1545 501 1582; x_wconf 85' lang='lat' dir='ltr'><strong>mea</strong></span> <span class='ocrx_word' id='word_1_110' title='bbox 528 1545 633 1582; x_wconf 88' lang='lat' dir='ltr'><strong>non</strong></span> <span class='ocrx_word' id='word_1_111' title='bbox 664 1538 739 1582; x_wconf 84' lang='lat' dir='ltr'><strong>est</strong></span> <span class='ocrx_word' id='word_1_112' title='bbox 783 1530 1004 1598; x_wconf 86' lang='lat' dir='ltr'><strong>polluta,</strong></span> <span class='ocrx_word' id='word_1_113' title='bbox 1032 1539 1077 1581; x_wconf 87' lang='lat' dir='ltr'><strong>et</strong></span> <span class='ocrx_word' id='word_1_114' title='bbox 1112 1530 1483 1594; x_wconf 85' lang='lat' dir='ltr'><strong>morticininm,</strong></span> <span class='ocrx_word' id='word_1_115' title='bbox 1528 1538 1573 1582; x_wconf 89' lang='lat' dir='ltr'><strong>et</strong></span> <span class='ocrx_word' id='word_1_116' title='bbox 1602 1529 1799 1583; x_wconf 83' lang='lat' dir='ltr'><strong>lacera-</strong></span> 
     </span>
    </p>
   </div>
   <div class='ocr_carea' id='block_1_15' title="bbox 205 1620 1796 1691">
    <p class='ocr_par' dir='ltr' id='par_1_15' title="bbox 205 1620 1796 1691">
     <span class='ocr_line' id='line_1_15' title="bbox 205 1620 1796 1691; baseline -0.001 -16"><span class='ocrx_word' id='word_1_117' title='bbox 205 1631 298 1675; x_wconf 71' lang='lat' dir='ltr'><strong>tam</strong></span> <span class='ocrx_word' id='word_1_118' title='bbox 324 1638 354 1673; x_wconf 84' lang='lat' dir='ltr'><strong>a</strong></span> <span class='ocrx_word' id='word_1_119' title='bbox 389 1623 565 1675; x_wconf 78' lang='lat' dir='ltr'><strong>bestiis</strong></span> <span class='ocrx_word' id='word_1_120' title='bbox 594 1637 698 1675; x_wconf 90' lang='lat' dir='ltr'><strong>non</strong></span> <span class='ocrx_word' id='word_1_121' title='bbox 729 1622 929 1675; x_wconf 84' lang='lat' dir='ltr'><strong>comedi</strong></span> <span class='ocrx_word' id='word_1_122' title='bbox 959 1621 1024 1674; x_wconf 86' lang='lat' dir='ltr'><strong>ab</strong></span> <span class='ocrx_word' id='word_1_123' title='bbox 1054 1620 1281 1691; x_wconf 75' lang='lat' dir='ltr'><strong>infantia</strong></span> <span class='ocrx_word' id='word_1_124' title='bbox 1312 1637 1426 1674; x_wconf 85' lang='lat' dir='ltr'><strong>mea</strong></span> <span class='ocrx_word' id='word_1_125' title='bbox 1458 1637 1616 1690; x_wconf 86' lang='lat' dir='ltr'><strong>usque</strong></span> <span class='ocrx_word' id='word_1_126' title='bbox 1640 1637 1796 1687; x_wconf 85' lang='lat' dir='ltr'><strong>nunc,</strong></span> 
     </span>
    </p>
   </div>
   <div class='ocr_carea' id='block_1_16' title="bbox 202 1714 1795 1786">
    <p class='ocr_par' dir='ltr' id='par_1_16' title="bbox 202 1714 1795 1786">
     <span class='ocr_line' id='line_1_16' title="bbox 202 1714 1795 1786; baseline -0.001 -18"><span class='ocrx_word' id='word_1_127' title='bbox 202 1723 362 1768; x_wconf 79' lang='lat' dir='ltr'><strong>etnon</strong></span> <span class='ocrx_word' id='word_1_128' title='bbox 392 1723 465 1768; x_wconf 86' lang='lat' dir='ltr'><strong>est</strong></span> <span class='ocrx_word' id='word_1_129' title='bbox 497 1715 731 1786; x_wconf 82' lang='lat' dir='ltr'><strong>ingressa</strong></span> <span class='ocrx_word' id='word_1_130' title='bbox 757 1714 810 1767; x_wconf 87' lang='lat' dir='ltr'><strong>in</strong></span> <span class='ocrx_word' id='word_1_131' title='bbox 842 1730 898 1767; x_wconf 85' lang='lat' dir='ltr'><strong>os</strong></span> <span class='ocrx_word' id='word_1_132' title='bbox 927 1731 1093 1767; x_wconf 88' lang='lat' dir='ltr'><strong>nteum</strong></span> <span class='ocrx_word' id='word_1_133' title='bbox 1126 1715 1290 1767; x_wconf 83' lang='lat' dir='ltr'><strong>omnis</strong></span> <span class='ocrx_word' id='word_1_134' title='bbox 1341 1729 1460 1767; x_wconf 88' lang='lat' dir='ltr'><strong>caro</strong></span> <span class='ocrx_word' id='word_1_135' title='bbox 1508 1714 1795 1766; x_wconf 86' lang='lat' dir='ltr'><strong>immunda.</strong></span> 
     </span>
    </p>
   </div>
   <div class='ocr_carea' id='block_1_17' title="bbox 1903 513 3506 595">
    <p class='ocr_par' dir='ltr' id='par_1_17' title="bbox 1903 513 3506 595">
     <span class='ocr_line' id='line_1_17' title="bbox 1903 513 3506 595; baseline 0.007 -28"><span class='ocrx_word' id='word_1_136' title='bbox 1903 521 2221 583; x_wconf 86' lang='lat' dir='ltr'><strong>Operantur,</strong></span> <span class='ocrx_word' id='word_1_137' title='bbox 2269 513 2570 570; x_wconf 92' lang='lat' dir='ltr'><strong>secundum</strong></span> <span class='ocrx_word' id='word_1_138' title='bbox 2598 517 2742 586; x_wconf 87' lang='lat' dir='ltr'><strong>quod</strong></span> <span class='ocrx_word' id='word_1_139' title='bbox 2783 518 2981 575; x_wconf 89' lang='lat' dir='ltr'><strong>dicitur</strong></span> <span class='ocrx_word' id='word_1_140' title='bbox 3022 540 3037 576; x_wconf 90' lang='lat'><strong><em>:</em></strong></span> <span class='ocrx_word' id='word_1_141' title='bbox 3075 522 3175 589; x_wconf 83' lang='lat' dir='ltr'><strong>Qui</strong></span> <span class='ocrx_word' id='word_1_142' title='bbox 3204 525 3383 595; x_wconf 77' lang='lat' dir='ltr'><strong>fecerit</strong></span> <span class='ocrx_word' id='word_1_143' title='bbox 3418 542 3506 593; x_wconf 86' lang='lat' dir='ltr'><strong>ea,</strong></span> 
     </span>
    </p>
   </div>
   <div class='ocr_carea' id='block_1_18' title="bbox 1902 602 3507 681">
    <p class='ocr_par' dir='ltr' id='par_1_18' title="bbox 1902 602 3507 681">
     <span class='ocr_line' id='line_1_18' title="bbox 1902 602 3507 681; baseline 0.009 -24"><span class='ocrx_word' id='word_1_144' title='bbox 1902 605 2035 657; x_wconf 79' lang='lat' dir='ltr'><strong>vivet</strong></span> <span class='ocrx_word' id='word_1_145' title='bbox 2053 605 2106 656; x_wconf 89' lang='lat' dir='ltr'><strong>in</strong></span> <span class='ocrx_word' id='word_1_146' title='bbox 2127 604 2201 658; x_wconf 88' lang='lat' dir='ltr'><strong>eis</strong></span> <span class='ocrx_word' id='word_1_147' title='bbox 2232 602 2420 676; x_wconf 75' lang='lat' dir='ltr'><strong>(Leuit.</strong></span> <span class='ocrx_word' id='word_1_148' title='bbox 2454 622 2606 671; x_wconf 83' lang='lat' dir='ltr'><strong>xvnt,</strong></span> <span class='ocrx_word' id='word_1_149' title='bbox 2634 608 2701 672; x_wconf 76' lang='lat'><strong>5;</strong></span> <span class='ocrx_word' id='word_1_150' title='bbox 2730 606 2886 663; x_wconf 85' lang='lat' dir='ltr'><strong>Deut.</strong></span> <span class='ocrx_word' id='word_1_151' title='bbox 2917 613 3017 681; x_wconf 88' lang='lat' dir='ltr'><strong>tv).</strong></span> <span class='ocrx_word' id='word_1_152' title='bbox 3050 611 3162 667; x_wconf 89' lang='lat' dir='ltr'><strong>Nos</strong></span> <span class='ocrx_word' id='word_1_153' title='bbox 3186 624 3365 670; x_wconf 82' lang='lat' dir='ltr'><strong>autem</strong></span> <span class='ocrx_word' id='word_1_154' title='bbox 3397 625 3507 672; x_wconf 81' lang='lat' dir='ltr'><strong>ter-</strong></span> 
     </span>
    </p>
   </div>
   <div class='ocr_carea' id='block_1_19' title="bbox 1902 700 3508 765">
    <p class='ocr_par' dir='ltr' id='par_1_19' title="bbox 1902 700 3508 765">
     <span class='ocr_line' id='line_1_19' title="bbox 1902 700 3508 765; baseline 0.009 -17"><span class='ocrx_word' id='word_1_155' title='bbox 1902 710 2034 749; x_wconf 90' lang='lat' dir='ltr'><strong>rena</strong></span> <span class='ocrx_word' id='word_1_156' title='bbox 2062 700 2480 765; x_wconf 87' lang='lat' dir='ltr'><strong>contemnimus,</strong></span> <span class='ocrx_word' id='word_1_157' title='bbox 2526 709 2579 753; x_wconf 92' lang='lat' dir='ltr'><strong>et</strong></span> <span class='ocrx_word' id='word_1_158' title='bbox 2624 714 2728 753; x_wconf 92' lang='lat' dir='ltr'><strong>non</strong></span> <span class='ocrx_word' id='word_1_159' title='bbox 2766 701 2945 757; x_wconf 90' lang='lat' dir='ltr'><strong>solum</strong></span> <span class='ocrx_word' id='word_1_160' title='bbox 2994 705 3212 760; x_wconf 81' lang='lat' dir='ltr'><strong>humani</strong></span> <span class='ocrx_word' id='word_1_161' title='bbox 3242 708 3508 762; x_wconf 88' lang='lat' dir='ltr'><strong>stercoris</strong></span> 
     </span>
    </p>
   </div>
   <div class='ocr_carea' id='block_1_20' title="bbox 1902 788 3509 865">
    <p class='ocr_par' dir='ltr' id='par_1_20' title="bbox 1902 788 3509 865">
     <span class='ocr_line' id='line_1_20' title="bbox 1902 788 3509 865; baseline 0.007 -23"><span class='ocrx_word' id='word_1_162' title='bbox 1902 788 2178 843; x_wconf 77' lang='lat' dir='ltr'><strong>calcamus</strong></span> <span class='ocrx_word' id='word_1_163' title='bbox 2205 789 2393 857; x_wconf 90' lang='lat' dir='ltr'><strong>cibos,</strong></span> <span class='ocrx_word' id='word_1_164' title='bbox 2445 806 2507 845; x_wconf 89' lang='lat' dir='ltr'><strong>ac</strong></span> <span class='ocrx_word' id='word_1_165' title='bbox 2540 800 2788 848; x_wconf 85' lang='lat' dir='ltr'><strong>terrenas</strong></span> <span class='ocrx_word' id='word_1_166' title='bbox 2829 794 3052 851; x_wconf 88' lang='lat' dir='ltr'><strong>delicias</strong></span> <span class='ocrx_word' id='word_1_167' title='bbox 3089 807 3340 865; x_wconf 79' lang='lat' dir='ltr'><strong>putamus</strong></span> <span class='ocrx_word' id='word_1_168' title='bbox 3382 814 3509 854; x_wconf 88' lang='lat' dir='ltr'><strong>esse</strong></span> 
     </span>
    </p>
   </div>
   <div class='ocr_carea' id='block_1_21' title="bbox 1902 882 3504 959">
    <p class='ocr_par' dir='ltr' id='par_1_21' title="bbox 1902 882 3504 959">
     <span class='ocr_line' id='line_1_21' title="bbox 1902 882 3504 959; baseline 0.008 -24"><span class='ocrx_word' id='word_1_169' title='bbox 1902 896 2003 952; x_wconf 92' lang='lat' dir='ltr'><strong>pro</strong></span> <span class='ocrx_word' id='word_1_170' title='bbox 2033 882 2238 948; x_wconf 87' lang='lat' dir='ltr'><strong>nihilo,</strong></span> <span class='ocrx_word' id='word_1_171' title='bbox 2281 884 2378 940; x_wconf 88' lang='lat' dir='ltr'><strong>sed</strong></span> <span class='ocrx_word' id='word_1_172' title='bbox 2406 886 2743 941; x_wconf 89' lang='lat' dir='ltr'><strong>comedimus</strong></span> <span class='ocrx_word' id='word_1_173' title='bbox 2774 903 2966 955; x_wconf 87' lang='lat' dir='ltr'><strong>panem</strong></span> <span class='ocrx_word' id='word_1_174' title='bbox 2999 892 3086 959; x_wconf 90' lang='lat' dir='ltr'><strong>qui</strong></span> <span class='ocrx_word' id='word_1_175' title='bbox 3118 892 3186 946; x_wconf 89' lang='lat' dir='ltr'><strong>de</strong></span> <span class='ocrx_word' id='word_1_176' title='bbox 3214 892 3353 947; x_wconf 69' lang='lat' dir='ltr'><strong>coelo</strong></span> <span class='ocrx_word' id='word_1_177' title='bbox 3405 893 3504 948; x_wconf 73' lang='lat' dir='ltr'><strong>de~</strong></span> 
     </span>
    </p>
   </div>
   <div class='ocr_carea' id='block_1_22' title="bbox 1902 974 3499 1054">
    <p class='ocr_par' dir='ltr' id='par_1_22' title="bbox 1902 974 3499 1054">
     <span class='ocr_line' id='line_1_22' title="bbox 1902 974 3499 1054; baseline 0.006 -25"><span class='ocrx_word' id='word_1_178' title='bbox 1902 976 2121 1030; x_wconf 84' lang='lat' dir='ltr'><strong>scendit</strong></span> <span class='ocrx_word' id='word_1_179' title='bbox 2146 974 2326 1044; x_wconf 81' lang='lat' dir='ltr'><strong>(Joan.</strong></span> <span class='ocrx_word' id='word_1_180' title='bbox 2360 980 2463 1046; x_wconf 78' lang='lat' dir='ltr'><strong>v1),</strong></span> <span class='ocrx_word' id='word_1_181' title='bbox 2493 986 2549 1031; x_wconf 89' lang='lat' dir='ltr'><strong>et</strong></span> <span class='ocrx_word' id='word_1_182' title='bbox 2574 979 2803 1033; x_wconf 81' lang='lat' dir='ltr'><strong>fruimur</strong></span> <span class='ocrx_word' id='word_1_183' title='bbox 2833 980 2923 1034; x_wconf 88' lang='lat' dir='ltr'><strong>illo</strong></span> <span class='ocrx_word' id='word_1_184' title='bbox 2948 981 3091 1046; x_wconf 88' lang='lat' dir='ltr'><strong>cibo,</strong></span> <span class='ocrx_word' id='word_1_185' title='bbox 3122 983 3189 1038; x_wconf 92' lang='lat' dir='ltr'><strong>de</strong></span> <span class='ocrx_word' id='word_1_186' title='bbox 3210 1000 3318 1054; x_wconf 91' lang='lat' dir='ltr'><strong>quo</strong></span> <span class='ocrx_word' id='word_1_187' title='bbox 3348 984 3499 1039; x_wconf 61' lang='lat' dir='ltr'><strong>Psal-</strong></span> 
     </span>
    </p>
   </div>
   <div class='ocr_carea' id='block_1_23' title="bbox 1901 1065 3499 1142">
    <p class='ocr_par' dir='ltr' id='par_1_23' title="bbox 1901 1065 3499 1142">
     <span class='ocr_line' id='line_1_23' title="bbox 1901 1065 3499 1142; baseline 0.006 -23"><span class='ocrx_word' id='word_1_188' title='bbox 1901 1065 2060 1119; x_wconf 83' lang='lat' dir='ltr'><strong>mista</strong></span> <span class='ocrx_word' id='word_1_189' title='bbox 2112 1065 2365 1121; x_wconf 59' lang='lat' dir='ltr'><strong>decantat</strong></span> <span class='ocrx_word' id='word_1_190' title='bbox 2417 1085 2430 1121; x_wconf 89' lang='lat'><strong>:</strong></span> <span class='ocrx_word' id='word_1_191' title='bbox 2468 1066 2670 1122; x_wconf 87' lang='lat' dir='ltr'><strong>Panem</strong></span> <span class='ocrx_word' id='word_1_192' title='bbox 2718 1071 3030 1142; x_wconf 81' lang='lat' dir='ltr'><strong>Angelorum</strong></span> <span class='ocrx_word' id='word_1_193' title='bbox 3080 1074 3299 1128; x_wconf 84' lang='lat' dir='ltr'><strong>comedit</strong></span> <span class='ocrx_word' id='word_1_194' title='bbox 3347 1075 3499 1128; x_wconf 79' lang='lat' dir='ltr'><strong>hamo</strong></span> 
     </span>
    </p>
   </div>
   <div class='ocr_carea' id='block_1_24' title="bbox 1903 1157 3502 1237">
    <p class='ocr_par' dir='ltr' id='par_1_24' title="bbox 1903 1157 3502 1237">
     <span class='ocr_line' id='line_1_24' title="bbox 1903 1157 3502 1237; baseline 0.008 -25"><span class='ocrx_word' id='word_1_195' title='bbox 1903 1157 2077 1227; x_wconf 86' lang='lat' dir='ltr'><strong>(Psal.</strong></span> <span class='ocrx_word' id='word_1_196' title='bbox 2116 1175 2292 1213; x_wconf 77' lang='lat' dir='ltr'><strong>Lxxvn</strong></span> <span class='ocrx_word' id='word_1_197' title='bbox 2312 1204 2325 1225; x_wconf 94' lang='lat'><strong>,</strong></span> <span class='ocrx_word' id='word_1_198' title='bbox 2352 1161 2446 1232; x_wconf 73' lang='lat'><strong>25)</strong></span> <span class='ocrx_word' id='word_1_199' title='bbox 2473 1178 2487 1227; x_wconf 91' lang='lat'>;</span> <span class='ocrx_word' id='word_1_200' title='bbox 2531 1178 2872 1232; x_wconf 87' lang='lat' dir='ltr'><strong>nequaquam</strong></span> <span class='ocrx_word' id='word_1_201' title='bbox 2902 1162 3178 1237; x_wconf 64' lang='lat' dir='ltr'><strong>Egyptiis</strong></span> <span class='ocrx_word' id='word_1_202' title='bbox 3207 1171 3462 1225; x_wconf 87' lang='lat' dir='ltr'><strong>carnibus</strong></span> <span class='ocrx_word' id='word_1_203' title='bbox 3486 1210 3502 1235; x_wconf 90' lang='lat'><strong>,</strong></span> 
     </span>
    </p>
   </div>
   <div class='ocr_carea' id='block_1_25' title="bbox 1901 1254 2819 1315">
    <p class='ocr_par' dir='ltr' id='par_1_25' title="bbox 1901 1254 2819 1315">
     <span class='ocr_line' id='line_1_25' title="bbox 1901 1254 2819 1315; baseline 0.002 -6"><span class='ocrx_word' id='word_1_204' title='bbox 1901 1254 1995 1309; x_wconf 87' lang='lat' dir='ltr'><strong>sed</strong></span> <span class='ocrx_word' id='word_1_205' title='bbox 2026 1269 2235 1308; x_wconf 70' lang='lat' dir='ltr'><strong>manna:</strong></span> <span class='ocrx_word' id='word_1_206' title='bbox 2262 1256 2521 1311; x_wconf 86' lang='lat' dir='ltr'><strong>tenuitate</strong></span> <span class='ocrx_word' id='word_1_207' title='bbox 2550 1258 2819 1315; x_wconf 81' lang='lat' dir='ltr'><strong>viventes.</strong></span> 
     </span>
    </p>
   </div>
   <div class='ocr_carea' id='block_1_26' title="bbox 1975 1344 3503 1420">
    <p class='ocr_par' dir='ltr' id='par_1_26' title="bbox 1975 1344 3503 1420">
     <span class='ocr_line' id='line_1_26' title="bbox 1975 1344 3503 1420; baseline 0.006 -20"><span class='ocrx_word' id='word_1_208' title='bbox 1975 1344 2156 1415; x_wconf 84' lang='lat' dir='ltr'><strong>(Vers.</strong></span> <span class='ocrx_word' id='word_1_209' title='bbox 2192 1347 2279 1411; x_wconf 80' lang='lat' dir='ltr'><strong>i6,</strong></span> <span class='ocrx_word' id='word_1_210' title='bbox 2310 1347 2427 1415; x_wconf 80' lang='lat' dir='ltr'><strong>l7.)</strong></span> <span class='ocrx_word' id='word_1_211' title='bbox 2460 1346 2527 1402; x_wconf 84' lang='lat' dir='ltr'><strong>Et</strong></span> <span class='ocrx_word' id='word_1_212' title='bbox 2555 1349 2685 1403; x_wconf 76' lang='lat' dir='ltr'><strong>dixit</strong></span> <span class='ocrx_word' id='word_1_213' title='bbox 2710 1351 2780 1404; x_wconf 89' lang='lat' dir='ltr'><strong>ad</strong></span> <span class='ocrx_word' id='word_1_214' title='bbox 2804 1368 2886 1406; x_wconf 90' lang='lat' dir='ltr'><strong>me</strong></span> <span class='ocrx_word' id='word_1_215' title='bbox 2913 1368 2930 1405; x_wconf 90' lang='lat'><strong><em>:</em></strong></span> <span class='ocrx_word' id='word_1_216' title='bbox 2963 1350 3073 1406; x_wconf 82' lang='lat' dir='ltr'><strong>Fili</strong></span> <span class='ocrx_word' id='word_1_217' title='bbox 3118 1352 3362 1420; x_wconf 79' lang='lat' dir='ltr'><strong>hominis,</strong></span> <span class='ocrx_word' id='word_1_218' title='bbox 3389 1369 3503 1409; x_wconf 85' lang='lat' dir='ltr'><strong>ecce</strong></span> 
     </span>
    </p>
   </div>
   <div class='ocr_carea' id='block_1_27' title="bbox 1902 1438 3507 1511">
    <p class='ocr_par' dir='ltr' id='par_1_27' title="bbox 1902 1438 3507 1511">
     <span class='ocr_line' id='line_1_27' title="bbox 1902 1438 3507 1511; baseline 0.003 -20"><span class='ocrx_word' id='word_1_219' title='bbox 1902 1454 1994 1509; x_wconf 86' lang='lat' dir='ltr'><strong>ego</strong></span> <span class='ocrx_word' id='word_1_220' title='bbox 2013 1447 2273 1491; x_wconf 87' lang='lat' dir='ltr'><strong>conteram</strong></span> <span class='ocrx_word' id='word_1_221' title='bbox 2295 1438 2537 1493; x_wconf 83' lang='lat' dir='ltr'><strong>baculum</strong></span> <span class='ocrx_word' id='word_1_222' title='bbox 2570 1443 2720 1508; x_wconf 85' lang='lat' dir='ltr'><strong>panis</strong></span> <span class='ocrx_word' id='word_1_223' title='bbox 2750 1444 2802 1496; x_wconf 87' lang='lat' dir='ltr'><strong>in</strong></span> <span class='ocrx_word' id='word_1_224' title='bbox 2829 1442 3143 1511; x_wconf 82' lang='lat' dir='ltr'><strong>Jerusalem,</strong></span> <span class='ocrx_word' id='word_1_225' title='bbox 3170 1454 3218 1498; x_wconf 87' lang='lat' dir='ltr'><strong>et</strong></span> <span class='ocrx_word' id='word_1_226' title='bbox 3239 1446 3507 1500; x_wconf 87' lang='lat' dir='ltr'><strong>comedent</strong></span> 
     </span>
    </p>
   </div>
   <div class='ocr_carea' id='block_1_28' title="bbox 1902 1530 3506 1604">
    <p class='ocr_par' dir='ltr' id='par_1_28' title="bbox 1902 1530 3506 1604">
     <span class='ocr_line' id='line_1_28' title="bbox 1902 1530 3506 1604; baseline 0.004 -20"><span class='ocrx_word' id='word_1_227' title='bbox 1902 1548 2087 1602; x_wconf 84' lang='lat' dir='ltr'><strong>panem</strong></span> <span class='ocrx_word' id='word_1_228' title='bbox 2113 1532 2166 1585; x_wconf 90' lang='lat' dir='ltr'><strong>in</strong></span> <span class='ocrx_word' id='word_1_229' title='bbox 2189 1530 2434 1601; x_wconf 87' lang='lat' dir='ltr'><strong>pondere,</strong></span> <span class='ocrx_word' id='word_1_230' title='bbox 2459 1541 2508 1586; x_wconf 90' lang='lat' dir='ltr'><strong>et</strong></span> <span class='ocrx_word' id='word_1_231' title='bbox 2536 1533 2590 1587; x_wconf 89' lang='lat' dir='ltr'><strong>in</strong></span> <span class='ocrx_word' id='word_1_232' title='bbox 2619 1534 2990 1601; x_wconf 82' lang='lat' dir='ltr'><strong>sollicitudine,</strong></span> <span class='ocrx_word' id='word_1_233' title='bbox 3010 1546 3056 1589; x_wconf 87' lang='lat' dir='ltr'><strong>et</strong></span> <span class='ocrx_word' id='word_1_234' title='bbox 3076 1551 3267 1604; x_wconf 87' lang='lat' dir='ltr'><strong>aquam</strong></span> <span class='ocrx_word' id='word_1_235' title='bbox 3284 1537 3334 1589; x_wconf 87' lang='lat' dir='ltr'><strong>in</strong></span> <span class='ocrx_word' id='word_1_236' title='bbox 3356 1553 3506 1590; x_wconf 87' lang='lat' dir='ltr'><strong>men-</strong></span> 
     </span>
    </p>
   </div>
   <div class='ocr_carea' id='block_1_29' title="bbox 1900 1626 3503 1700">
    <p class='ocr_par' dir='ltr' id='par_1_29' title="bbox 1900 1626 3503 1700">
     <span class='ocr_line' id='line_1_29' title="bbox 1900 1626 3503 1700; baseline 0.001 -22"><span class='ocrx_word' id='word_1_237' title='bbox 1900 1641 2021 1678; x_wconf 85' lang='lat' dir='ltr'><strong>sura</strong></span> <span class='ocrx_word' id='word_1_238' title='bbox 2048 1633 2094 1679; x_wconf 87' lang='lat' dir='ltr'><strong>et</strong></span> <span class='ocrx_word' id='word_1_239' title='bbox 2125 1629 2365 1694; x_wconf 84' lang='lat' dir='ltr'><strong>angustia</strong></span> <span class='ocrx_word' id='word_1_240' title='bbox 2393 1626 2600 1691; x_wconf 82' lang='lat' dir='ltr'><strong>bibent;</strong></span> <span class='ocrx_word' id='word_1_241' title='bbox 2626 1636 2679 1678; x_wconf 87' lang='lat' dir='ltr'><strong>ut</strong></span> <span class='ocrx_word' id='word_1_242' title='bbox 2710 1626 3065 1693; x_wconf 82' lang='lat' dir='ltr'><strong>deficientibus</strong></span> <span class='ocrx_word' id='word_1_243' title='bbox 3088 1644 3223 1698; x_wconf 86' lang='lat' dir='ltr'><strong>pane</strong></span> <span class='ocrx_word' id='word_1_244' title='bbox 3264 1638 3311 1681; x_wconf 86' lang='lat' dir='ltr'><strong>et</strong></span> <span class='ocrx_word' id='word_1_245' title='bbox 3342 1644 3503 1700; x_wconf 81' lang='lat' dir='ltr'><strong>aqua,</strong></span> 
     </span>
    </p>
   </div>
   <div class='ocr_carea' id='block_1_30' title="bbox 1901 1720 3510 1789">
    <p class='ocr_par' dir='ltr' id='par_1_30' title="bbox 1901 1720 3510 1789">
     <span class='ocr_line' id='line_1_30' title="bbox 1901 1720 3510 1789; baseline 0.004 -20"><span class='ocrx_word' id='word_1_246' title='bbox 1901 1728 2107 1770; x_wconf 87' lang='lat' dir='ltr'><strong>corruat</strong></span> <span class='ocrx_word' id='word_1_247' title='bbox 2136 1721 2485 1789; x_wconf 81' lang='lat' dir='ltr'><strong>unusquisque</strong></span> <span class='ocrx_word' id='word_1_248' title='bbox 2511 1720 2578 1771; x_wconf 88' lang='lat' dir='ltr'><strong>ad</strong></span> <span class='ocrx_word' id='word_1_249' title='bbox 2607 1720 2820 1788; x_wconf 80' lang='lat' dir='ltr'><strong>fratrem</strong></span> <span class='ocrx_word' id='word_1_250' title='bbox 2852 1735 3025 1786; x_wconf 87' lang='lat' dir='ltr'><strong>suum,</strong></span> <span class='ocrx_word' id='word_1_251' title='bbox 3069 1728 3115 1773; x_wconf 90' lang='lat' dir='ltr'><strong>et</strong></span> <span class='ocrx_word' id='word_1_252' title='bbox 3143 1721 3510 1775; x_wconf 85' lang='lat' dir='ltr'><strong>contabescant</strong></span> 
     </span>
    </p>
   </div>
   <div class='ocr_carea' id='block_1_31' title="bbox 204 1803 3505 1882">
    <p class='ocr_par' dir='ltr' id='par_1_31' title="bbox 204 1803 3505 1882">
     <span class='ocr_line' id='line_1_31' title="bbox 204 1803 3505 1882; baseline 0.002 -23"><span class='ocrx_word' id='word_1_253' title='bbox 204 1803 263 1859; x_wconf 78' lang='lat' dir='ltr'><strong>Et</strong></span> <span class='ocrx_word' id='word_1_254' title='bbox 286 1806 413 1860; x_wconf 74' lang='lat' dir='ltr'><strong>dixit</strong></span> <span class='ocrx_word' id='word_1_255' title='bbox 442 1805 515 1859; x_wconf 83' lang='lat' dir='ltr'><strong>ad</strong></span> <span class='ocrx_word' id='word_1_256' title='bbox 545 1822 626 1859; x_wconf 71' lang='lat' dir='ltr'><strong>me</strong></span> <span class='ocrx_word' id='word_1_257' title='bbox 656 1822 671 1858; x_wconf 88' lang='lat'><strong><em>:</em></strong></span> <span class='ocrx_word' id='word_1_258' title='bbox 701 1803 840 1860; x_wconf 85' lang='lat' dir='ltr'><strong>Ecce</strong></span> <span class='ocrx_word' id='word_1_259' title='bbox 865 1806 984 1860; x_wconf 85' lang='lat' dir='ltr'><strong>dedi</strong></span> <span class='ocrx_word' id='word_1_260' title='bbox 1011 1807 1102 1858; x_wconf 80' lang='lat' dir='ltr'><strong>tibi</strong></span> <span class='ocrx_word' id='word_1_261' title='bbox 1130 1806 1330 1874; x_wconf 76' lang='lat' dir='ltr'><strong>ﬁmum,</strong></span> <span class='ocrx_word' id='word_1_262' title='bbox 1362 1806 1514 1859; x_wconf 85' lang='lat' dir='ltr'><strong>boum</strong></span> <span class='ocrx_word' id='word_1_263' title='bbox 1542 1823 1635 1875; x_wconf 84' lang='lat' dir='ltr'><strong>pro</strong></span> <span class='ocrx_word' id='word_1_264' title='bbox 1664 1814 1796 1859; x_wconf 88' lang='lat' dir='ltr'><strong>ster-</strong></span> <span class='ocrx_word' id='word_1_265' title='bbox 1826 1814 1872 1874; x_wconf 78' lang='grc' dir='ltr'><strong>Β</strong></span> <span class='ocrx_word' id='word_1_266' title='bbox 1899 1810 1953 1862; x_wconf 86' lang='lat' dir='ltr'><strong>in</strong></span> <span class='ocrx_word' id='word_1_267' title='bbox 1971 1811 2327 1880; x_wconf 86' lang='lat' dir='ltr'><strong>iniquitatibus</strong></span> <span class='ocrx_word' id='word_1_268' title='bbox 2350 1813 2475 1865; x_wconf 86' lang='lat' dir='ltr'><strong>suis.</strong></span> <span class='ocrx_word' id='word_1_269' title='bbox 2502 1810 2737 1865; x_wconf 81' lang='lat' dir='ltr'><strong>Verbum</strong></span> <span class='ocrx_word' id='word_1_270' title='bbox 2766 1810 3090 1865; x_wconf 66' lang='lat' dir='ltr'><strong>Hvbraicnm</strong></span> <span class='ocrx_word' id='word_1_271' title='bbox 3116 1827 3264 1866; x_wconf 70' lang='lat' dir='ltr'><strong>sum</strong></span> <span class='ocrx_word' id='word_1_272' title='bbox 3291 1813 3505 1882; x_wconf 72' lang='lat' dir='ltr'><strong>(ann),</strong></span> 
     </span>
    </p>
   </div>
   <div class='ocr_carea' id='block_1_32' title="bbox 204 1897 1798 1970">
    <p class='ocr_par' dir='ltr' id='par_1_32' title="bbox 204 1897 1798 1970">
     <span class='ocr_line' id='line_1_32' title="bbox 204 1897 1798 1970; baseline -0.001 -17"><span class='ocrx_word' id='word_1_273' title='bbox 204 1899 390 1953; x_wconf 72' lang='lat' dir='ltr'><strong>curibus</strong></span> <span class='ocrx_word' id='word_1_274' title='bbox 416 1899 684 1967; x_wconf 81' lang='lat' dir='ltr'><strong>humanis,</strong></span> <span class='ocrx_word' id='word_1_275' title='bbox 720 1908 767 1952; x_wconf 90' lang='lat' dir='ltr'><strong>et</strong></span> <span class='ocrx_word' id='word_1_276' title='bbox 796 1900 956 1969; x_wconf 82' lang='lat' dir='ltr'><strong>facies</strong></span> <span class='ocrx_word' id='word_1_277' title='bbox 982 1914 1165 1970; x_wconf 88' lang='lat' dir='ltr'><strong>panem</strong></span> <span class='ocrx_word' id='word_1_278' title='bbox 1188 1907 1334 1951; x_wconf 80' lang='lat' dir='ltr'><strong>tuum</strong></span> <span class='ocrx_word' id='word_1_279' title='bbox 1363 1900 1416 1950; x_wconf 87' lang='lat' dir='ltr'><strong>in</strong></span> <span class='ocrx_word' id='word_1_280' title='bbox 1444 1913 1525 1952; x_wconf 90' lang='lat' dir='ltr'><strong>eo.</strong></span> <span class='ocrx_word' id='word_1_281' title='bbox 1553 1897 1798 1968; x_wconf 89' lang='lat' dir='ltr'><strong>Prophe-</strong></span> 
     </span>
    </p>
   </div>
   <div class='ocr_carea' id='block_1_33' title="bbox 203 1991 1799 2064">
    <p class='ocr_par' dir='ltr' id='par_1_33' title="bbox 203 1991 1799 2064">
     <span class='ocr_line' id='line_1_33' title="bbox 203 1991 1799 2064; baseline -0.002 -16"><span class='ocrx_word' id='word_1_282' title='bbox 203 2002 275 2048; x_wconf 82' lang='lat' dir='ltr'><strong>tas</strong></span> <span class='ocrx_word' id='word_1_283' title='bbox 296 1994 445 2063; x_wconf 77' lang='lat' dir='ltr'><strong>juxta</strong></span> <span class='ocrx_word' id='word_1_284' title='bbox 478 1991 804 2047; x_wconf 83' lang='lat' dir='ltr'><strong>Zachariam</strong></span> <span class='ocrx_word' id='word_1_285' title='bbox 834 1991 1020 2061; x_wconf 89' lang='lat' dir='ltr'><strong>(Zach.</strong></span> <span class='ocrx_word' id='word_1_286' title='bbox 1050 1991 1132 2064; x_wconf 84' lang='lat' dir='ltr'><strong>tu)</strong></span> <span class='ocrx_word' id='word_1_287' title='bbox 1172 1991 1317 2046; x_wconf 88' lang='lat' dir='ltr'><strong>viros</strong></span> <span class='ocrx_word' id='word_1_288' title='bbox 1342 2006 1467 2046; x_wconf 89' lang='lat' dir='ltr'><strong>esse</strong></span> <span class='ocrx_word' id='word_1_289' title='bbox 1512 1999 1799 2059; x_wconf 78' lang='lat' dir='ltr'><strong>portento-</strong></span> 
     </span>
    </p>
   </div>
   <div class='ocr_carea' id='block_1_34' title="bbox 200 2083 1795 2156">
    <p class='ocr_par' dir='ltr' id='par_1_34' title="bbox 200 2083 1795 2156">
     <span class='ocr_line' id='line_1_34' title="bbox 200 2083 1795 2156; baseline -0.003 -14"><span class='ocrx_word' id='word_1_290' title='bbox 200 2100 300 2155; x_wconf 80' lang='lat' dir='ltr'><strong>sos,</strong></span> <span class='ocrx_word' id='word_1_291' title='bbox 333 2088 424 2156; x_wconf 85' lang='lat' dir='ltr'><strong>qui</strong></span> <span class='ocrx_word' id='word_1_292' title='bbox 454 2086 572 2140; x_wconf 88' lang='lat' dir='ltr'><strong>suis</strong></span> <span class='ocrx_word' id='word_1_293' title='bbox 598 2085 859 2156; x_wconf 88' lang='lat' dir='ltr'><strong>operibus</strong></span> <span class='ocrx_word' id='word_1_294' title='bbox 893 2086 1065 2138; x_wconf 88' lang='lat' dir='ltr'><strong>futura</strong></span> <span class='ocrx_word' id='word_1_295' title='bbox 1093 2084 1451 2154; x_wconf 86' lang='lat' dir='ltr'><strong>portendant,</strong></span> <span class='ocrx_word' id='word_1_296' title='bbox 1498 2093 1553 2138; x_wconf 93' lang='lat' dir='ltr'><strong>et</strong></span> <span class='ocrx_word' id='word_1_297' title='bbox 1582 2083 1651 2138; x_wconf 90' lang='lat' dir='ltr'><strong>de</strong></span> <span class='ocrx_word' id='word_1_298' title='bbox 1677 2083 1795 2154; x_wconf 89' lang='lat' dir='ltr'><strong>qui-</strong></span> 
     </span>
    </p>
   </div>
   <div class='ocr_carea' id='block_1_35' title="bbox 199 2175 1799 2248">
    <p class='ocr_par' dir='ltr' id='par_1_35' title="bbox 199 2175 1799 2248">
     <span class='ocr_line' id='line_1_35' title="bbox 199 2175 1799 2248; baseline -0.003 -15"><span class='ocrx_word' id='word_1_299' title='bbox 199 2177 290 2233; x_wconf 80' lang='lat' dir='ltr'><strong>bus</strong></span> <span class='ocrx_word' id='word_1_300' title='bbox 318 2178 561 2248; x_wconf 82' lang='lat' dir='ltr'><strong>loquitur</strong></span> <span class='ocrx_word' id='word_1_301' title='bbox 593 2178 736 2233; x_wconf 87' lang='lat' dir='ltr'><strong>Deus</strong></span> <span class='ocrx_word' id='word_1_302' title='bbox 777 2195 790 2231; x_wconf 90' lang='lat'>:</span> <span class='ocrx_word' id='word_1_303' title='bbox 827 2175 894 2231; x_wconf 82' lang='lat' dir='ltr'><strong>In</strong></span> <span class='ocrx_word' id='word_1_304' title='bbox 921 2178 1155 2232; x_wconf 84' lang='lat' dir='ltr'><strong>manibus</strong></span> <span class='ocrx_word' id='word_1_305' title='bbox 1186 2176 1568 2246; x_wconf 86' lang='lat' dir='ltr'><strong>Pr0phetarum</strong></span> <span class='ocrx_word' id='word_1_306' title='bbox 1594 2178 1799 2231; x_wconf 85' lang='lat' dir='ltr'><strong>assimi-</strong></span> 
     </span>
    </p>
   </div>
   <div class='ocr_carea' id='block_1_36' title="bbox 200 2260 1798 2341">
    <p class='ocr_par' dir='ltr' id='par_1_36' title="bbox 200 2260 1798 2341">
     <span class='ocr_line' id='line_1_36' title="bbox 200 2260 1798 2341; baseline 0 -17"><span class='ocrx_word' id='word_1_307' title='bbox 200 2270 321 2324; x_wconf 76' lang='lat' dir='ltr'><strong>latas</strong></span> <span class='ocrx_word' id='word_1_308' title='bbox 346 2288 461 2324; x_wconf 82' lang='lat' dir='ltr'><strong>sum</strong></span> <span class='ocrx_word' id='word_1_309' title='bbox 491 2260 653 2335; x_wconf 79' lang='lat' dir='ltr'><strong>(Oseé</strong></span> <span class='ocrx_word' id='word_1_310' title='bbox 682 2285 780 2335; x_wconf 79' lang='lat' dir='ltr'><strong>xu,</strong></span> <span class='ocrx_word' id='word_1_311' title='bbox 816 2269 943 2341; x_wconf 73' lang='lat'><strong>10),</strong></span> <span class='ocrx_word' id='word_1_312' title='bbox 993 2270 1045 2324; x_wconf 93' lang='lat' dir='ltr'><strong>in</strong></span> <span class='ocrx_word' id='word_1_313' title='bbox 1088 2271 1271 2324; x_wconf 83' lang='lat' dir='ltr'><strong>multis</strong></span> <span class='ocrx_word' id='word_1_314' title='bbox 1300 2270 1434 2325; x_wconf 90' lang='lat' dir='ltr'><strong>locis</strong></span> <span class='ocrx_word' id='word_1_315' title='bbox 1463 2270 1798 2325; x_wconf 88' lang='lat' dir='ltr'><strong>creberrime</strong></span> 
     </span>
    </p>
   </div>
   <div class='ocr_carea' id='block_1_37' title="bbox 198 2362 1797 2434">
    <p class='ocr_par' dir='ltr' id='par_1_37' title="bbox 198 2362 1797 2434">
     <span class='ocr_line' id='line_1_37' title="bbox 198 2362 1797 2434; baseline -0.002 -15"><span class='ocrx_word' id='word_1_316' title='bbox 198 2362 429 2434; x_wconf 78' lang='lat' dir='ltr'><strong>legimus.</strong></span> <span class='ocrx_word' id='word_1_317' title='bbox 486 2362 641 2419; x_wconf 90' lang='lat' dir='ltr'><strong>Sicut</strong></span> <span class='ocrx_word' id='word_1_318' title='bbox 689 2362 853 2434; x_wconf 89' lang='lat' dir='ltr'><strong>igitur</strong></span> <span class='ocrx_word' id='word_1_319' title='bbox 900 2362 1147 2418; x_wconf 80' lang='lat' dir='ltr'><strong>Ezechiel</strong></span> <span class='ocrx_word' id='word_1_320' title='bbox 1205 2377 1401 2432; x_wconf 90' lang='lat' dir='ltr'><strong>panem</strong></span> <span class='ocrx_word' id='word_1_321' title='bbox 1450 2363 1690 2417; x_wconf 88' lang='lat' dir='ltr'><strong>comedit</strong></span> <span class='ocrx_word' id='word_1_322' title='bbox 1742 2362 1797 2416; x_wconf 90' lang='lat' dir='ltr'><strong>in</strong></span> 
     </span>
    </p>
   </div>
   <div class='ocr_carea' id='block_1_38' title="bbox 199 2454 1797 2525">
    <p class='ocr_par' dir='ltr' id='par_1_38' title="bbox 199 2454 1797 2525">
     <span class='ocr_line' id='line_1_38' title="bbox 199 2454 1797 2525; baseline -0.002 -12"><span class='ocrx_word' id='word_1_323' title='bbox 199 2467 470 2514; x_wconf 88' lang='lat' dir='ltr'><strong>stercore:</strong></span> <span class='ocrx_word' id='word_1_324' title='bbox 505 2457 585 2512; x_wconf 90' lang='lat' dir='ltr'><strong>sic</strong></span> <span class='ocrx_word' id='word_1_325' title='bbox 614 2468 668 2511; x_wconf 90' lang='lat' dir='ltr'><strong>et</strong></span> <span class='ocrx_word' id='word_1_326' title='bbox 696 2455 792 2511; x_wconf 82' lang='lat' dir='ltr'><strong>filii</strong></span> <span class='ocrx_word' id='word_1_327' title='bbox 845 2456 1030 2523; x_wconf 90' lang='lat' dir='ltr'><strong>Israel,</strong></span> <span class='ocrx_word' id='word_1_328' title='bbox 1082 2457 1166 2510; x_wconf 89' lang='lat' dir='ltr'><strong>vel</strong></span> <span class='ocrx_word' id='word_1_329' title='bbox 1217 2455 1397 2510; x_wconf 88' lang='lat' dir='ltr'><strong>omnis</strong></span> <span class='ocrx_word' id='word_1_330' title='bbox 1439 2454 1670 2525; x_wconf 91' lang='lat' dir='ltr'><strong>populus</strong></span> <span class='ocrx_word' id='word_1_331' title='bbox 1697 2454 1797 2510; x_wconf 84' lang='lat' dir='ltr'><strong>Ju-</strong></span> 
     </span>
    </p>
   </div>
   <div class='ocr_carea' id='block_1_39' title="bbox 200 2550 1802 2621">
    <p class='ocr_par' dir='ltr' id='par_1_39' title="bbox 200 2550 1802 2621">
     <span class='ocr_line' id='line_1_39' title="bbox 200 2550 1802 2621; baseline 0 -14"><span class='ocrx_word' id='word_1_332' title='bbox 200 2551 451 2617; x_wconf 71' lang='lat' dir='ltr'><strong>daaorum,</strong></span> <span class='ocrx_word' id='word_1_333' title='bbox 478 2552 598 2607; x_wconf 86' lang='lat' dir='ltr'><strong>sive</strong></span> <span class='ocrx_word' id='word_1_334' title='bbox 620 2560 678 2606; x_wconf 93' lang='lat' dir='ltr'><strong>ut</strong></span> <span class='ocrx_word' id='word_1_335' title='bbox 708 2550 801 2606; x_wconf 87' lang='lat' dir='ltr'><strong>alii</strong></span> <span class='ocrx_word' id='word_1_336' title='bbox 830 2559 1040 2621; x_wconf 89' lang='lat' dir='ltr'><strong>putant,</strong></span> <span class='ocrx_word' id='word_1_337' title='bbox 1073 2550 1263 2605; x_wconf 86' lang='lat' dir='ltr'><strong>decem</strong></span> <span class='ocrx_word' id='word_1_338' title='bbox 1303 2552 1478 2605; x_wconf 89' lang='lat' dir='ltr'><strong>tribus</strong></span> <span class='ocrx_word' id='word_1_339' title='bbox 1510 2550 1802 2607; x_wconf 90' lang='lat' dir='ltr'><strong>comedent</strong></span> 
     </span>
    </p>
   </div>
   <div class='ocr_carea' id='block_1_40' title="bbox 202 2643 1793 2718">
    <p class='ocr_par' dir='ltr' id='par_1_40' title="bbox 202 2643 1793 2718">
     <span class='ocr_line' id='line_1_40' title="bbox 202 2643 1793 2718; baseline -0.001 -19"><span class='ocrx_word' id='word_1_340' title='bbox 202 2644 315 2718; x_wconf 78' lang='lat' dir='ltr'><strong>[AL</strong></span> <span class='ocrx_word' id='word_1_341' title='bbox 347 2645 754 2718; x_wconf 88' lang='lat' dir='ltr'><strong>comedebant]</strong></span> <span class='ocrx_word' id='word_1_342' title='bbox 790 2660 985 2715; x_wconf 84' lang='lat' dir='ltr'><strong>panem</strong></span> <span class='ocrx_word' id='word_1_343' title='bbox 1026 2645 1290 2715; x_wconf 92' lang='lat' dir='ltr'><strong>pollutum</strong></span> <span class='ocrx_word' id='word_1_344' title='bbox 1342 2643 1395 2699; x_wconf 89' lang='lat' dir='ltr'><strong>in</strong></span> <span class='ocrx_word' id='word_1_345' title='bbox 1442 2643 1793 2698; x_wconf 82' lang='lat' dir='ltr'><strong>nationibus:</strong></span> 
     </span>
    </p>
   </div>
   <div class='ocr_carea' id='block_1_41' title="bbox 202 2737 1795 2809">
    <p class='ocr_par' dir='ltr' id='par_1_41' title="bbox 202 2737 1795 2809">
     <span class='ocr_line' id='line_1_41' title="bbox 202 2737 1795 2809; baseline -0.002 -14"><span class='ocrx_word' id='word_1_346' title='bbox 202 2738 311 2796; x_wconf 81' lang='lat' dir='ltr'><strong>licet</strong></span> <span class='ocrx_word' id='word_1_347' title='bbox 339 2738 408 2794; x_wconf 88' lang='lat' dir='ltr'><strong>ad</strong></span> <span class='ocrx_word' id='word_1_348' title='bbox 439 2753 537 2794; x_wconf 90' lang='lat' dir='ltr'><strong>eos</strong></span> <span class='ocrx_word' id='word_1_349' title='bbox 566 2753 677 2793; x_wconf 91' lang='lat' dir='ltr'><strong>non</strong></span> <span class='ocrx_word' id='word_1_350' title='bbox 704 2737 1168 2807; x_wconf 85' lang='lat' dir='ltr'><strong>sitcomminatio,</strong></span> <span class='ocrx_word' id='word_1_351' title='bbox 1202 2738 1421 2809; x_wconf 88' lang='lat' dir='ltr'><strong>quijam</strong></span> <span class='ocrx_word' id='word_1_352' title='bbox 1450 2737 1608 2806; x_wconf 91' lang='lat' dir='ltr'><strong>ejecti</strong></span> <span class='ocrx_word' id='word_1_353' title='bbox 1635 2746 1795 2802; x_wconf 91' lang='lat' dir='ltr'><strong>sunt;</strong></span> 
     </span>
    </p>
   </div>
   <div class='ocr_carea' id='block_1_42' title="bbox 199 2832 1800 2904">
    <p class='ocr_par' dir='ltr' id='par_1_42' title="bbox 199 2832 1800 2904">
     <span class='ocr_line' id='line_1_42' title="bbox 199 2832 1800 2904; baseline -0.002 -15"><span class='ocrx_word' id='word_1_354' title='bbox 199 2834 285 2889; x_wconf 84' lang='lat' dir='ltr'><strong>sed</strong></span> <span class='ocrx_word' id='word_1_355' title='bbox 310 2832 375 2888; x_wconf 83' lang='lat' dir='ltr'><strong>ad</strong></span> <span class='ocrx_word' id='word_1_356' title='bbox 403 2847 505 2888; x_wconf 86' lang='lat' dir='ltr'><strong>eos</strong></span> <span class='ocrx_word' id='word_1_357' title='bbox 547 2833 641 2904; x_wconf 92' lang='lat' dir='ltr'><strong>qui</strong></span> <span class='ocrx_word' id='word_1_358' title='bbox 678 2832 934 2902; x_wconf 81' lang='lat' dir='ltr'><strong>ejiciendi</strong></span> <span class='ocrx_word' id='word_1_359' title='bbox 966 2841 1092 2886; x_wconf 90' lang='lat' dir='ltr'><strong>sunt</strong></span> <span class='ocrx_word' id='word_1_360' title='bbox 1140 2832 1207 2888; x_wconf 90' lang='lat' dir='ltr'><strong>de</strong></span> <span class='ocrx_word' id='word_1_361' title='bbox 1237 2840 1380 2888; x_wconf 87' lang='lat' dir='ltr'><strong>terra</strong></span> <span class='ocrx_word' id='word_1_362' title='bbox 1416 2832 1800 2903; x_wconf 80' lang='lat' dir='ltr'><strong>repromissio-</strong></span> 
     </span>
    </p>
   </div>
   <div class='ocr_carea' id='block_1_43' title="bbox 199 2923 1795 2996">
    <p class='ocr_par' dir='ltr' id='par_1_43' title="bbox 199 2923 1795 2996">
     <span class='ocr_line' id='line_1_43' title="bbox 199 2923 1795 2996; baseline -0.001 -16"><span class='ocrx_word' id='word_1_363' title='bbox 199 2927 295 2981; x_wconf 89' lang='lat' dir='ltr'><strong>nis.</strong></span> <span class='ocrx_word' id='word_1_364' title='bbox 337 2925 492 2994; x_wconf 84' lang='lat' dir='ltr'><strong>Quod</strong></span> <span class='ocrx_word' id='word_1_365' title='bbox 522 2940 649 2981; x_wconf 90' lang='lat' dir='ltr'><strong>cum</strong></span> <span class='ocrx_word' id='word_1_366' title='bbox 681 2923 959 2995; x_wconf 86' lang='lat' dir='ltr'><strong>Propheta</strong></span> <span class='ocrx_word' id='word_1_367' title='bbox 988 2924 1305 2991; x_wconf 88' lang='lat' dir='ltr'><strong>didicisset,</strong></span> <span class='ocrx_word' id='word_1_368' title='bbox 1357 2926 1517 2994; x_wconf 75' lang='lat' dir='ltr'><strong>juxta</strong></span> <span class='ocrx_word' id='word_1_369' title='bbox 1542 2925 1795 2996; x_wconf 83' lang='lat' dir='ltr'><strong>Aquilam</strong></span> 
     </span>
    </p>
   </div>
   <div class='ocr_carea' id='block_1_44' title="bbox 197 3016 1795 3087">
    <p class='ocr_par' dir='ltr' id='par_1_44' title="bbox 197 3016 1795 3087">
     <span class='ocr_line' id='line_1_44' title="bbox 197 3016 1795 3087; baseline -0.003 -12"><span class='ocrx_word' id='word_1_370' title='bbox 197 3019 350 3075; x_wconf 87' lang='lat' dir='ltr'><strong>tertio</strong></span> <span class='ocrx_word' id='word_1_371' title='bbox 377 3019 688 3074; x_wconf 85' lang='lat' dir='ltr'><strong>detestatus</strong></span> <span class='ocrx_word' id='word_1_372' title='bbox 716 3026 823 3087; x_wconf 89' lang='lat' dir='ltr'><strong>est,</strong></span> <span class='ocrx_word' id='word_1_373' title='bbox 854 3017 946 3081; x_wconf 87' lang='lat' dir='ltr'><strong>ah,</strong></span> <span class='ocrx_word' id='word_1_374' title='bbox 971 3016 1058 3084; x_wconf 89' lang='lat' dir='ltr'><strong>ah,</strong></span> <span class='ocrx_word' id='word_1_375' title='bbox 1090 3017 1180 3070; x_wconf 90' lang='lat' dir='ltr'><strong>ah.</strong></span> <span class='ocrx_word' id='word_1_376' title='bbox 1219 3016 1377 3072; x_wconf 83' lang='lat' dir='ltr'><strong>Juxta</strong></span> <span class='ocrx_word' id='word_1_377' title='bbox 1407 3017 1795 3087; x_wconf 88' lang='lat' dir='ltr'><strong>Symmachum</strong></span> 
     </span>
    </p>
   </div>
   <div class='ocr_carea' id='block_1_45' title="bbox 197 3109 1797 3184">
    <p class='ocr_par' dir='ltr' id='par_1_45' title="bbox 197 3109 1797 3184">
     <span class='ocr_line' id='line_1_45' title="bbox 197 3109 1797 3184; baseline -0.002 -16"><span class='ocrx_word' id='word_1_378' title='bbox 197 3127 317 3168; x_wconf 82' lang='lat' dir='ltr'><strong>vero</strong></span> <span class='ocrx_word' id='word_1_379' title='bbox 343 3123 398 3168; x_wconf 91' lang='lat' dir='ltr'><strong>et</strong></span> <span class='ocrx_word' id='word_1_380' title='bbox 428 3110 596 3179; x_wconf 79' lang='lat' dir='ltr'><strong>LXX,</strong></span> <span class='ocrx_word' id='word_1_381' title='bbox 635 3110 918 3181; x_wconf 88' lang='lat' dir='ltr'><strong>respondit</strong></span> <span class='ocrx_word' id='word_1_382' title='bbox 943 3109 1214 3184; x_wconf 81' lang='grc' dir='ltr'><strong>μηδαμῶς,</strong></span> <span class='ocrx_word' id='word_1_383' title='bbox 1248 3109 1395 3180; x_wconf 89' lang='lat' dir='ltr'><strong>quod</strong></span> <span class='ocrx_word' id='word_1_384' title='bbox 1428 3109 1617 3166; x_wconf 89' lang='lat' dir='ltr'><strong>Latine</strong></span> <span class='ocrx_word' id='word_1_385' title='bbox 1657 3110 1797 3166; x_wconf 84' lang='lat' dir='ltr'><strong>dici-</strong></span> 
     </span>
    </p>
   </div>
   <div class='ocr_carea' id='block_1_46' title="bbox 1905 1899 3509 1973">
    <p class='ocr_par' dir='ltr' id='par_1_46' title="bbox 1905 1899 3509 1973">
     <span class='ocr_line' id='line_1_46' title="bbox 1905 1899 3509 1973; baseline 0.003 -20"><span class='ocrx_word' id='word_1_386' title='bbox 1905 1899 2077 1969; x_wconf 90' lang='lat' dir='ltr'><strong>prima</strong></span> <span class='ocrx_word' id='word_1_387' title='bbox 2105 1902 2319 1971; x_wconf 72' lang='lat' dir='ltr'><strong>Aquila:</strong></span> <span class='ocrx_word' id='word_1_388' title='bbox 2348 1901 2517 1955; x_wconf 87' lang='lat' dir='ltr'><strong>editio</strong></span> <span class='ocrx_word' id='word_1_389' title='bbox 2549 1900 2805 1965; x_wconf 86' lang='lat' dir='ltr'><strong>baculum,</strong></span> <span class='ocrx_word' id='word_1_390' title='bbox 2823 1902 3060 1956; x_wconf 91' lang='lat' dir='ltr'><strong>secunda</strong></span> <span class='ocrx_word' id='word_1_391' title='bbox 3082 1904 3509 1973; x_wconf 85' lang='lat' dir='ltr'><strong>etSymmachus</strong></span> 
     </span>
    </p>
   </div>
   <div class='ocr_carea' id='block_1_47' title="bbox 1903 1992 3506 2073">
    <p class='ocr_par' dir='ltr' id='par_1_47' title="bbox 1903 1992 3506 2073">
     <span class='ocr_line' id='line_1_47' title="bbox 1903 1992 3506 2073; baseline 0.002 -26"><span class='ocrx_word' id='word_1_392' title='bbox 1903 1992 2311 2065; x_wconf 84' lang='lat' dir='ltr'><strong>Theodotioqne</strong></span> <span class='ocrx_word' id='word_1_393' title='bbox 2327 1998 2617 2073; x_wconf 78' lang='grc' dir='ltr'><strong>στερέωμα,</strong></span> <span class='ocrx_word' id='word_1_394' title='bbox 2648 1993 2699 2047; x_wconf 97' lang='lat' dir='ltr'><strong>id</strong></span> <span class='ocrx_word' id='word_1_395' title='bbox 2714 2005 2794 2048; x_wconf 89' lang='lat' dir='ltr'><strong>est</strong></span> <span class='ocrx_word' id='word_1_396' title='bbox 2806 2039 2817 2055; x_wconf 83' lang='lat'><strong>.</strong></span> <span class='ocrx_word' id='word_1_397' title='bbox 2834 1994 3218 2063; x_wconf 78' lang='lat' dir='ltr'><strong>firmamentum</strong></span> <span class='ocrx_word' id='word_1_398' title='bbox 3235 1996 3506 2065; x_wconf 82' lang='lat' dir='ltr'><strong>interpre-</strong></span> 
     </span>
    </p>
   </div>
   <div class='ocr_carea' id='block_1_48' title="bbox 1904 2087 3505 2156">
    <p class='ocr_par' dir='ltr' id='par_1_48' title="bbox 1904 2087 3505 2156">
     <span class='ocr_line' id='line_1_48' title="bbox 1904 2087 3505 2156; baseline 0.002 -15"><span class='ocrx_word' id='word_1_399' title='bbox 1904 2088 1999 2141; x_wconf 84' lang='lat' dir='ltr'><strong>tati</strong></span> <span class='ocrx_word' id='word_1_400' title='bbox 2028 2099 2171 2142; x_wconf 90' lang='lat' dir='ltr'><strong>sunt.</strong></span> <span class='ocrx_word' id='word_1_401' title='bbox 2204 2088 2358 2154; x_wconf 85' lang='lat' dir='ltr'><strong>Quod</strong></span> <span class='ocrx_word' id='word_1_402' title='bbox 2385 2098 2565 2143; x_wconf 85' lang='lat' dir='ltr'><strong>autem</strong></span> <span class='ocrx_word' id='word_1_403' title='bbox 2595 2104 2760 2156; x_wconf 86' lang='lat' dir='ltr'><strong>opere</strong></span> <span class='ocrx_word' id='word_1_404' title='bbox 2791 2087 3029 2143; x_wconf 87' lang='lat' dir='ltr'><strong>futurum</strong></span> <span class='ocrx_word' id='word_1_405' title='bbox 3074 2104 3198 2145; x_wconf 87' lang='lat' dir='ltr'><strong>esse</strong></span> <span class='ocrx_word' id='word_1_406' title='bbox 3229 2101 3505 2145; x_wconf 86' lang='lat' dir='ltr'><strong>monstra-</strong></span> 
     </span>
    </p>
   </div>
   <div class='ocr_carea' id='block_1_49' title="bbox 1902 2178 3505 2251">
    <p class='ocr_par' dir='ltr' id='par_1_49' title="bbox 1902 2178 3505 2251">
     <span class='ocr_line' id='line_1_49' title="bbox 1902 2178 3505 2251; baseline 0.004 -20"><span class='ocrx_word' id='word_1_407' title='bbox 1902 2188 2077 2242; x_wconf 88' lang='lat' dir='ltr'><strong>verat,</strong></span> <span class='ocrx_word' id='word_1_408' title='bbox 2112 2190 2162 2232; x_wconf 87' lang='lat' dir='ltr'><strong>et</strong></span> <span class='ocrx_word' id='word_1_409' title='bbox 2193 2193 2446 2234; x_wconf 90' lang='lat' dir='ltr'><strong>sermone</strong></span> <span class='ocrx_word' id='word_1_410' title='bbox 2487 2178 2847 2244; x_wconf 86' lang='lat' dir='ltr'><strong>demonstrat,</strong></span> <span class='ocrx_word' id='word_1_411' title='bbox 2882 2181 3165 2251; x_wconf 89' lang='lat' dir='ltr'><strong>omnisque</strong></span> <span class='ocrx_word' id='word_1_412' title='bbox 3203 2181 3415 2238; x_wconf 80' lang='lat' dir='ltr'><strong>sinistri</strong></span> <span class='ocrx_word' id='word_1_413' title='bbox 3447 2191 3505 2237; x_wconf 90' lang='lat' dir='ltr'><strong>et</strong></span> 
     </span>
    </p>
   </div>
   <div class='ocr_carea' id='block_1_50' title="bbox 1902 2269 3509 2344">
    <p class='ocr_par' dir='ltr' id='par_1_50' title="bbox 1902 2269 3509 2344">
     <span class='ocr_line' id='line_1_50' title="bbox 1902 2269 3509 2344; baseline 0.004 -20"><span class='ocrx_word' id='word_1_414' title='bbox 1902 2269 2082 2325; x_wconf 76' lang='lat' dir='ltr'><strong>dextri</strong></span> <span class='ocrx_word' id='word_1_415' title='bbox 2116 2270 2299 2324; x_wconf 77' lang='lat' dir='ltr'><strong>lateris</strong></span> <span class='ocrx_word' id='word_1_416' title='bbox 2330 2270 2607 2336; x_wconf 88' lang='lat' dir='ltr'><strong>dormitio,</strong></span> <span class='ocrx_word' id='word_1_417' title='bbox 2637 2280 2689 2324; x_wconf 89' lang='lat' dir='ltr'><strong>et</strong></span> <span class='ocrx_word' id='word_1_418' title='bbox 2712 2270 3057 2327; x_wconf 86' lang='lat' dir='ltr'><strong>subcinericii</strong></span> <span class='ocrx_word' id='word_1_419' title='bbox 3092 2274 3268 2341; x_wconf 86' lang='lat' dir='ltr'><strong>panis,</strong></span> <span class='ocrx_word' id='word_1_420' title='bbox 3297 2288 3509 2344; x_wconf 79' lang='lat' dir='ltr'><strong>sexque</strong></span> 
     </span>
    </p>
   </div>
   <div class='ocr_carea' id='block_1_51' title="bbox 1902 2362 3509 2435">
    <p class='ocr_par' dir='ltr' id='par_1_51' title="bbox 1902 2362 3509 2435">
     <span class='ocr_line' id='line_1_51' title="bbox 1902 2362 3509 2435; baseline 0.002 -18"><span class='ocrx_word' id='word_1_421' title='bbox 1902 2362 2206 2433; x_wconf 90' lang='lat' dir='ltr'><strong>specierum</strong></span> <span class='ocrx_word' id='word_1_422' title='bbox 2235 2364 2498 2418; x_wconf 86' lang='lat' dir='ltr'><strong>varietate</strong></span> <span class='ocrx_word' id='word_1_423' title='bbox 2529 2364 2843 2428; x_wconf 78' lang='lat' dir='ltr'><strong>commixti,</strong></span> <span class='ocrx_word' id='word_1_424' title='bbox 2881 2363 3062 2417; x_wconf 88' lang='lat' dir='ltr'><strong>mundi</strong></span> <span class='ocrx_word' id='word_1_425' title='bbox 3110 2365 3253 2419; x_wconf 87' lang='lat' dir='ltr'><strong>mala</strong></span> <span class='ocrx_word' id='word_1_426' title='bbox 3301 2364 3509 2435; x_wconf 85' lang='lat' dir='ltr'><strong>signifi-</strong></span> 
     </span>
    </p>
   </div>
   <div class='ocr_carea' id='block_1_52' title="bbox 1902 2456 3503 2527">
    <p class='ocr_par' dir='ltr' id='par_1_52' title="bbox 1902 2456 3503 2527">
     <span class='ocr_line' id='line_1_52' title="bbox 1902 2456 3503 2527; baseline 0.001 -16"><span class='ocrx_word' id='word_1_427' title='bbox 1902 2470 2055 2520; x_wconf 91' lang='lat' dir='ltr'><strong>cans,</strong></span> <span class='ocrx_word' id='word_1_428' title='bbox 2090 2457 2183 2510; x_wconf 94' lang='lat' dir='ltr'><strong>illo</strong></span> <span class='ocrx_word' id='word_1_429' title='bbox 2222 2457 2411 2521; x_wconf 87' lang='lat' dir='ltr'><strong>tendit,</strong></span> <span class='ocrx_word' id='word_1_430' title='bbox 2459 2465 2519 2511; x_wconf 92' lang='lat' dir='ltr'><strong>ut</strong></span> <span class='ocrx_word' id='word_1_431' title='bbox 2544 2456 2782 2512; x_wconf 87' lang='lat' dir='ltr'><strong>inediam</strong></span> <span class='ocrx_word' id='word_1_432' title='bbox 2812 2457 3058 2512; x_wconf 86' lang='lat' dir='ltr'><strong>ciborum</strong></span> <span class='ocrx_word' id='word_1_433' title='bbox 3092 2458 3143 2511; x_wconf 93' lang='lat' dir='ltr'><strong>in</strong></span> <span class='ocrx_word' id='word_1_434' title='bbox 3179 2457 3503 2527; x_wconf 79' lang='lat' dir='ltr'><strong>Jerusalem,</strong></span> 
     </span>
    </p>
   </div>
   <div class='ocr_carea' id='block_1_53' title="bbox 1903 2550 3509 2621">
    <p class='ocr_par' dir='ltr' id='par_1_53' title="bbox 1903 2550 3509 2621">
     <span class='ocr_line' id='line_1_53' title="bbox 1903 2550 3509 2621; baseline 0.003 -17"><span class='ocrx_word' id='word_1_435' title='bbox 1903 2560 1958 2604; x_wconf 91' lang='lat' dir='ltr'><strong>et</strong></span> <span class='ocrx_word' id='word_1_436' title='bbox 1988 2566 2139 2619; x_wconf 64' lang='lat' dir='ltr'><strong>aqua}</strong></span> <span class='ocrx_word' id='word_1_437' title='bbox 2172 2550 2449 2618; x_wconf 86' lang='lat' dir='ltr'><strong>penuriam</strong></span> <span class='ocrx_word' id='word_1_438' title='bbox 2486 2551 2862 2606; x_wconf 86' lang='lat' dir='ltr'><strong>incredibilem</strong></span> <span class='ocrx_word' id='word_1_439' title='bbox 2893 2560 3226 2621; x_wconf 89' lang='lat' dir='ltr'><strong>protestetur</strong></span> <span class='ocrx_word' id='word_1_440' title='bbox 3273 2570 3285 2606; x_wconf 89' lang='lat'><strong>:</strong></span> <span class='ocrx_word' id='word_1_441' title='bbox 3334 2552 3407 2606; x_wconf 91' lang='lat' dir='ltr'><strong>ita</strong></span> <span class='ocrx_word' id='word_1_442' title='bbox 3448 2561 3509 2609; x_wconf 83' lang='lat' dir='ltr'><strong>ut</strong></span> 
     </span>
    </p>
   </div>
   <div class='ocr_carea' id='block_1_54' title="bbox 1903 2643 3507 2713">
    <p class='ocr_par' dir='ltr' id='par_1_54' title="bbox 1903 2643 3507 2713">
     <span class='ocr_line' id='line_1_54' title="bbox 1903 2643 3507 2713; baseline 0.002 -17"><span class='ocrx_word' id='word_1_443' title='bbox 1903 2643 2277 2713; x_wconf 90' lang='lat' dir='ltr'><strong>unusquisque</strong></span> <span class='ocrx_word' id='word_1_444' title='bbox 2307 2652 2524 2698; x_wconf 92' lang='lat' dir='ltr'><strong>corruat</strong></span> <span class='ocrx_word' id='word_1_445' title='bbox 2548 2643 2614 2698; x_wconf 91' lang='lat' dir='ltr'><strong>ad</strong></span> <span class='ocrx_word' id='word_1_446' title='bbox 2655 2644 2876 2699; x_wconf 77' lang='lat' dir='ltr'><strong>fratrem</strong></span> <span class='ocrx_word' id='word_1_447' title='bbox 2905 2659 3086 2710; x_wconf 88' lang='lat' dir='ltr'><strong>suum,</strong></span> <span class='ocrx_word' id='word_1_448' title='bbox 3118 2644 3188 2700; x_wconf 92' lang='lat' dir='ltr'><strong>ah</strong></span> <span class='ocrx_word' id='word_1_449' title='bbox 3216 2645 3322 2700; x_wconf 85' lang='lat' dir='ltr'><strong>alio</strong></span> <span class='ocrx_word' id='word_1_450' title='bbox 3351 2646 3507 2700; x_wconf 78' lang='lat' dir='ltr'><strong>auxi-</strong></span> 
     </span>
    </p>
   </div>
   <div class='ocr_carea' id='block_1_55' title="bbox 1903 2734 3505 2811">
    <p class='ocr_par' dir='ltr' id='par_1_55' title="bbox 1903 2734 3505 2811">
     <span class='ocr_line' id='line_1_55' title="bbox 1903 2734 3505 2811; baseline 0.002 -21"><span class='ocrx_word' id='word_1_451' title='bbox 1903 2734 2033 2790; x_wconf 91' lang='lat' dir='ltr'><strong>lium</strong></span> <span class='ocrx_word' id='word_1_452' title='bbox 2062 2751 2308 2805; x_wconf 85' lang='lat' dir='ltr'><strong>sperans,</strong></span> <span class='ocrx_word' id='word_1_453' title='bbox 2334 2736 2477 2806; x_wconf 87' lang='lat' dir='ltr'><strong>quod</strong></span> <span class='ocrx_word' id='word_1_454' title='bbox 2506 2736 2558 2791; x_wconf 94' lang='lat' dir='ltr'><strong>in</strong></span> <span class='ocrx_word' id='word_1_455' title='bbox 2587 2751 2646 2792; x_wconf 90' lang='lat' dir='ltr'><strong>se</strong></span> <span class='ocrx_word' id='word_1_456' title='bbox 2677 2752 2799 2792; x_wconf 87' lang='lat' dir='ltr'><strong>esse</strong></span> <span class='ocrx_word' id='word_1_457' title='bbox 2829 2753 2935 2792; x_wconf 89' lang='lat' dir='ltr'><strong>non</strong></span> <span class='ocrx_word' id='word_1_458' title='bbox 2963 2737 3209 2806; x_wconf 88' lang='lat' dir='ltr'><strong>pervidet</strong></span> <span class='ocrx_word' id='word_1_459' title='bbox 3232 2736 3340 2811; x_wconf 82' lang='grc' dir='ltr'><strong>[Αι.</strong></span> <span class='ocrx_word' id='word_1_460' title='bbox 3365 2753 3505 2809; x_wconf 72' lang='lat' dir='ltr'><strong>pra:-</strong></span> 
     </span>
    </p>
   </div>
   <div class='ocr_carea' id='block_1_56' title="bbox 1902 2816 3505 2900">
    <p class='ocr_par' dir='ltr' id='par_1_56' title="bbox 1902 2816 3505 2900">
     <span class='ocr_line' id='line_1_56' title="bbox 1902 2816 3505 2900; baseline 0.005 -21"><span class='ocrx_word' id='word_1_461' title='bbox 1902 2826 2110 2899; x_wconf 89' lang='lat' dir='ltr'><strong>videt].</strong></span> <span class='ocrx_word' id='word_1_462' title='bbox 2148 2816 2365 2882; x_wconf 85' lang='lat' dir='ltr'><strong>Natura</strong></span> <span class='ocrx_word' id='word_1_463' title='bbox 2394 2828 2537 2882; x_wconf 89' lang='lat' dir='ltr'><strong>enim</strong></span> <span class='ocrx_word' id='word_1_464' title='bbox 2569 2828 2852 2884; x_wconf 86' lang='lat' dir='ltr'><strong>hominum</strong></span> <span class='ocrx_word' id='word_1_465' title='bbox 2893 2838 3001 2896; x_wconf 89' lang='lat' dir='ltr'><strong>est,</strong></span> <span class='ocrx_word' id='word_1_466' title='bbox 3046 2838 3105 2885; x_wconf 92' lang='lat' dir='ltr'><strong>ut</strong></span> <span class='ocrx_word' id='word_1_467' title='bbox 3131 2829 3505 2900; x_wconf 86' lang='lat' dir='ltr'><strong>prementibus</strong></span> 
     </span>
    </p>
   </div>
   <div class='ocr_carea' id='block_1_57' title="bbox 1901 2919 3505 2993">
    <p class='ocr_par' dir='ltr' id='par_1_57' title="bbox 1901 2919 3505 2993">
     <span class='ocr_line' id='line_1_57' title="bbox 1901 2919 3505 2993; baseline 0.002 -20"><span class='ocrx_word' id='word_1_468' title='bbox 1901 2919 2063 2974; x_wconf 87' lang='lat' dir='ltr'><strong>malis</strong></span> <span class='ocrx_word' id='word_1_469' title='bbox 2104 2930 2167 2974; x_wconf 57' lang='lat' dir='ltr'><strong>&quot;et</strong></span> <span class='ocrx_word' id='word_1_470' title='bbox 2212 2921 2583 2992; x_wconf 78' lang='lat' dir='ltr'><strong>angustiarum</strong></span> <span class='ocrx_word' id='word_1_471' title='bbox 2632 2921 2893 2991; x_wconf 88' lang='lat' dir='ltr'><strong>pondere,</strong></span> <span class='ocrx_word' id='word_1_472' title='bbox 2942 2922 2996 2975; x_wconf 91' lang='lat' dir='ltr'><strong>in</strong></span> <span class='ocrx_word' id='word_1_473' title='bbox 3045 2923 3293 2991; x_wconf 80' lang='lat' dir='ltr'><strong>proximo</strong></span> <span class='ocrx_word' id='word_1_474' title='bbox 3331 2923 3505 2993; x_wconf 82' lang='lat' dir='ltr'><strong>magis</strong></span> 
     </span>
    </p>
   </div>
   <div class='ocr_carea' id='block_1_58' title="bbox 1902 3014 3506 3089">
    <p class='ocr_par' dir='ltr' id='par_1_58' title="bbox 1902 3014 3506 3089">
     <span class='ocr_line' id='line_1_58' title="bbox 1902 3014 3506 3089; baseline 0.004 -22"><span class='ocrx_word' id='word_1_475' title='bbox 1902 3029 2062 3084; x_wconf 91' lang='lat' dir='ltr'><strong>quam</strong></span> <span class='ocrx_word' id='word_1_476' title='bbox 2108 3015 2252 3069; x_wconf 91' lang='lat' dir='ltr'><strong>inse</strong></span> <span class='ocrx_word' id='word_1_477' title='bbox 2297 3014 2532 3071; x_wconf 88' lang='lat' dir='ltr'><strong>habeant</strong></span> <span class='ocrx_word' id='word_1_478' title='bbox 2563 3014 2815 3071; x_wconf 80' lang='lat' dir='ltr'><strong>fiduciam</strong></span> <span class='ocrx_word' id='word_1_479' title='bbox 2863 3033 2876 3067; x_wconf 91' lang='lat'><strong>:</strong></span> <span class='ocrx_word' id='word_1_480' title='bbox 2920 3016 3418 3089; x_wconf 88' lang='lat' dir='ltr'><strong>contabescuntquc</strong></span> <span class='ocrx_word' id='word_1_481' title='bbox 3449 3018 3506 3073; x_wconf 87' lang='lat' dir='ltr'><strong>in</strong></span> 
     </span>
    </p>
   </div>
   <div class='ocr_carea' id='block_1_59' title="bbox 1902 3106 3503 3180">
    <p class='ocr_par' dir='ltr' id='par_1_59' title="bbox 1902 3106 3503 3180">
     <span class='ocr_line' id='line_1_59' title="bbox 1902 3106 3503 3180; baseline 0.002 -19"><span class='ocrx_word' id='word_1_482' title='bbox 1902 3106 2276 3177; x_wconf 87' lang='lat' dir='ltr'><strong>iniquitatilms</strong></span> <span class='ocrx_word' id='word_1_483' title='bbox 2306 3108 2442 3176; x_wconf 91' lang='lat' dir='ltr'><strong>suis,</strong></span> <span class='ocrx_word' id='word_1_484' title='bbox 2490 3108 2617 3161; x_wconf 89' lang='lat' dir='ltr'><strong>dum</strong></span> <span class='ocrx_word' id='word_1_485' title='bbox 2648 3123 2747 3176; x_wconf 92' lang='lat' dir='ltr'><strong>pro</strong></span> <span class='ocrx_word' id='word_1_486' title='bbox 2777 3106 3150 3176; x_wconf 84' lang='lat' dir='ltr'><strong>iniquitatibus</strong></span> <span class='ocrx_word' id='word_1_487' title='bbox 3184 3116 3378 3164; x_wconf 85' lang='lat' dir='ltr'><strong>cuncta</strong></span> <span class='ocrx_word' id='word_1_488' title='bbox 3409 3123 3503 3180; x_wconf 88' lang='lat' dir='ltr'><strong>pa-</strong></span> 
     </span>
    </p>
   </div>
   <div class='ocr_carea' id='block_1_60' title="bbox 199 3198 3500 3276">
    <p class='ocr_par' dir='ltr' id='par_1_60' title="bbox 199 3198 3500 3276">
     <span class='ocr_line' id='line_1_60' title="bbox 199 3198 3500 3276; baseline 0 -19"><span class='ocrx_word' id='word_1_489' title='bbox 199 3212 276 3260; x_wconf 89' lang='lat' dir='ltr'><strong>tur</strong></span> <span class='ocrx_word' id='word_1_490' title='bbox 327 3221 674 3276; x_wconf 76' lang='lat' dir='ltr'><strong>nequaquam.</strong></span> <span class='ocrx_word' id='word_1_491' title='bbox 725 3203 830 3258; x_wconf 85' lang='lat' dir='ltr'><strong>Pro</strong></span> <span class='ocrx_word' id='word_1_492' title='bbox 860 3218 969 3273; x_wconf 91' lang='lat' dir='ltr'><strong>quo</strong></span> <span class='ocrx_word' id='word_1_493' title='bbox 1016 3202 1324 3258; x_wconf 90' lang='lat' dir='ltr'><strong>Theodotio</strong></span> <span class='ocrx_word' id='word_1_494' title='bbox 1374 3205 1650 3259; x_wconf 90' lang='lat' dir='ltr'><strong>transtulit</strong></span> <span class='ocrx_word' id='word_1_495' title='bbox 1693 3222 1704 3257; x_wconf 92' lang='lat'><strong>:</strong></span> <span class='ocrx_word' id='word_1_496' title='bbox 1750 3204 1795 3258; x_wconf 86' lang='lat'><em>0</em></span> <span class='ocrx_word' id='word_1_497' title='bbox 1823 3203 1867 3266; x_wconf 86' lang='lat' dir='ltr'>C</span> <span class='ocrx_word' id='word_1_498' title='bbox 1902 3198 2132 3252; x_wconf 88' lang='lat' dir='ltr'><strong>tiuntur.</strong></span> <span class='ocrx_word' id='word_1_499' title='bbox 2172 3198 2483 3270; x_wconf 82' lang='lat' dir='ltr'><strong>Vereorque</strong></span> <span class='ocrx_word' id='word_1_500' title='bbox 2529 3215 2598 3253; x_wconf 92' lang='lat' dir='ltr'><strong>ne</strong></span> <span class='ocrx_word' id='word_1_501' title='bbox 2646 3200 2744 3254; x_wconf 87' lang='lat' dir='ltr'><strong>ista</strong></span> <span class='ocrx_word' id='word_1_502' title='bbox 2778 3200 2933 3269; x_wconf 90' lang='lat' dir='ltr'><strong>panis</strong></span> <span class='ocrx_word' id='word_1_503' title='bbox 2971 3201 3227 3255; x_wconf 88' lang='lat' dir='ltr'><strong>contritio</strong></span> <span class='ocrx_word' id='word_1_504' title='bbox 3254 3201 3415 3256; x_wconf 89' lang='lat' dir='ltr'><strong>etiam</strong></span> <span class='ocrx_word' id='word_1_505' title='bbox 3448 3203 3500 3257; x_wconf 92' lang='lat' dir='ltr'><strong>in</strong></span> 
     </span>
    </p>
   </div>
   <div class='ocr_carea' id='block_1_61' title="bbox 199 3296 1797 3368">
    <p class='ocr_par' dir='ltr' id='par_1_61' title="bbox 199 3296 1797 3368">
     <span class='ocr_line' id='line_1_61' title="bbox 199 3296 1797 3368; baseline 0 -15"><span class='ocrx_word' id='word_1_506' title='bbox 199 3297 404 3353; x_wconf 82' lang='lat' dir='ltr'><strong>Domine</strong></span> <span class='ocrx_word' id='word_1_507' title='bbox 430 3298 597 3353; x_wconf 83' lang='lat' dir='ltr'><strong>Deus.</strong></span> <span class='ocrx_word' id='word_1_508' title='bbox 631 3296 710 3352; x_wconf 91' lang='lat' dir='ltr'><strong>Ne</strong></span> <span class='ocrx_word' id='word_1_509' title='bbox 741 3305 990 3368; x_wconf 88' lang='lat' dir='ltr'><strong>putemus</strong></span> <span class='ocrx_word' id='word_1_510' title='bbox 1015 3311 1139 3352; x_wconf 91' lang='lat' dir='ltr'><strong>eum</strong></span> <span class='ocrx_word' id='word_1_511' title='bbox 1170 3296 1543 3353; x_wconf 90' lang='lat' dir='ltr'><strong>contradicere</strong></span> <span class='ocrx_word' id='word_1_512' title='bbox 1577 3297 1797 3353; x_wconf 89' lang='lat' dir='ltr'><strong>Domini</strong></span> 
     </span>
    </p>
   </div>
   <div class='ocr_carea' id='block_1_62' title="bbox 200 3389 1797 3460">
    <p class='ocr_par' dir='ltr' id='par_1_62' title="bbox 200 3389 1797 3460">
     <span class='ocr_line' id='line_1_62' title="bbox 200 3389 1797 3460; baseline -0.002 -14"><span class='ocrx_word' id='word_1_513' title='bbox 200 3392 451 3460; x_wconf 87' lang='lat' dir='ltr'><strong>imperio;</strong></span> <span class='ocrx_word' id='word_1_514' title='bbox 486 3392 585 3446; x_wconf 84' lang='lat' dir='ltr'><strong>sed</strong></span> <span class='ocrx_word' id='word_1_515' title='bbox 621 3404 821 3445; x_wconf 88' lang='lat' dir='ltr'><strong>causas</strong></span> <span class='ocrx_word' id='word_1_516' title='bbox 867 3390 1117 3456; x_wconf 90' lang='lat' dir='ltr'><strong>reddere,</strong></span> <span class='ocrx_word' id='word_1_517' title='bbox 1152 3391 1318 3444; x_wconf 91' lang='lat' dir='ltr'><strong>immo</strong></span> <span class='ocrx_word' id='word_1_518' title='bbox 1361 3389 1667 3457; x_wconf 87' lang='lat' dir='ltr'><strong>deprecari,</strong></span> <span class='ocrx_word' id='word_1_519' title='bbox 1700 3404 1797 3443; x_wconf 92' lang='lat' dir='ltr'><strong>cur</strong></span> 
     </span>
    </p>
   </div>
   <div class='ocr_carea' id='block_1_63' title="bbox 202 3480 1793 3551">
    <p class='ocr_par' dir='ltr' id='par_1_63' title="bbox 202 3480 1793 3551">
     <span class='ocr_line' id='line_1_63' title="bbox 202 3480 1793 3551; baseline -0.002 -13"><span class='ocrx_word' id='word_1_520' title='bbox 202 3482 293 3539; x_wconf 85' lang='lat' dir='ltr'><strong>hoc</strong></span> <span class='ocrx_word' id='word_1_521' title='bbox 317 3483 502 3539; x_wconf 85' lang='lat' dir='ltr'><strong>facere</strong></span> <span class='ocrx_word' id='word_1_522' title='bbox 533 3498 644 3537; x_wconf 91' lang='lat' dir='ltr'><strong>non</strong></span> <span class='ocrx_word' id='word_1_523' title='bbox 670 3482 865 3551; x_wconf 87' lang='lat' dir='ltr'><strong>possit.</strong></span> <span class='ocrx_word' id='word_1_524' title='bbox 893 3480 1133 3550; x_wconf 88' lang='lat' dir='ltr'><strong>Denique</strong></span> <span class='ocrx_word' id='word_1_525' title='bbox 1163 3483 1419 3550; x_wconf 87' lang='lat' dir='ltr'><strong>impetrat</strong></span> <span class='ocrx_word' id='word_1_526' title='bbox 1451 3480 1597 3551; x_wconf 90' lang='lat' dir='ltr'><strong>quod</strong></span> <span class='ocrx_word' id='word_1_527' title='bbox 1636 3495 1793 3551; x_wconf 88' lang='lat' dir='ltr'><strong>roga-</strong></span> 
     </span>
    </p>
   </div>
   <div class='ocr_carea' id='block_1_64' title="bbox 202 3574 1795 3645">
    <p class='ocr_par' dir='ltr' id='par_1_64' title="bbox 202 3574 1795 3645">
     <span class='ocr_line' id='line_1_64' title="bbox 202 3574 1795 3645; baseline -0.001 -16"><span class='ocrx_word' id='word_1_528' title='bbox 202 3577 287 3641; x_wconf 84' lang='lat' dir='ltr'><strong>vit,</strong></span> <span class='ocrx_word' id='word_1_529' title='bbox 305 3587 356 3631; x_wconf 90' lang='lat' dir='ltr'><strong>et</strong></span> <span class='ocrx_word' id='word_1_530' title='bbox 378 3577 669 3631; x_wconf 63' lang='lat' dir='ltr'><strong>sententia:</strong></span> <span class='ocrx_word' id='word_1_531' title='bbox 699 3575 994 3629; x_wconf 75' lang='lat' dir='ltr'><strong>austeritas</strong></span> <span class='ocrx_word' id='word_1_532' title='bbox 1016 3574 1215 3629; x_wconf 90' lang='lat' dir='ltr'><strong>mitiori</strong></span> <span class='ocrx_word' id='word_1_533' title='bbox 1243 3576 1473 3645; x_wconf 90' lang='lat' dir='ltr'><strong>imperio</strong></span> <span class='ocrx_word' id='word_1_534' title='bbox 1498 3583 1795 3644; x_wconf 86' lang='lat' dir='ltr'><strong>temperata</strong></span> 
     </span>
    </p>
   </div>
   <div class='ocr_carea' id='block_1_65' title="bbox 202 3667 1798 3738">
    <p class='ocr_par' dir='ltr' id='par_1_65' title="bbox 202 3667 1798 3738">
     <span class='ocr_line' id='line_1_65' title="bbox 202 3667 1798 3738; baseline -0.002 -13"><span class='ocrx_word' id='word_1_535' title='bbox 202 3680 295 3725; x_wconf 86' lang='lat' dir='ltr'><strong>est.</strong></span> <span class='ocrx_word' id='word_1_536' title='bbox 336 3671 615 3738; x_wconf 66' lang='lat' dir='ltr'><strong>Quaeritur</strong></span> <span class='ocrx_word' id='word_1_537' title='bbox 661 3683 760 3724; x_wconf 92' lang='lat' dir='ltr'><strong>cur</strong></span> <span class='ocrx_word' id='word_1_538' title='bbox 812 3668 1064 3723; x_wconf 82' lang='lat' dir='ltr'><strong>Ezechiel</strong></span> <span class='ocrx_word' id='word_1_539' title='bbox 1110 3667 1361 3723; x_wconf 80' lang='lat' dir='ltr'><strong>faciliora</strong></span> <span class='ocrx_word' id='word_1_540' title='bbox 1410 3671 1699 3724; x_wconf 85' lang='lat' dir='ltr'><strong>renuerit:</strong></span> <span class='ocrx_word' id='word_1_541' title='bbox 1743 3677 1798 3724; x_wconf 89' lang='lat' dir='ltr'><strong>et</strong></span> 
     </span>
    </p>
   </div>
   <div class='ocr_carea' id='block_1_66' title="bbox 202 3758 1786 3832">
    <p class='ocr_par' dir='ltr' id='par_1_66' title="bbox 202 3758 1786 3832">
     <span class='ocr_line' id='line_1_66' title="bbox 202 3758 1786 3832; baseline -0.002 -15"><span class='ocrx_word' id='word_1_542' title='bbox 202 3760 327 3817; x_wconf 87' lang='lat' dir='ltr'><strong>Osee</strong></span> <span class='ocrx_word' id='word_1_543' title='bbox 346 3773 527 3817; x_wconf 81' lang='lat' dir='ltr'><strong>scorto</strong></span> <span class='ocrx_word' id='word_1_544' title='bbox 558 3760 746 3815; x_wconf 89' lang='lat' dir='ltr'><strong>statim</strong></span> <span class='ocrx_word' id='word_1_545' title='bbox 779 3758 942 3815; x_wconf 87' lang='lat' dir='ltr'><strong>fuerit</strong></span> <span class='ocrx_word' id='word_1_546' title='bbox 987 3760 1275 3828; x_wconf 83' lang='lat' dir='ltr'><strong>copulatus</strong></span> <span class='ocrx_word' id='word_1_547' title='bbox 1307 3760 1511 3831; x_wconf 87' lang='lat' dir='ltr'><strong>(lbid.,</strong></span> <span class='ocrx_word' id='word_1_548' title='bbox 1542 3758 1634 3832; x_wconf 85' lang='grc' dir='ltr'><strong>ι),</strong></span> <span class='ocrx_word' id='word_1_549' title='bbox 1685 3775 1786 3814; x_wconf 93' lang='lat' dir='ltr'><strong>nec</strong></span> 
     </span>
    </p>
   </div>
   <div class='ocr_carea' id='block_1_67' title="bbox 201 3851 1798 3923">
    <p class='ocr_par' dir='ltr' id='par_1_67' title="bbox 201 3851 1798 3923">
     <span class='ocr_line' id='line_1_67' title="bbox 201 3851 1798 3923; baseline -0.001 -14"><span class='ocrx_word' id='word_1_550' title='bbox 201 3854 602 3916; x_wconf 78' lang='lat' dir='ltr'><strong>contradixerit,</strong></span> <span class='ocrx_word' id='word_1_551' title='bbox 628 3854 797 3907; x_wconf 91' lang='lat' dir='ltr'><strong>immo</strong></span> <span class='ocrx_word' id='word_1_552' title='bbox 821 3867 925 3907; x_wconf 90' lang='lat' dir='ltr'><strong>nec</strong></span> <span class='ocrx_word' id='word_1_553' title='bbox 956 3852 1322 3923; x_wconf 89' lang='lat' dir='ltr'><strong>responderit,</strong></span> <span class='ocrx_word' id='word_1_554' title='bbox 1355 3862 1564 3907; x_wconf 81' lang='lat' dir='ltr'><strong>castum</strong></span> <span class='ocrx_word' id='word_1_555' title='bbox 1597 3851 1798 3907; x_wconf 86' lang='lat' dir='ltr'><strong>habere</strong></span> 
     </span>
    </p>
   </div>
   <div class='ocr_carea' id='block_1_68' title="bbox 202 3945 1796 4016">
    <p class='ocr_par' dir='ltr' id='par_1_68' title="bbox 202 3945 1796 4016">
     <span class='ocr_line' id='line_1_68' title="bbox 202 3945 1796 4016; baseline -0.003 -16"><span class='ocrx_word' id='word_1_556' title='bbox 202 3960 259 4000; x_wconf 89' lang='lat' dir='ltr'><strong>se</strong></span> <span class='ocrx_word' id='word_1_557' title='bbox 278 3961 496 4014; x_wconf 85' lang='lat' dir='ltr'><strong>corpus,</strong></span> <span class='ocrx_word' id='word_1_558' title='bbox 521 3960 699 4016; x_wconf 88' lang='lat' dir='ltr'><strong>neque</strong></span> <span class='ocrx_word' id='word_1_559' title='bbox 723 3945 1112 3999; x_wconf 82' lang='lat' dir='ltr'><strong>commixtione</strong></span> <span class='ocrx_word' id='word_1_560' title='bbox 1130 3945 1433 3999; x_wconf 84' lang='lat' dir='ltr'><strong>meretricis</strong></span> <span class='ocrx_word' id='word_1_561' title='bbox 1458 3945 1658 3999; x_wconf 86' lang='lat' dir='ltr'><strong>debere</strong></span> <span class='ocrx_word' id='word_1_562' title='bbox 1679 3960 1796 3997; x_wconf 85' lang='lat' dir='ltr'><strong>ina-</strong></span> 
     </span>
    </p>
   </div>
   <div class='ocr_carea' id='block_1_69' title="bbox 203 4036 1796 4102">
    <p class='ocr_par' dir='ltr' id='par_1_69' title="bbox 203 4036 1796 4102">
     <span class='ocr_line' id='line_1_69' title="bbox 203 4036 1796 4102; baseline -0.001 -11"><span class='ocrx_word' id='word_1_563' title='bbox 203 4039 384 4102; x_wconf 83' lang='lat' dir='ltr'><strong>culari,</strong></span> <span class='ocrx_word' id='word_1_564' title='bbox 402 4037 623 4092; x_wconf 75' lang='lat' dir='ltr'><strong>dicente</strong></span> <span class='ocrx_word' id='word_1_565' title='bbox 639 4036 906 4102; x_wconf 85' lang='lat' dir='ltr'><strong>Apostolo</strong></span> <span class='ocrx_word' id='word_1_566' title='bbox 928 4053 941 4090; x_wconf 88' lang='lat'><strong>:</strong></span> <span class='ocrx_word' id='word_1_567' title='bbox 966 4036 1063 4100; x_wconf 85' lang='lat' dir='ltr'><strong>Qui</strong></span> <span class='ocrx_word' id='word_1_568' title='bbox 1085 4036 1315 4090; x_wconf 69' lang='lat' dir='ltr'><strong>adliceret</strong></span> <span class='ocrx_word' id='word_1_569' title='bbox 1341 4037 1615 4102; x_wconf 86' lang='lat' dir='ltr'><strong>meretrici,</strong></span> <span class='ocrx_word' id='word_1_570' title='bbox 1636 4053 1796 4089; x_wconf 88' lang='lat' dir='ltr'><strong>unum</strong></span> 
     </span>
    </p>
   </div>
   <div class='ocr_carea' id='block_1_70' title="bbox 206 4126 1798 4199">
    <p class='ocr_par' dir='ltr' id='par_1_70' title="bbox 206 4126 1798 4199">
     <span class='ocr_line' id='line_1_70' title="bbox 206 4126 1798 4199; baseline -0.001 -18"><span class='ocrx_word' id='word_1_571' title='bbox 206 4145 307 4181; x_wconf 83' lang='lat' dir='ltr'><strong>cum</strong></span> <span class='ocrx_word' id='word_1_572' title='bbox 331 4145 390 4182; x_wconf 83' lang='lat' dir='ltr'><strong>ea</strong></span> <span class='ocrx_word' id='word_1_573' title='bbox 415 4145 607 4199; x_wconf 83' lang='lat' dir='ltr'><strong>corpus</strong></span> <span class='ocrx_word' id='word_1_574' title='bbox 629 4129 857 4199; x_wconf 80' lang='lat' dir='ltr'><strong>efficitur</strong></span> <span class='ocrx_word' id='word_1_575' title='bbox 886 4126 929 4198; x_wconf 89' lang='lat' dir='ltr'><strong>(l</strong></span> <span class='ocrx_word' id='word_1_576' title='bbox 959 4126 1080 4182; x_wconf 86' lang='lat' dir='ltr'><strong>Cor.</strong></span> <span class='ocrx_word' id='word_1_577' title='bbox 1112 4143 1186 4196; x_wconf 87' lang='lat' dir='ltr'><strong>vi,</strong></span> <span class='ocrx_word' id='word_1_578' title='bbox 1218 4126 1329 4197; x_wconf 78' lang='grc'><strong>16).</strong></span> <span class='ocrx_word' id='word_1_579' title='bbox 1361 4127 1443 4182; x_wconf 80' lang='lat' dir='ltr'><strong>Ex</strong></span> <span class='ocrx_word' id='word_1_580' title='bbox 1472 4144 1580 4198; x_wconf 92' lang='lat' dir='ltr'><strong>quo</strong></span> <span class='ocrx_word' id='word_1_581' title='bbox 1611 4137 1798 4182; x_wconf 86' lang='lat' dir='ltr'><strong>osten-</strong></span> 
     </span>
    </p>
   </div>
   <div class='ocr_carea' id='block_1_71' title="bbox 206 4216 1797 4290">
    <p class='ocr_par' dir='ltr' id='par_1_71' title="bbox 206 4216 1797 4290">
     <span class='ocr_line' id='line_1_71' title="bbox 206 4216 1797 4290; baseline 0 -18"><span class='ocrx_word' id='word_1_582' title='bbox 206 4219 342 4275; x_wconf 88' lang='lat' dir='ltr'><strong>ditur</strong></span> <span class='ocrx_word' id='word_1_583' title='bbox 368 4220 597 4290; x_wconf 85' lang='lat' dir='ltr'><strong>tiguram</strong></span> <span class='ocrx_word' id='word_1_584' title='bbox 643 4219 811 4272; x_wconf 77' lang='lat' dir='ltr'><strong>fuisse</strong></span> <span class='ocrx_word' id='word_1_585' title='bbox 850 4216 1176 4288; x_wconf 83' lang='lat' dir='ltr'><strong>Synagogae,</strong></span> <span class='ocrx_word' id='word_1_586' title='bbox 1229 4220 1313 4273; x_wconf 87' lang='lat' dir='ltr'><strong>vel</strong></span> <span class='ocrx_word' id='word_1_587' title='bbox 1356 4218 1633 4287; x_wconf 70' lang='lat' dir='ltr'><strong>Ecclesim,</strong></span> <span class='ocrx_word' id='word_1_588' title='bbox 1687 4232 1797 4272; x_wconf 91' lang='lat' dir='ltr'><strong>non</strong></span> 
     </span>
    </p>
   </div>
   <div class='ocr_carea' id='block_1_72' title="bbox 206 4310 1798 4381">
    <p class='ocr_par' dir='ltr' id='par_1_72' title="bbox 206 4310 1798 4381">
     <span class='ocr_line' id='line_1_72' title="bbox 206 4310 1798 4381; baseline 0.001 -17"><span class='ocrx_word' id='word_1_589' title='bbox 206 4327 324 4367; x_wconf 87' lang='lat' dir='ltr'><strong>vere</strong></span> <span class='ocrx_word' id='word_1_590' title='bbox 350 4314 501 4381; x_wconf 78' lang='lat' dir='ltr'><strong>juxta</strong></span> <span class='ocrx_word' id='word_1_591' title='bbox 532 4310 774 4365; x_wconf 87' lang='lat' dir='ltr'><strong>litteram</strong></span> <span class='ocrx_word' id='word_1_592' title='bbox 808 4321 1181 4380; x_wconf 88' lang='lat' dir='ltr'><strong>perpetratum</strong></span> <span class='ocrx_word' id='word_1_593' title='bbox 1216 4327 1229 4363; x_wconf 92' lang='lat'><strong>:</strong></span> <span class='ocrx_word' id='word_1_594' title='bbox 1279 4311 1424 4381; x_wconf 91' lang='lat' dir='ltr'><strong>quod</strong></span> <span class='ocrx_word' id='word_1_595' title='bbox 1473 4311 1650 4380; x_wconf 92' lang='lat' dir='ltr'><strong>ipsum</strong></span> <span class='ocrx_word' id='word_1_596' title='bbox 1704 4325 1798 4366; x_wconf 77' lang='lat' dir='ltr'><strong>ex-</strong></span> 
     </span>
    </p>
   </div>
   <div class='ocr_carea' id='block_1_73' title="bbox 205 4402 1794 4473">
    <p class='ocr_par' dir='ltr' id='par_1_73' title="bbox 205 4402 1794 4473">
     <span class='ocr_line' id='line_1_73' title="bbox 205 4402 1794 4473; baseline -0.001 -15"><span class='ocrx_word' id='word_1_597' title='bbox 205 4418 461 4473; x_wconf 85' lang='lat' dir='ltr'><strong>ponentes</strong></span> <span class='ocrx_word' id='word_1_598' title='bbox 494 4402 820 4472; x_wconf 89' lang='lat' dir='ltr'><strong>prophetam</strong></span> <span class='ocrx_word' id='word_1_599' title='bbox 868 4403 1077 4471; x_wconf 88' lang='lat' dir='ltr'><strong>plenius</strong></span> <span class='ocrx_word' id='word_1_600' title='bbox 1121 4402 1501 4459; x_wconf 88' lang='lat' dir='ltr'><strong>disseruimus.</strong></span> <span class='ocrx_word' id='word_1_601' title='bbox 1554 4404 1794 4459; x_wconf 83' lang='lat' dir='ltr'><strong>Mortici-</strong></span> 
     </span>
    </p>
   </div>
   <div class='ocr_carea' id='block_1_74' title="bbox 204 4496 1799 4567">
    <p class='ocr_par' dir='ltr' id='par_1_74' title="bbox 204 4496 1799 4567">
     <span class='ocr_line' id='line_1_74' title="bbox 204 4496 1799 4567; baseline -0.001 -14"><span class='ocrx_word' id='word_1_602' title='bbox 204 4501 342 4554; x_wconf 88' lang='lat' dir='ltr'><strong>nium</strong></span> <span class='ocrx_word' id='word_1_603' title='bbox 376 4499 603 4561; x_wconf 90' lang='lat' dir='ltr'><strong>dicitur,</strong></span> <span class='ocrx_word' id='word_1_604' title='bbox 627 4496 772 4566; x_wconf 88' lang='lat' dir='ltr'><strong>quod</strong></span> <span class='ocrx_word' id='word_1_605' title='bbox 802 4496 1010 4565; x_wconf 73' lang='lat' dir='ltr'><strong>ab5que</strong></span> <span class='ocrx_word' id='word_1_606' title='bbox 1038 4496 1304 4552; x_wconf 69' lang='lat' dir='ltr'><strong>eﬂusione</strong></span> <span class='ocrx_word' id='word_1_607' title='bbox 1331 4496 1613 4567; x_wconf 76' lang='lat' dir='ltr'><strong>sanguinis</strong></span> <span class='ocrx_word' id='word_1_608' title='bbox 1638 4497 1799 4553; x_wconf 89' lang='lat' dir='ltr'><strong>amit-</strong></span> 
     </span>
    </p>
   </div>
   <div class='ocr_carea' id='block_1_75' title="bbox 1902 3289 3500 3362">
    <p class='ocr_par' dir='ltr' id='par_1_75' title="bbox 1902 3289 3500 3362">
     <span class='ocr_line' id='line_1_75' title="bbox 1902 3289 3500 3362; baseline 0.003 -18"><span class='ocrx_word' id='word_1_609' title='bbox 1902 3299 2086 3344; x_wconf 86' lang='lat' dir='ltr'><strong>nnstra</strong></span> <span class='ocrx_word' id='word_1_610' title='bbox 2115 3289 2423 3345; x_wconf 71' lang='lat' dir='ltr'><strong>inveniatur</strong></span> <span class='ocrx_word' id='word_1_611' title='bbox 2468 3290 2790 3359; x_wconf 86' lang='lat' dir='ltr'><strong>Jerusalem,</strong></span> <span class='ocrx_word' id='word_1_612' title='bbox 2822 3292 2872 3344; x_wconf 93' lang='lat' dir='ltr'><strong>in</strong></span> <span class='ocrx_word' id='word_1_613' title='bbox 2904 3307 3008 3361; x_wconf 91' lang='lat' dir='ltr'><strong>qua</strong></span> <span class='ocrx_word' id='word_1_614' title='bbox 3044 3293 3180 3347; x_wconf 62' lang='lat' dir='ltr'><strong>visio</strong></span> <span class='ocrx_word' id='word_1_615' title='bbox 3207 3296 3356 3362; x_wconf 87' lang='lat' dir='ltr'><strong>pacis</strong></span> <span class='ocrx_word' id='word_1_616' title='bbox 3378 3309 3500 3349; x_wconf 86' lang='lat' dir='ltr'><strong>cer-</strong></span> 
     </span>
    </p>
   </div>
   <div class='ocr_carea' id='block_1_76' title="bbox 1901 3382 3504 3453">
    <p class='ocr_par' dir='ltr' id='par_1_76' title="bbox 1901 3382 3504 3453">
     <span class='ocr_line' id='line_1_76' title="bbox 1901 3382 3504 3453; baseline 0.001 -15"><span class='ocrx_word' id='word_1_617' title='bbox 1901 3382 2071 3449; x_wconf 91' lang='lat' dir='ltr'><strong>nitur,</strong></span> <span class='ocrx_word' id='word_1_618' title='bbox 2104 3397 2263 3453; x_wconf 87' lang='lat' dir='ltr'><strong>quem</strong></span> <span class='ocrx_word' id='word_1_619' title='bbox 2306 3384 2539 3437; x_wconf 89' lang='lat' dir='ltr'><strong>conterit</strong></span> <span class='ocrx_word' id='word_1_620' title='bbox 2572 3383 2835 3436; x_wconf 87' lang='lat' dir='ltr'><strong>Dominus</strong></span> <span class='ocrx_word' id='word_1_621' title='bbox 2862 3382 3079 3452; x_wconf 89' lang='lat' dir='ltr'><strong>quando</strong></span> <span class='ocrx_word' id='word_1_622' title='bbox 3122 3384 3394 3450; x_wconf 89' lang='lat' dir='ltr'><strong>irascitur,</strong></span> <span class='ocrx_word' id='word_1_623' title='bbox 3446 3395 3504 3440; x_wconf 86' lang='lat' dir='ltr'><strong>et</strong></span> 
     </span>
    </p>
   </div>
   <div class='ocr_carea' id='block_1_77' title="bbox 1901 3473 3498 3544">
    <p class='ocr_par' dir='ltr' id='par_1_77' title="bbox 1901 3473 3498 3544">
     <span class='ocr_line' id='line_1_77' title="bbox 1901 3473 3498 3544; baseline 0.001 -17"><span class='ocrx_word' id='word_1_624' title='bbox 1901 3473 2151 3542; x_wconf 85' lang='lat' dir='ltr'><strong>indignos</strong></span> <span class='ocrx_word' id='word_1_625' title='bbox 2179 3488 2278 3527; x_wconf 89' lang='lat' dir='ltr'><strong>nos</strong></span> <span class='ocrx_word' id='word_1_626' title='bbox 2308 3488 2407 3527; x_wconf 91' lang='lat' dir='ltr'><strong>suo</strong></span> <span class='ocrx_word' id='word_1_627' title='bbox 2431 3473 2637 3541; x_wconf 88' lang='lat' dir='ltr'><strong>judicat</strong></span> <span class='ocrx_word' id='word_1_628' title='bbox 2669 3487 2827 3542; x_wconf 83' lang='lat' dir='ltr'><strong>pane.</strong></span> <span class='ocrx_word' id='word_1_629' title='bbox 2860 3473 3035 3544; x_wconf 85' lang='lat' dir='ltr'><strong>Atque</strong></span> <span class='ocrx_word' id='word_1_630' title='bbox 3061 3474 3264 3529; x_wconf 90' lang='lat' dir='ltr'><strong>utinam</strong></span> <span class='ocrx_word' id='word_1_631' title='bbox 3301 3476 3498 3531; x_wconf 82' lang='lat' dir='ltr'><strong>saltem</strong></span> 
     </span>
    </p>
   </div>
   <div class='ocr_carea' id='block_1_78' title="bbox 1900 3564 3499 3635">
    <p class='ocr_par' dir='ltr' id='par_1_78' title="bbox 1900 3564 3499 3635">
     <span class='ocr_line' id='line_1_78' title="bbox 1900 3564 3499 3635; baseline 0.001 -16"><span class='ocrx_word' id='word_1_632' title='bbox 1900 3565 1954 3619; x_wconf 92' lang='lat' dir='ltr'><strong>in</strong></span> <span class='ocrx_word' id='word_1_633' title='bbox 1985 3565 2224 3634; x_wconf 88' lang='lat' dir='ltr'><strong>pondere</strong></span> <span class='ocrx_word' id='word_1_634' title='bbox 2247 3579 2370 3619; x_wconf 91' lang='lat' dir='ltr'><strong>eum</strong></span> <span class='ocrx_word' id='word_1_635' title='bbox 2402 3574 2455 3618; x_wconf 90' lang='lat' dir='ltr'><strong>et</strong></span> <span class='ocrx_word' id='word_1_636' title='bbox 2492 3564 2860 3618; x_wconf 87' lang='lat' dir='ltr'><strong>sollicitudine</strong></span> <span class='ocrx_word' id='word_1_637' title='bbox 2893 3580 3199 3621; x_wconf 88' lang='lat' dir='ltr'><strong>mereamur</strong></span> <span class='ocrx_word' id='word_1_638' title='bbox 3224 3567 3499 3635; x_wconf 90' lang='lat' dir='ltr'><strong>accipere,</strong></span> 
     </span>
    </p>
   </div>
   <div class='ocr_carea' id='block_1_79' title="bbox 1900 3654 3503 3726">
    <p class='ocr_par' dir='ltr' id='par_1_79' title="bbox 1900 3654 3503 3726">
     <span class='ocr_line' id='line_1_79' title="bbox 1900 3654 3503 3726; baseline -0.001 -13"><span class='ocrx_word' id='word_1_639' title='bbox 1900 3667 1954 3713; x_wconf 88' lang='lat' dir='ltr'><strong>et</strong></span> <span class='ocrx_word' id='word_1_640' title='bbox 1974 3666 2216 3712; x_wconf 88' lang='lat' dir='ltr'><strong>arentem</strong></span> <span class='ocrx_word' id='word_1_641' title='bbox 2248 3657 2486 3726; x_wconf 89' lang='lat' dir='ltr'><strong>linguam</strong></span> <span class='ocrx_word' id='word_1_642' title='bbox 2514 3656 2678 3709; x_wconf 89' lang='lat' dir='ltr'><strong>nimia</strong></span> <span class='ocrx_word' id='word_1_643' title='bbox 2708 3654 2973 3720; x_wconf 84' lang='lat' dir='ltr'><strong>siccitate,</strong></span> <span class='ocrx_word' id='word_1_644' title='bbox 3006 3667 3282 3711; x_wconf 78' lang='lat' dir='ltr'><strong>extremus</strong></span> <span class='ocrx_word' id='word_1_645' title='bbox 3310 3656 3503 3712; x_wconf 77' lang='lat' dir='ltr'><strong>Lazari</strong></span> 
     </span>
    </p>
   </div>
   <div class='ocr_carea' id='block_1_80' title="bbox 1899 3745 3498 3820">
    <p class='ocr_par' dir='ltr' id='par_1_80' title="bbox 1899 3745 3498 3820">
     <span class='ocr_line' id='line_1_80' title="bbox 1899 3745 3498 3820; baseline 0.002 -18"><span class='ocrx_word' id='word_1_646' title='bbox 1899 3747 2006 3820; x_wconf 66' lang='grc'><strong>47</strong></span> <span class='ocrx_word' id='word_1_647' title='bbox 2059 3748 2259 3817; x_wconf 87' lang='lat' dir='ltr'><strong>digitus</strong></span> <span class='ocrx_word' id='word_1_648' title='bbox 2305 3750 2503 3802; x_wconf 88' lang='lat' dir='ltr'><strong>irroret</strong></span> <span class='ocrx_word' id='word_1_649' title='bbox 2542 3746 2709 3817; x_wconf 84' lang='lat' dir='ltr'><strong>(Luc.</strong></span> <span class='ocrx_word' id='word_1_650' title='bbox 2760 3745 2909 3818; x_wconf 81' lang='lat' dir='ltr'><strong>xvi).</strong></span> <span class='ocrx_word' id='word_1_651' title='bbox 2976 3749 3270 3804; x_wconf 87' lang='lat' dir='ltr'><strong>Deticiente</strong></span> <span class='ocrx_word' id='word_1_652' title='bbox 3317 3761 3498 3806; x_wconf 90' lang='lat' dir='ltr'><strong>autem</strong></span> 
     </span>
    </p>
   </div>
   <div class='ocr_carea' id='block_1_81' title="bbox 1901 3840 3501 3912">
    <p class='ocr_par' dir='ltr' id='par_1_81' title="bbox 1901 3840 3501 3912">
     <span class='ocr_line' id='line_1_81' title="bbox 1901 3840 3501 3912; baseline 0.004 -17"><span class='ocrx_word' id='word_1_653' title='bbox 1901 3857 2043 3912; x_wconf 89' lang='lat' dir='ltr'><strong>pane</strong></span> <span class='ocrx_word' id='word_1_654' title='bbox 2072 3851 2124 3895; x_wconf 88' lang='lat' dir='ltr'><strong>et</strong></span> <span class='ocrx_word' id='word_1_655' title='bbox 2155 3855 2291 3911; x_wconf 90' lang='lat' dir='ltr'><strong>aqua</strong></span> <span class='ocrx_word' id='word_1_656' title='bbox 2337 3840 2621 3905; x_wconf 80' lang='lat' dir='ltr'><strong>Ecclesiae,</strong></span> <span class='ocrx_word' id='word_1_657' title='bbox 2650 3850 2870 3896; x_wconf 91' lang='lat' dir='ltr'><strong>corruet</strong></span> <span class='ocrx_word' id='word_1_658' title='bbox 2912 3842 2994 3896; x_wconf 87' lang='lat' dir='ltr'><strong>vir</strong></span> <span class='ocrx_word' id='word_1_659' title='bbox 3037 3854 3228 3898; x_wconf 91' lang='lat' dir='ltr'><strong>contra</strong></span> <span class='ocrx_word' id='word_1_660' title='bbox 3278 3844 3501 3901; x_wconf 87' lang='lat' dir='ltr'><strong>fratrem</strong></span> 
     </span>
    </p>
   </div>
   <div class='ocr_carea' id='block_1_82' title="bbox 1900 3932 3504 4004">
    <p class='ocr_par' dir='ltr' id='par_1_82' title="bbox 1900 3932 3504 4004">
     <span class='ocr_line' id='line_1_82' title="bbox 1900 3932 3504 4004; baseline 0.003 -16"><span class='ocrx_word' id='word_1_661' title='bbox 1900 3947 2097 3998; x_wconf 91' lang='lat' dir='ltr'><strong>suum,</strong></span> <span class='ocrx_word' id='word_1_662' title='bbox 2129 3942 2184 3988; x_wconf 90' lang='lat' dir='ltr'><strong>et</strong></span> <span class='ocrx_word' id='word_1_663' title='bbox 2226 3934 2426 4004; x_wconf 92' lang='lat' dir='ltr'><strong>ubique</strong></span> <span class='ocrx_word' id='word_1_664' title='bbox 2470 3932 2740 3988; x_wconf 84' lang='lat' dir='ltr'><strong>discordia</strong></span> <span class='ocrx_word' id='word_1_665' title='bbox 2772 3943 2877 3999; x_wconf 90' lang='lat' dir='ltr'><strong>est,</strong></span> <span class='ocrx_word' id='word_1_666' title='bbox 2919 3934 3295 3990; x_wconf 88' lang='lat' dir='ltr'><strong>scindentibus</strong></span> <span class='ocrx_word' id='word_1_667' title='bbox 3347 3937 3504 3993; x_wconf 89' lang='lat' dir='ltr'><strong>nobis</strong></span> 
     </span>
    </p>
   </div>
   <div class='ocr_carea' id='block_1_83' title="bbox 1900 4015 3503 4096">
    <p class='ocr_par' dir='ltr' id='par_1_83' title="bbox 1900 4015 3503 4096">
     <span class='ocr_line' id='line_1_83' title="bbox 1900 4015 3503 4096; baseline 0.001 -14"><span class='ocrx_word' id='word_1_668' title='bbox 1900 4025 2097 4082; x_wconf 86' lang='lat' dir='ltr'><strong>Christi</strong></span> <span class='ocrx_word' id='word_1_669' title='bbox 2122 4025 2377 4089; x_wconf 87' lang='lat' dir='ltr'><strong>tunicam,</strong></span> <span class='ocrx_word' id='word_1_670' title='bbox 2406 4039 2566 4094; x_wconf 86' lang='lat' dir='ltr'><strong>quam</strong></span> <span class='ocrx_word' id='word_1_671' title='bbox 2600 4040 2699 4079; x_wconf 90' lang='lat' dir='ltr'><strong>nec</strong></span> <span class='ocrx_word' id='word_1_672' title='bbox 2724 4025 2925 4080; x_wconf 90' lang='lat' dir='ltr'><strong>milites</strong></span> <span class='ocrx_word' id='word_1_673' title='bbox 2955 4025 3008 4079; x_wconf 91' lang='lat' dir='ltr'><strong>in</strong></span> <span class='ocrx_word' id='word_1_674' title='bbox 3043 4027 3294 4096; x_wconf 86' lang='lat' dir='ltr'><strong>passione</strong></span> <span class='ocrx_word' id='word_1_675' title='bbox 3315 4015 3503 4083; x_wconf 84' lang='lat' dir='ltr'><strong>Salva-</strong></span> 
     </span>
    </p>
   </div>
   <div class='ocr_carea' id='block_1_84' title="bbox 1900 4116 3505 4187">
    <p class='ocr_par' dir='ltr' id='par_1_84' title="bbox 1900 4116 3505 4187">
     <span class='ocr_line' id='line_1_84' title="bbox 1900 4116 3505 4187; baseline 0.002 -15"><span class='ocrx_word' id='word_1_676' title='bbox 1900 4118 2037 4173; x_wconf 81' lang='lat' dir='ltr'><strong>toris</strong></span> <span class='ocrx_word' id='word_1_677' title='bbox 2058 4117 2307 4173; x_wconf 89' lang='lat' dir='ltr'><strong>scindere</strong></span> <span class='ocrx_word' id='word_1_678' title='bbox 2337 4118 2453 4171; x_wconf 86' lang='lat' dir='ltr'><strong>ausi</strong></span> <span class='ocrx_word' id='word_1_679' title='bbox 2478 4126 2603 4171; x_wconf 90' lang='lat' dir='ltr'><strong>sunt</strong></span> <span class='ocrx_word' id='word_1_680' title='bbox 2634 4116 2816 4187; x_wconf 84' lang='lat' dir='ltr'><strong>(Joan.</strong></span> <span class='ocrx_word' id='word_1_681' title='bbox 2851 4122 3003 4183; x_wconf 76' lang='lat' dir='ltr'><strong>xu);</strong></span> <span class='ocrx_word' id='word_1_682' title='bbox 3036 4128 3092 4175; x_wconf 92' lang='lat' dir='ltr'><strong>et</strong></span> <span class='ocrx_word' id='word_1_683' title='bbox 3109 4120 3505 4178; x_wconf 87' lang='lat' dir='ltr'><strong>contabescen-</strong></span> 
     </span>
    </p>
   </div>
   <div class='ocr_carea' id='block_1_85' title="bbox 1902 4213 3500 4286">
    <p class='ocr_par' dir='ltr' id='par_1_85' title="bbox 1902 4213 3500 4286">
     <span class='ocr_line' id='line_1_85' title="bbox 1902 4213 3500 4286; baseline 0.003 -16"><span class='ocrx_word' id='word_1_684' title='bbox 1902 4214 2045 4270; x_wconf 85' lang='lat' dir='ltr'><strong>tibus</strong></span> <span class='ocrx_word' id='word_1_685' title='bbox 2074 4213 2128 4268; x_wconf 91' lang='lat' dir='ltr'><strong>in</strong></span> <span class='ocrx_word' id='word_1_686' title='bbox 2160 4213 2535 4283; x_wconf 84' lang='lat' dir='ltr'><strong>iniquitatibus</strong></span> <span class='ocrx_word' id='word_1_687' title='bbox 2568 4214 2793 4280; x_wconf 81' lang='lat' dir='ltr'><strong>neStris,</strong></span> <span class='ocrx_word' id='word_1_688' title='bbox 2818 4214 2946 4269; x_wconf 93' lang='lat' dir='ltr'><strong>dum</strong></span> <span class='ocrx_word' id='word_1_689' title='bbox 2973 4216 3069 4271; x_wconf 88' lang='lat' dir='ltr'><strong>Dei</strong></span> <span class='ocrx_word' id='word_1_690' title='bbox 3091 4216 3358 4286; x_wconf 88' lang='lat' dir='ltr'><strong>justitiam</strong></span> <span class='ocrx_word' id='word_1_691' title='bbox 3393 4234 3500 4275; x_wconf 93' lang='lat' dir='ltr'><strong>non</strong></span> 
     </span>
    </p>
   </div>
   <div class='ocr_carea' id='block_1_86' title="bbox 1902 4305 3503 4380">
    <p class='ocr_par' dir='ltr' id='par_1_86' title="bbox 1902 4305 3503 4380">
     <span class='ocr_line' id='line_1_86' title="bbox 1902 4305 3503 4380; baseline 0.005 -21"><span class='ocrx_word' id='word_1_692' title='bbox 1902 4305 2186 4361; x_wconf 86' lang='lat' dir='ltr'><strong>habemus.</strong></span> <span class='ocrx_word' id='word_1_693' title='bbox 2241 4305 2513 4375; x_wconf 90' lang='lat' dir='ltr'><strong>Scriptum</strong></span> <span class='ocrx_word' id='word_1_694' title='bbox 2562 4314 2646 4359; x_wconf 90' lang='lat' dir='ltr'><strong>est</strong></span> <span class='ocrx_word' id='word_1_695' title='bbox 2676 4306 2728 4360; x_wconf 93' lang='lat' dir='ltr'><strong>in</strong></span> <span class='ocrx_word' id='word_1_696' title='bbox 2759 4306 2998 4362; x_wconf 87' lang='lat' dir='ltr'><strong>Jeremia</strong></span> <span class='ocrx_word' id='word_1_697' title='bbox 3018 4354 3032 4377; x_wconf 84' lang='lat'><strong>,</strong></span> <span class='ocrx_word' id='word_1_698' title='bbox 3061 4310 3205 4379; x_wconf 91' lang='lat' dir='ltr'><strong>quod</strong></span> <span class='ocrx_word' id='word_1_699' title='bbox 3246 4312 3456 4380; x_wconf 88' lang='lat' dir='ltr'><strong>parvuli</strong></span> <span class='ocrx_word' id='word_1_700' title='bbox 3485 4354 3503 4379; x_wconf 95' lang='lat'><strong>,</strong></span> 
     </span>
    </p>
   </div>
   <div class='ocr_carea' id='block_1_87' title="bbox 1900 4399 3503 4472">
    <p class='ocr_par' dir='ltr' id='par_1_87' title="bbox 1900 4399 3503 4472">
     <span class='ocr_line' id='line_1_87' title="bbox 1900 4399 3503 4472; baseline 0.004 -17"><span class='ocrx_word' id='word_1_701' title='bbox 1900 4399 1953 4455; x_wconf 93' lang='lat' dir='ltr'><strong>id</strong></span> <span class='ocrx_word' id='word_1_702' title='bbox 1984 4409 2085 4465; x_wconf 91' lang='lat' dir='ltr'><strong>cst,</strong></span> <span class='ocrx_word' id='word_1_703' title='bbox 2116 4399 2305 4469; x_wconf 89' lang='lat' dir='ltr'><strong>vulgus</strong></span> <span class='ocrx_word' id='word_1_704' title='bbox 2329 4399 2592 4454; x_wconf 69' lang='lat' dir='ltr'><strong>Ecclesiae</strong></span> <span class='ocrx_word' id='word_1_705' title='bbox 2625 4401 2880 4469; x_wconf 88' lang='lat' dir='ltr'><strong>petierint</strong></span> <span class='ocrx_word' id='word_1_706' title='bbox 2911 4418 3129 4472; x_wconf 88' lang='lat' dir='ltr'><strong>panem,</strong></span> <span class='ocrx_word' id='word_1_707' title='bbox 3161 4413 3217 4459; x_wconf 91' lang='lat' dir='ltr'><strong>et</strong></span> <span class='ocrx_word' id='word_1_708' title='bbox 3249 4419 3354 4460; x_wconf 92' lang='lat' dir='ltr'><strong>non</strong></span> <span class='ocrx_word' id='word_1_709' title='bbox 3388 4405 3503 4463; x_wconf 85' lang='lat' dir='ltr'><strong>fue-</strong></span> 
     </span>
    </p>
   </div>
   <div class='ocr_carea' id='block_1_88' title="bbox 1901 4492 3500 4568">
    <p class='ocr_par' dir='ltr' id='par_1_88' title="bbox 1901 4492 3500 4568">
     <span class='ocr_line' id='line_1_88' title="bbox 1901 4492 3500 4568; baseline 0.005 -21"><span class='ocrx_word' id='word_1_710' title='bbox 1901 4493 1969 4547; x_wconf 93' lang='lat' dir='ltr'><strong>rit</strong></span> <span class='ocrx_word' id='word_1_711' title='bbox 2015 4493 2105 4563; x_wconf 91' lang='lat' dir='ltr'><strong>qui</strong></span> <span class='ocrx_word' id='word_1_712' title='bbox 2153 4495 2232 4548; x_wconf 91' lang='lat' dir='ltr'><strong>eis</strong></span> <span class='ocrx_word' id='word_1_713' title='bbox 2282 4492 2553 4563; x_wconf 85' lang='lat' dir='ltr'><strong>frangeret</strong></span> <span class='ocrx_word' id='word_1_714' title='bbox 2603 4494 2847 4565; x_wconf 86' lang='lat' dir='ltr'><strong>(Thren.</strong></span> <span class='ocrx_word' id='word_1_715' title='bbox 2876 4512 2947 4559; x_wconf 87' lang='lat' dir='ltr'><strong>tv,</strong></span> <span class='ocrx_word' id='word_1_716' title='bbox 2981 4496 3081 4568; x_wconf 75' lang='grc'><strong>4).</strong></span> <span class='ocrx_word' id='word_1_717' title='bbox 3130 4498 3329 4553; x_wconf 86' lang='lat' dir='ltr'><strong>Paulus</strong></span> <span class='ocrx_word' id='word_1_718' title='bbox 3367 4514 3500 4554; x_wconf 88' lang='lat' dir='ltr'><strong>vero</strong></span> 
     </span>
    </p>
   </div>
   <div class='ocr_carea' id='block_1_89' title="bbox 204 4584 3563 4663">
    <p class='ocr_par' dir='ltr' id='par_1_89' title="bbox 204 4584 3563 4663">
     <span class='ocr_line' id='line_1_89' title="bbox 204 4584 3563 4663; baseline 0 -17"><span class='ocrx_word' id='word_1_719' title='bbox 204 4593 263 4646; x_wconf 88' lang='lat' dir='ltr'><strong>tit</strong></span> <span class='ocrx_word' id='word_1_720' title='bbox 283 4594 468 4656; x_wconf 87' lang='lat' dir='ltr'><strong>vitam,</strong></span> <span class='ocrx_word' id='word_1_721' title='bbox 503 4602 557 4646; x_wconf 88' lang='lat' dir='ltr'><strong>et</strong></span> <span class='ocrx_word' id='word_1_722' title='bbox 588 4592 639 4645; x_wconf 91' lang='lat' dir='ltr'><strong>in</strong></span> <span class='ocrx_word' id='word_1_723' title='bbox 673 4606 782 4660; x_wconf 93' lang='lat' dir='ltr'><strong>quo</strong></span> <span class='ocrx_word' id='word_1_724' title='bbox 811 4591 1047 4644; x_wconf 91' lang='lat' dir='ltr'><strong>moritur</strong></span> <span class='ocrx_word' id='word_1_725' title='bbox 1084 4591 1287 4655; x_wconf 90' lang='lat' dir='ltr'><strong>anima,</strong></span> <span class='ocrx_word' id='word_1_726' title='bbox 1319 4590 1612 4645; x_wconf 86' lang='lat' dir='ltr'><strong>laceratum</strong></span> <span class='ocrx_word' id='word_1_727' title='bbox 1641 4606 1672 4646; x_wconf 89' lang='lat' dir='ltr'><strong>a</strong></span> <span class='ocrx_word' id='word_1_728' title='bbox 1704 4591 1797 4646; x_wconf 84' lang='lat' dir='ltr'><strong>be-</strong></span> <span class='ocrx_word' id='word_1_729' title='bbox 1823 4596 1878 4656; x_wconf 90' lang='lat' dir='ltr'><strong>D</strong></span> <span class='ocrx_word' id='word_1_730' title='bbox 1903 4586 1992 4655; x_wconf 89' lang='lat' dir='ltr'><strong>qui</strong></span> <span class='ocrx_word' id='word_1_731' title='bbox 2023 4584 2106 4639; x_wconf 78' lang='lat' dir='ltr'><strong>Vir</strong></span> <span class='ocrx_word' id='word_1_732' title='bbox 2127 4585 2240 4658; x_wconf 65' lang='grc'><strong>68</strong></span> <span class='ocrx_word' id='word_1_733' title='bbox 2266 4584 2294 4623; x_wconf 68' lang='grc' dir='ltr'>δ</span> <span class='ocrx_word' id='word_1_734' title='bbox 2326 4586 2582 4642; x_wconf 67' lang='lat' dir='ltr'><strong>Ecclesia:</strong></span> <span class='ocrx_word' id='word_1_735' title='bbox 2614 4597 2751 4651; x_wconf 80' lang='lat' dir='ltr'><strong>erat.</strong></span> <span class='ocrx_word' id='word_1_736' title='bbox 2786 4596 2840 4642; x_wconf 83' lang='lat' dir='ltr'><strong>el</strong></span> <span class='ocrx_word' id='word_1_737' title='bbox 2867 4590 3073 4644; x_wconf 70' lang='lat' dir='ltr'><strong>sciebat</strong></span> <span class='ocrx_word' id='word_1_738' title='bbox 3101 4589 3379 4645; x_wconf 87' lang='lat' dir='ltr'><strong>Christum</strong></span> <span class='ocrx_word' id='word_1_739' title='bbox 3410 4608 3505 4663; x_wconf 87' lang='lat' dir='ltr'><strong>pa-</strong></span> <span class='ocrx_word' id='word_1_740' title='bbox 3558 4630 3563 4635; x_wconf 59' lang='grc' dir='ltr'><strong><em>ι</em></strong></span> 
     </span>
    </p>
   </div>
   <div class='ocr_carea' id='block_1_90' title="bbox 202 4680 1795 4758">
    <p class='ocr_par' dir='ltr' id='par_1_90' title="bbox 202 4680 1795 4758">
     <span class='ocr_line' id='line_1_90' title="bbox 202 4680 1795 4758; baseline -0.001 -21"><span class='ocrx_word' id='word_1_741' title='bbox 202 4684 334 4748; x_wconf 83' lang='lat' dir='ltr'><strong>stiis,</strong></span> <span class='ocrx_word' id='word_1_742' title='bbox 379 4682 527 4751; x_wconf 86' lang='lat' dir='ltr'><strong>quod</strong></span> <span class='ocrx_word' id='word_1_743' title='bbox 556 4680 748 4737; x_wconf 76' lang='lat' dir='ltr'><strong>Grzece</strong></span> <span class='ocrx_word' id='word_1_744' title='bbox 776 4680 1078 4749; x_wconf 86' lang='lat' dir='ltr'><strong>appellatur</strong></span> <span class='ocrx_word' id='word_1_745' title='bbox 1103 4681 1214 4753; x_wconf 62' lang='grc'><strong>46</strong></span> <span class='ocrx_word' id='word_1_746' title='bbox 1260 4683 1589 4758; x_wconf 80' lang='grc' dir='ltr'><strong>θηριάλωτον.</strong></span> <span class='ocrx_word' id='word_1_747' title='bbox 1638 4682 1795 4750; x_wconf 86' lang='lat' dir='ltr'><strong>Quod</strong></span> 
     </span>
    </p>
   </div>
   <div class='ocr_carea' id='block_1_91' title="bbox 200 4762 1796 4844">
    <p class='ocr_par' dir='ltr' id='par_1_91' title="bbox 200 4762 1796 4844">
     <span class='ocr_line' id='line_1_91' title="bbox 200 4762 1796 4844; baseline 0.001 -17"><span class='ocrx_word' id='word_1_748' title='bbox 200 4786 374 4829; x_wconf 85' lang='lat' dir='ltr'><strong>antem</strong></span> <span class='ocrx_word' id='word_1_749' title='bbox 405 4789 505 4844; x_wconf 90' lang='lat' dir='ltr'><strong>pro</strong></span> <span class='ocrx_word' id='word_1_750' title='bbox 533 4773 775 4827; x_wconf 91' lang='lat' dir='ltr'><strong>humano</strong></span> <span class='ocrx_word' id='word_1_751' title='bbox 805 4762 1069 4840; x_wconf 86' lang='lat' dir='ltr'><strong>stercore,</strong></span> <span class='ocrx_word' id='word_1_752' title='bbox 1095 4774 1255 4828; x_wconf 91' lang='lat' dir='ltr'><strong>boum</strong></span> <span class='ocrx_word' id='word_1_753' title='bbox 1276 4776 1594 4829; x_wconf 87' lang='lat' dir='ltr'><strong>conceditur</strong></span> <span class='ocrx_word' id='word_1_754' title='bbox 1616 4774 1796 4842; x_wconf 88' lang='lat' dir='ltr'><strong>fimus,</strong></span> 
     </span>
    </p>
   </div>
   <div class='ocr_carea' id='block_1_92' title="bbox 198 4865 1799 4937">
    <p class='ocr_par' dir='ltr' id='par_1_92' title="bbox 198 4865 1799 4937">
     <span class='ocr_line' id='line_1_92' title="bbox 198 4865 1799 4937; baseline -0.001 -15"><span class='ocrx_word' id='word_1_755' title='bbox 198 4868 398 4923; x_wconf 83' lang='lat' dir='ltr'><strong>leviora</strong></span> <span class='ocrx_word' id='word_1_756' title='bbox 450 4867 832 4936; x_wconf 75' lang='lat' dir='ltr'><strong>signiﬁcantur</strong></span> <span class='ocrx_word' id='word_1_757' title='bbox 876 4866 1015 4919; x_wconf 86' lang='lat' dir='ltr'><strong>mala</strong></span> <span class='ocrx_word' id='word_1_758' title='bbox 1054 4884 1065 4920; x_wconf 90' lang='lat'>:</span> <span class='ocrx_word' id='word_1_759' title='bbox 1111 4865 1240 4920; x_wconf 91' lang='lat' dir='ltr'><strong>dum</strong></span> <span class='ocrx_word' id='word_1_760' title='bbox 1280 4867 1543 4935; x_wconf 77' lang='lat' dir='ltr'><strong>iubentur</strong></span> <span class='ocrx_word' id='word_1_761' title='bbox 1581 4865 1799 4937; x_wconf 91' lang='lat' dir='ltr'><strong>quidem</strong></span> 
     </span>
    </p>
   </div>
   <div class='ocr_carea' id='block_1_93' title="bbox 196 4958 1804 5031">
    <p class='ocr_par' dir='ltr' id='par_1_93' title="bbox 196 4958 1804 5031">
     <span class='ocr_line' id='line_1_93' title="bbox 196 4958 1804 5031; baseline -0.001 -15"><span class='ocrx_word' id='word_1_762' title='bbox 196 4970 406 5016; x_wconf 86' lang='lat' dir='ltr'><strong>coctum</strong></span> <span class='ocrx_word' id='word_1_763' title='bbox 436 4960 491 5013; x_wconf 91' lang='lat' dir='ltr'><strong>in</strong></span> <span class='ocrx_word' id='word_1_764' title='bbox 524 4958 730 5031; x_wconf 88' lang='lat' dir='ltr'><strong>bubulo</strong></span> <span class='ocrx_word' id='word_1_765' title='bbox 757 4967 1003 5013; x_wconf 88' lang='lat' dir='ltr'><strong>stercore</strong></span> <span class='ocrx_word' id='word_1_766' title='bbox 1023 4958 1313 5013; x_wconf 85' lang='lat' dir='ltr'><strong>comedere</strong></span> <span class='ocrx_word' id='word_1_767' title='bbox 1342 4974 1537 5027; x_wconf 88' lang='lat' dir='ltr'><strong>panem</strong></span> <span class='ocrx_word' id='word_1_768' title='bbox 1566 4976 1580 5023; x_wconf 86' lang='lat'><strong>;</strong></span> <span class='ocrx_word' id='word_1_769' title='bbox 1609 4959 1704 5014; x_wconf 84' lang='lat' dir='ltr'><strong>sed</strong></span> <span class='ocrx_word' id='word_1_770' title='bbox 1735 4958 1804 5014; x_wconf 89' lang='lat' dir='ltr'><strong>ab</strong></span> 
     </span>
    </p>
   </div>
   <div class='ocr_carea' id='block_1_94' title="bbox 197 5054 1802 5125">
    <p class='ocr_par' dir='ltr' id='par_1_94' title="bbox 197 5054 1802 5125">
     <span class='ocr_line' id='line_1_94' title="bbox 197 5054 1802 5125; baseline 0 -15"><span class='ocrx_word' id='word_1_771' title='bbox 197 5056 414 5111; x_wconf 90' lang='lat' dir='ltr'><strong>humani</strong></span> <span class='ocrx_word' id='word_1_772' title='bbox 444 5056 709 5113; x_wconf 87' lang='lat' dir='ltr'><strong>stercoris</strong></span> <span class='ocrx_word' id='word_1_773' title='bbox 737 5056 901 5125; x_wconf 89' lang='lat' dir='ltr'><strong>longe</strong></span> <span class='ocrx_word' id='word_1_774' title='bbox 944 5069 1068 5110; x_wconf 89' lang='lat' dir='ltr'><strong>esse</strong></span> <span class='ocrx_word' id='word_1_775' title='bbox 1118 5054 1459 5109; x_wconf 91' lang='lat' dir='ltr'><strong>immunditia</strong></span> <span class='ocrx_word' id='word_1_776' title='bbox 1496 5062 1596 5110; x_wconf 91' lang='lat' dir='ltr'><strong>:et</strong></span> <span class='ocrx_word' id='word_1_777' title='bbox 1633 5070 1802 5124; x_wconf 90' lang='lat' dir='ltr'><strong>usque</strong></span> 
     </span>
    </p>
   </div>
   <div class='ocr_carea' id='block_1_95' title="bbox 197 5148 1799 5220">
    <p class='ocr_par' dir='ltr' id='par_1_95' title="bbox 197 5148 1799 5220">
     <span class='ocr_line' id='line_1_95' title="bbox 197 5148 1799 5220; baseline -0.001 -16"><span class='ocrx_word' id='word_1_778' title='bbox 197 5149 354 5207; x_wconf 86' lang='lat' dir='ltr'><strong>hodie</strong></span> <span class='ocrx_word' id='word_1_779' title='bbox 399 5153 452 5205; x_wconf 90' lang='lat' dir='ltr'><strong>in</strong></span> <span class='ocrx_word' id='word_1_780' title='bbox 503 5151 706 5220; x_wconf 80' lang='lat' dir='ltr'><strong>papulo</strong></span> <span class='ocrx_word' id='word_1_781' title='bbox 734 5148 1051 5204; x_wconf 71' lang='lat' dir='ltr'><strong>Judzeorum</strong></span> <span class='ocrx_word' id='word_1_782' title='bbox 1081 5157 1334 5203; x_wconf 71' lang='lat' dir='ltr'><strong>senatur</strong></span> <span class='ocrx_word' id='word_1_783' title='bbox 1364 5149 1466 5202; x_wconf 86' lang='lat' dir='ltr'><strong>ista</strong></span> <span class='ocrx_word' id='word_1_784' title='bbox 1508 5149 1799 5216; x_wconf 90' lang='lat' dir='ltr'><strong>sententia,</strong></span> 
     </span>
    </p>
   </div>
   <div class='ocr_carea' id='block_1_96' title="bbox 198 5240 1799 5309">
    <p class='ocr_par' dir='ltr' id='par_1_96' title="bbox 198 5240 1799 5309">
     <span class='ocr_line' id='line_1_96' title="bbox 198 5240 1799 5309; baseline 0.001 -14"><span class='ocrx_word' id='word_1_785' title='bbox 198 5250 382 5295; x_wconf 90' lang='lat' dir='ltr'><strong>utnon</strong></span> <span class='ocrx_word' id='word_1_786' title='bbox 413 5242 713 5297; x_wconf 80' lang='lat' dir='ltr'><strong>comedant</strong></span> <span class='ocrx_word' id='word_1_787' title='bbox 744 5255 940 5309; x_wconf 89' lang='lat' dir='ltr'><strong>panem</strong></span> <span class='ocrx_word' id='word_1_788' title='bbox 973 5255 1131 5294; x_wconf 88' lang='lat' dir='ltr'><strong>suum</strong></span> <span class='ocrx_word' id='word_1_789' title='bbox 1174 5240 1229 5294; x_wconf 86' lang='lat' dir='ltr'><strong>in</strong></span> <span class='ocrx_word' id='word_1_790' title='bbox 1263 5240 1498 5294; x_wconf 91' lang='lat' dir='ltr'><strong>humano</strong></span> <span class='ocrx_word' id='word_1_791' title='bbox 1535 5255 1799 5297; x_wconf 88' lang='lat' dir='ltr'><strong>stercore.</strong></span> 
     </span>
    </p>
   </div>
   <div class='ocr_carea' id='block_1_97' title="bbox 198 5330 1804 5404">
    <p class='ocr_par' dir='ltr' id='par_1_97' title="bbox 198 5330 1804 5404">
     <span class='ocr_line' id='line_1_97' title="bbox 198 5330 1804 5404; baseline 0.001 -18"><span class='ocrx_word' id='word_1_792' title='bbox 198 5330 376 5404; x_wconf 82' lang='lat' dir='ltr'><strong>Neque</strong></span> <span class='ocrx_word' id='word_1_793' title='bbox 399 5333 545 5390; x_wconf 89' lang='lat' dir='ltr'><strong>enim</strong></span> <span class='ocrx_word' id='word_1_794' title='bbox 567 5332 733 5387; x_wconf 91' lang='lat' dir='ltr'><strong>idolis</strong></span> <span class='ocrx_word' id='word_1_795' title='bbox 750 5332 1017 5397; x_wconf 86' lang='lat' dir='ltr'><strong>serviunt,</strong></span> <span class='ocrx_word' id='word_1_796' title='bbox 1053 5345 1152 5386; x_wconf 90' lang='lat' dir='ltr'><strong>nec</strong></span> <span class='ocrx_word' id='word_1_797' title='bbox 1180 5331 1324 5385; x_wconf 88' lang='lat' dir='ltr'><strong>varia</strong></span> <span class='ocrx_word' id='word_1_798' title='bbox 1346 5333 1652 5386; x_wconf 69' lang='lat' dir='ltr'><strong>daemonum</strong></span> <span class='ocrx_word' id='word_1_799' title='bbox 1678 5347 1804 5403; x_wconf 88' lang='lat' dir='ltr'><strong>por-</strong></span> 
     </span>
    </p>
   </div>
   <div class='ocr_carea' id='block_1_98' title="bbox 201 5420 1801 5490">
    <p class='ocr_par' dir='ltr' id='par_1_98' title="bbox 201 5420 1801 5490">
     <span class='ocr_line' id='line_1_98' title="bbox 201 5420 1801 5490; baseline -0.001 -11"><span class='ocrx_word' id='word_1_800' title='bbox 201 5430 337 5482; x_wconf 83' lang='lat' dir='ltr'><strong>tenta</strong></span> <span class='ocrx_word' id='word_1_801' title='bbox 374 5434 744 5490; x_wconf 84' lang='lat' dir='ltr'><strong>venerantur;</strong></span> <span class='ocrx_word' id='word_1_802' title='bbox 780 5420 879 5477; x_wconf 87' lang='lat' dir='ltr'><strong>sed</strong></span> <span class='ocrx_word' id='word_1_803' title='bbox 908 5422 962 5475; x_wconf 91' lang='lat' dir='ltr'><strong>in</strong></span> <span class='ocrx_word' id='word_1_804' title='bbox 994 5421 1123 5477; x_wconf 84' lang='lat' dir='ltr'><strong>limo</strong></span> <span class='ocrx_word' id='word_1_805' title='bbox 1161 5421 1404 5478; x_wconf 89' lang='lat' dir='ltr'><strong>bubulo:</strong></span> <span class='ocrx_word' id='word_1_806' title='bbox 1447 5421 1576 5477; x_wconf 89' lang='lat' dir='ltr'><strong>dum</strong></span> <span class='ocrx_word' id='word_1_807' title='bbox 1620 5423 1801 5478; x_wconf 86' lang='lat' dir='ltr'><strong>omnia</strong></span> 
     </span>
    </p>
   </div>
   <div class='ocr_carea' id='block_1_99' title="bbox 270 5623 1807 5697">
    <p class='ocr_par' dir='ltr' id='par_1_99' title="bbox 270 5623 1807 5697">
     <span class='ocr_line' id='line_1_99' title="bbox 270 5623 1807 5697; baseline -0.005 -10"><span class='ocrx_word' id='word_1_808' title='bbox 270 5640 294 5668; x_wconf 81' lang='grc'><strong><em>³</em></strong></span> <span class='ocrx_word' id='word_1_809' title='bbox 332 5630 535 5688; x_wconf 83' lang='lat' dir='ltr'><strong>Confer</strong></span> <span class='ocrx_word' id='word_1_810' title='bbox 583 5623 1043 5687; x_wconf 83' lang='lat' dir='ltr'><strong>Commentarios</strong></span> <span class='ocrx_word' id='word_1_811' title='bbox 1082 5626 1144 5697; x_wconf 83' lang='lat' dir='ltr'><strong>in</strong></span> <span class='ocrx_word' id='word_1_812' title='bbox 1200 5641 1321 5697; x_wconf 89' lang='lat' dir='ltr'><strong>cap.</strong></span> <span class='ocrx_word' id='word_1_813' title='bbox 1353 5643 1427 5683; x_wconf 77' lang='lat' dir='ltr'><strong>xv</strong></span> <span class='ocrx_word' id='word_1_814' title='bbox 1483 5628 1669 5693; x_wconf 61' lang='lat' dir='ltr'><strong>Isaiae,</strong></span> <span class='ocrx_word' id='word_1_815' title='bbox 1714 5624 1807 5680; x_wconf 87' lang='lat' dir='ltr'><strong>ubi</strong></span> 
     </span>
    </p>
   </div>
   <div class='ocr_carea' id='block_1_100' title="bbox 207 5696 1810 5769">
    <p class='ocr_par' dir='ltr' id='par_1_100' title="bbox 207 5696 1810 5769">
     <span class='ocr_line' id='line_1_100' title="bbox 207 5696 1810 5769; baseline -0.004 -11"><span class='ocrx_word' id='word_1_816' title='bbox 207 5715 389 5759; x_wconf 80' lang='lat' dir='ltr'><strong>corvos</strong></span> <span class='ocrx_word' id='word_1_817' title='bbox 429 5704 550 5760; x_wconf 83' lang='lat' dir='ltr'><strong>illos</strong></span> <span class='ocrx_word' id='word_1_818' title='bbox 574 5716 720 5758; x_wconf 87' lang='lat' dir='ltr'><strong>aves</strong></span> <span class='ocrx_word' id='word_1_819' title='bbox 749 5712 960 5769; x_wconf 86' lang='lat' dir='ltr'><strong>negare</strong></span> <span class='ocrx_word' id='word_1_820' title='bbox 1004 5696 1222 5769; x_wconf 72' lang='lat' dir='ltr'><strong>videtur</strong></span> <span class='ocrx_word' id='word_1_821' title='bbox 1248 5696 1452 5768; x_wconf 87' lang='lat' dir='ltr'><strong>fuisse,</strong></span> <span class='ocrx_word' id='word_1_822' title='bbox 1489 5701 1585 5757; x_wconf 90' lang='lat' dir='ltr'><strong>sed</strong></span> <span class='ocrx_word' id='word_1_823' title='bbox 1634 5698 1810 5754; x_wconf 85' lang='lat' dir='ltr'><strong>homi-</strong></span> 
     </span>
    </p>
   </div>
   <div class='ocr_carea' id='block_1_101' title="bbox 209 5766 1809 5849">
    <p class='ocr_par' dir='ltr' id='par_1_101' title="bbox 209 5766 1809 5849">
     <span class='ocr_line' id='line_1_101' title="bbox 209 5766 1809 5849; baseline -0.006 -17"><span class='ocrx_word' id='word_1_824' title='bbox 209 5786 309 5845; x_wconf 81' lang='lat' dir='ltr'><strong>nes,</strong></span> <span class='ocrx_word' id='word_1_825' title='bbox 333 5777 421 5849; x_wconf 90' lang='lat' dir='ltr'><strong>qui</strong></span> <span class='ocrx_word' id='word_1_826' title='bbox 447 5776 631 5834; x_wconf 84' lang='lat' dir='ltr'><strong>Etiam</strong></span> <span class='ocrx_word' id='word_1_827' title='bbox 647 5770 809 5847; x_wconf 85' lang='lat' dir='ltr'><strong>pasti</strong></span> <span class='ocrx_word' id='word_1_828' title='bbox 832 5766 985 5825; x_wconf 77' lang='lat' dir='ltr'><strong>sunt.</strong></span> <span class='ocrx_word' id='word_1_829' title='bbox 1016 5766 1150 5825; x_wconf 84' lang='lat' dir='ltr'><strong>Vide</strong></span> <span class='ocrx_word' id='word_1_830' title='bbox 1172 5780 1229 5826; x_wconf 90' lang='lat' dir='ltr'><strong>et</strong></span> <span class='ocrx_word' id='word_1_831' title='bbox 1254 5785 1377 5841; x_wconf 73' lang='lat' dir='ltr'><strong>quae</strong></span> <span class='ocrx_word' id='word_1_832' title='bbox 1403 5766 1477 5828; x_wconf 86' lang='lat' dir='ltr'><strong>ibi</strong></span> <span class='ocrx_word' id='word_1_833' title='bbox 1510 5785 1609 5826; x_wconf 87' lang='lat' dir='ltr'><strong>nos</strong></span> <span class='ocrx_word' id='word_1_834' title='bbox 1641 5785 1809 5825; x_wconf 85' lang='lat' dir='ltr'><strong>anno-</strong></span> 
     </span>
    </p>
   </div>
   <div class='ocr_carea' id='block_1_102' title="bbox 1904 4678 3499 4753">
    <p class='ocr_par' dir='ltr' id='par_1_102' title="bbox 1904 4678 3499 4753">
     <span class='ocr_line' id='line_1_102' title="bbox 1904 4678 3499 4753; baseline 0.003 -20"><span class='ocrx_word' id='word_1_835' title='bbox 1904 4693 2000 4733; x_wconf 83' lang='lat' dir='ltr'><strong>ncs</strong></span> <span class='ocrx_word' id='word_1_836' title='bbox 2032 4678 2259 4747; x_wconf 88' lang='lat' dir='ltr'><strong>fregisse</strong></span> <span class='ocrx_word' id='word_1_837' title='bbox 2278 4680 2500 4750; x_wconf 73' lang='lat' dir='ltr'><strong>legales,</strong></span> <span class='ocrx_word' id='word_1_838' title='bbox 2532 4695 2593 4734; x_wconf 91' lang='lat' dir='ltr'><strong>ac</strong></span> <span class='ocrx_word' id='word_1_839' title='bbox 2615 4680 2832 4735; x_wconf 90' lang='lat' dir='ltr'><strong>dedisse</strong></span> <span class='ocrx_word' id='word_1_840' title='bbox 2858 4681 3139 4751; x_wconf 88' lang='lat' dir='ltr'><strong>discipulis</strong></span> <span class='ocrx_word' id='word_1_841' title='bbox 3173 4683 3499 4753; x_wconf 87' lang='lat' dir='ltr'><strong>erogandos,</strong></span> 
     </span>
    </p>
   </div>
   <div class='ocr_carea' id='block_1_103' title="bbox 1904 4772 3506 4849">
    <p class='ocr_par' dir='ltr' id='par_1_103' title="bbox 1904 4772 3506 4849">
     <span class='ocr_line' id='line_1_103' title="bbox 1904 4772 3506 4849; baseline 0.005 -22"><span class='ocrx_word' id='word_1_842' title='bbox 1904 4772 2147 4842; x_wconf 83' lang='lat' dir='ltr'><strong>loquitur</strong></span> <span class='ocrx_word' id='word_1_843' title='bbox 2171 4773 2510 4829; x_wconf 84' lang='lat' dir='ltr'><strong>confidenter</strong></span> <span class='ocrx_word' id='word_1_844' title='bbox 2534 4792 2545 4827; x_wconf 88' lang='lat'>:</span> <span class='ocrx_word' id='word_1_845' title='bbox 2577 4773 2775 4829; x_wconf 87' lang='lat' dir='ltr'><strong>Panem</strong></span> <span class='ocrx_word' id='word_1_846' title='bbox 2801 4792 2952 4842; x_wconf 89' lang='lat' dir='ltr'><strong>quem</strong></span> <span class='ocrx_word' id='word_1_847' title='bbox 2982 4776 3307 4849; x_wconf 80' lang='lat' dir='ltr'><strong>frangimus,</strong></span> <span class='ocrx_word' id='word_1_848' title='bbox 3335 4795 3506 4835; x_wconf 87' lang='lat' dir='ltr'><strong>nonne</strong></span> 
     </span>
    </p>
   </div>
   <div class='ocr_carea' id='block_1_104' title="bbox 1904 4866 3503 4943">
    <p class='ocr_par' dir='ltr' id='par_1_104' title="bbox 1904 4866 3503 4943">
     <span class='ocr_line' id='line_1_104' title="bbox 1904 4866 3503 4943; baseline 0.005 -22"><span class='ocrx_word' id='word_1_849' title='bbox 1904 4866 2300 4921; x_wconf 84' lang='lat' dir='ltr'><strong>communicatio</strong></span> <span class='ocrx_word' id='word_1_850' title='bbox 2343 4876 2419 4922; x_wconf 85' lang='lat' dir='ltr'><strong>est</strong></span> <span class='ocrx_word' id='word_1_851' title='bbox 2462 4866 2703 4935; x_wconf 68' lang='lat' dir='ltr'><strong>Corporis</strong></span> <span class='ocrx_word' id='word_1_852' title='bbox 2749 4868 2983 4924; x_wconf 80' lang='lat' dir='ltr'><strong>Christi?</strong></span> <span class='ocrx_word' id='word_1_853' title='bbox 3029 4870 3089 4942; x_wconf 91' lang='grc' dir='ltr'><strong>(Ι</strong></span> <span class='ocrx_word' id='word_1_854' title='bbox 3120 4869 3238 4925; x_wconf 87' lang='lat' dir='ltr'><strong>Cor.</strong></span> <span class='ocrx_word' id='word_1_855' title='bbox 3272 4888 3337 4937; x_wconf 83' lang='lat' dir='ltr'><strong>x,</strong></span> <span class='ocrx_word' id='word_1_856' title='bbox 3368 4871 3503 4943; x_wconf 81' lang='grc'><strong>16.)</strong></span> 
     </span>
    </p>
   </div>
   <div class='ocr_carea' id='block_1_105' title="bbox 1908 4960 3504 5032">
    <p class='ocr_par' dir='ltr' id='par_1_105' title="bbox 1908 4960 3504 5032">
     <span class='ocr_line' id='line_1_105' title="bbox 1908 4960 3504 5032; baseline 0.003 -16"><span class='ocrx_word' id='word_1_857' title='bbox 1908 4960 2273 5030; x_wconf 85' lang='lat' dir='ltr'><strong>Baculumque</strong></span> <span class='ocrx_word' id='word_1_858' title='bbox 2314 4960 2397 5015; x_wconf 90' lang='lat' dir='ltr'><strong>vel</strong></span> <span class='ocrx_word' id='word_1_859' title='bbox 2450 4961 2819 5017; x_wconf 75' lang='lat' dir='ltr'><strong>fortitudinem</strong></span> <span class='ocrx_word' id='word_1_860' title='bbox 2870 4963 3025 5032; x_wconf 90' lang='lat' dir='ltr'><strong>panis</strong></span> <span class='ocrx_word' id='word_1_861' title='bbox 3069 4963 3358 5020; x_wconf 89' lang='lat' dir='ltr'><strong>comedere</strong></span> <span class='ocrx_word' id='word_1_862' title='bbox 3394 4979 3504 5020; x_wconf 92' lang='lat' dir='ltr'><strong>non</strong></span> 
     </span>
    </p>
   </div>
   <div class='ocr_carea' id='block_1_106' title="bbox 1908 5051 3509 5124">
    <p class='ocr_par' dir='ltr' id='par_1_106' title="bbox 1908 5051 3509 5124">
     <span class='ocr_line' id='line_1_106' title="bbox 1908 5051 3509 5124; baseline 0.001 -18"><span class='ocrx_word' id='word_1_863' title='bbox 1908 5061 2152 5124; x_wconf 89' lang='lat' dir='ltr'><strong>possunt,</strong></span> <span class='ocrx_word' id='word_1_864' title='bbox 2188 5052 2279 5122; x_wconf 89' lang='lat' dir='ltr'><strong>qui</strong></span> <span class='ocrx_word' id='word_1_865' title='bbox 2310 5052 2450 5107; x_wconf 88' lang='lat' dir='ltr'><strong>lacte</strong></span> <span class='ocrx_word' id='word_1_866' title='bbox 2478 5051 2721 5107; x_wconf 68' lang='lat' dir='ltr'><strong>infantiae</strong></span> <span class='ocrx_word' id='word_1_867' title='bbox 2742 5051 3005 5122; x_wconf 90' lang='lat' dir='ltr'><strong>indigent,</strong></span> <span class='ocrx_word' id='word_1_868' title='bbox 3027 5069 3127 5109; x_wconf 90' lang='lat' dir='ltr'><strong>nec</strong></span> <span class='ocrx_word' id='word_1_869' title='bbox 3153 5055 3342 5110; x_wconf 87' lang='lat' dir='ltr'><strong>valent</strong></span> <span class='ocrx_word' id='word_1_870' title='bbox 3366 5056 3509 5110; x_wconf 89' lang='lat' dir='ltr'><strong>acci-</strong></span> 
     </span>
    </p>
   </div>
   <div class='ocr_carea' id='block_1_107' title="bbox 1911 5143 3507 5215">
    <p class='ocr_par' dir='ltr' id='par_1_107' title="bbox 1911 5143 3507 5215">
     <span class='ocr_line' id='line_1_107' title="bbox 1911 5143 3507 5215; baseline 0.001 -16"><span class='ocrx_word' id='word_1_871' title='bbox 1911 5160 2041 5214; x_wconf 89' lang='lat' dir='ltr'><strong>pere</strong></span> <span class='ocrx_word' id='word_1_872' title='bbox 2066 5144 2300 5199; x_wconf 91' lang='lat' dir='ltr'><strong>solidum</strong></span> <span class='ocrx_word' id='word_1_873' title='bbox 2331 5145 2530 5199; x_wconf 90' lang='lat' dir='ltr'><strong>cibum.</strong></span> <span class='ocrx_word' id='word_1_874' title='bbox 2571 5143 2826 5215; x_wconf 86' lang='lat' dir='ltr'><strong>Nihilque</strong></span> <span class='ocrx_word' id='word_1_875' title='bbox 2868 5144 2939 5198; x_wconf 92' lang='lat' dir='ltr'><strong>ita</strong></span> <span class='ocrx_word' id='word_1_876' title='bbox 2968 5148 3235 5201; x_wconf 88' lang='lat' dir='ltr'><strong>vescentis</strong></span> <span class='ocrx_word' id='word_1_877' title='bbox 3265 5146 3507 5201; x_wconf 90' lang='lat' dir='ltr'><strong>animum</strong></span> 
     </span>
    </p>
   </div>
   <div class='ocr_carea' id='block_1_108' title="bbox 1911 5238 3507 5310">
    <p class='ocr_par' dir='ltr' id='par_1_108' title="bbox 1911 5238 3507 5310">
     <span class='ocr_line' id='line_1_108' title="bbox 1911 5238 3507 5310; baseline 0 -15"><span class='ocrx_word' id='word_1_878' title='bbox 1911 5240 2154 5305; x_wconf 90' lang='lat' dir='ltr'><strong>roborat,</strong></span> <span class='ocrx_word' id='word_1_879' title='bbox 2183 5240 2457 5309; x_wconf 90' lang='lat' dir='ltr'><strong>quomodo</strong></span> <span class='ocrx_word' id='word_1_880' title='bbox 2490 5239 2647 5310; x_wconf 88' lang='lat' dir='ltr'><strong>panis</strong></span> <span class='ocrx_word' id='word_1_881' title='bbox 2678 5240 2800 5293; x_wconf 60' lang='lat' dir='ltr'><strong>vitae</strong></span> <span class='ocrx_word' id='word_1_882' title='bbox 2821 5280 2837 5305; x_wconf 92' lang='lat'><strong>,</strong></span> <span class='ocrx_word' id='word_1_883' title='bbox 2867 5238 2936 5295; x_wconf 91' lang='lat' dir='ltr'><strong>de</strong></span> <span class='ocrx_word' id='word_1_884' title='bbox 2966 5255 3074 5310; x_wconf 90' lang='lat' dir='ltr'><strong>quo</strong></span> <span class='ocrx_word' id='word_1_885' title='bbox 3098 5238 3359 5307; x_wconf 90' lang='lat' dir='ltr'><strong>scriptum</strong></span> <span class='ocrx_word' id='word_1_886' title='bbox 3387 5248 3507 5295; x_wconf 88' lang='lat' dir='ltr'><strong>est:</strong></span> 
     </span>
    </p>
   </div>
   <div class='ocr_carea' id='block_1_109' title="bbox 1909 5330 3469 5404">
    <p class='ocr_par' dir='ltr' id='par_1_109' title="bbox 1909 5330 3469 5404">
     <span class='ocr_line' id='line_1_109' title="bbox 1909 5330 3469 5404; baseline 0.003 -19"><span class='ocrx_word' id='word_1_887' title='bbox 1909 5330 1980 5385; x_wconf 86' lang='lat' dir='ltr'><strong>Et</strong></span> <span class='ocrx_word' id='word_1_888' title='bbox 2011 5333 2164 5401; x_wconf 82' lang='lat' dir='ltr'><strong>panis</strong></span> <span class='ocrx_word' id='word_1_889' title='bbox 2194 5332 2466 5402; x_wconf 76' lang='lat' dir='ltr'><strong>conﬁrmat</strong></span> <span class='ocrx_word' id='word_1_890' title='bbox 2488 5347 2575 5386; x_wconf 88' lang='lat' dir='ltr'><strong>cor</strong></span> <span class='ocrx_word' id='word_1_891' title='bbox 2603 5330 2826 5387; x_wconf 85' lang='lat' dir='ltr'><strong>hominis</strong></span> <span class='ocrx_word' id='word_1_892' title='bbox 2859 5330 3032 5404; x_wconf 85' lang='lat' dir='ltr'><strong>(Psal.</strong></span> <span class='ocrx_word' id='word_1_893' title='bbox 3062 5346 3319 5397; x_wconf 75' lang='lat' dir='ltr'><strong>cum&quot;,</strong></span> <span class='ocrx_word' id='word_1_894' title='bbox 3347 5330 3469 5403; x_wconf 80' lang='grc'><strong>15).</strong></span> 
     </span>
    </p>
   </div>
   <div class='ocr_carea' id='block_1_110' title="bbox 1915 5632 3222 5765">
    <p class='ocr_par' dir='ltr' id='par_1_110' title="bbox 1915 5632 3222 5765">
     <span class='ocr_line' id='line_1_110' title="bbox 1915 5632 3222 5765; baseline 0.004 -16"><span class='ocrx_word' id='word_1_895' title='bbox 1915 5632 2168 5751; x_wconf 45' lang='lat' dir='ltr'><strong>“mg?</strong></span> <span class='ocrx_word' id='word_1_896' title='bbox 2193 5695 2430 5751; x_wconf 82' lang='lat' dir='ltr'><strong>Ecclesia</strong></span> <span class='ocrx_word' id='word_1_897' title='bbox 2454 5694 2509 5750; x_wconf 92' lang='lat' dir='ltr'><strong>in</strong></span> <span class='ocrx_word' id='word_1_898' title='bbox 2537 5694 2659 5751; x_wconf 88' lang='lat' dir='ltr'><strong>aliis</strong></span> <span class='ocrx_word' id='word_1_899' title='bbox 2683 5691 2836 5765; x_wconf 80' lang='lat' dir='ltr'><strong>libris</strong></span> <span class='ocrx_word' id='word_1_900' title='bbox 2862 5694 3222 5754; x_wconf 85' lang='lat' dir='ltr'><strong>desideratur.</strong></span> 
     </span>
    </p>
   </div>
  </div>
