4018 6322
495 281 560 340 at
1729 284 1799 362 ει¹
1830 284 2106 344 susum
2143 284 2523 344 arenarum
2801 271 2810 279 ”
3721 291 3794 346 ss

1440 517 1912 642 LIBER
1985 519 2596 638 SECUND
2617 521 2835 638 US.

567 809 674 886 ΕΠ
719 811 956 867 Secundi
995 803 1438 880 explanationem
1483 813 1533 865 in
1574 809 1820 866 Ezechiel
1857 807 2091 865 'volumi-
2120 815 2168 872 A
2198 799 2572 876 concitaverit,
2599 823 2653 867 et
2683 813 2848 868 multa
2881 803 2982 866 alia
3015 829 3133 890 qua:
3161 813 3213 868 in
3258 809 3446 868 eadem
3477 813 3799 870 scribuntur

498 905 600 970 nis,
632 919 666 959 ο
689 904 840 975 virgo
861 900 1065 958 Christi
1097 899 1472 967 Eustochium,
1507 902 1646 958 istud
1679 915 1757 957 esi
1781 901 2087 958 exordium.

575 1011 738 1100 (βων.
775 1007 838 1074 ν.
881 1052 953 1064 -
985 1009 1138 1076 Vers.
1173 1023 1192 1074 l
1230 1019 1428 1092 seqq.)
1480 1003 1547 1074 Et
1591 1030 1677 1086 tu,
1711 1009 1789 1088 ﬁli
1833 1009 2091 1084 hominis,

497 1129 642 1166 sume
663 1105 751 1165 tibi
771 1101 1003 1184 gladium
1029 1121 1258 1176 acututn,
1288 1119 1312 1144 ⁸
1335 1110 1482 1182 quasi
1503 1109 1807 1174 novaculam
1833 1121 2094 1164 (ansarum

503 1203 640 1273 (sive
667 1201 928 1256 radentem
960 1197 1115 1272 pilos)
1147 1242 1160 1266 ,
1199 1197 1226 1238 ι)
1256 1212 1304 1256 et
1335 1199 1482 1256 trahe
1519 1218 1609 1270 per
1636 1213 1790 1270 caput
1835 1213 2018 1268 tuum,
2048 1211 2096 1254 et

499 1295 706 1349 barbam
740 1303 878 1348 tuam
906 1335 919 1357 ,
961 1306 1006 1348 et
1035 1310 1262 1347 assumes
1302 1285 1393 1348 tibi
1424 1303 1668 1348 stateram
1716 1285 1961 1361 ponderis
1985 1335 2002 1362 ,
2049 1305 2096 1348 et

500 1387 695 1440 dirides
730 1403 838 1440 eos.
881 1385 1108 1438 Tertiam
1140 1393 1339 1456 partem
1379 1385 1498 1460 igne
1529 1385 1790 1440 combures
1833 1387 1886 1442 in
1930 1387 2098 1440 medio

499 1480 737 1542 civitatis,
758 1483 916 1552 juxta
935 1475 1328 1546 completionem
1345 1473 1546 1531 dierum
1562 1479 1901 1532 conclusionis
1914 1475 2094 1551 [Vulg.

500 1565 823 1644 obsidionis]
855 1613 868 1638 ,
901 1579 947 1623 et
981 1571 1186 1625 tertiam
1213 1581 1409 1642 partem
1439 1569 1674 1624 concides
1699 1569 1876 1642 gladio
1917 1571 1968 1624 in
2000 1573 2100 1624 cir-

502 1664 641 1716 cuitu
674 1666 826 1736 ejus;
854 1663 1053 1716 tertiam
1087 1679 1202 1715 vero
1235 1653 1394 1714 aliaat
1419 1659 1680 1732 dispergas
1718 1663 1771 1714 in
1799 1671 2021 1730 ventum,
2054 1671 2099 1714 et

501 1755 733 1827 gladium
762 1757 968 1810 nudabo
997 1767 1110 1827 post
1137 1772 1243 1810 eos.
1299 1751 1362 1808 Et
1403 1771 1572 1810 sumes
1603 1747 1721 1807 inde
1749 1771 1963 1823 parvum
2003 1771 2102 1808 nu-

501 1867 720 1914 merum,
753 1862 797 1902 et
828 1839 1006 1920 ligabis
1034 1866 1118 1902 eos
1143 1849 1195 1901 in
1219 1849 1509 1902 summitate
1531 1844 1703 1916 pallii,
1726 1857 1771 1899 et
1800 1863 1862 1899 ea:
1889 1846 1959 1899 eis
1988 1863 2102 1899 rur-

502 1958 614 1993 sum
647 1939 816 1999 tolles.
848 1951 891 1992 et
921 1939 1165 2012 projicies
1194 1955 1280 1993 eos
1305 1929 1357 1993 in
1386 1935 1612 1994 medium
1641 1927 1796 2008 ignis,
1826 1947 1870 1990 et
1894 1935 2103 1991 combu-

499 2046 584 2084 res
615 2047 720 2084 eos.
775 2019 855 2083 Ea:
887 2049 942 2084 eo
973 2027 1261 2104 egredietur
1290 2030 1424 2100 ignis
1457 2030 1507 2084 in
1543 2045 1743 2083 onmem
1772 2027 1980 2082 domum
2013 2025 2102 2083 ls-

501 2117 633 2176 rael.
661 2111 764 2178 Pro
794 2115 963 2177 tribus
995 2122 1239 2192 partibus
1267 2115 1587 2192 capillorum
1620 2127 1673 2176 et
1697 2113 1946 2192 pilorum,
1972 2137 2104 2193 qua-

2197 905 2442 972 historia,
2492 915 2544 959 et
2597 906 2648 959 in
2701 905 2924 975 Joscphi
2959 903 3365 970 voluminibus,
3416 905 3800 978 pra'cipueque

2197 999 2537 1054 dissensione
2564 999 2776 1055 l-lircani
2805 1007 2860 1055 ct
2898 993 3210 1070 Alexandri,
3242 1017 3336 1074 per
3369 1016 3596 1071 quorum
3638 1015 3802 1056 occa-

2197 1091 2403 1147 sionem
2455 1091 2633 1148 Cneus
2684 1093 2799 1166 [Αἰ.
2849 1093 3071 1167 consul]
3111 1095 3403 1165 Pompeius
3450 1093 3594 1164 cepit
3643 1095 3805 1152 Jeru-

2198 1186 2390 1252 salem,
2421 1195 2476 1240 et
2505 1186 2763 1240 Romamn
2800 1187 2992 1242 ditioiii
3035 1187 3275 1242 subdidit
3307 1207 3320 1239 :
3363 1198 3656 1258 posteaque
3687 1185 3802 1262 [ΑΙ.

2199 1294 2318 1348 qua:
2351 1276 2561 1350 postea]
2591 1280 2691 1332 sub
2717 1277 2838 1333 Tito
2868 1287 2921 1332 et
2953 1273 3288 1352 VeSpasiauo
3338 1277 3468 1334 urbs
3505 1289 3658 1350 capta
3692 1287 3804 1348 est,

2201 1371 2572 1442 templumque
2607 1373 2950 1427 subversum.
3005 1371 3070 1428 Et
3125 1385 3243 1444 post
3281 1372 3666 1444 quinquaginta
3701 1391 3803 1428 an-

2203 1477 2319 1525 nos,
2354 1465 2452 1515 sub
2486 1463 2629 1518 IEIio
2659 1455 2929 1518 liadriann
2961 1481 3129 1534 usque
3159 1464 3224 1519 ad
3255 1461 3428 1519 solum
3471 1465 3697 1521 incensa
3727 1467 3809 1521 ci-

2205 1553 2339 1609 vitas
2371 1564 2532 1624 atque
2569 1555 2746 1610 deleta
2795 1567 2900 1620 cst,
2949 1555 3017 1610 ita
3049 1569 3106 1611 ut
3136 1555 3423 1628 pristinum
3457 1574 3675 1629 quoque
3705 1573 3809 1614 no-

2204 1657 2328 1702 tnen
2367 1645 2631 1702 amiserit.
2664 1639 2949 1716 Quomodo
2986 1657 3168 1703 autem
3219 1647 3270 1703 in
3302 1649 3523 1705 ctesnie
3552 1659 3608 1706 ct
3638 1643 3811 1708 barba

2207 1739 2620 1810 pulchritudinis
2641 1757 2704 1795 ac
2728 1741 3004 1798 virilitatis
3042 1739 3298 1796 indicium
3327 1754 3442 1810 est,
3486 1759 3605 1814 quze
3642 1745 3686 1796 si
3720 1760 3812 1798 ra-

2205 1833 2426 1904 dantur,
2471 1831 2609 1888 lania
2652 1833 2868 1887 nuilitas
2913 1844 3158 1904 apparet,
3205 1845 3259 1888 et
3285 1835 3526 1890 universi
3560 1835 3813 1905 corporis

2208 1942 2334 1994 pars
2364 1929 2631 1991 extrema,
2663 1935 2826 1995 atque
2858 1935 2915 1979 ut
2947 1927 3016 1978 ita
3051 1927 3224 1982 dieam
3251 1936 3522 1992 emortua,
3558 1925 3611 1980 in
3642 1925 3816 1996 capil-

2209 2013 2276 2074 lis
2304 2027 2465 2088 atque
2496 2011 2620 2088 pilis
2657 2015 2740 2074 est
2786 2035 2799 2071 :
2851 2019 2920 2072 ita
2967 2017 3266 2073 Jerusalem
3312 2025 3367 2072 et
3415 2015 3652 2090 populus
3691 2015 3814 2090 ejus

2210 2115 2510 2176 emortuus,
2554 2121 2604 2165 et
2642 2127 2670 2164 a
2706 2107 2834 2166 vivo
2865 2107 2954 2166 Dei
2987 2126 3220 2181 corpore
3247 2117 3557 2178 separatus,
3588 2107 3714 2166 fami
3747 2123 3816 2164 ac

506 2227 624 2266 rum
657 2228 757 2266 una
802 2205 1140 2267 comburitur
1167 2213 1220 2267 in
1255 2211 1434 2267 medio
1465 2211 1702 2268 civitatis
1728 2256 1744 2280 ,
1790 2214 1894 2266 alia
1924 2213 2108 2268 conci-

2216 2191 2534 2278 pestilentiae
2581 2211 2634 2258 et
2663 2204 2819 2269 credi,
2855 2211 2908 2257 et
2933 2202 3134 2273 gladio,
3176 2203 3475 2274 eruptivitati
3505 2219 3566 2256 ac
3598 2197 3814 2274 disper-

507 2302 656 2356 ditur
683 2303 863 2372 gladio
893 2303 946 2357 in
978 2302 1210 2358 circuitu
1239 2303 1378 2373 ejus,
1428 2303 1586 2358 tertia
1622 2303 1786 2358 venio
1821 2303 1923 2358 huc
1956 2295 2110 2360 illuc-

507 2409 611 2462 que
644 2393 902 2463 rapienda
935 2393 1293 2463 dispergitur,
1338 2391 1407 2448 de
1436 2409 1539 2462 qua
1575 2410 1760 2464 parum
1793 2396 2108 2466 assumitur,

507 2495 561 2540 et
592 2485 788 2555 ligatur
817 2488 867 2539 in
900 2491 992 2539 ora
1020 2479 1191 2554 pallii,
1220 2485 1274 2541 et
1304 2489 1521 2542 rursitm
1545 2487 1815 2541 modicum
1840 2487 1966 2557 quid
1989 2503 2113 2557 par-

509 2580 579 2634 tis
627 2582 801 2635 tertiae
845 2579 1112 2635 emittitur
1177 2577 1230 2635 in
1284 2583 1464 2654 ignem
1494 2625 1509 2654 ,
1560 2573 1628 2636 de
1674 2599 1782 2652 quo
1835 2582 2113 2654 egreditur

507 2669 720 2725 liannna
748 2673 798 2725 in
829 2683 1046 2726 omnem
1081 2673 1300 2726 deorum
1329 2653 1526 2736 lsraél,
1561 2667 1704 2728 LXX
1735 2653 1968 2744 quath
1992 2691 2114 2744 par-

507 2766 588 2816 tes
622 2757 965 2830 interpretati
1010 2774 1154 2818 sunt.
1205 2757 1448 2834 Cumque
1500 2755 1811 2822 dixissent:
1860 2763 2114 2832 Quartam

509 2865 705 2925 partem
746 2851 853 2925 igni
883 2857 1147 2910 combures
1193 2857 1242 2910 in
1279 2857 1444 2911 medio
1486 2858 1735 2927 civitatis,
1785 2865 1833 2912 et
1877 2861 2114 2929 quartam

507 2947 743 3002 concilies
772 2949 945 3018 gladio
964 2951 1015 3002 in
1040 2943 1388 3022 “circuitu
1415 2955 1554 3024 ejus,
1576 2955 1621 3005 et
1651 2961 1888 3021 quartam
1914 2952 2116 3018 disper-

511 3055 596 3107 ges
641 3041 693 3092 in
721 3049 946 3108 rentum,
979 3043 1105 3110 quia
1133 3043 1448 3096 remanebat
1473 3045 1552 3097 eis
1579 3053 1765 3114 quarta
1803 3059 1924 3113 pars
1969 3045 2071 3098 alia
2099 3084 2114 3110 ,

513 3129 840 3184 addiderunt
867 3125 934 3184 de
979 3145 1077 3185 suo
1121 3150 1132 3184 :
1169 3123 1230 3185 lit
1261 3141 1497 3204 quartum
1532 3143 1733 3202 partem
1774 3151 2038 3201 assumes,
2069 3145 2117 3188 et

514 3221 777 3275 combures
809 3235 922 3276 eam
953 3223 1005 3276 in
1040 3223 1208 3277 medio
1240 3223 1459 3277 civitatis
1491 3241 1508 3276 :
1551 3227 1702 3294 quasi
1740 3235 1842 3278 non
1884 3227 1951 3288 sit
2003 3225 2115 3293 ipsa

515 3329 634 3382 qua:
665 3313 860 3383 prima,
905 3327 959 3369 et
989 3317 1133 3369 aliud
1164 3309 1290 3386 quid
1325 3317 1374 3368 in
1411 3320 1580 3383 prima
1613 3315 1808 3370 diXerit
1831 3361 1844 3381 ,
1891 3311 2033 3370 aliud
2066 3320 2117 3372 in

511 3405 614 3459 ista
655 3421 775 3474 qum
819 3401 996 3459 addita
1028 3409 1129 3460 est.
1185 3405 1430 3477 Denique
1474 3415 1530 3461 et
1581 3405 1630 3461 in
1663 3408 2119 3478 consequentibus

515 3499 740 3569 :rnigma
772 3493 1092 3569 capillorum
1129 3497 1181 3554 ln
1228 3507 1340 3556 tres
1387 3507 1564 3570 partes
1611 3497 1950 3569 diviSoruIn,
2005 3503 2117 3572 ipse

2213 2295 2350 2348 sioni
2379 2293 2632 2349 traditur.
2670 2295 2743 2350 De
2771 2312 2874 2368 qua
2903 2297 3268 2365 dispersione,
3303 2295 3403 2352 sub
3435 2289 3603 2366 ﬁgura
3633 2293 3806 2366 capil-

2212 2387 2386 2444 lorum
2414 2383 2589 2457 aliqua
2621 2405 2747 2458 pars
2776 2389 2972 2460 ligatur
2995 2390 3046 2444 in
3078 2393 3392 2446 summitate
3417 2389 3585 2460 pallii,
3614 2399 3671 2444 ut
3696 2401 3818 2444 mo-

2212 2480 2393 2536 dicum
2434 2482 2562 2552 quid
2595 2497 2806 2536 rursum
2861 2482 3103 2536 tradatur
3145 2481 3419 2549 incendio,
3467 2481 3534 2536 de
3583 2498 3688 2552 quo
3729 2482 3819 2534 in-

2214 2571 2361 2632 linita
2397 2577 2613 2630 ﬂamma
2655 2592 2716 2630 ac
2749 2593 2883 2646 pene
2912 2577 3162 2631 universa
3197 2576 3507 2644 devasnans,
3533 2573 3819 2650 egreditur

2218 2673 2271 2725 in
2297 2675 2516 2724 omnem
2551 2671 2770 2722 donmm
2797 2661 2980 2723 Israel.

2290 2765 2305 2829 (
2337 2761 2491 2817 Vcrs.
2522 2761 2554 2815 ii
2583 2761 2770 2831 seqq.)
2805 2761 2933 2814 Haec
2987 2757 3113 2814 dicit
3156 2755 3407 2814 Dominus
3451 2755 3589 2815 Deus
3619 2777 3636 2814 :
3696 2757 3823 2814 Ista

2219 2865 2295 2908 est
2345 2851 2686 2908 Jerusalem:
2727 2855 2778 2906 in
2828 2853 2996 2906 medio
3027 2854 3252 2923 gentium
3289 2855 3440 2926 posui
3492 2871 3624 2920 (am,
3655 2864 3702 2908 et
3757 2855 3822 2908 in

2218 2945 2439 3000 circuitu
2469 2948 2582 3014 ejus
2613 2957 2799 3012 terras;
2826 2955 2871 2998 et
2902 2939 3426 3016 contempsitjudicia
3450 2963 3580 3011 mea,
3611 2955 3666 2998 ut
3693 2945 3823 3016 plus

2218 3051 2348 3094 esset
2414 3040 2576 3110 impia
2627 3055 2782 3109 quam
2823 3050 3034 3112 gentes,
3093 3047 3140 3092 et
3187 3045 3449 3110 prmeeptu
3504 3055 3617 3092 mea
3674 3037 3824 3092 ultra

2220 3149 2374 3202 quam
2405 3135 2553 3187 terra:
2581 3150 2696 3200 quia
2724 3131 2776 3185 in
2808 3131 3026 3186 circuitu
3071 3135 3186 3203 eius
3229 3135 3367 3184 sunt.
3415 3127 3628 3184 Iudicia
3675 3131 3824 3184 enim

2220 3237 2334 3279 mea
2363 3225 2710 3298 proiecerunt,
2743 3237 2788 3277 et
2818 3225 2869 3277 in
2913 3225 3188 3296 prazceptis
3219 3225 3344 3278 meis
3385 3240 3488 3276 non
3519 3225 3827 3276 ambulave-

2221 3321 2364 3372 runt.
2407 3307 2710 3371 ierusalem
2764 3316 2816 3369 in
2870 3313 3050 3369 medio
3081 3311 3475 3380 mundlsltam,
3531 3313 3615 3368 hic
3671 3314 3823 3370 idem

2224 3401 2490 3477 Propheta
2536 3416 2788 3470 testatur,
2835 3407 3147 3461 umbilicum
3182 3419 3341 3462 terra:
3372 3419 3489 3461 eam
3532 3417 3654 3461 esse
3714 3406 3823 3459 de-

2226 3507 2557 3553 monsu‘ans.
2588 3501 2648 3552 Et
2679 3493 2965 3553 Psalniista
3000 3501 3338 3554 nativitatem
3364 3499 3686 3570 exprimens
3717 3495 3826 3554 Do-

517 3565 778 3646 ﬂoniinus
808 3565 1056 3646 ediSserit
1086 3609 1183 3664 per
1212 3565 1564 3663 Prophetam,
1595 3593 1786 3648 dicens
1814 3614 1826 3648 :
1853 3565 2116 3648 Tertia-tui
2143 3565 2188 3626 C
2223 3593 2382 3646 mini:
2411 3589 2630 3652 Veritus,
2669 3595 2860 3660 inquit,
2885 3591 2948 3644 de
2967 3604 3104 3645 terra
3130 3601 3324 3646 ortaest
3348 3565 3466 3664 (Ps:
3488 3607 3672 3658 vam,
3703 3592 3819 3663 l2).

517 3697 638 3756 p’ar‘s
679 3693 816 3758 peste
844 3691 1110 3752 morietur,
1139 3697 1186 3743 et
1211 3693 1347 3759 fame
1374 3701 1700 3746 consumetur
1731 3692 1782 3743 in
1811 3691 1981 3744 medio
2018 3690 2112 3753 tui,

517 3775 716 3830 famem
767 3781 820 3832 et
863 3773 1228 3848 pestilentiam
1276 3779 1452 3850 ignem
1495 3795 1614 3834 esse
1665 3779 2018 3852 signiﬁcans;
2069 3789 2116 3835 et

517 3871 667 3923 tertia
695 3872 769 3923 tui
799 3887 921 3940 pars
947 3865 1124 3943 gladio
1155 3872 1301 3925 cadet
1331 3874 1383 3926 in
1401 3871 1621 3928 circuitu
1647 3879 1754 3944 tuo,
1785 3871 1912 3927 foris
1936 3876 2115 3927 caedes

516 3977 580 4017 ac
608 3963 743 4018 bella
791 3963 1128 4026 describens.
1185 3963 1411 4020 Tertiam
1460 3983 1607 4032 vero,
1659 3961 1871 4038 inquit,
1920 3973 2116 4038 partem

521 4061 661 4107 tuam
690 4056 741 4107 in
768 4063 969 4109 onmem
996 4063 1200 4110 ventum
1239 4055 1557 4132 dispergam,
1602 4072 1697 4112 eos
1739 4073 1859 4112 esse
1891 4033 2116 4111 demori-

518 4154 699 4200 strans
727 4143 819 4220 Qui
848 4145 1078 4202 ducendi
1128 4155 1255 4202 Sunt
1288 4145 1338 4202 in
1370 4149 1762 4218 captivitatem.
1815 4141 1945 4212 Post
1981 4161 2116 4218 quos

517 4235 646 4292 dicit
668 4251 726 4294 se
754 4239 958 4295 nudare
988 4241 1072 4296 vel
1105 4235 1381 4297 effundere
1406 4241 1644 4312 gladium
1688 4255 1875 4308 suum,
1922 4249 1980 4294 ut
2020 4257 2117 4297 nec

515 4327 803 4399 captivitas
833 4330 1185 4387 novissimum
1227 4333 1298 4388 sit
1331 4333 1631 4398 malorum;
1679 4344 2004 4402 samereqne
2049 4333 2117 4396 de

517 4419 651 4490 ipsis
675 4423 934 4492 dispersis
963 4427 1122 4494 atque
1150 4423 1400 4494 captivis,
1437 4429 1491 4480 et
1519 4423 1685 4494 ligare
1717 4425 1769 4478 in
1807 4425 2117 4479 summitate

519 4515 664 4584 pallii
697 4517 780 4572 sui
811 4531 906 4573 eos
937 4519 1026 4588 qui
1055 4518 1122 4574 de
1151 4517 1468 4587 captivitate
1512 4517 1736 4572 redituri
1786 4525 1912 4571 sunt
1944 4515 1992 4569 in
2021 4517 2116 4572 Je-

517 4610 780 4674 rusalem,
814 4613 863 4663 et
889 4617 952 4664 ex
989 4609 1120 4679 Ipsis
1147 4625 1363 4682 quoque
1405 4609 1598 4665 tollere
1625 4610 1861 4682 aliquam
1887 4622 2114 4678 partem,

515 4707 571 4754 et
599 4701 706 4771 igni
737 4699 1062 4773 flammaque
1109 4717 1453 4769 consumere,
1503 4701 1815 4772 sigriillcans
1866 4697 2112 4758 Macedo-

521 4805 642 4856 nas,
673 4789 905 4868 sub”
928 4792 1122 4862 quibus
1154 4794 1486 4848 habitatores
1513 4793 1738 4858 inducat,
1771 4803 1824 4849 et
1849 4795 2117 4865 praecipue

522 4882 824 4936 Jerusalem
851 4877 984 4936 dura
1012 4886 1250 4953 perpessi
1276 4887 1420 4939 sttui.
1457 4879 1610 4953 Quod
1651 4895 1829 4941 autem
1873 4881 2026 4952 dicit,
2055 4895 2117 4942 ex

520 4981 598 5041 eo,
631 4975 680 5029 id
707 4980 810 5038 est,
857 4943 1061 5044 populo
1091 4943 1398 5033 indzeorum
1428 4943 1607 5045 {sive
1628 5022 1641 5044 ,
1667 4981 1818 5050 juxta
1849 4943 2026 5044 LXX,
2058 4993 2121 5036 ea:
2145 4943 2200 5002 D

523 5075 623 5132 ea;
653 5074 710 5119 ut
734 5063 1108 5136 Subanniatur,
1139 5069 1272 5124 urbe
1296 5065 1598 5126 Jerusalem
1623 5115 1636 5138 ,
1669 5069 1957 5142 egredietur
1986 5071 2121 5143 ignis

519 5159 578 5211 in
606 5173 806 5212 omnem
837 5159 1042 5216 domum
1074 5157 1239 5218 Israel
1278 5179 1296 5220 :
1343 5159 1772 5223 Machabamrnm
1827 5179 2004 5222 narrat
2041 5169 2125 5224 hi-

519 5252 691 5304 storia
721 5292 735 5316 ,
783 5253 925 5320 quod
955 5251 1199 5321 quaedam
1231 5263 1355 5326 pars
1380 5255 1690 5313 Judaéorum
1745 5269 1804 5313 se
1843 5257 2124 5315 tradiderit

456 5366 462 5373 -
522 5340 794 5396 Antiocho
818 5342 1106 5414 Epiphanl,
1136 5355 1191 5402 et
1220 5355 1342 5403 eum
1373 5348 1439 5404 ad
1467 5345 1904 5421 persecutionem
1939 5345 2123 5422 populi

593 5531 617 5605 ς
647 5523 703 5576 In
740 5525 893 5593 Vulg.
925 5529 1238 5603 Hieronymi
1267 5535 1546 5600 versione,
1594 5534 1757 5590 verba
1789 5536 1938 5605 quasi
1957 5551 2114 5590 nova-

523 5592 694 5645 culam
721 5592 984 5653 tonsOrum
1014 5592 1288 5658 non'sunt.

594 5660 620 5744 ξ’
647 5661 872 5744 ξυρριᾳι
893 5683 962 5726 ex
982 5670 1191 5744 Vulgst.
1216 5673 1347 5744 odit.
1375 5673 1666 5744 Victorius,
1687 5687 1979 5734 etenim
1999 5691 2106 5742 σοι.

519 5739 566 5784 et
589 5729 924 5804 lrahe';'elc.,
960 5729 1265 5810 quat'lectio
1291 5759 1357 5800 es
1390 5729 2107 5819 Hebraicis}‘eiéééa’ipie'édl

2221 3681 2296 3738 Ac
2319 3684 2580 3751 deinceps
2614 3685 2920 3754 passionem
2965 3703 2976 3739 :
3022 3684 3276 3751 Operatus
3300 3697 3396 3750 est,
3434 3686 3627 3754 lnqult,
3675 3685 3827 3738 salu-

2220 3785 2322 3830 tem
2365 3776 2604 3829 irtmedio
2632 3785 2780 3829 terra:
2810 3773 2938 3848 (Ps.
2967 3793 3153 3842 Lxxm,
3187 3779 3294 3847 l2).
3321 3779 3365 3833 Α
3399 3777 3646 3846 partibus
3667 3778 3822 3832 cnim

2217 3865 2459 3923 Orientis
2506 3871 2746 3936 cingitur
2799 3870 2952 3938 plaga
3009 3883 3132 3939 qua:
3189 3871 3497 3938 appellatur
3544 3871 3694 3924 Asia.
3768 3871 3824 3925 Α

2223 3959 2467 4031 partibus
2509 3959 2860 4026 Occidentis,
2893 3962 3014 4031 ejus
3049 3971 3169 4031 qua:
3217 3969 3442 4016 vocatur
3485 3962 3721 4033 Europa.
3770 3963 3820 4015 Δ

2222 4053 2452 4109 meridie
2475 4064 2528 4109 et
2551 4063 2758 4120 austro,
2790 4053 2958 4126 Libya
2991 4067 3043 4108 et
3083 4053 3289 4110 Africa.
3325 4053 3370 4109 A
3399 4055 3817 4124 Septentrione,

2220 4145 2460 4217 Scythis,
2512 4147 2768 4200 Armenia
2821 4156 2987 4216 atque
3029 4145 3255 4201 Perside
3311 4157 3364 4200 ct
3396 4149 3608 4202 cunctis
3657 4145 3821 4203 Ponti

2221 4235 2560 4290 nationibus.
2597 4233 2653 4290 In
2683 4236 2866 4291 medio
2899 4236 3061 4305 igitur
3089 4237 3334 4308 gentium
3369 4239 3476 4310 50
3504 4243 3677 4308 posita
3705 4247 3817 4307 est,

2218 4329 2278 4383 ut
2321 4328 2412 4398 qui
2448 4338 2563 4383 erat
2610 4337 2768 4382 notus
2796 4331 2846 4383 in
2874 4329 3056 4386 Judzea
3111 4331 3254 4387 Deus
3299 4329 3432 4402 (Ps.
3463 4331 3645 4399 Lxxv),
3675 4341 3729 4387 et
3762 4333 3821 4387 in

2221 4417 2388 4476 Israel
2421 4435 2672 4490 magnum
2720 4435 2918 4476 nomen
2949 4421 3088 4492 ejus,
3121 4439 3313 4479 omnes
3347 4423 3399 4477 in
3435 4423 3665 4478 circuitu
3717 4439 3818 4480 na-

2224 4513 2402 4566 tiones
2452 4511 2598 4566 illius
2647 4521 3007 4583 sequerentur
3049 4515 3294 4584 exempla
3329 4557 3344 4582 ,
3390 4530 3511 4586 qua:
3563 4517 3818 4586 gentium

2221 4604 2363 4659 circa
2391 4619 2450 4659 se
2479 4603 2773 4676 positarum
2799 4606 3132 4676 impletatem
3157 4613 3365 4672 secuta,
3389 4608 3518 4662 vicit
3541 4611 3702 4662 etiam
3729 4611 3820 4680 ip-

2221 4707 2311 4752 sas
2343 4702 2394 4752 in
2427 4697 2638 4753 scelere
2666 4713 2788 4752 suo.
2821 4697 2976 4764 Quod
3028 4699 3253 4768 pulchre
3296 4689 3688 4771 interpretatus
3729 4711 3824 4758 est

2223 4790 2583 4860 symmachus
2639 4799 2652 4842 :
2699 4785 2848 4855 Haec,
2891 4789 3168 4860 lnquiens,
3201 4789 3516 4860 Jerusalem,
3553 4809 3707 4862 quam
3760 4795 3818 4849 in
3867 4812 3874 4815 ‘

2222 4881 2390 4938 medio
2422 4885 2686 4938 nationunt
2711 4883 2883 4955 posui,
2918 4893 2964 4937 et
2999 4884 3136 4937 circa
3165 4901 3276 4938 eam
3304 4887 3561 4958 regiones,
3591 4903 3820 4940 commu-

2225 4977 2344 5029 tavit
2364 4975 2574 5048 judicia
2601 4993 2714 5030 mea
2754 4977 3104 5049 impietat-ibus
3131 4997 3261 5050 quas
3289 4973 3468 5034 didicit
3489 4999 3522 5034 a
3548 4982 3814 5055 gentibus,

2225 5079 2272 5122 et
2310 5069 2713 5142 justiﬁcationcs
2742 5081 2883 5123 meas
2927 5088 2956 5122 a
2981 5073 3278 5143 regionibus
3301 5083 3417 5141 aure
3446 5083 3561 5127 sunt
3608 5075 3660 5128 in
3707 5077 3815 5128 cir-

2223 5163 2366 5217 cuitu
2391 5166 2500 5233 ejus
2527 5181 2546 5218 :
2575 5165 2700 5233 quia
2727 5165 2958 5242 legitima
2987 5179 3098 5220 mea
3127 5169 3552 5238 reprobav‘erunt,
3580 5182 3626 5222 et
3660 5171 3710 5222 in
3721 5171 3817 5241 ju-

2225 5257 2373 5311 diciis
2432 5255 2557 5312 meis
2605 5273 2708 5313 non
2749 5258 3166 5314 ambulaverunt.
3227 5259 3360 5316 Illud
3421 5270 3604 5317 autem
3665 5262 3814 5336 quod

2222 5345 2413 5406 dixere
2443 5351 2797 5421 Septuaginta
2845 5370 2858 5404 :
2901 5345 3311 5420 Justiﬁcationes
3352 5369 3492 5408 meas
3538 5351 3711 5422 inique
3753 5372 3815 5410 ex

2225 5535 2432 5590 dicibus
2472 5533 2844 5590 conﬁrmatur.
2898 5533 3160 5589 Similiter
3210 5533 3372 5601 paulo
3423 5544 3543 5601 post
3581 5536 3810 5590 verbum

2216 5621 2503 5673 assumens,
2553 5607 2606 5660 in
2639 5620 2705 5660 eo
2737 5619 2920 5677 versu,
2964 5613 3010 5658 et
3035 5619 3302 5677 assumens
3329 5607 3530 5677 tertiam
3563 5617 3762 5677 partem
3793 5621 3812 5660 :

2216 5688 2272 5733 et
2295 5691 2482 5735 vocem
2513 5679 2610 5742 tui,
2638 5689 2760 5732 eum
2791 5675 2988 5746 dicitur
3029 5683 3076 5728 et
3105 5674 3286 5746 ligabis
3313 5691 3400 5730 eos
3425 5676 3480 5730 in
3519 5674 3814 5732 summitate

2216 5747 2364 5818 pattii
2393 5748 2496 5813 tui,
2523 5746 2710 5803 iisdem
2743 5745 3004 5816 suppetiis
3036 5745 3306 5816 restituit.
