3996 6322
205 279 269 337 53
903 274 1553 338 COMMENTARIOBUM
1590 278 1658 336 IN
1699 278 2140 338 EZECHIELEII
2178 278 2312 336 LIB.
2354 275 2413 337 ΙΙ.
2461 277 2616 337 CAP.
2657 277 2727 337 ν.
3382 278 3474 336 διςι

202 395 425 469 gentibus,
453 402 498 446 et
543 392 783 465 legitima
830 408 946 446 mea
974 391 1035 447 de
1066 390 1360 463 regionibus
1387 408 1501 462 qua:
1542 402 1663 447 sunt
1715 392 1766 447 in
1799 398 1844 454 A
1875 407 1940 447 eo
1987 392 2130 460 quod
2162 401 2410 449 salictum
2445 406 2626 448 meum
2655 392 2872 447 violasti
2914 392 2966 447 in
2997 391 3251 447 omnibus
3300 390 3475 447 oll'en-

204 490 397 544 circuitu
425 490 557 560 ejus,
585 501 699 540 non
729 484 942 542 habere
982 484 1453 555 consequentiam,
1486 486 1646 540 etiam
1688 500 1774 539 me

202 590 409 647 tacente,
439 579 791 650 perspicuum
817 588 925 635 est.

263 673 426 743 (γενέ.
460 674 513 735 8,
545 671 627 742 9.)
686 669 903 725 Idcirco
948 671 1055 725 hinc
1105 670 1231 725 dicit
1281 670 1531 725 Dominus
1587 668 1771 725 Deus:

207 767 320 833 Quia
346 766 622 837 superastis
654 776 833 836 gentes
859 781 975 836 qum
998 765 1049 817 in
1076 764 1298 819 circuitu
1322 774 1486 818 ves'ro
1509 773 1624 819 sunt
1654 782 1672 818 :
1719 764 1775 819 in

206 860 447 931 receptis
477 862 599 912 meis
629 876 734 912 non
767 858 1091 921 ambulastis,
1121 865 1167 911 ct
1186 857 1395 931 judicia
1418 873 1533 911 mea
1564 873 1666 911 non
1698 858 1781 927 fe-

206 955 344 1018 cistis,
371 962 418 1005 et
440 954 595 1020 juxta
626 950 839 1021 judicia
868 951 1097 1022 gentium
1136 966 1255 1020 qua:
1277 950 1326 1002 in
1360 949 1579 1003 circuitu
1610 959 1777 1004 vestro

206 1054 326 1106 sunt,
358 1058 453 1094 non
485 1042 605 1093 estis
630 1040 833 1111 aperati
849 1056 864 1090 :
890 1040 1004 1091 ideo
1034 1037 1145 1092 lucc
1168 1037 1294 1091 dicit
1321 1036 1573 1092 Dominus
1604 1037 1775 1092 Deus:

207 1132 325 1187 Ecce
342 1149 429 1204 ego
456 1131 523 1185 ad
555 1142 624 1197 te,
656 1142 702 1184 et
733 1130 845 1201 ipse
868 1148 960 1204 ego
982 1132 1171 1202 faciam
1201 1133 1253 1185 in
1286 1132 1454 1187 medio
1505 1132 1579 1185 tui
1615 1129 1771 1203 judi-

208 1228 277 1279 cia
297 1226 342 1278 in
373 1224 539 1277 oculis
568 1224 821 1297 gentium.
859 1223 920 1277 Et
950 1224 1142 1294 faciam
1191 1224 1243 1277 in
1275 1232 1323 1277 te
1352 1240 1468 1293 quin
1491 1240 1592 1277 non
1644 1223 1772 1292 feci,

208 1316 451 1386 aquibus
488 1314 683 1368 similia
725 1316 864 1369 ultra
916 1332 1018 1368 non
1066 1316 1272 1387 faciam,
1339 1326 1547 1387 propter
1602 1328 1775 1369 omnes

205 1408 588 1463 abominationes
640 1420 779 1463 tuas.
815 1407 919 1463 Pro
972 1424 1036 1463 eo
1081 1408 1224 1478 quod
1275 1423 1373 1464 nos
1438 1408 1774 1480 interpretati

203 1518 405 1559 Sumus:
432 1502 568 1570 Quia
591 1504 881 1571 superastis
920 1512 1093 1576 gentes
1123 1520 1235 1573 quw
1260 1504 1313 1555 in
1352 1504 1575 1557 circuitu
1606 1512 1774 1557 vestro

200 1606 325 1659 sunt,
368 1594 734 1665 Symmachus
764 1596 1041 1649 transtulit
1071 1612 1083 1647 :
1112 1594 1243 1660 Quia
1282 1592 1564 1648 multitudo
1609 1603 1776 1648 vestra

198 1691 286 1759 fuit
314 1706 375 1742 ea:
400 1687 656 1758 gentibus,
689 1703 805 1759 qua:
830 1689 884 1741 in
912 1689 1131 1741 circuitu
1171 1698 1341 1742 uestro
1366 1697 1505 1743 sunt.
1568 1688 1775 1758 Aquilae

197 1779 414 1835 secunda
442 1780 615 1834 editio
647 1798 659 1832 :
697 1778 771 1833 Eo
802 1781 944 1850 quod
976 1782 1231 1834 numerati
1271 1781 1390 1834 estis
1436 1782 1487 1836 in
1531 1780 1770 1851 gentibus
1808 1790 1847 1847 Β
1876 1796 1955 1833 me
2028 1780 2354 1847 despiciunt,

198 1889 296 1941 qua
318 1873 369 1925 in
398 1874 621 1926 circuitu
652 1883 817 1927 vestro
848 1880 986 1926 sunt.
1018 1873 1189 1929 Porro
1212 1872 1563 1944 Septuaginta
1587 1890 1605 1928 :
1634 1873 1771 1940 Quia

196 1968 380 2019 occasio
408 1976 575 2020 vestra
605 1966 669 2020 de
710 1967 945 2037 gentibus
972 1982 1085 2036 quae
1106 1967 1159 2027 in
1182 1967 1403 2021 circuitu
1426 1975 1600 2021 vestro
1628 1975 1765 2019 sunt.

198 2058 257 2112 Et
281 2068 361 2113 est
399 2075 619 2123 sensus,
654 2060 739 2115 vel
796 2075 1080 2127 superasse
1115 2059 1416 2115 Jerusalem
1463 2060 1772 2117 sceleribus

196 2150 295 2203 suis
321 2161 544 2205 cunctas
576 2150 629 2203 in
654 2150 889 2204 circuitu
922 2149 1190 2213 nationes.
1237 2151 1318 2205 vel
1364 2150 1769 2206 multitudinem

195 2240 317 2308 ejus,
365 2258 469 2294 non
513 2241 769 2311 populum
824 2241 1013 2307 Israel,
1049 2242 1144 2297 sed
1187 2242 1398 2296 turbam
1448 2250 1767 2296 exterarum

195 2333 416 2401 gentium
442 2348 563 2388 esse
589 2333 897 2389 dicendam.
928 2335 1034 2389 Ant
1057 2344 1206 2389 certe
1238 2336 1289 2388 in
1325 2350 1609 2389 numerum
1660 2349 1768 2391 ca:-

197 2435 417 2479 terarum
460 2427 727 2496 gentium,
782 2443 903 2498 quin
951 2427 1001 2481 in
1050 2427 1279 2491 circuitu
1319 2429 1437 2497 ejus
1478 2436 1629 2495 sunt,
1673 2444 1769 2487 eos

197 2530 303 2571 esse
338 2532 662 2583 conversos,
694 2520 812 2573 sive
851 2534 1070 2575 onmem
1110 2520 1453 2574 occasionem
1509 2520 1769 2575 habuisse

198 2606 256 2661 de
274 2607 539 2677 gentibus,
572 2625 708 2679 quas
741 2610 915 2680 magis
963 2609 1015 2663 in
1058 2611 1254 2666 bonam
1310 2622 1517 2679 partem
1568 2613 1768 2668 docere

199 2698 486 2757 debuerint.
522 2702 682 2771 Quid,
720 2703 917 2773 inquit,
958 2718 1151 2757 causer
1184 2704 1327 2775 quod
1380 2704 1432 2759 in
1480 2706 1769 2775 praiceptis

198 2794 318 2847 meis
345 2810 447 2847 non
475 2792 915 2859 ambulaveritis,
947 2796 1220 2865 etjudicia
1251 2813 1373 2853 mea
1418 2815 1525 2852 non
1577 2798 1769 2854 feceri-

196 2888 275 2953 tis,
303 2905 416 2941 cum
446 2886 611 2943 etiam
646 2906 837 2943 omnes
868 2890 919 2944 in
951 2891 1178 2945 circuitu
1225 2886 1480 2947 nationes
1525 2894 1765 2948 vitiseritis

196 2982 385 3035 scelere
410 2991 617 3049 vestro,
650 2994 703 3037 et
729 2998 835 3037 non
869 2983 1105 3038 feceritis
1128 3000 1246 3055 quin
1277 2985 1354 3039 illi
1388 2986 1617 3040 naturali
1649 2987 1768 3054 lege

192 3073 377 3139 scripta
409 3074 460 3127 in
496 3074 757 3129 cordibus
787 3074 897 3129 suis
928 3092 1072 3144 stupe
1098 3076 1388 3132 fecerunt?
1421 3077 1630 3133 Idcirco
1658 3094 1765 3133 non

1878 483 2127 539 sionihus
2170 484 2300 549 tuis,
2335 495 2390 539 et
2419 485 2651 554 reliqua.
2686 484 2940 540 Attamen
2973 484 3294 549 notandum,
3326 482 3470 553 quod

1876 576 1966 631 ubi
1993 574 2187 629 decora
2218 583 2346 630 sunt
2370 584 2423 631 et
2445 575 2673 630 honesta
2693 617 2707 641 ,
2732 590 2795 630 ac
2816 592 2917 646 pro
2939 578 3136 633 merito
3159 591 3350 633 eorum
3376 577 3469 645 qui

1876 682 1937 721 ea
1957 667 2246 729 sustinent,
2278 668 2516 737 seipsum
2548 667 2686 721 Deus
2708 668 2882 721 facere
2916 667 3219 737 profitetur.
3248 666 3349 722 Ubi
3370 681 3468 721 au-

1879 768 1986 814 tem
2018 759 2192 813 tristia
2224 769 2278 813 et
2309 776 2415 815 non
2440 760 2597 829 digna
2625 760 2753 823 Deo,
2785 758 2916 813 dicit
2947 758 3162 828 quidem
3199 758 3339 824 fieri,
3371 758 3469 814 sed

1878 867 1985 907 nou
2013 867 2042 905 a
2072 868 2152 916 se,
2187 863 2241 905 ut
2274 852 2325 906 in
2356 853 2607 922 pra'scnli
2636 870 2646 904 :
2679 851 2805 905 ideo
2851 862 3019 919 patres
3040 852 3305 905 comedent
3334 851 3473 920 ﬁlios

1877 946 1930 999 in
1968 946 2137 1000 medio
2168 947 2267 1011 tui,
2288 958 2334 998 et
2363 946 2459 1013 filii
2489 946 2757 999 comedent
2785 955 2956 1016 patres
2987 961 3129 1000 suos.
3165 944 3282 999 Non
3316 945 3467 1000 enim

1878 1037 2036 1101 dixit,
2082 1052 2187 1107 ego
2210 1037 2404 1093 faciam
2435 1048 2493 1092 ut
2526 1048 2709 1108 patres
2752 1037 3041 1093 comedant
3070 1036 3211 1091 tilios
3242 1052 3370 1093 suos
3416 1038 3470 1092 in

1878 1129 2058 1185 medio
2102 1129 2204 1195 tui,
2233 1137 2288 1184 et
2326 1129 2421 1183 ﬁlii
2447 1130 2740 1185 comedam
2769 1138 2954 1197 patres
2982 1143 3129 1183 suos.
3178 1128 3332 1196 Quod
3380 1142 3477 1182 au-

1878 1227 1984 1273 tem
2019 1219 2273 1273 decorum
2292 1229 2460 1286 'erat,
2505 1236 2607 1274 nec
2636 1220 2730 1274 Dei
2759 1219 3031 1287 majestati
3080 1217 3366 1272 videbatur
3395 1220 3479 1272 in-

1877 1311 2117 1381 dignum,
2153 1312 2328 1380 ipsum
2376 1326 2435 1366 se
2464 1312 2600 1367 dicit
2627 1313 2832 1367 facere.
2884 1310 3142 1381 Sequitur
3183 1311 3328 1365 enim
3358 1326 3373 1363 :
3403 1308 3474 1364 Et

1878 1410 2098 1467 Faciam
2126 1413 2177 1465 in
2201 1422 2248 1466 te
2269 1412 2502 1485 judicia,
2549 1422 2596 1466 et
2640 1412 2897 1466 uentilabo
2922 1412 3180 1466 universas
3222 1412 3473 1482 reliquias

1878 1514 1993 1557 tuas
2020 1505 2072 1556 in
2120 1520 2318 1557 omnem
2350 1514 2575 1558 ventum.
2638 1503 2771 1557 Tale
2801 1503 2929 1573 quid
2970 1512 3026 1558 et
3071 1503 3122 1557 in
3157 1503 3473 1559 maledictis

1878 1593 2280 1649 Deuteronomii
2341 1595 2593 1650 invenire
2644 1593 2969 1664 poterimus,
3000 1605 3054 1649 et
3094 1594 3362 1665 praecipue
3417 1596 3470 1650 in

1878 1686 1998 1741 loco
2046 1686 2197 1741 illo:
2252 1685 2615 1756 Gloriﬁcantes
2663 1702 2742 1739 me
2782 1685 3103 1758 gloriﬁcabo,
3147 1688 3237 1756 qui
3298 1697 3473 1740 autem

2436 1781 2503 1833 ad
2581 1780 2802 1833 nihilum
2874 1778 3192 1833 deducentur
3267 1777 3471 1849 (Deut.

1876 1874 2092 1941 xxvut).
2140 1872 2249 1926 Eos
2271 1873 2415 1927 enim
2444 1872 2537 1941 qui
2561 1887 2620 1926 se
2659 1870 2991 1940 glorificant,
3024 1871 3140 1939 ipse
3182 1870 3468 1941 glorilicat.

1875 1966 1978 2035 Qui
2031 1974 2208 2021 autem
2264 1980 2386 2020 eum
2416 1964 2746 2035 despiciunt,
2780 1978 2888 2018 non
2920 1977 2947 2016 a
2994 1962 3226 2017 Domino
3283 1962 3469 2032 despi-

1874 2069 2109 2134 cientur,
2162 2066 2241 2121 vel
2274 2066 2614 2121 deducentur
2638 2065 2702 2118 ad
2752 2064 2978 2119 nihilum
3014 2063 3159 2134 (hoc
3185 2064 3330 2118 enim
3384 2078 3471 2118 se-

1874 2169 2139 2238 quebatur
2185 2177 2243 2222 ut
2296 2167 2536 2236 diceret)
2565 2165 2659 2221 sed
2713 2165 2981 2231 absolute,
3025 2164 3366 2220 deducentur
3401 2166 3470 2219 ad

1875 2260 2099 2315 nihilum
2132 2276 2145 2314 :
2176 2275 2283 2315 non
2334 2275 2364 2313 a
2416 2242 2575 2323 Deo,”
2605 2259 2713 2330 52
2780 2256 2878 2312 sed
2922 2271 3023 2327 pro
3078 2256 3284 2311 meritis
3355 2258 3472 2311 suis

1872 2366 2035 2424 atqtte
2084 2353 2337 2422 peccatis.
2380 2351 2635 2420 Legimus
2681 2353 2734 2404 in
2766 2349 2974 2419 Regum
3012 2348 3326 2413 volumine,
3385 2348 3468 2404 fa-

1873 2450 1975 2501 tuis
1997 2447 2324 2501 necessitate
2348 2454 2603 2515 cogente.
2650 2458 2681 2497 a
2730 2453 2902 2498 matre
2927 2444 3095 2497 filium
3145 2443 3468 2497 devoratum

1873 2540 1980 2612 (IV
2012 2542 2138 2613 Reg.
2164 2541 2277 2611 vt).
2324 2540 2597 2609 losephus
2637 2554 2853 2608 quoque
2897 2537 2948 2592 in
2978 2536 3268 2592 obsidione
3313 2535 3472 2591 Jeru-

1872 2633 2083 2698 salem,
2148 2632 2323 2686 multa
2392 2630 2775 2701 hujuscemodi
2843 2630 2983 2683 facta
3056 2638 3473 2683 commemorat.

1872 2726 2101 2792 Quando
2145 2734 2327 2780 autem
2389 2733 2574 2794 patres
2617 2724 2758 2777 filios
2803 2723 3175 2786 comederint,
3234 2722 3318 2776 vel
3376 2722 3474 2777 tilii

1874 2828 2077 2887 patres,
2130 2818 2274 2871 nulla
2303 2824 2491 2871 narrat
2543 2816 2793 2880 historia,
2840 2814 2943 2869 nisi
2995 2814 3136 2869 forte
3181 2815 3233 2868 in
3283 2814 3473 2869 multis

1873 2911 2215 2966 necessitatis
2244 2910 2427 2975 malis,
2456 2910 2622 2966 etiam
2647 2912 2762 2965 haec
2791 2910 2928 2963 facta
2977 2924 3101 2965 esse
3132 2910 3467 2965 credendum

1872 3004 1961 3057 sit.
1996 3003 2180 3059 Potest
2208 3003 2309 3057 hoc
2338 3004 2511 3072 ipsum
2545 3001 2733 3057 referri
2765 3011 2819 3056 et
2839 3001 2907 3055 ad
2941 3010 3184 3056 nostram
3248 3003 3469 3058 Jerusa-

1874 3094 1979 3149 lem
2039 3112 2052 3147 :
2114 3094 2334 3164 quando
2410 3095 2657 3163 magistri
2739 3102 2927 3147 contra
3005 3094 3343 3163 discipulos,
3413 3094 3467 3149 id

194 3179 276 3231 per
302 3164 557 3236 Angelos,
594 3184 775 3238 neque
806 3183 902 3236 per
942 3169 1151 3240 aliquos
1178 3172 1483 3235 ministros,
1522 3172 1615 3225 sed
1652 3172 1767 3243 ipse

1873 3195 1975 3252 est,
2010 3195 2192 3255 patres
2234 3195 2428 3240 contra
2461 3184 2631 3249 filios,
2675 3195 2731 3241 et
2763 3184 3018 3254 discipuli
3061 3190 3249 3238 contra
3301 3181 3473 3250 magi-

191 3271 278 3326 ego
303 3257 490 3312 faciam
524 3262 576 3313 in
616 3260 895 3330 tejudicia
927 3277 1043 3315 mea
1075 3262 1381 3318 videntibus
1410 3264 1619 3317 cunctis
1643 3279 1765 3332 qtna

192 3360 299 3403 ante
322 3348 422 3423 51
454 3366 563 3404 non
612 3350 738 3417 feci,
774 3362 829 3407 et
860 3352 999 3405 ultra
1045 3370 1151 3408 non
1189 3353 1405 3408 faciam.
1444 3353 1639 3408 Dieens
1670 3370 1767 3408 au-

193 3451 285 3494 tem
328 3443 553 3515 judicia,
597 3443 843 3499 OStendit
892 3446 1176 3499 sententia:
1225 3447 1527 3508 veritatem,
1582 3462 1647 3500 ne
1688 3447 1767 3501 ira

190 3548 483 3589 mensuram
530 3551 814 3605 pinnarum
846 3536 1093 3590 videatur
1139 3537 1424 3593 excedere.
1474 3537 1583 3592 Nec
1634 3538 1766 3593 fecit

190 3626 238 3678 in
265 3627 361 3680 ulla
406 3630 631 3683 natione
662 3630 790 3682 Lilia
823 3630 999 3699 qualia
1033 3628 1157 3684 fecit
1183 3630 1233 3683 in
1260 3629 1565 3687 Jerusalem
1597 3630 1767 3697 :Quia

190 3734 350 3771 servus
388 3720 473 3790 qui
505 3722 648 3774 norit
684 3722 999 3774 t‘olutttatem
1028 3722 1222 3774 domini
1263 3724 1340 3775 sui
1388 3734 1434 3775 et
1484 3739 1587 3776 non
1638 3724 1767 3794 facit

187 3825 307 3874 earn,
362 3812 626 3883 vapulabit
680 3814 856 3867 multis
903 3812 1066 3883 (Luc.
1118 3813 1368 3884 x1548).
1423 3814 1765 3886 Potentesque

185 3916 402 3975 potenter
428 3915 683 3960 tormenta
730 3908 992 3981 patientur
1022 3907 1177 3980 (Sap.
1225 3924 1297 3975 γι,
1345 3910 1420 3977 7).
1456 3910 1519 3963 Et
1549 3909 1765 3975 similia,

183 4000 365 4067 inquit,
397 3998 539 4052 ultra
567 4017 667 4053 non
697 4001 911 4071 facium.
956 3994 1187 4056 Pulchre
1228 4000 1382 4069 dixit,
1436 4003 1624 4056 similia
1663 4020 1765 4057 non

182 4091 381 4158 facium.
405 4090 577 4145 Multo
605 4093 751 4145 enim
780 4101 903 4163 post
940 4092 1377 4146 interfectionem
1418 4092 1619 4147 Christi
1665 4094 1765 4147 du-

183 4179 314 4232 riora
348 4179 591 4234 l’acturns
616 4192 722 4236 Esi.
755 4180 913 4236 Aliud
936 4192 1018 4235 est
1048 4184 1189 4237 enim
1221 4183 1455 4239 coluisse
1489 4185 1763 4240 interdum

182 4271 312 4327 idola
353 4284 576 4345 propter
626 4290 751 4345 qua:
776 4287 900 4327 ante
952 4274 1119 4344 puniti
1174 4285 1321 4343 sunt,
1359 4286 1412 4331 et
1469 4276 1615 4329 aliud
1670 4277 1765 4332 Dei

181 4363 367 4419 Filium
401 4365 725 4422 trucidasse.

248 4457 439 4527 (Veis.
493 4460 580 4513 ll).
607 4458 627 4531 )
669 4457 878 4513 Idcirco
906 4472 1077 4531 patres
1104 4461 1367 4515 comedent
1391 4462 1530 4531 ﬁlios
1561 4464 1612 4515 in
1661 4479 1765 4516 me-

1867 3285 2035 3341 stros,
2064 3277 2113 3330 id
2137 3285 2244 3342 est,
2274 3277 2369 3331 lilii
2400 3275 2687 3331 adversum
2720 3285 2900 3345 patres
2920 3313 2933 3339 ,
2962 3275 3234 3330 seditione
3284 3282 3469 3329 mutus

1866 3369 2243 3435 concitantur,
2308 3380 2363 3424 et
2418 3369 2670 3437 impletur
2717 3368 2847 3423 illud
2895 3368 3039 3439 quod
3087 3382 3186 3436 per
3223 3367 3460 3436 Aposto-

1864 3462 1976 3516 lum
2019 3460 2251 3515 dicitur:
2283 3462 2343 3514 Si
2398 3470 2567 3514 autem
2611 3460 2827 3513 inuicem
2871 3459 3116 3513 mordetis
3149 3469 3197 3513 et
3245 3474 3465 3513 accusa-

1866 3551 1960 3617 tis,
2011 3550 2171 3605 videte
2199 3567 2261 3605 ne
2297 3550 2360 3604 ab
2386 3551 2601 3605 inuicem
2635 3550 3010 3605 consumamini
3041 3548 3195 3620 (Gal.
3226 3565 3282 3615 ν,
3328 3549 3456 3611 15).

1868 3641 2024 3698 Unde
2048 3654 2100 3696 et
2125 3642 2392 3712 Propheta
2446 3644 2674 3714 mystico
2702 3658 2956 3701 sermone
3005 3643 3259 3701 cantabat
3289 3662 3301 3696 :
3333 3643 3463 3699 Cum

1867 3737 2344 3806 appropinquarent
2377 3738 2651 3791 aduersum
2696 3748 2773 3791 me
2818 3737 2907 3807 qui
2947 3737 3192 3809 afﬂigunt
3238 3753 3353 3801 me,
3410 3747 3469 3795 ut

1868 3830 2188 3882 comederent
2219 3845 2401 3883 carnes
2438 3846 2576 3884 meas
2607 3829 2723 3899 (Ps.
2745 3846 2889 3894 xm,
2921 3828 3000 3900 2).
3046 3829 3128 3885 Et-
3159 3829 3261 3885 Job
3291 3829 3469 3885 simile

1868 3920 1993 3987 quid
2026 3921 2264 3989 loquitur
2289 3940 2300 3972 :
2328 3922 2390 3977 Si
2430 3933 2604 3977 autent
2634 3923 2876 3976 dixerunt
2898 3922 3107 3976 aucillre
3134 3936 3260 3977 mea
3288 3937 3306 3975 :
3337 3922 3468 3987 Quis

1868 4012 1949 4064 det
1979 4012 2123 4065 nobis
2154 4014 2217 4065 de
2244 4013 2482 4067 carnibus
2506 4017 2618 4085 ejus
2646 4024 2698 4067 ut
2735 4015 3067 4067 comedamus
3117 4012 3247 4083 (Iob
3277 4030 3401 4069 aut
3420 4015 3467 4084 )7

1870 4103 1934 4157 Et
1959 4119 2122 4172 super
2152 4105 2447 4173 magistris,
2477 4107 2566 4174 qui
2592 4106 2736 4159 lucra
2766 4114 3047 4160 sectantur
3069 4106 3135 4161 de
3158 4107 3468 4175 discipulis.

1868 4195 2163 4264 salutisque
2218 4210 2405 4249 eorum
2454 4197 2659 4250 nullam
2704 4212 2895 4252 curam
2948 4206 3167 4266 gerunt,
3221 4198 3463 4253 dicitur:

1871 4286 1971 4353 Qui
2015 4287 2257 4341 deuorant
2288 4288 2539 4358 populum
2569 4304 2739 4343 meum
2773 4289 2907 4343 sicut
2948 4290 3115 4343 cibum
3153 4290 3302 4361 panis
3325 4290 3343 4356 (
3370 4288 3462 4345 Ps.

1870 4394 1960 4441 LII,
2012 4380 2088 4449 5).
2143 4379 2219 4435 De
2266 4380 2465 4449 quibus
2504 4390 2609 4435 “et
2654 4378 2985 4450 Apostolus:
3044 4381 3107 4435 Et
3162 4382 3461 4449 comedunt,

1871 4472 2082 4541 inquit,
2122 4473 2300 4525 domos
2347 4474 2622 4527 viduarum
2675 4472 2840 4542 (Luc.
2886 4490 2994 4538 xx;
3053 4473 3247 4527 Matth.
3280 4473 3459 4543 nm).

179 4550 261 4601 dio
289 4551 382 4619 tui,
406 4562 452 4606 et
484 4552 583 4621 ﬁlii
615 4552 882 4605 comedent
912 4564 1082 4625 patres
1111 4571 1231 4609 suos
1257 4572 1275 4609 :
1309 4566 1354 4608 et
1397 4556 1587 4625 faciam
1627 4555 1681 4607 in
1713 4565 1760 4611 te
1787 4556 1840 4616 D
1866 4563 2162 4618 Possumus
2193 4574 2374 4631 patres
2401 4566 2496 4635 qui
2527 4564 2869 4620 comederint
2896 4566 3073 4633 filios,
3117 4572 3174 4621 et
3200 4564 3344 4623 iilins
3372 4567 3463 4633 qui

165 4644 388 4713 judicia,
442 4655 489 4698 et
532 4646 792 4705 ventilabo
822 4648 1083 4701 unit'ersas
1116 4649 1360 4718 reliquias
1392 4659 1507 4702 tuas
1553 4650 1606 4702 in
1653 4665 1763 4702 ont-

176 4753 284 4790 nem
333 4750 559 4793 ventum.
605 4736 685 4793 Ad
740 4740 790 4793 id
822 4740 965 4809 quod
1006 4756 1164 4810 supra
1208 4742 1421 4796 dixerat
1455 4760 1467 4794 :
1496 4743 1629 4810 Quia
1672 4759 1765 4799 su-

174 4834 400 4897 perastis
426 4843 621 4903 gentes
643 4849 762 4904 qum
790 4830 1083 4887 incircnitu
1109 4844 1292 4888 vestro
1324 4844 1473 4901 sunt,
1501 4838 1636 4905 sive,
1666 4852 1763 4907 pro

170 4937 233 4977 eo
251 4925 392 4995 quod
417 4926 640 4983 occasio
666 4937 844 4980 vestra
877 4938 957 4979 est
988 4942 1049 4980 ex
1075 4929 1329 4997 gentibus
1350 4944 1469 4999 qua:
1492 4928 1544 4985 in
1569 4929 1764 4983 circui—

174 5026 221 5068 tu
249 5028 430 5073 vestro
452 5030 606 5085 sunt,
640 5020 693 5074 in
735 5022 1025 5091 praeceptis
1055 5022 1190 5076 meis
1242 5039 1344 5075 non
1397 5023 1717 5078 ambulastis
1743 5063 1758 5086 ,

172 5120 219 5161 et
246 5111 449 5177 judicia
508 5127 630 5167 mea
681 5128 791 5167 non
848 5110 1077 5181 fecistis,
1145 5116 1307 5169 lertlo
1365 5115 1555 5171 retulit
1612 5117 1756 5172 ideo.

177 5203 399 5263 Primum
442 5206 520 5265 ita
555 5228 568 5261 ;
598 5207 733 5263 ideo
764 5207 881 5263 hac
935 5206 1063 5262 dicit
1109 5207 1366 5265 Dominus
1414 5208 1556 5262 Deus
1584 5226 1598 5263 :
1630 5223 1761 5264 ecce

176 5313 262 5369 ego
290 5302 356 5356 ad
384 5313 460 5365 te,
489 5310 546 5358 et
577 5302 698 5372 ipse
737 5316 843 5371 ego
877 5300 1068 5354 faciam
1098 5302 1151 5355 iu
1185 5301 1364 5355 medio
1417 5302 1489 5355 tui
1526 5300 1756 5371 judicia.

182 5391 407 5453 Secundo
437 5415 450 5449 :
486 5396 615 5452 Ideo
647 5405 841 5465 patres
865 5392 1153 5448 comedent
1178 5392 1324 5471 alios
1350 5393 1401 5447 in
1436 5393 1618 5448 medio
1662 5394 1758 5449 tui.

181 5488 337 5547 Tettio
364 5512 379 5551 :
406 5492 533 5552 Ideo
560 5494 688 5549 vivo
714 5503 851 5561 ego,
880 5487 1013 5544 dicit
1041 5489 1299 5544 Dominus
1330 5488 1472 5542 Deus
1497 5504 1512 5553 ;
1539 5490 1639 5547 nisi
1666 5504 1766 5557 pro

240 5637 262 5664 ⁸
296 5632 559 5691 Marianns
628 5624 884 5696 castigat
927 5623 1242 5696 “editionem
1292 5623 1520 5696 Erasini,
1565 5640 1629 5680 ac
1665 5639 1762 5694 pro

186 5704 609 5781 voceApostolus
649 5694 852 5781 posuit
890 5694 1287 5781 rEvangelium;
1331 5704 1388 5750 at
1414 5695 1538 5781 ‘ho‘c
1603 5696 1762 5781 modo

179 5788 267 5834 cum
298 5765 473 5853 ιρέηηι
506 5765 665 5833 ηιδεὶ
693 5767 955 5831 codices,
1007 5765 1262 5821 intactum
1303 5777 1613 5822 contextum
1640 5765 1765 5822 llic-

1870 4658 2212 4712 c0inederint
2236 4668 2436 4725 patres,
2462 4673 2567 4712 non
2595 4658 2772 4713 solum
2805 4659 2855 4713 in
2881 4658 3200 4729 Babylonia,
3226 4660 3320 4712 sed
3343 4659 3464 4712 etin

1871 4750 2113 4805 Romana
2136 4749 2421 4803 obsidione
2440 4750 2761 4819 intelligere.
2789 4749 2918 4803 Illud
2943 4759 3125 4804 autem
3150 4750 3292 4820 quod
3324 4748 3465 4803 dici-

1876 4840 2080 4895 turzEt
2121 4842 2379 4896 ventilabo
2422 4844 2685 4897 universas
2716 4842 2965 4910 reliquias
2996 4851 3111 4895 tuas
3155 4842 3207 4895 in
3256 4855 3461 4894 omnem

1868 4945 2089 5000 venturis,
2148 4937 2320 5004 magis
2369 4936 2435 4988 ad
2484 4936 2781 4990 Romanam
2810 4937 3044 5004 pertinet
3068 4933 3460 5004 captivitatem,

1866 5027 2087 5099 quando
2112 5028 2162 5079 in
2206 5037 2319 5081 toto
2344 5027 2474 5083 orbe
2515 5036 2781 5081 terrarum
2817 5026 3046 5096 dispersi
3076 5035 3225 5079 sunt.
3255 5026 3320 5078 Et
3352 5025 3466 5079 hate

1866 5135 1949 5176 est
2011 5122 2062 5176 iu
2112 5136 2333 5176 omnem
2389 5130 2605 5175 ventum
2674 5120 2995 5189 capillorum
3052 5118 3343 5188 barbaque
3379 5116 3466 5171 di-

1865 5215 2099 5285 spersio.

1938 5307 2128 5377 (Vera.
2176 5304 2289 5375 il.)
2327 5304 2527 5359 idcirco
2556 5305 2665 5359 rivo
2688 5318 2804 5379 ego,
2836 5305 2960 5360 dicit
2987 5302 3242 5359 Dominus
3277 5297 3414 5352 Deus
3441 5314 3458 5350 .-

1869 5398 1969 5452 nisi
1998 5415 2090 5469 pro
2134 5415 2189 5452 eo
2220 5396 2356 5466 quod
2402 5407 2637 5451 sanctum
2685 5414 2853 5453 meum
2900 5392 3102 5451 violasti
3143 5392 3196 5447 in
3233 5388 3465 5451 omnibu!

1867 5489 2235 5556 o/fensionibus
2264 5490 2389 5554 tuis,
2424 5498 2469 5543 et
2494 5490 2543 5542 in
2576 5490 2769 5543 cunctis
2801 5483 3267 5541 abominationibus
3307 5483 3412 5537 tuis
3445 5498 3464 5537 :

1869 5627 2082 5696 ronymi
2141 5626 2534 5695 relinquimus:
2588 5626 2761 5695 potuit
2797 5625 2941 5678 enim
2983 5632 3210 5696 sanctus
3246 5622 3331 5696 vir
3356 5635 3464 5676 non

1872 5692 2125 5823 rumpitur.
2168 5698 2264 5753 sed
2302 5692 2614 5752 Mutthreum
2663 5696 2970 5763 intelligere
3000 5692 3217 5751 nomine
3251 5694 3469 5764 Aposto-

1897 5785 1976 5823 us.
2060 5784 2186 5823 Αιιτ.
