3996 6322
499 268 566 321 55
1735 264 1792 319 S.
1837 261 2107 319 EUSEBII
2153 258 2538 316 IIlERONYMl
3708 260 3777 317 ὸϐ

496 419 590 477 ego
612 420 811 475 quoque
830 404 1152 476 confringant
1172 402 1331 472 (sive,
1352 400 1501 471 juxta
1524 398 1689 465 LXX,
1714 397 1975 471 abjiciam)
2019 409 2087 464 te,
2117 400 2165 461 Α
2194 411 2359 467 supra
2387 398 2620 453 diximus
2646 444 2658 467 ,
2688 414 2829 454 nunc
2852 400 3210 456 omittendum
3237 399 3472 456 videtur.
3507 399 3619 456 Hoc
3663 409 3779 458 tan-

497 503 545 549 et
568 511 668 550 non
689 495 1057 565 parcetoculus
1069 510 1233 559 meus,
1258 501 1305 547 et
1322 508 1421 547 non
1433 490 1728 547 miserebor.
1748 490 1976 558 Proprie
1993 489 2093 544 hoc

494 589 563 643 ad
578 586 874 643 Jerusalem
890 588 1089 642 dicitur
1102 588 1244 657 ,quia
1268 597 1453 642 sancta
1472 600 1590 639 mea
1607 584 1815 639 violasti
1843 598 1928 638 me
1941 583 2096 638 dese-

498 694 626 735 rens
652 720 667 745 ,
715 691 766 733 et
796 684 846 734 in
901 680 1105 745 templo
1139 694 1260 734 meo
1309 677 1446 732 idola
1475 677 1723 743 coluisti,
1757 690 1857 746 ego
1885 690 2096 746 quoque

496 770 832 841 confringant
860 768 1039 825 omnia
1068 771 1204 825 idola
1230 781 1343 831 tua,
1378 778 1431 823 et
1472 777 1747 823 conteram
1779 776 1939 837 atque
1966 782 2091 821 con-

495 867 694 935 cidam,
744 868 860 922 sive
908 867 1157 936 abjiciam
1192 875 1265 931 te,
1288 865 1410 936 quia
1439 867 1587 935 prius
1613 863 1855 933 abjecisti
1884 879 1969 919 me
2002 881 2016 918 :
2045 870 2100 918 et

498 977 606 1015 non
639 971 821 1031 parcet
848 963 1037 1015 oculus
1065 974 1217 1014 meus
1247 974 1369 1015 cum
1400 969 1451 1012 te
1472 957 1684 1021 videro,
1727 955 1871 1017 fami.
1896 957 2097 1025 gladio,

486 1054 747 1125 servituti
770 1053 907 1107 colla
935 1053 1254 1107 submittere
1296 1069 1310 1105 :
1340 1066 1439 1106 nec
1491 1050 1817 1113 miserebor;
1853 1049 1972 1117 quia
2003 1050 2099 1103 mi-

503 1146 855 1201 sericordiam
896 1159 1068 1198 meant
1091 1160 1196 1198 non
1228 1143 1474 1197 mereris.
1508 1141 1775 1209 Scriptum
1801 1151 1879 1196 εει
1905 1139 2051 1195 enim
2085 1156 2097 1191 :

504 1235 653 1291 Beati
683 1237 1059 1295 misericordes.
1091 1240 1333 1305 quoniam
1364 1235 1467 1301 ipsi
1496 1233 1899 1287 misericordiam
1927 1247 2104 1286 conse-

503 1326 1085 1398 quentur(Matt/t.v,7).
1103 1327 1208 1398 53
1225 1326 1335 1380 Hoc
1350 1326 1489 1381 idem
1505 1326 1632 1379 etin
1651 1323 1888 1378 Ecclesia
1905 1322 2104 1376 intelli-

507 1421 739 1489 gendum
757 1429 859 1484 est,
873 1419 1016 1488 quod
1032 1420 1304 1488 magistris
1319 1428 1369 1472 et
1382 1415 1881 1495 Sacerdotibus,qtti
1896 1415 2104 1485 egerint

510 1512 867 1581 negligenter,
900 1513 1068 1580 possit
1092 1511 1234 1565 Deus
1261 1510 1501 1579 quotidie
1528 1510 1710 1563 dicere
1735 1510 1892 1576 :Quia
1920 1518 2105 1563 sancta

510 1619 634 1659 mea
676 1604 920 1658 violastis
951 1604 1001 1656 in
1030 1603 1240 1657 cunctis
1268 1602 1660 1657 offensionibus
1682 1602 1899 1667 vestris,
1955 1611 2009 1655 et
2054 1602 2106 1655 in

511 1698 782 1752 universis
829 1696 1327 1751 abominationibus
1365 1711 1485 1766 qua:
1526 1695 1735 1765 egistis,
1761 1709 1861 1763 ego
1891 1708 2108 1765 quoque

2199 501 2308 543 tum
2339 488 2553 553 addam,
2588 490 2730 561 quod
2765 496 3134 548 necessarium
3158 502 3241 548 est
3275 493 3327 547 iu
3381 508 3447 547 eo
3493 495 3635 564 quod
3665 496 3777 551 ait:

2199 581 2267 635 Et
2292 582 2512 652 implebo
2539 587 2767 654 furerent
2813 601 3001 652 meum,
3025 596 3071 640 et
3098 586 3410 655 requiescere
3460 587 3651 657 faciam
3706 588 3781 641 in-

2199 674 2545 745 dignationem
2574 692 2739 728 meam
2767 677 2822 730 in
2852 680 2945 743 eis,
2975 688 3019 732 et
3047 680 3372 748 consolabor,
3401 687 3448 733 et
3486 681 3645 734 scient
3666 681 3786 751 quia

2201 786 2291 839 ego
2312 767 2568 824 Dominus
2599 771 2803 825 locutus
2832 788 2947 825 sum
2974 774 3026 826 in
3056 771 3164 825 zelo
3192 788 3323 840 meo,
3348 790 3463 826 cum
3510 774 3779 844 implevero

2203 863 2608 933 indignationem
2651 880 2816 939 meam
2842 866 2893 917 in
2916 866 2989 919 eis
3018 863 3333 934 ;quomodo
3379 864 3693 920 sentiendus
3719 865 3786 921 sit

2204 956 2374 1023 furor,
2409 966 2463 1011 et
2494 956 2795 1027 indignatio
2825 967 2879 1011 et
2909 958 3058 1012 zelus
3090 958 3208 1023 Dei,
3243 972 3389 1027 Stepe
3419 956 3784 1028 exposuimus,

2203 1049 2350 1120 quod
2406 1048 2659 1103 humanis
2710 1050 2851 1105 Deus
2896 1049 3491 1118 l0quaturaﬂ‘cctibus:
3527 1067 3635 1106 non
3686 1066 3789 1122 quo

2206 1140 2320 1209 ipse
2343 1140 2629 1207 irascatur,
2660 1142 2751 1195 sed
2778 1156 2882 1212 quo
2901 1156 2995 1196 nos
3020 1157 3117 1211 per
3139 1156 3326 1212 ptenas
3341 1151 3500 1211 atque
3528 1144 3791 1199 cruciatus

2208 1231 2375 1286 Deum
2399 1233 2930 1288 sentiamusiratum.
2958 1234 3123 1289 Zelus
3142 1247 3320 1290 autem
3350 1235 3451 1289 sub
3480 1236 3790 1304 metaphora

2208 1324 2310 1378 viri
2346 1334 2399 1379 et
2428 1325 2615 1378 uxoris
2638 1325 3005 1395 accipiendos,
3031 1329 3118 1395 qui
3150 1327 3406 1397 quamdiu
3460 1343 3684 1381 uxorem
3710 1326 3791 1381 di-

2218 1415 2353 1486 ligit,
2405 1416 2686 1488 zelorypus
2714 1429 2837 1483 est;
2868 1418 2915 1472 si
2961 1420 3284 1487 neglexerit,
3324 1419 3455 1474 dicit
3499 1420 3627 1474 illud
3659 1418 3795 1491 quod

2214 1508 2267 1563 in
2298 1508 2758 1577 consequentibus
2783 1509 2981 1565 dicturi
3015 1525 3201 1565 sumus
3232 1528 3244 1565 :
3271 1511 3424 1566 Zelus
3470 1529 3613 1566 meus
3659 1528 3796 1567 rece-

2212 1598 2295 1651 det
2315 1614 2348 1651 a
2375 1608 2423 1651 te
2453 1613 2471 1651 :
2502 1609 2549 1652 et
2577 1598 2714 1652 ultra
2740 1616 2843 1653 non
2896 1602 3092 1652 irascar
3151 1599 3240 1653 tibi
3278 1600 3296 1671 (
3322 1597 3496 1671 Infra,
3531 1615 3638 1667 ut,
3662 1599 3732 1654 42

2213 1691 2477 1760 Quodque
2499 1694 2743 1763 jungitur
2776 1710 2788 1747 :
2825 1693 2891 1747 Et
2923 1694 3080 1748 scient
3106 1696 3226 1763 quia
3254 1712 3346 1767 ego
3372 1693 3630 1749 Dominus
3663 1695 3799 1749 locu-

511 1805 608 1845 vos
639 1803 916 1845 conteram
949 1801 1110 1860 atque
1140 1788 1498 1859 conlringam,
1526 1786 1856 1855 reddamque
1890 1801 1984 1855 per
2026 1802 2111 1841 me
2144 1794 2189 1855 Β
2219 1798 2301 1842 tus
2331 1804 2445 1841 sum
2473 1790 2526 1841 in
2552 1790 2665 1842 zelo
2696 1806 2827 1852 meo,
2858 1804 2959 1843 non
2993 1789 3068 1843 illi
3091 1790 3182 1860 qui
3235 1790 3549 1860 consumpti
3578 1800 3702 1845 sunt
3722 1794 3797 1846 fa-

511 1884 655 1955 quod
678 1885 730 1937 in
762 1899 939 1938 meum
982 1883 1241 1953 populum
1273 1881 1645 1952 perpetrastis.
1679 1880 1759 1935 De
1786 1896 1893 1947 quo
1918 1890 2104 1935 contra

514 1983 763 2045 pastores
788 1974 873 2028 hic
898 1974 1043 2028 idem
1068 1972 1335 2043 Propheta
1364 1972 1578 2042 plenius
1605 1972 1843 2037 loquitur
1885 1970 1905 2042 (
1930 1969 2103 2041 Infra,

513 2070 727 2137 xxxrv),
751 2069 892 2138 quod
913 2069 1049 2123 lanis
1066 2068 1245 2123 ovimn
1269 2065 1800 2137 cperianturetlacte
1824 2076 2111 2119 vescantur

516 2169 572 2215 et
591 2158 1083 2223 caseo,etfractum
1106 2175 1268 2229 pecus
1281 2174 1343 2212 ac
1366 2157 1669 2212 morbidum
1688 2172 1793 2211 non
1812 2157 2108 2223 requirant.

590 2252 776 2323 (Vers.
810 2252 896 2318 ιε,
930 2251 1045 2323 15.)
1085 2250 1261 2305 Tertia
1292 2253 1368 2304 tui
1397 2266 1518 2323 pars
1563 2261 1702 2321 peste
1745 2250 2009 2315 morietur,
2062 2258 2111 2304 et

520 2345 658 2417 fante
684 2354 1009 2398 consumetur
1038 2346 1093 2398 in
1123 2345 1289 2398 medio
1319 2345 1414 2408 tui,
1442 2354 1490 2398 et
1521 2344 1673 2398 tertia
1697 2345 1771 2396 tui
1793 2360 1916 2415 pars
1935 2340 2113 2413 gladio

521 2437 669 2490 cadet
725 2438 778 2490 in
819 2437 1040 2490 circuitu
1092 2446 1202 2490 tuo.
1256 2435 1482 2489 Tertiam
1524 2451 1641 2489 vero
1670 2445 1868 2505 partem
1891 2445 2031 2488 tuam
2060 2435 2114 2487 in

523 2545 724 2585 omnem
748 2538 953 2584 ventum
978 2530 1295 2601 dispergant,
1326 2539 1372 2584 et
1393 2528 1628 2600 gladium
1678 2528 1957 2598 evaginabo
2000 2535 2116 2598 post

527 2637 635 2676 eos.
667 2618 737 2674 Et
760 2620 1025 2693 implebo[
1058 2620 1215 2692 Vulg.
1248 2619 1549 2693 complebo]
1599 2622 1824 2689 furorem
1852 2636 2040 2685 meum,
2068 2630 2116 2673 et

521 2712 838 2777 requiescere
886 2713 1073 2781 faciant
1093 2713 1499 2784 indignationem
1540 2728 1707 2766 meam
1734 2712 1790 2765 in
1809 2712 1903 2777 eis,
1926 2720 1973 2764 et
1996 2727 2119 2764 con-

525 2803 751 2869 solabor,
811 2814 859 2856 et
900 2806 1059 2859 scient
1103 2804 1227 2874 quia
1270 2820 1361 2874 ego
1389 2802 1640 2856 Dominus
1668 2804 1871 2857 locutus
1910 2818 2023 2857 sum
2063 2805 2118 2856 in

528 2896 639 2951 zelo
667 2912 801 2960 meo,
827 2912 944 2949 cum
972 2895 1248 2967 implevero
1277 2896 1685 2967 indignationem
1705 2910 1873 2949 meam
1922 2894 1977 2947 in
2021 2895 2114 2948 eis.

527 2989 885 3061 Septuaginta
935 2991 1059 3059 quia
1096 3004 1262 3058 supra
1301 2997 1537 3060 quatuor
1576 2997 1763 3060 partes
1797 2995 2115 3057 posuerant,

528 3099 668 3154 quas
688 3085 743 3139 in
775 3083 1141 3154 descriptione
1172 3082 1430 3151 incendii,
1490 3082 1657 3151 gladii
1679 3081 2119 3153 etdispersionis

2214 1894 2302 1935 me
2348 1890 2402 1935 et
2444 1880 2772 1949 pestilentia,
2808 1896 2907 1936 nec
2956 1884 3044 1951 qui
3071 1881 3250 1951 gladio
3274 1882 3664 1937 cecideruntiu
3703 1883 3803 1938 cir-

2213 1973 2361 2027 cuitu
2411 1972 2666 2041 civitatis,
2718 1973 2813 2028 sed
2868 1973 3059 2043 illiqui
3093 1973 3561 2046 dispergenturiu
3595 1992 3799 2031 omnem

2212 2074 2455 2130 ventum,
2488 2066 2714 2120 aliorum
2744 2067 3010 2121 mortibus
3050 2068 3268 2137 suisque
3315 2067 3554 2123 miseriis
3578 2070 3805 2124 sentient

2215 2158 2409 2213 iratum
2438 2158 2627 2227 Deum,
2668 2174 2828 2227 quem
2860 2160 3182 2214 clementem
3229 2162 3437 2216 sentire
3489 2163 3800 2216 noluerunt.

2289 2248 2467 2321 (Vers.
2503 2248 2615 2321 H.)
2659 2248 2726 2303 Et
2768 2251 2901 2305 dabo
2929 2261 2977 2305 te
3003 2252 3059 2306 in
3088 2253 3380 2318 desertum;
3408 2255 3664 2323 quodque
3719 2268 3803 2308 se-

2215 2342 2400 2413 quitur
2425 2360 2437 2395 :
2473 2352 2520 2395 et
2549 2344 2601 2395 in
2631 2345 2966 2412 opprobrium
2992 2347 3228 2416 gentibus
3256 2363 3372 2414 quae
3403 2349 3455 2401 in
3481 2348 3703 2401 circuitu
3725 2358 3806 2402 tuo
3884 2346 3904 2363 '

2216 2444 2366 2497 sunt,
2426 2437 2479 2488 in
2530 2434 2884 2509 Septuaginta
2930 2452 3037 2491 non
3093 2436 3325 2493 habetur
3365 2454 3511 2510 :pro
3565 2456 3669 2511 quo
3722 2440 3811 2494 ad-

2216 2526 2476 2581 diderunt
2539 2526 2607 2581 de
2659 2543 2798 2594 suo,
2860 2538 2911 2582 et
2955 2528 3096 2598 filias
3144 2539 3261 2584 tuas
3316 2532 3369 2585 in
3414 2533 3639 2587 circuitu
3708 2543 3809 2588 tuo.

2219 2617 2561 2688 Rursumque
2634 2619 2786 2689 juxta
2855 2631 3143 2692 utramque
3221 2624 3545 2690 editionem,
3592 2628 3648 2680 in
3698 2642 3811 2679 cou-

2218 2720 2395 2778 spectu
2440 2712 2607 2765 omnis
2637 2715 3014 2782 praetereuntis.
3044 2714 3271 2771 Prodest
3297 2728 3479 2773 autem
3521 2717 3815 2775 Jerusalem

2219 2803 2402 2858 omnia
2434 2807 2487 2858 in
2516 2820 2577 2859 ea
2604 2805 2729 2859 vitia
2763 2805 3020 2877 desolari,
3054 2816 3111 2865 et
3167 2811 3234 2864 ad
3287 2811 3572 2868 desertum
3628 2813 3809 2884 redigi,

2222 2903 2275 2951 et
2302 2909 2397 2949 sua
2446 2911 2564 2950 eam
2617 2908 2835 2967 peccata
2894 2913 3273 2971 cognoscere.
3324 2912 3383 2957 ut
3438 2918 3559 2974 quae
3610 2906 3814 2968 caeteris

2221 2990 2474 3059 gentibus
2502 2989 2558 3044 in
2603 2992 2921 3061 exemplum
2977 2995 3238 3049 virtutum
3290 3011 3413 3052 esse
3436 2997 3718 3065 debuerat,
3752 3000 3815 3055 sit

2223 3080 2537 3150 exemplum
2566 3083 2933 3138 miseriarum.
2966 3084 3135 3141 Filias
3164 3098 3343 3142 autem
3373 3088 3512 3158 ejus,
3547 3090 3708 3146 urbes
3736 3088 3817 3144 vel

526 3187 642 3234 tres
677 3186 883 3233 tantum
914 3193 1037 3233 esse
1084 3192 1262 3232 sermo
1288 3175 1639 3246 propheticus
1665 3176 2016 3245 approbavit,
2069 3183 2128 3227 ut
2154 3178 2199 3240 C
2234 3175 2444 3229 viculos
2477 3176 2780 3248 intelligere
2830 3194 3141 3247 possumus,
3190 3181 3303 3236 sive
3328 3181 3605 3237 Ecclesias
3630 3182 3681 3237 in
3712 3191 3817 3236 toto

531 3270 810 3341 superﬂuo
857 3285 961 3324 uua
1016 3267 1409 3339 parsincendii
1433 3268 1484 3321 in
1511 3267 1644 3321 duas
1699 3276 1881 3334 partes
1925 3265 2132 3321 divide-

530 3374 709 3429 retur,
740 3364 797 3418 iu
832 3363 935 3417 hoc
963 3376 1178 3433 quoque
1206 3360 1331 3416 loco
1357 3359 1606 3414 eamdem
1636 3359 1867 3429 primam
1916 3368 2128 3427 partem

533 3459 845 3514 diviserunt
900 3458 949 3511 in
997 3457 1154 3521 duas,
1203 3463 1265 3510 ut
1310 3454 1600 3509 dicerent:
1638 3454 1839 3519 Quarta
1888 3468 2013 3518 pars
2058 3453 2134 3505 tui

534 3562 698 3607 morte
718 3560 984 3616 atteretur,
1009 3558 1054 3602 et
1084 3556 1272 3619 quarta
1293 3563 1413 3616 pars
1444 3546 1519 3599 tui
1550 3552 1687 3614 fame
1732 3552 2059 3598 consumetur
2080 3546 2134 3597 in

537 3646 710 3700 medio
741 3646 835 3709 tui,
865 3654 911 3698 et
938 3652 1123 3710 quarta
1178 3657 1301 3712 pars
1331 3641 1404 3692 tui
1433 3638 1577 3691 cadet
1602 3639 1656 3690 in
1684 3638 1905 3690 circuitu
1932 3648 2045 3703 tuo,
2087 3646 2133 3691 et

538 3749 781 3811 quartam
808 3744 1010 3808 partem
1048 3736 1125 3789 tui
1146 3735 1199 3788 in
1228 3749 1430 3787 omnem
1465 3741 1671 3785 ventum
1695 3732 1991 3801 dispergam
2023 3746 2042 3784 .°
2070 3730 2138 3784 li-

540 3839 631 3886 cet
658 3830 761 3885 hoc
785 3829 930 3898 quod
960 3826 1240 3896 posuimus
1267 3841 1282 3879 :
1316 3824 1382 3878 Et
1425 3832 1611 3893 quarta
1635 3839 1760 3892 pars
1786 3825 1860 3876 tui
1883 3825 1938 3876 in
1960 3824 2136 3894 gladio

542 3926 713 3989 cadet,
754 3921 824 3977 de
850 3918 1242 3975 Theodotionis
1273 3916 1512 3971 editione
1547 3916 1652 3970 sub
1676 3916 1955 3971 asteriscis
1986 3915 2140 3968 addi-

543 4026 658 4073 tum
690 4014 780 4069 sit.
810 4013 1157 4081 Perspicuum
1191 4017 1281 4064 est
1318 4017 1501 4062 autem
1544 4017 1601 4061 ut
1651 4007 1879 4063 Hebraea
1930 4004 2136 4061 veritas

544 4110 813 4172 continet,
854 4113 965 4160 tres
995 4104 1350 4171 essegpartes.
1395 4100 1472 4155 De
1512 4114 1738 4169 quarum
1782 4100 1952 4168 prima
1983 4098 2134 4153 dica-

543 4210 634 4256 tur
668 4217 679 4251 :
713 4198 781 4253 Et
810 4198 961 4252 tertia
990 4197 1064 4249 tui
1093 4210 1213 4266 pars
1240 4203 1377 4261 peste
1407 4194 1671 4259 morietur,
1701 4200 1748 4244 et
1787 4192 1923 4261 fame
1950 4207 2136 4244 consu-

547 4302 713 4348 metur
732 4292 787 4345 in
808 4288 975 4345 medio
998 4285 1092 4340 tui.
1117 4285 1391 4354 Mulmque
1411 4285 1607 4340 melius
1639 4285 1816 4340 fuerat
1839 4283 2139 4338 transferre

546 4383 690 4456 quod
715 4384 974 4451 scriptum
1006 4389 1111 4446 est,
1143 4393 1301 4448 quam
1336 4378 1415 4431 rei
1449 4378 1591 4432 male
1641 4377 1916 4431 translata:
1957 4387 2140 4445 patro-

550 4476 756 4531 cinium
782 4486 1051 4544 quaerere.
1085 4470 1195 4526 Nec
1240 4469 1346 4524 hoc
1397 4470 1635 4524 dicimus
1665 4470 1732 4523 ab
1761 4470 1871 4523 illis
1913 4469 2134 4537 factum,

2234 3269 2366 3323 orbe
2396 3268 2694 3338 diSpersas,
2743 3279 2803 3324 ut
2849 3273 3178 3342 quicumque
3206 3273 3370 3343 hujus
3398 3276 3715 3345 peregrinus
3743 3284 3819 3331 est

2234 3361 2445 3429 saeculi,
2468 3372 2523 3416 et
2550 3362 2684 3417 dicit
2706 3378 2825 3416 cum
2854 3362 3140 3419 Psalmista
3169 3383 3181 3418 :
3208 3365 3417 3419 Advena
3446 3383 3580 3428 sum,
3606 3380 3654 3422 et
3686 3382 3821 3437 pere-

2234 3455 2416 3525 grinus
2436 3456 2566 3507 sicut
2597 3470 2771 3508 omnes
2804 3463 2974 3521 patres
2999 3456 3099 3509 mei
3127 3455 3244 3524 (Ps.
3280 3472 3505 3526 xxxviii,
3540 3458 3665 3526 12);
3697 3456 3821 3513 etde

2236 3561 2343 3615 quo
2371 3545 2604 3599 dicitur:
2638 3546 2759 3599 Non
2784 3546 3130 3617 dixeruntqui
3150 3550 3481 3620 praeteribant
3499 3566 3515 3601 :
3532 3549 3820 3605 Benedictio

2237 3636 2456 3691 Domini
2486 3654 2642 3709 super
2661 3654 2748 3692 vos
2778 3638 2897 3711 (Ps.
2932 3643 3246 3712 cxxvm,8),
3276 3643 3456 3698 videat
3476 3643 3819 3713 opprobrium

2238 3729 2357 3798 ejus
2383 3738 2439 3784 et
2466 3730 2670 3786 doleat.

2314 3823 2496 3895 (Vers.
2544 3825 2661 3894 15.)
2703 3826 2771 3880 Et
2822 3827 2923 3882 eris
2982 3830 3319 3898 opprobrium
3372 3838 3422 3883 et
3478 3830 3820 3901 blasphemia,

2237 3920 2530 3985 exemplum
2553 3929 2600 3972 et
2615 3930 2798 3990 stupor
2818 3922 2871 3974 in
2886 3922 3117 3994 gentibus
3138 3923 3192 3976 in
3205 3923 3426 3976 circuitu
3449 3931 3538 3975 tuo
3555 3934 3693 3976 sunt.
3728 3922 3823 3975 Pro

2240 4024 2349 4079 quo
2378 4013 2429 4064 in
2460 4012 2809 4083 Septuaginta
2838 4014 3036 4082 legitur
3064 4030 3078 4066 :
3114 4013 3183 4069 Et
3209 4014 3236 4053 δ
3262 4020 3359 4069 erit
3383 4021 3658 4081 στενακτὴ,
3681 4013 3731 4068 id
3753 4021 3828 4067 est

2241 4103 2513 4175 gemibilis.
2556 4104 2624 4158 Et
2658 4105 2725 4159 de
2765 4105 3141 4161 Theodotione
3182 4106 3422 4161 additum
3472 4118 3578 4173 est,
3620 4106 3724 4178 55
3754 4109 3828 4160 καὶ

2245 4203 2267 4230 ε
2291 4192 2577 4259 saxeam};
2620 4197 2775 4263 cujus
2805 4197 2955 4251 verbi
2986 4197 3231 4251 notitiam
3261 4213 3368 4252 non
3403 4197 3683 4253 habemus.
3734 4197 3829 4251 Pro

2241 4303 2347 4357 quo
2374 4296 2485 4343 tres
2514 4288 2603 4341 alii
2630 4289 2974 4358 interpretes,
3002 4289 3376 4361 blasphemiam
3404 4291 3827 4353 transtulerunt,

2242 4396 2360 4451 qum
2384 4382 2434 4434 in
2457 4380 2720 4435 llebraico
2749 4381 2944 4436 dicitur
2967 4398 3248 4438 censuras
3276 4382 3506 4453 "(35111).
3538 4382 3787 4451 Sequitur
3817 4397 3827 4432 :

2317 4471 2448 4527 Cum
2478 4473 2647 4541 fecero
2674 4473 2728 4525 in
2752 4480 2798 4527 te
2815 4474 3028 4546 judicia
3056 4474 3109 4527 in
3142 4476 3337 4543 furore,
3386 4484 3434 4528 et
3460 4473 3829 4543 indignatione,

551 4568 752 4637 quibus
805 4573 1047 4619 vetustas
1086 4562 1466 4617 auctoritatem
1490 4561 1643 4617 dedit
1674 4580 1686 4614 :
1712 4560 1809 4616 sed
1838 4576 1938 4631 per
1975 4561 2141 4615 multa
2169 4558 2224 4618 D
2248 4574 2294 4619 et
2338 4565 2392 4617 in
2440 4563 2878 4627 increpationibus
2909 4566 3002 4618 irte
3022 4565 3049 4599 ά
3073 4581 3189 4635 qute
3218 4581 3310 4636 ego
3341 4564 3598 4619 Dominus
3646 4565 3833 4618 locutus

552 4661 748 4717 saecula
772 4660 1097 4728 scriptorum
1121 4665 1281 4724 atque
1307 4657 1573 4711 lectorum
1601 4656 1737 4709 vitio
1759 4655 2138 4723 depravatum.

552 4753 889 4823 Quamquam
914 4759 968 4806 et
988 4750 1242 4804 Aristeus
1261 4758 1283 4785 υ
1311 4757 1366 4803 et
1390 4748 1688 4818 Josephus,
1711 4757 1767 4803 et
1788 4749 1964 4803 omnis
1983 4749 2143 4804 scho-

554 4847 605 4901 la
619 4843 1208 4912 Judazorum,quinque
1238 4852 1445 4896 tantum
1471 4841 1641 4896 libros
1661 4842 1831 4913 Moysi
1856 4857 1885 4895 a
1913 4844 2139 4911 Septua-

553 4938 696 5009 ginta
744 4935 854 5009 54
880 4936 1169 4989 translatos
1214 4943 1481 4988 asserunt.
1516 4934 1592 4988 De
1621 4949 1729 5003 quo
1749 4934 1986 5004 capitulo
2014 4935 2138 5005 quia

624 5066 654 5095 ι
692 5054 912 5112 Scilicet
940 5050 1182 5105 Aristeas
1206 5050 1372 5104 lectas
1388 5064 1570 5104 coram
1598 5058 1939 5119 regetautum
1968 5061 2154 5105 narrat

554 5128 859 5195 Scripturas
885 5120 1558 5195 Legis:.lt_)sephus_vero
1612 5120 2042 5195 lllClIlelllissitlle
2090 5126 2146 5176 in

552 5191 790 5256 Procnm.
833 5191 1099 5263 Antiquit.
1138 5191 1336 5260 Legem
1377 5192 1659 5263 dumtaxat
1688 5192 2145 5263 communicatam

558 5272 609 5327 ei
642 5268 820 5324 tradit.
854 5260 1104 5338 οὐδὲνγὰρ
1127 5268 1303 5338 πᾶσαν
1336 5264 1520 5338 inciso;
1547 5260 1665 5334 ἔφθη
1695 5261 1871 5338 λᾳᾷεῐν
1912 5268 2000 5338 τῆς)
2026 5265 2147 5318 ἀνα-

555 5348 771 5418 γραφὴν,
796 5338 899 5393 ἀλλ’
924 5333 1201 5418 «magna
1227 5334 1292 5388 τὰ
1311 5340 1404 5418 toﬁ
1438 5336 1602 5418 sep?!
1616 5334 1915 5418 τεοερίδοσαν
1938 5334 2144 5418 οξφπεμ-

557 5358 771 5418 γραφήν,
796 5358 887 5393 αλλ
924 5358 1054 5391 αντα
1117 5358 1201 5388 ονα
1227 5358 1292 5388 τα
1311 5358 1404 5388 του
1438 5358 1592 5406 νομον
1616 5358 1915 5407 παρεοῦσαν
1938 5358 1983 5387 οι
2000 5358 2144 5412 ,πεμ-

557 5415 762 5471 πθέντες
799 5411 880 5464 ἐπὶ
1052 5358 1287 5476 ἐξιήγησιν
1315 5408 1501 5481 cicer)»
1534 5404 1925 5481 ’ᾼᾉεξάνδρειᾳη
1962 5404 2144 5481 Neque

560 5485 692 5537 enim
736 5490 894 5534 totam
948 5475 1276 5548 Scriptorum
1305 5476 1533 5548 accipere
1562 5477 1641 5528 illi
1662 5475 1893 5548 coniigit.
1923 5475 2013 5527 sed
2044 5475 2143 5548 Le-

558 5569 674 5624 gem
700 5553 862 5624 solum
891 5551 934 5602 ei
964 5545 1305 5624 tradiderunt,
1330 5545 1422 5624 qui
1446 5545 1515 5624 ad
1556 5546 2144 5624 equuinterpretaudam

561 5616 706 5676 inissi
738 5622 937 5691 fuerant
962 5618 1362 5691 Alexandriam.
1383 5616 1651 5691 Pariahis
1683 5616 1844 5691 habet
1889 5618 2142 5672 nosterin

562 5687 789 5749 Michea:
810 5706 928 5760 cap.
960 5705 1018 5744 ιι.
1050 5689 1396 5760 atquealibi;
1431 5698 1490 5743 ut
1519 5687 1801 5760 siquando
1827 5691 2142 5760 universum

561 5778 698 5836 Opus
742 5758 1188 5832 Scripturaruma
1212 5758 1355 5815 LXX
1409 5759 1728 5814 translatum
1754 5759 1968 5814 videtur
1998 5774 2144 5816 asse-

2250 4674 2383 4713 sum.
2412 4657 2627 4713 Gemitu
2658 4669 2837 4712 autem
2870 4658 3087 4727 dignam
3110 4657 3438 4724 Jerusalem,
3490 4672 3615 4712 cum
3674 4654 3835 4711 offen-

2250 4750 2408 4805 deret
2431 4750 2624 4815 Deum,
2647 4759 2707 4803 ut
2732 4749 2939 4804 faceret
2964 4750 3017 4803 in
3044 4764 3107 4804 ea
3130 4749 3333 4818 judicia
3363 4752 3414 4804 in
3443 4750 3627 4805 lurore
3678 4759 3732 4803 et
3762 4749 3837 4801 in-

2252 4842 2589 4914 dignatione,
2642 4851 2873 4897 testatur
2911 4849 2969 4897 et
3022 4842 3247 4911 Paulus,
3281 4843 3527 4913 quidicit
3562 4862 3575 4897 :
3620 4842 3838 4897 Eramus

2251 4948 2440 4992 natura
2470 4936 2569 5005 ﬁlii
2598 4938 2711 5003 ine,
2742 4937 2874 4990 sicut
2905 4946 2952 4992 et
2974 4939 3149 4993 caeteri
3178 4938 3404 5011 (Ep/tes.
3432 4955 3490 5008 ιι,
3523 4938 3603 5011 5).
3633 4940 3701 4995 Ει
3743 4941 3838 4994 ite—

2252 5067 2540 5125 rere,__non
2568 5066 2635 5104 ex
2657 5064 2779 5125 suo,
2803 5051 2899 5106 sed
2922 5066 2996 5125 rex
3029 5052 3237 5125 vulgari
3264 5068 3428 5108 sensu
3458 5053 3733 5125 loquatur.

2326 5122 2352 5160 δ
2394 5121 2620 5186 Victor”
2652 5123 2752 5175 eris
2772 5138 2792 5186 ;
2812 5138 2876 5177 ex
2908 5121 3265 5190 (Eunomia-ri.

2327 5204 2348 5231 ο
2390 5192 2603 5265 Υἱῑίοεθ
2630 5208 2746 5248 erat
2771 5192 3041 5265 δηλαίστη,
3070 5210 3170 5249 nec
3193 5195 3331 5249 bene
3361 5204 3681 5265 reposuerat
3707 5194 3839 5248 Drin.-

2249 5264 2363 5318 sius
2390 5262 2675 5329 δειλαῐστή,
2713 5280 2810 5334 pro
2837 5263 3108 5329 δηλαιστή,
3135 5265 3278 5335 quod
3297 5262 3539 5322 melioris
3561 5281 3703 5320 none
3723 5265 3836 5319 Hie-

2249 5335 2551 5406 ronymiani
2621 5351 2753 5391 mss.
2813 5335 3108 5403 pra-ferunt
3152 5351 3273 5390 cum
3320 5341 3511 5402 nostri,
3571 5348 3681 5389 tum
3710 5350 3838 5403 quos

2249 5404 2685 5461 Montlauconius
2716 5407 2922 5460 laudat.
2952 5407 3040 5461 Sic
3067 5410 3225 5476 paulo
3262 5407 3487 5462 inferius
3539 5409 3835 5469 Δηλαίστὴν,

2247 5480 2328 5530 vel
2358 5476 2568 5536 δηλαίαν
2596 5479 2964 5549 rescribimus,
3016 5494 3114 5548 pro
3143 5493 3250 5549 quo
3278 5480 3539 5534 mendose
3565 5480 3840 5533 obtinebat

2204 5610 2207 5613 Α
2248 5549 2549 5613 Δηλαίστην,
2607 5548 2843 5605 δαλαίαν.

2321 5616 2348 5656 σί
2398 5621 2675 5693 VoculanL
2686 5638 2809 5693 qua;
2820 5619 3008 5674 Victor
3037 5621 3299 5693 expungit
3325 5639 3339 5675 :
3374 5621 3611 5693 legitque
3642 5631 3840 5693 praepo-

2248 5690 2353 5762 sito
2383 5705 2608 5762 puneto,
2631 5691 2742 5762 Ego
2772 5691 3051 5760 Dominus,
3087 5689 3319 5761 etc.,'ex
3353 5689 3584 5751 Hebraeo
3629 5689 3831 5753 codice,

2246 5761 2476 5833 Vulgata
2510 5771 2565 5818 et
2585 5761 2793 5819 Graeco.
