4018 6322
269 297 331 350 57
986 293 1638 353 COMMENTARIORUM
1680 295 1744 351 IN
1788 295 2229 354 EZECHIELEM
2268 299 2399 355 LIB.
2441 300 2508 358 II.
2549 299 2703 358 CAP.
2746 300 2834 357 Vl.

3479 306 3550 364 58

256 430 373 471 rum
406 430 421 466 :
460 415 563 483 Qui
602 430 779 469 sumus
836 417 890 471 in
938 415 1038 471 hoc
1078 412 1433 481 tabernaculo,
1475 414 1855 485 ingemiscimus
1880 421 1937 482 Α
1961 416 2236 472 vocabulis
2261 417 2376 484 Dei,
2408 426 2465 473 et
2487 417 2757 489 signiﬁcat
2780 417 3082 485 Dominum,
3102 434 3209 491 quo
3238 434 3384 492 sepe
3411 430 3467 477 et
3492 423 3546 478 in

257 509 518 579 sggrarati
538 507 608 579 (Il
638 506 764 565 Cor.
796 512 877 579 v).
903 509 1312 580 Loquimurque
1337 523 1461 564 cum
1491 508 1799 564 Jerusalem
1829 524 1844 563 :

1954 511 2265 566 hominibus
2290 512 2513 566 tttimur.
2542 510 2786 582 Denique
2800 520 2857 567 et
2871 510 3001 568 Sara
3027 526 3229 569 vocans
3272 513 3545 570 Abraham

254 600 379 653 irem
408 600 624 654 Domini
653 602 941 669 sustinebo,
972 601 1215 669 quoniam
1241 601 1441 670 peccavi
1467 602 1534 655 ei.
1568 602 1850 661 Δηλαίστήν
1952 604 2233 659 dominum
2284 619 2466 670 suum,
2517 604 2621 660 hoc
2674 605 2903 661 vocabat
2932 608 3149 661 nomine
3179 604 3337 679 (Gen.
3364 608 3542 679 xvttt).

255 691 329 745 rel
364 690 596 757 ὅηλειίαν,
647 692 868 764 quidam
916 694 1176 764 infelicem
1207 703 1252 747 et
1283 694 1524 747 miseram
1556 694 1691 747 :alii
1733 710 1851 764 per-

250 788 483 853 spicuam
506 798 564 842 et
605 789 895 859 expositam
921 788 990 841 ad
1020 788 1254 842 miserias
1296 786 1518 856 intelligi
1564 786 1774 840 volunt.

317 877 504 947 (Vers.
544 880 661 949 Ili.)
701 880 923 944 Quando
952 880 1137 933 misero
1166 880 1383 948 sagittas
1414 878 1568 946 famis
1597 878 1847 949 pessimas

248 967 449 1041 (Vulg.
478 968 635 1022 addit
657 972 711 1022 in
736 986 822 1024 eos
844 969 886 1042 ].
914 986 1029 1040 qua:
1068 980 1216 1025 erunt
1268 970 1552 1039 mortifera:
1574 985 1593 1023 :
1619 980 1669 1022 et
1720 985 1847 1039 quas

249 1060 446 1112 uittam
476 1072 533 1111 ut
558 1058 859 1129 disperdam
892 1077 999 1125 vos,
1028 1070 1076 1116 et
1108 1062 1297 1131 famem
1323 1064 1649 1132 congregabo
1689 1076 1848 1131 super

252 1167 349 1216 eos,
380 1161 431 1203 et
460 1164 732 1207 conteram
754 1163 780 1190 ⁸
804 1155 1187 1223 firmamentum
1213 1154 1325 1227 (vel
1355 1154 1637 1225 baculum)
1671 1155 1842 1225 panis.

245 1245 464 1302 Famem
489 1260 545 1302 et
578 1250 964 1317 pestilentiam,
992 1262 1048 1306 et
1070 1251 1273 1306 besuas
1305 1252 1664 1321 pessimas,et
1690 1252 1846 1322 quid-

244 1341 363 1410 quid
388 1340 542 1394 aliud
574 1343 842 1398 malorum
898 1345 1231 1398 sustinemus
1275 1346 1326 1399 in
1368 1345 1589 1413 saeculo,
1627 1357 1846 1416 propter

243 1445 429 1487 nostra
450 1435 641 1489 venire
668 1444 885 1505 peccata
912 1436 1256 1492 manifestum
1281 1448 1386 1492 est.
1414 1437 1568 1493 Unde
1587 1445 1645 1494 et
1673 1437 1843 1492 fames

242 1526 348 1588 illa,
382 1543 509 1598 quae
546 1531 687 1581 facta
733 1538 1070 1585 memoratur
1101 1532 1153 1585 itt
1183 1531 1330 1586 Ruth
1362 1530 1383 1604 (
1409 1532 1551 1587 Ruth
1582 1549 1595 1586 t
1629 1535 1672 1600 ),
1700 1542 1755 1587 et
1784 1532 1838 1586 in

240 1618 445 1689 Regum
506 1621 789 1677 volumine
814 1624 917 1677 sub
950 1624 1063 1679 Elia
1090 1625 1109 1696 (
1133 1624 1196 1678 IIl
1223 1623 1354 1697 Reg.
1392 1640 1502 1679 xvn
1527 1625 1571 1695 ),
1619 1624 1839 1695 quando

241 1711 411 1765 tribus
466 1711 650 1781 annis,
690 1722 748 1769 et
775 1730 874 1769 sex
914 1717 1190 1770 mensibus
1226 1720 1423 1771 cmlum
1454 1717 1698 1772 clausum
1730 1727 1834 1783 est,

1954 698 2020 752 Et
2038 697 2336 754 ubidicitur
2366 696 2583 751 Domine
2619 699 2691 752 mi
2718 714 2833 763 rex,
2862 697 3065 753 Adonai
3094 698 3116 772 (
3141 697 3316 754 Exod.
3344 699 3538 772 xxvnt)

1952 791 2214 860 scriptum
2245 799 2347 846 est.
2380 790 2607 856 Quando
2637 792 2801 863 igitur
2822 791 2950 857 duo,
2973 791 3186 846 Domini
3228 804 3282 847 et
3330 792 3545 848 Domini

1945 881 2135 951 juncta
2166 891 2291 934 sunt
2330 883 2571 945 nomina,
2602 883 2753 951 prius
2777 896 2974 937 nomen
3002 897 3291 938 commune
3322 895 3426 949 est,
3458 897 3545 940 se-

1950 973 2186 1029 cundum
2215 975 2435 1044 proprie
2457 974 2576 1041 Dei,
2609 974 2752 1043 quod
2799 974 3104 1045 appellatur
3133 973 3349 1049 ἆῤῥητον
3370 976 3543 1049 (rm)

1950 1067 2003 1123 id
2032 1081 2135 1133 eSt,
2169 1069 2452 1137 ineffabile,
2478 1070 2621 1139 quod
2652 1078 2708 1124 et
2735 1070 2995 1139 scriptum
3020 1068 3118 1123 luit
3142 1068 3196 1123 in
3226 1069 3422 1125 lamina
3447 1086 3546 1126 att-

1947 1176 2065 1228 rea,
2122 1177 2242 1232 qua:
2292 1169 2410 1216 erat
2444 1162 2498 1217 in
2531 1161 2711 1217 fronte
2757 1160 3047 1231 pontificis.
3106 1161 3316 1217 Montes
3358 1171 3538 1217 autem

1947 1252 2138 1318 Israel,
2170 1253 2263 1323 qui
2293 1253 2600 1308 simulacris
2652 1253 2959 1308 daemonum
3004 1253 3222 1307 fuerant
3268 1249 3540 1320 occupati,

1948 1362 2055 1400 non
2088 1345 2332 1411 auribus,
2351 1346 2446 1401 sed
2471 1346 2698 1416 imperio
2719 1360 2782 1400 ac
2811 1347 3047 1416 potentia
3066 1343 3536 1419 conditorissuum

1945 1436 2171 1491 audiunt
2196 1447 2250 1491 et
2290 1437 2598 1508 intelligunt
2651 1437 2994 1492 Creatorem.
3043 1435 3327 1504 Quomodo
3384 1449 3535 1489 tuare

1944 1528 2077 1583 vidit
2101 1538 2157 1583 et
2177 1532 2331 1599 fugit,
2362 1529 2615 1585 Jordanis
2639 1543 2935 1584 conversus
2957 1540 3045 1586 est
3069 1538 3369 1584 retrorsum
3393 1528 3412 1598 (
3441 1526 3533 1580 Ps.

1943 1620 2095 1689 cxtu)
2134 1638 2148 1675 :
2178 1636 2284 1675 non
2321 1621 2505 1691 utique
2542 1621 2723 1675 carnis
2770 1622 2941 1676 oculis
2977 1622 3175 1691 quibus
3199 1619 3446 1675 carebat.
3470 1618 3537 1673 Et

1942 1713 2009 1768 ad
2034 1729 2185 1769 mare
2214 1714 2411 1768 dicitur
2445 1731 2457 1767 :
2491 1714 2647 1780 Tace,
2677 1716 2963 1769 obtumesce
2992 1713 3183 1785 (Marc.
3213 1728 3287 1777 tv,
3320 1710 3437 1781 59).
3469 1709 3539 1765 Et

241 1814 287 1860 et
311 1804 417 1859 sub
447 1805 654 1861 Eliszeo
680 1806 771 1878 (IV
800 1807 933 1878 Reg.
963 1825 1017 1863 vt
1038 1809 1081 1881 ),
1113 1810 1265 1879 cujus
1313 1811 1689 1867 incredibilem
1720 1813 1840 1867 ino-
1872 1817 1915 1876 Β
1946 1820 2226 1863 ventorum
2288 1808 2511 1863 ﬂatibus
2567 1810 2903 1878 imperatur;
2952 1809 3287 1879 julieturque
3339 1806 3536 1874 vermi,

239 1898 375 1970 piam
404 1902 700 1969 repentina
721 1904 1052 1958 abundantia
1075 1904 1468 1973 compensavit,
1500 1904 1599 1958 Dei
1638 1904 1840 1974 judicio

240 1994 395 2048 nise:
426 2003 538 2050 est.
562 1994 718 2061 Quod
750 2012 859 2049 non
886 1997 1059 2051 solum
1089 2004 1217 2051 tunc
1242 1997 1293 2051 itt
1315 1997 1614 2052 Jerusalem
1638 1996 1836 2052 factum

238 2094 337 2146 est,
394 2085 493 2139 sed
521 2095 579 2141 et
610 2088 664 2140 in
694 2097 878 2143 nostra
916 2087 974 2142 fit
1004 2089 1325 2158 Jerusalem,
1359 2090 1411 2143 itt
1458 2105 1564 2159 qua
1615 2100 1839 2160 propter

238 2176 674 2245 magnitudinem
707 2190 1074 2251 peccatorum,
1101 2184 1338 2251 primum
1386 2182 1561 2238 fames
1607 2184 1838 2239 mittitur

235 2268 494 2322 audiendi
526 2286 846 2326 sermonem
864 2273 982 2328 Dei.
1016 2275 1221 2330 Deinde
1251 2276 1449 2331 famem
1482 2292 1629 2331 mors
1659 2278 1838 2346 sequi-

237 2370 349 2423 tur;
377 2370 439 2417 ut
462 2364 558 2433 qui
588 2379 696 2418 non
727 2366 1037 2422 audivimus
1072 2387 1082 2422 :
1109 2368 1387 2424 Gustatect
1411 2370 1576 2424 videte
1592 2371 1836 2441 quoniam

233 2457 407 2510 suavis
426 2466 503 2510 est
528 2456 817 2530 Dominus(
828 2458 919 2513 Ps.
956 2476 1150 2529 χχχιιι,
1175 2461 1257 2533 9),
1283 2478 1472 2533 pOStea
1497 2463 1830 2519 sentiamus:

236 2549 378 2603 lors
406 2560 746 2619 peccatorum
767 2553 986 2620 pessima
1007 2564 1081 2607 est
1106 2553 1278 2625 (Psal.
1322 2571 1433 2610 xxtt
1460 2554 1502 2626 ).
1541 2558 1613 2610 De
1653 2555 1836 2611 ﬁrma-

234 2654 417 2699 mento
447 2653 505 2699 et
538 2644 739 2700 baculo
778 2648 958 2714 panis,
990 2661 1150 2715 supra
1177 2648 1414 2702 diximus
1445 2648 1464 2718 (
1493 2648 1688 2719 Supra,
1720 2648 1830 2719 tv).

300 2735 484 2806 (Vers.
522 2737 640 2808 17.)
680 2736 748 2793 Et
774 2740 1051 2794 immittam
1075 2741 1130 2795 in
1168 2756 1254 2794 vos
1307 2744 1517 2811 famem,
1552 2750 1598 2794 et
1645 2740 1833 2795 bestias

235 2830 483 2896 pessimos
516 2846 680 2900 usque
718 2832 787 2884 ad
824 2832 1226 2887 internecionem
1279 2849 1299 2887 :
1345 2842 1396 2887 et
1423 2832 1739 2903 pestilentia,
1784 2842 1834 2887 et

235 2923 448 2994 sanguis
496 2924 799 2978 transibunt
848 2943 940 2993 per
963 2935 1030 2995 te,
1065 2936 1109 2980 et
1137 2928 1370 2998 gladium
1398 2926 1643 2982 inducam
1674 2945 1832 2995 super

234 3026 283 3070 te
310 3033 327 3071 :
351 3034 445 3089 ego
488 3017 746 3073 Dominus
768 3021 969 3075 locutus
997 3039 1131 3076 sunt.
1154 3023 1363 3078 BeSIias
1392 3023 1831 3093 pessimasindtt-

238 3113 284 3167 ei
305 3128 468 3182 super
495 3124 701 3170 terram
734 3116 1063 3184 solitudinis,
1122 3133 1243 3185 qtue
1274 3118 1414 3173 fame
1446 3129 1500 3174 et
1527 3119 1740 3190 gladio,
1773 3131 1830 3175 et

1942 1903 2204 1972 quiJonai
2234 1902 2503 1970 percussit
2530 1902 2906 1958 umbraculqu
2938 1902 3083 1972 (Jan.
3110 1900 3207 1971 tv).
3248 1903 3312 1955 lit
3344 1900 3412 1956 de
3443 1915 3534 1956 ea-

1940 1992 2062 2048 dem
2088 2002 2229 2048 terra
2262 1996 2521 2063 scriptum
2549 2005 2631 2049 est
2666 2012 2678 2047 :
2711 1995 2812 2060 Qui
2854 1995 3060 2062 respicit
3093 2003 3305 2059 terram,
3337 2004 3384 2046 et
3405 1995 3533 2063 facit

1940 2103 2053 2141 eam
2079 2098 2290 2141 tumere
2316 2085 2438 2156 (Ps.
2470 2102 2583 2153 cut,
2609 2086 2721 2155 δὲ).
2746 2087 2830 2143 Ad
2854 2102 2992 2157 quos
3015 2085 3534 2157 PrOphetaloquitur

1940 2179 2186 2234 indicans
2213 2181 2353 2234 idola
2384 2180 2711 2235 destruenda
2741 2192 2795 2236 et
2825 2196 2972 2247 aras,
3001 2182 3390 2251 universasque
3436 2196 3538 2236 ete-

1938 2274 2212 2328 remonias
2238 2274 2343 2346 57
2369 2274 2565 2343 quibus
2602 2276 2749 2344 prius
2800 2274 2963 2329 idolis
2991 2276 3295 2329 servierant
3346 2284 3535 2331 conte-

1940 2368 2160 2422 rendas.
2191 2367 2487 2423 Possumus
2530 2377 2743 2423 montes
2770 2367 2934 2424 Israel
2968 2379 3022 2423 et
3054 2370 3331 2437 principes
3386 2368 3535 2423 acci-

1938 2476 2069 2529 pere
2098 2475 2212 2526 eos,
2265 2462 2356 2531 qui
2408 2461 2669 2529 potentia,
2704 2461 3100 2531 sapientiaque,
3133 2469 3189 2515 et
3215 2460 3439 2514 scientia
3469 2474 3533 2515 ac

1937 2554 2145 2608 divitiis
2169 2552 2569 2622 pra'cellebant.
2598 2554 2776 2608 Etltoc
2797 2553 3360 2618 animadvertendum,
3384 2551 3530 2622 quod

1935 2646 2254 2701 obﬁrmstur
2277 2646 2492 2717 quidem
2517 2645 2703 2715 facies,
2733 2654 2793 2702 et
2821 2648 3037 2715 ponitur
3064 2657 3254 2701 contra
3278 2653 3491 2699 montes
3516 2661 3531 2699 :

1935 2738 2031 2795 sed
2059 2753 2400 2808 nequaquam
2423 2738 2554 2793 solis
2578 2738 2874 2803 montibus,
2898 2739 2991 2793 sed
3019 2749 3072 2793 et
3096 2737 3325 2793 collibus
3355 2738 3532 2807 loqui-

1937 2839 2046 2897 tur,
2073 2841 2128 2887 et
2150 2831 2379 2901 rupibus
2407 2840 2464 2887 et
2492 2831 2744 2898 vallibus,
2769 2830 2825 2884 in
2856 2831 3054 2900 quibus
3096 2830 3321 2886 inferior
3349 2831 3529 2901 digiti-

1936 2934 2042 2989 tas,
2069 2933 2124 2981 et
2147 2926 2347 2996 gradus
2398 2926 2699 2995 prudentia:
2747 2925 3103 2995 scientiaeque
3154 2926 3525 2995 cognoscitur.

1935 3017 2203 3073 Videntur
2232 3020 2365 3075 mihi
2394 3020 2729 3091 tropologice
2773 3027 2989 3074 montes
3020 3034 3163 3084 esse,
3195 3019 3286 3088 qui
3310 3019 3375 3074 ad
3398 3032 3527 3089 per-

1933 3110 2130 3166 fectam
2153 3111 2433 3166 scientiam
2470 3122 2868 3182 pervenerunt;
2898 3113 3090 3178 colles,
3120 3112 3210 3181 qui
3243 3111 3405 3182 paulo
3450 3112 3532 3165 in-

239 3215 385 3276 pcste
413 3215 626 3260 vastata
656 3218 760 3273 est,
788 3210 1070 3278 praesentia
1104 3224 1319 3279 quoque
1365 3212 1658 3266 ostendunt
1687 3220 1826 3268 tem-
1857 3204 1903 3267 C
1937 3201 2168 3258 feriores
2196 3213 2353 3270 sunt;
2389 3219 2577 3274 rupes,
2609 3204 2699 3274 qui
2722 3206 2921 3259 nullam
2940 3202 3524 3269 liabentesscientiam,

241 3312 367 3368 pora
401 3317 416 3353 :
442 3301 667 3369 quando
692 3302 976 3357 familiaria
1004 3304 1254 3359 animalia
1283 3319 1445 3359 canes
1468 3304 1572 3377 [AL
1599 3306 1831 3361 familia-

240 3404 296 3445 re
314 3393 517 3445 animal
541 3395 698 3448 canis
722 3393 765 3465 ],
795 3395 845 3448 in
870 3395 1211 3450 dominorum
1236 3412 1426 3452 carnes
1454 3397 1605 3453 rabie
1644 3399 1828 3453 conci-

242 3492 420 3538 tantur
450 3483 562 3557 [ΑΙ.
589 3486 940 3559 concitatur],
967 3497 1017 3541 et
1056 3490 1201 3542 ursis
1229 3503 1292 3543 ac
1319 3488 1461 3560 lupis
1508 3490 1826 3559 cunctisque

241 3576 354 3630 aliis
407 3578 706 3645 generibus
764 3579 1055 3633 bestiarum
1110 3580 1219 3653 56
1258 3588 1407 3635 terra
1472 3580 1823 3651 completur:

240 3670 721 3740 pestilentiamque
774 3680 830 3727 et
881 3672 1204 3744 sanguinem
1257 3674 1487 3729 transire
1536 3688 1631 3743 per
1682 3689 1825 3740 eam,

241 3762 485 3816 morbum
517 3764 868 3835 gladiumque
900 3766 1187 3837 signiﬁcat.
1224 3765 1329 3821 Sed
1385 3775 1439 3822 et
1489 3766 1540 3821 in
1584 3775 1825 3822 nostram

235 3853 533 3911 Jerusalem
560 3858 849 3911 mittuntur
874 3859 1060 3913 bestia:
1091 3859 1362 3927 pessimre,
1394 3859 1613 3929 quando
1657 3859 1825 3914 tradi.

237 3962 353 4002 mur
373 3947 427 4003 in
456 3950 742 4019 passiones
772 3951 1100 4021 ignominiaa,
1132 3960 1185 4005 et
1211 3953 1263 4005 in
1286 3953 1574 4018 reprobum
1607 3966 1827 4008 sensum

235 4041 700 4096 etconscientiam
732 4053 1082 4111 peccatorum
1107 4083 1121 4107 ,
1162 4058 1281 4112 quro
1307 4044 1626 4098 excruciant
1668 4054 1830 4116 atque

237 4132 535 4189 dilacerant
556 4137 798 4191 animum
829 4148 1070 4191 nostrum
1096 4136 1277 4208 (Rom.
1308 4138 1374 4206 t).
1424 4137 1835 4207 Dissensiones,

238 4225 501 4292 hereses,
524 4229 843 4295 schismata,
867 4230 1263 4295 mmulationes,
1291 4229 1535 4293 invidiae,
1564 4230 1821 4297 tristitim,

237 4318 620 4383 detracﬁones,
646 4321 917 4376 desideria
946 4310 1107 4387 mala,
1141 4324 1390 4386 avaritia,
1416 4340 1535 4392 qua:
1560 4335 1642 4378 est
1670 4324 1828 4378 radix

236 4414 482 4469 omnium
513 4414 782 4469 malorum
809 4414 876 4487 (II
905 4414 1025 4470 Cor.
1054 4413 1173 4487 xu),
1195 4416 1385 4471 bestia:
1410 4416 1660 4485 pessima:
1679 4426 1823 4470 sunt.

237 4506 364 4572 Quae
391 4522 517 4561 cum
542 4508 738 4561 fuerint
768 4508 822 4562 in
854 4508 1029 4573 nobis,
1062 4524 1337 4563 meremur
1391 4508 1579 4563 audire
1609 4526 1622 4563 :
1655 4507 1829 4563 Corri-

1931 3307 1987 3352 et
2019 3306 2223 3352 tantunt
2274 3299 2325 3352 in
2381 3301 2802 3356 conversatione
2850 3300 3105 3365 fidentes,
3129 3298 3305 3370 aliqua
3328 3298 3428 3353 sibi
3460 3298 3530 3353 de

1931 3388 2340 3458 Scripturarum
2373 3392 2829 3460 interpretatione
2853 3403 3211 3460 praesumunt,
3264 3390 3529 3445 habentes

1924 3484 2075 3551 juxta
2101 3482 2420 3551 Apostolum
2450 3484 2625 3537 zelum
2649 3483 2779 3548 Dei,
2813 3483 2909 3538 sed
2923 3498 3027 3537 non
3041 3482 3529 3551 secundumscien-

1932 3577 2061 3630 tiam
2090 3577 2275 3645 (Rom.
2310 3592 2343 3631 x
2368 3593 2383 3641 ;
2412 3576 2598 3631 Jacob.
2633 3579 2770 3649 tu);
2804 3556 2976 3632 valles
3024 3589 3202 3631 autem
3253 3576 3524 3647 appellari

1932 3671 2257 3726 novissimos
2285 3672 2337 3725 in
2371 3671 2636 3735 Ecclesia,
2669 3672 2761 3738 qui
2791 3681 2846 3727 et
2874 3672 2982 3726 vita
3024 3680 3079 3727 et
3120 3670 3343 3725 scientia
3385 3669 3526 3726 inle-

1930 3765 2127 3831 riores,
2162 3774 2343 3819 tamen
2374 3767 2441 3819 de
2467 3773 2737 3819 conventu
2761 3762 2789 3801 ιι
2815 3764 3035 3818 familiae
3075 3763 3366 3818 Dominicis
3414 3778 3521 3818 non

1931 3856 2215 3912 recedunt.
2235 3856 2337 3922 Qui
2363 3870 2552 3911 omnes
2583 3855 2805 3910 verbum
2836 3855 2932 3909 Dei
2961 3855 3219 3924 jubentur
3236 3857 3522 3921 audire,ut

1931 3952 2305 4020 unusquisque
2336 3965 2432 4018 pro
2458 3965 2556 4003 suo
2580 3947 2825 4013 modulo,
2850 3958 2904 4003 et
2924 3962 3087 4003 sensu
3105 3946 3370 4018 intelligat
3390 3946 3521 4018 quid

1932 4047 2193 4101 Dominus
2217 4046 2513 4116 prmcipial.

2002 4139 2181 4208 (Vcrs.
2214 4140 2265 4201 4,
2300 4139 2381 4208 5.)
2416 4139 2545 4192 Ecce
2569 4153 2662 4208 ego
2688 4137 2933 4191 inducam
2964 4152 3118 4207 super
3144 4151 3234 4190 vos
3260 4134 3518 4204 gladium,

1930 4241 1978 4288 et
2000 4232 2298 4305 disperdam
2321 4231 2527 4287 excelsa
2557 4242 2745 4285 vestra.
2780 4229 2847 4283 Et
2879 4229 3130 4284 demoliar
3160 4246 3280 4284 aras
3302 4239 3521 4294 vestras,

1931 4334 1979 4379 et
2000 4326 2395 4396 confringentur
2443 4322 2728 4377 simulacra
2780 4330 2978 4389 uestra,
3008 4332 3055 4374 et
3087 4321 3329 4392 dejiciam
3365 4322 3527 4373 inter-

1931 4418 2088 4488 fectos
2113 4428 2305 4470 vestros
2336 4426 2456 4469 ante
2476 4415 2620 4468 idola
2641 4424 2833 4468 vestra.
2888 4412 2954 4465 Et
3004 4413 3137 4466 dabo
3182 4415 3436 4467 cadavera
3462 4412 3528 4479 fio

1930 4506 2119 4561 liorum
2152 4505 2321 4561 Israel
2376 4516 2495 4560 ante
2522 4507 2709 4575 faciem
2748 4504 3150 4560 simulacrorum
3192 4514 3478 4558 vestrorum
3506 4518 3527 4558 :

238 4601 336 4669 piet
366 4612 415 4652 te
439 4602 807 4672 praevaricatio
837 4610 925 4655 tua
954 4602 1200 4672 (Jerem.)
1235 4602 1637 4673 Precamurque
1659 4611 1716 4657 et
1745 4604 1828 4657 di-
1854 4595 1908 4655 D
1932 4612 1978 4657 et
2007 4602 2301 4671 dispergam
2331 4615 2446 4653 ossa
2476 4609 2641 4653 vestra
2667 4599 2805 4651 circa
2826 4614 2946 4651 aras
2968 4606 3160 4651 vestras
3193 4598 3247 4650 in
3291 4596 3528 4650 omnibus

236 4694 402 4748 cimus
429 4712 443 4747 :
481 4692 566 4747 Ne
586 4694 762 4748 tradas
793 4694 962 4748 bestiis
982 4696 1209 4748 animam
1233 4697 1561 4764 confitentem
1586 4696 1677 4749 tibi
1707 4695 1825 4766 (Ps.

238 4799 421 4851 smn,
460 4784 580 4855 l9).

306 4878 327 4949 (
357 4878 491 4945 Cap.
530 4877 618 4932 Vl.
651 4906 725 4920 —
752 4878 909 4934 Vers.
947 4880 970 4934 I
1004 4895 1159 4951 seqq.
1191 4880 1210 4951 )
1251 4881 1320 4936 Et
1353 4882 1526 4951 factus
1558 4891 1633 4937 est
1661 4901 1830 4938 sermo

236 4964 450 5022 Domini
499 4969 570 5022 ad
614 4986 696 5024 me
735 4970 960 5026 dicens:
996 4971 1104 5025 Fili
1160 4973 1402 5041 hominis,
1463 4992 1595 5047 pone
1643 4977 1827 5047 faciem

235 5070 371 5115 tuam
391 5063 464 5115 ad
490 5073 689 5116 montes
716 5061 907 5128 Israel,
932 5073 977 5117 et
1017 5064 1348 5136 prophetabis
1377 5068 1447 5120 ad
1473 5083 1580 5122 eos.
1623 5066 1693 5122 Et
1746 5068 1825 5121 di—

235 5168 313 5206 ces
339 5169 358 5207 :
392 5153 602 5208 Montes
631 5153 821 5219 Israel,
846 5155 1020 5209 audite
1047 5159 1255 5211 verbum
1286 5158 1497 5213 Domini
1523 5158 1637 5213 Dei.
1700 5158 1827 5215 Herc

236 5246 365 5299 dicit
398 5247 649 5301 Dominus
678 5246 823 5301 Deus
850 5247 1109 5302 montibus
1148 5260 1195 5303 et
1241 5249 1482 5315 collibus,
1512 5252 1730 5321 rupibus
1782 5261 1829 5306 et

237 5340 475 5393 saltibus.
504 5339 660 5405 Quod
684 5354 830 5410 saepe
860 5341 910 5394 in
940 5340 1042 5395 hoc
1075 5341 1343 5411 PrOpbeta
1375 5342 1576 5397 dicitur
1625 5343 1832 5397 Adonai

235 5430 514 5497 Dominus,
540 5442 762 5503 propter
786 5434 1009 5489 Grmcos
1044 5445 1098 5488 et
1142 5433 1391 5501 Latinos,
1448 5436 1540 5506 qui
1586 5436 1829 5493 Hebraea:

235 5524 431 5594 lingua:
462 5542 567 5580 non
601 5525 806 5580 habent
832 5527 1112 5607 scientiam
1134 5568 1148 5593 ,
1181 5526 1420 5583 breviter
1448 5530 1829 5599 exponendum

234 5616 469 5674 videtur.
506 5620 712 5674 Δυοιω
744 5619 910 5690 (tm)
934 5635 1098 5675 unum
1149 5634 1347 5676 nomen
1404 5630 1489 5676 est
1526 5621 1593 5678 de
1644 5622 1833 5678 decem

240 5745 333 5865 ιω·
370 5738 519 5795 Idem
565 5738 908 5796 interseritln
935 5740 1097 5808 vobis,
1126 5754 1198 5797 cx
1225 5738 1390 5797 Ilcbr.
1434 5746 1491 5797 et
1520 5739 1675 5812 Vulg.
1707 5740 1825 5799 edi-

320 5825 405 5865 ne.

320 5825 405 5865 ne.

1937 4693 2342 4747 habitationibus
2389 4692 2588 4745 vestris.
2636 4690 2913 4745 Montibus
2957 4690 3158 4744 dicitur
3205 4687 3318 4760 [ΑΙ.
3372 4686 3529 4759 dicit]

1935 4786 2105 4841 Israel
2133 4784 2277 4855 quod
2305 4784 2588 4851 disperdat
2612 4784 2758 4839 Deus
2773 4784 2993 4839 excelsa
3017 4798 3231 4847 eorum,
3256 4783 3310 4837 in
3331 4782 3529 4853 quibus

1937 4879 2239 4934 adorabant
2265 4880 2515 4934 homines
2548 4879 2704 4933 ﬁctos
2732 4878 2886 4944 deos,
2906 4888 2962 4933 et
2982 4892 3109 4933 aras
3130 4878 3531 4947 simulacraque

1933 4970 2262 5042 confringat,
2290 4978 2346 5027 et
2371 4972 2617 5027 cultores
2644 4986 2834 5025 eorum
2866 4972 2918 5026 in
2951 4977 3251 5040 conspectu
3278 4969 3526 5024 fanorunt

1936 5063 2165 5118 interlici
2213 5063 2413 5128 faciat;
2469 5072 2528 5117 ttt
2588 5063 2807 5132 jaceaut
2855 5062 3122 5119 cadavera
3189 5073 3526 5116 mortuorum

1935 5154 2031 5210 ubi
2056 5157 2204 5224 prius
2227 5156 2481 5225 jacebant
2510 5156 2733 5220 hostiae;
2764 5164 2820 5210 et
2840 5155 3228 5226 dispergantur
3251 5168 3391 5216 ossa,
3421 5168 3527 5208 non

1935 5250 2225 5315 montium,
2260 5251 2354 5304 sed
2383 5265 2572 5305 eorum
2616 5250 2707 5319 qui
2731 5250 2987 5319 jacebant
3042 5252 3094 5303 in
3143 5247 3441 5312 montibus,
3474 5246 3528 5300 in

1937 5342 2167 5397 circuitu
2209 5357 2452 5410 ararum,
2503 5352 2560 5397 et
2598 5343 2653 5397 in
2695 5344 2903 5397 cunctis
2954 5341 3181 5396 urbibus
3228 5339 3529 5409 viculisque

1937 5435 2129 5491 Israel.
2170 5436 2286 5491 Hoc
2322 5438 2474 5507 juxta
2518 5438 2781 5493 litteram.
2811 5436 3070 5507 Alioquin
3120 5444 3175 5489 et
3218 5448 3385 5504 super
3433 5448 3529 5488 eos

1939 5530 2029 5600 qui
2054 5531 2343 5601 eriguntur
2371 5532 2424 5585 in
2456 5532 2794 5602 superbiam,
2820 5542 2876 5586 et
2902 5532 2969 5585 de
2996 5527 3194 5599 quibus
3239 5527 3531 5599 Apostolus

1944 5623 2228 5694 loquitur:
2299 5623 2529 5681 Scientia
2567 5627 2717 5697 inﬂat
2747 5668 2761 5692 ,
2814 5624 3040 5678 cbaritas
3079 5630 3251 5679 autem
3304 5622 3529 5695 aediﬁcat

1940 5814 1975 5867 ά
2003 5742 2033 5781 ι)
2061 5742 2236 5801 Penes
2268 5743 2515 5811 Raban.,
2545 5743 2609 5798 de
2628 5749 2884 5798 conventu
2922 5738 3190 5800 Dominico
3231 5758 3336 5798 non
3381 5757 3528 5797 rece-

1980 5824 2092 5867 unt.

1980 5824 2092 5869 unt.
