4018 6322
462 285 533 341 59
1702 292 1761 347 8.
1806 290 2079 349 EUSEBII
2116 289 2508 354 ΗΙΕΒΟΝΥΜΙ
3204 346 3213 357 .
3683 303 3755 360 ϐο

458 399 506 470 (Ι
535 400 655 456 Cor.
678 417 789 467 vttt,
818 403 889 471 l),
922 402 1195 457 inducitur
1224 403 1456 471 gladius,
1484 407 1736 459 ntomnia
1761 422 1947 461 eorum
1975 408 2049 462 si-
2077 410 2127 469 Α
2155 410 2207 465 in
2236 413 2438 481 quibus
2466 411 2800 482 captivitatis
2844 423 3095 484 tempore
3137 415 3522 471 versabantur.
3567 416 3759 473 Potest

463 495 727 559 mulacrn,
758 512 876 564 quae
905 495 974 549 de
1002 511 1101 549 sun
1127 494 1401 551 ﬁnxerunt
1426 497 1632 563 animo,
1663 507 2050 565 conterantur,

466 596 521 643 et
549 589 816 643 interfecti
840 589 1080 657 iaceant,
1121 600 1176 645 et
1218 601 1464 645 mortuos
1512 608 1571 647 se
1615 608 1740 648 esse
1790 596 2054 660 sentiant,

467 680 604 734 nihil
641 680 741 732 sibi
794 680 1087 735 simulacra
1136 694 1234 736 sna
1282 692 1443 753 atque
1488 683 1743 754 ligmenta
1794 686 2057 755 prodesse

464 779 777 828 cernentes.
808 773 1073 843 Quodque
1110 774 1434 845 dispergere
1468 790 1529 830 se
1572 775 1701 830 dicit
1747 791 1870 832 ossa
1904 792 2060 832 mon-

468 865 599 918 tium
643 866 788 919 circa
839 881 1004 931 aras,
1054 866 1384 922 fortissimos
1415 883 1660 938 quosque
1686 884 1874 924 eorum
1922 886 1949 921 ιι
1998 884 2060 926 se

467 968 656 1012 mutuo
696 958 805 1029 58
850 960 1052 1015 iudicat
1079 961 1440 1030 separandos.
1486 962 1716 1018 Prodest
1742 963 1888 1018 enim
1938 978 2062 1033 pen-

470 1063 640 1103 verszc
669 1052 914 1106 scientiae
946 1053 1120 1107 malos
1151 1071 1180 1109 a
1211 1056 1372 1109 malis
1398 1055 1599 1110 dividi.
1641 1056 1708 1110 Et
1753 1067 1809 1111 ut
1859 1056 1936 1111 illi
1967 1059 2060 1126 qtti

469 1156 738 1198 consensu
774 1146 1017 1213 pessimo
1061 1147 1408 1203 aedificabant
1438 1158 1667 1214 turrem,
1699 1166 1799 1220 pro
1826 1151 2062 1207 utilitate

471 1236 689 1304 propria
738 1237 988 1306 dissipati
1038 1249 1208 1309 sunt,
1260 1241 1560 1312 divisisque
1616 1243 1818 1313 linguas
1869 1258 2059 1299 eorum

469 1326 623 1396 (Gen.
644 1327 742 1399 st),
763 1346 830 1384 ne
846 1344 1153 1387 consensus
1173 1335 1443 1403 pessimus
1458 1335 1674 1404 pejores
1694 1350 1791 1390 eos
1814 1335 2058 1402 faceret;

468 1418 539 1471 ita
566 1433 690 1473 ossa
716 1423 980 1481 montium
1007 1423 1393 1494 tlispcrgentur
1415 1424 1523 1497 [ΑΙ.
1552 1425 1979 1499 diapergantur],
2002 1438 2066 1483 ut

469 1524 637 1565 vanos
681 1523 911 1566 conatus
940 1529 1068 1569 suos
1114 1517 1436 1584 intelligant.
1487 1518 1603 1573 Hoc
1648 1520 1791 1587 quod
1821 1535 1920 1575 nos
1968 1535 2066 1590 po-

472 1602 726 1659 suimus:
772 1606 839 1660 Et
884 1608 1021 1662 dabo
1060 1609 1315 1664 cadavera
1353 1611 1583 1681 ﬁliorum
1629 1611 1796 1668 Israel
1838 1625 1955 1669 ante
1984 1618 2064 1683 fa-

470 1695 597 1748 ciem
625 1698 1021 1753 simulacrorum
1043 1710 1347 1767 vestrorum,
1367 1704 1421 1757 in
1445 1703 1796 1773 Septuaginta
1828 1721 1932 1760 non
1964 1706 2065 1762 ba-

472 1785 648 1841 betur.

540 1879 724 1947 (Vers.
755 1881 808 1948 6,
844 1883 922 1954 7.)
959 1883 1121 1939 Urbes
1144 1886 1361 1941 deserta:
1388 1896 1558 1953 erunt,
1581 1896 1629 1942 et
1660 1889 1862 1943 excelsa
1883 1872 2063 1944 demo-

471 1969 660 2023 lientur
687 1988 705 2035 ;
736 1982 782 2025 et
802 1974 1193 2042 dissipabuntur
1220 1986 1270 2031 et
1293 1978 1572 2032 interibunt
1626 1995 1735 2033 ara:
1781 1990 1983 2046 vestra},
2013 1990 2063 2037 et

469 2065 862 2135 confringentur
889 2081 934 2121 et
959 2072 1231 2124 cessabunt
1256 2072 1399 2125 idola
1428 2082 1595 2127 vestra
1617 2113 1631 2138 ,
1662 2082 1709 2126 et
1732 2084 2064 2129 conterentur

469 2155 687 2211 delubra
712 2170 901 2225 vestra,
935 2172 983 2216 et
1009 2164 1312 2219 delebuntur
1350 2182 1511 2235 spera
1567 2178 1755 2223 vestra.
1802 2168 1872 2223 Et
1910 2170 2063 2225 cadet

384 2274 389 2277 -
468 2248 770 2317 interfectus
800 2253 856 2307 in
881 2254 1051 2309 medio
1081 2258 1255 2320 vestri,
1283 2266 1331 2311 et
1358 2260 1528 2312 scietis
1555 2261 1680 2330 quia
1733 2276 1826 2331 ego
1876 2260 2064 2316 Domi-

466 2356 587 2395 nus.
611 2342 785 2399 Causa
819 2348 1106 2417 perspicua
1134 2364 1232 2405 cur
1255 2350 1416 2406 urbes
1444 2354 1709 2408 montium
1738 2354 2062 2411 deserendae

465 2431 620 2488 sint:
663 2435 873 2492 scilicet
922 2448 980 2492 ut
1028 2439 1395 2496 demoliantur
1432 2444 1647 2499 excelsa
1673 2485 1688 2509 ,
1741 2460 1962 2516 artaque
2006 2455 2065 2503 et

464 2527 608 2582 idola
639 2529 1019 2600 destruantur,
1051 2542 1106 2588 et
1134 2534 1356 2591 delubra
1389 2547 1634 2607 pereant,
1679 2549 1735 2594 et
1780 2542 1962 2595 omnis
1989 2543 2063 2597 si-

466 2618 836 2677 mulaerornm
869 2624 1079 2679 cultura
1111 2626 1346 2683 desistat
1377 2645 1391 2693 ;
1424 2630 1732 2699 cedantque
1781 2631 2061 2689 interfecti

469 2710 520 2763 in
552 2712 733 2766 medio
765 2716 1030 2770 montium
1058 2732 1073 2782 ;
1107 2728 1162 2771 et
1190 2719 1368 2773 sciant
1402 2722 1661 2790 quoniam
1706 2721 1825 2791 ipse
1853 2724 1926 2777 sit
1956 2723 2063 2777 Do-

465 2802 661 2856 minus.
717 2804 822 2860 Per
859 2822 983 2876 quae
1027 2812 1243 2864 occasio
1292 2812 1449 2867 nobis
1486 2813 1667 2879 datur,
1712 2816 2060 2883 spiritualem

470 2898 640 2965 magis
680 2900 1105 2971 intelligentiam
1136 2907 1316 2975 sequi,
1351 2916 1409 2963 ut
1440 2908 1607 2964 urbes
1656 2910 2055 2977 haereticorum,

468 3004 588 3057 quae
616 2991 1047 3058 interpretantur
1091 2996 1388 3064 Ecclesim,
1421 3008 1476 3053 et
1520 3002 1736 3057 excelsa
1788 3003 2061 3071 superbiat

466 3096 654 3136 eorum
684 3123 699 3147 ,
745 3094 801 3139 et
829 3102 938 3141 arte
967 3103 1351 3157 perversurum
1380 3091 1691 3161 dogmatum
1717 3085 2061 3165 confringan-

2158 513 2337 559 autem
2367 515 2422 561 et
2451 508 2552 560 hoc
2579 505 2720 573 dici,
2751 506 2895 576 quod
2928 505 3052 561 ideo
3103 506 3273 576 aliqui
3318 507 3388 562 de
3437 507 3759 574 captivitate

2158 595 2382 651 Iudaica
2409 598 2672 652 reservati
2716 598 2825 650 sint
2857 596 2963 668 [Αι.
3020 597 3337 652 reservandi
3370 598 3545 669 sunt],
3600 608 3658 652 ιιι
3703 600 3757 654 in

2159 687 2407 756 gentibus
2434 688 2857 743 recordarentur
2898 688 3140 741 nominis
3166 688 3283 757 eius
3307 728 3322 755 ,
3358 689 3618 759 illiusque
3662 705 3761 759 po-

2160 780 2382 834 tentiam
2432 780 2814 848 praedicarent.
2851 781 2927 835 De
2955 766 3338 835 haereticorum
3392 797 3608 852 quoque
3658 798 3758 851 po-

2161 872 2339 941 pulis,
2387 872 2476 941 qui
2524 872 2761 928 evadere
2809 872 3091 941 potuerint
3138 873 3378 943 gladium
3434 872 3761 942 perditionis

2160 978 2377 1027 eorum,
2405 973 2463 1018 et
2490 963 2781 1031 pessimam
2816 964 3108 1019 factionem
3129 1008 3144 1032 ,
3175 980 3299 1035 quae
3346 976 3541 1018 contra
3593 965 3761 1021 Deum

2162 1053 2339 1109 fuerat
2366 1057 2663 1120 concitata,
2698 1054 2804 1110 huc
2836 1056 3078 1126 illucque
3099 1057 3358 1127 dispersi,
3386 1056 3763 1112 recordabuno

2164 1155 2251 1200 tur
2281 1147 2518 1201 nominis
2547 1147 2665 1213 Dei,
2698 1157 2928 1218 sgetttes
2955 1149 3337 1218 paenitentiam
3360 1189 3375 1214 ,
3406 1157 3462 1204 et
3486 1159 3677 1218 captos
3703 1164 3765 1206 se

2163 1255 2192 1293 a
2224 1238 2357 1293 viris
2379 1238 2769 1294 ecclesiasticis
2793 1238 3173 1296 exsultabant.

2235 1331 2416 1403 (Vers.
2449 1332 2503 1398 9,
2535 1331 2650 1403 10.)
2683 1331 2819 1399 Quia
2849 1333 3072 1387 contrivi
3100 1348 3189 1386 cor
3220 1347 3398 1386 eorum
3432 1332 3697 1401 fornicum
3714 1342 3764 1389 et

2163 1425 2403 1479 recedens
2439 1441 2473 1476 a
2502 1440 2605 1492 nte,
2636 1436 2685 1479 et
2705 1426 2882 1480 oculos
2913 1440 3093 1480 eorum
3117 1425 3434 1494 (emicante:
3472 1437 3586 1496 post
3619 1425 3765 1483 idola

2163 1537 2280 1574 sua.
2316 1519 2381 1574 Et
2414 1519 2760 1589 displicebant
2794 1518 2999 1573 sibimet
3025 1535 3179 1590 super
3203 1518 3378 1581 malis,
3403 1535 3518 1587 qua:
3540 1521 3767 1591 fecerant

2164 1615 2220 1668 in
2254 1614 2506 1669 universis
2532 1612 2998 1669 dominationibus
3020 1613 3151 1666 suis.
3191 1611 3260 1666 Et
3302 1613 3467 1667 scient
3506 1615 3629 1683 quia
3671 1630 3767 1687 ego

2167 1704 2425 1760 Dominus
2456 1721 2559 1759 non
2583 1709 2781 1775 frustra
2829 1704 3030 1759 locutus
3058 1722 3197 1769 sum,
3222 1714 3277 1757 ut
3309 1707 3531 1775 facerem
3554 1707 3627 1760 eis
3656 1721 3771 1760 nta-

2094 1798 2137 1856 B
2168 1798 2275 1851 lunt
2302 1797 2421 1851 hoc.
2456 1796 2618 1851 Multa
2645 1796 2714 1851 de
2746 1796 2848 1850 hoc
2887 1796 3126 1865 capitqu
3156 1811 3187 1851 a
3219 1796 3361 1851 LXX
3396 1797 3769 1867 praetermissa

2164 1897 2311 1952 sunt,
2339 1887 2582 1958 illudque
2611 1896 2910 1954 mutatum,
2952 1889 3133 1959 juravi
3179 1889 3322 1943 cordi
3371 1905 3551 1944 eorum
3602 1892 3773 1961 forni-

2164 1982 2303 2035 canti
2324 1999 2344 2035 .·
2367 1994 2465 2050 pro
2492 1995 2600 2050 quo
2629 1995 2728 2036 nos
2749 1981 3066 2051 posuimus:
3092 1983 3313 2036 contrivi
3333 2000 3423 2036 cor
3452 1999 3631 2039 eorum
3658 1986 3770 2056 [or-

2165 2072 2592 2127 nicauanravit
2616 2083 2792 2129 autem
2817 2081 2982 2143 atque
3001 2073 3248 2129 decrevit
3267 2089 3327 2129 se
3355 2074 3621 2131 facturum
3644 2090 3771 2135 esse

2165 2181 2285 2233 qute
2311 2181 2480 2233 opere
2510 2167 2869 2231 monstravit;
2903 2167 3020 2222 sive
3046 2167 3306 2222 contrivit
3353 2167 3630 2223 foruicsns
3671 2184 3773 2225 cor

2165 2268 2219 2312 et
2247 2259 2512 2314 recedens
2540 2274 2568 2312 a
2602 2259 2732 2322 Deo,
2762 2274 2952 2313 eorum
2982 2259 3050 2314 de
3078 2259 3276 2329 quibus
3308 2276 3404 2329 per
3427 2262 3567 2316 Osee
3584 2262 3771 2318 Domie

2166 2366 2267 2407 nus
2339 2352 2625 2424 loquitur:
2681 2352 2885 2423 Spiritu
2955 2354 3319 2423 fornicationis
3383 2354 3585 2408 seducti
3647 2365 3769 2410 sunt

2164 2442 2323 2514 (Osee
2346 2458 2419 2510 tv,
2457 2443 2569 2514 13).
2606 2443 2676 2498 Et
2705 2445 2896 2498 oculos
2924 2443 3262 2498 iornieantes
3296 2454 3417 2511 post
3454 2443 3622 2510 idola,
3669 2460 3769 2512 per

2164 2552 2393 2604 quorum
2426 2536 2696 2593 lenestras
2730 2551 2878 2592 mors
2926 2538 3163 2592 intrasse
3200 2537 3537 2605 perhibetur.
3586 2537 3764 2605 Quam

2164 2629 2233 2685 ob
2258 2643 2478 2685 causam
2510 2638 2563 2684 et
2592 2630 2646 2684 in
2677 2629 2896 2684 Daniele
2915 2629 3025 2683 duo
3049 2628 3354 2699 presbyteri
3386 2636 3770 2698 prmeepcrunt

2167 2721 2396 2777 revelari
2430 2722 2770 2787 Susannam,
2810 2728 2868 2774 ut
2894 2720 3084 2775 nudati
3110 2720 3359 2789 corporis
3386 2720 3589 2776 decore
3617 2721 3769 2775 frue-

2166 2825 2355 2869 rentur
2383 2813 2550 2886 (Dan.
2583 2814 2723 2885 aut).
2752 2813 2864 2869 Nec
2898 2813 3104 2867 frustra
3136 2814 3350 2867 locutus
3368 2824 3454 2868 est
3475 2814 3763 2880 Dominus,

2167 2918 2223 2961 ut
2250 2908 2456 2962 laceret
2486 2908 2686 2965 malum
2718 2907 2801 2962 vel
2840 2907 3001 2985 mala,
3039 2907 3263 2976 quando
3285 2906 3353 2961 ad
3376 2907 3763 2965 comminatio-

2165 3016 2289 3057 nsm
2322 3001 2439 3070 ejus
2464 3009 2633 3069 agunt
2658 3000 3033 3070 paenitentiam
3077 3000 3167 3068 qui
3200 2999 3487 3054 sententia:
3516 3000 3767 3070 subjace-

2166 3094 2314 3149 hant.
2343 3095 2440 3150 Sin
2466 3102 2651 3150 autem
2675 3107 2771 3148 cor
2793 3092 2989 3147 durttm
3013 3093 3086 3148 sit
3114 3102 3169 3147 et
3190 3092 3550 3160 indomabile,
3575 3108 3643 3147 ne
3666 3106 3764 3163 per

467 3184 577 3243 tur,
606 3188 659 3232 et
685 3178 825 3233 idola
856 3192 1102 3249 pereant,
1127 3198 1247 3253 quae
1277 3184 1346 3239 de
1370 3200 1469 3241 suo
1498 3186 1599 3239 sihi
1632 3186 1800 3242 corde
1828 3187 2055 3243 simula-
2085 3176 2129 3243 Ο
2167 3200 2353 3254 ρωιιειε
2373 3185 2592 3255 quidem
2616 3186 2859 3240 sentiens
2888 3184 3152 3240 beneﬁcia
3183 3186 3534 3255 corrigentis,
3563 3185 3765 3239 dicitur

468 3280 607 3332 rant,
642 3278 697 3324 et
725 3282 1082 3329 conterantur
1109 3275 1356 3337 delubra.
1388 3291 1496 3331 non
1527 3278 1749 3347 templa,
1774 3294 1894 3347 qua:
1925 3294 2060 3334 con-

466 3368 543 3414 tra
572 3363 831 3430 templum
866 3364 1079 3421 Domini
1102 3369 1790 3439 sttrrexernntﬁrmcoque
1804 3386 2062 3427 sermone

464 3455 811 3522 appellantur
859 3459 1071 3528 τεμένη,
1104 3458 1157 3513 id
1186 3470 1301 3524 est,
1356 3460 1476 3513 fana
1526 3469 1690 3527 atque
1734 3461 1959 3521 delubra
2004 3473 2062 3518 et

464 3546 641 3599 omnia
673 3561 842 3615 opera
891 3550 1153 3604 montium
1194 3559 1568 3615 conterantur,
1603 3568 1724 3619 (μιιιι
1761 3552 1866 3623 [ΑΙ.
1910 3552 2057 3624 quia]

465 3652 572 3691 non
604 3653 768 3707 opera
801 3640 892 3694 Dei
921 3653 1068 3706 sunt,
1091 3644 1186 3697 sed
1213 3643 1597 3712 magistrorum
1622 3643 1773 3701 falsa:
1791 3645 2055 3700 scientiae.

466 3728 712 3799 Cumque
739 3733 941 3788 occide.
960 3735 1037 3788 int
1065 3735 1335 3789 interfecti
1366 3737 1417 3789 in
1441 3734 1621 3789 medio
1649 3736 1941 3799 montium,
1971 3737 2059 3794 vel

467 3837 607 3891 quos
631 3823 731 3890 ipsi
758 3826 976 3880 montes
999 3825 1410 3891 interfeaerant,
1429 3827 1510 3881 vel
1536 3826 1902 3882 Ecclesiastiei
1929 3828 2057 3894 viri,

466 3918 556 3985 qui
584 3932 683 3972 eos
716 3922 856 3974 male
887 3922 1131 3991 viventes
1161 3922 1212 3976 in
1245 3922 1476 3978 salutem
1508 3938 1661 3976 suam
1694 3923 2009 3979 occiderant
2041 3942 2054 3978 :

465 4021 592 4065 tunc
621 4013 744 4067 linis
772 4014 877 4069 erit
907 4014 1169 4069 montium
1217 4017 1601 4085 superborum,
1637 4027 1693 4070 ut
1721 4026 2059 4087 cognoscant

465 4103 608 4171 quod
656 4104 774 4173 ipse
810 4106 882 4159 sit
914 4106 1194 4161 Dominus.
1250 4106 1436 4162 Potest
1485 4118 1664 4162 autem
1717 4109 1836 4163 ﬁeri
1889 4121 1947 4164 ut
1988 4108 2058 4164 de

460 4212 569 4251 uno
597 4197 798 4265 papula
836 4200 1098 4253 montium
1150 4198 1317 4254 Israel
1347 4239 1362 4264 ,
1409 4199 1532 4255 aliis
1580 4200 1912 4271 interfectis,
1964 4215 2058 4257 co-

454 4301 719 4360 gnoscant
746 4292 860 4346 alii.
896 4290 1175 4346 Pestilente
1195 4295 1332 4347 enim
1359 4296 1654 4367 ﬂagellato,
1675 4296 1866 4351 stultus
1897 4305 2053 4352 astu-

461 4386 562 4438 tior
592 4386 687 4439 erit
717 4383 903 4454 (Prov.
937 4400 1056 4452 tux,
1089 4385 1206 4459 25).

534 4475 717 4544 (Vers.
748 4476 833 4541 8.)
880 4475 946 4530 Et
997 4476 1286 4546 relinquant
1326 4480 1377 4532 in
1404 4479 1544 4535 vobis
1571 4496 1658 4534 eos
1686 4460 1775 4550 qui
1830 4480 2054 4549 fugerint

2163 3277 2230 3333 ad
2261 3293 2393 3334 eos:
2424 3277 2550 3335 Sine
2576 3295 2732 3333 causa
2759 3278 2986 3350 percussi
3006 3277 3143 3347 ﬁlios
3173 3288 3362 3333 vestros
3383 3294 3401 3331 :
3430 3277 3764 3348 disciplinam

2165 3386 2266 3423 non
2292 3370 2573 3440 recepistis.
2609 3368 2745 3438 (Jer.
2781 3385 2840 3439 tt,
2876 3368 2992 3439 30).
3026 3367 3252 3423 Prodest
3280 3378 3464 3422 autem
3495 3376 3549 3421 et
3585 3368 3762 3422 hat-re-

2164 3461 2309 3525 tieis,
2344 3470 2403 3516 ut
2432 3468 2749 3519 conteratur
2773 3475 2869 3514 eor
2900 3475 3114 3527 eorum,
3149 3461 3442 3513 thesaurus
3489 3459 3762 3529 pessimus

2162 3553 2478 3622 dogmatum
2513 3567 2921 3622 perversorum,
2954 3555 3077 3621 quia
3109 3552 3340 3609 recessit
3366 3567 3392 3601 ει
3422 3549 3675 3616 Domino,
3707 3558 3765 3611 et

2162 3644 2500 3707 fornieantes
2529 3644 2671 3699 oculi
2700 3653 2825 3712 post
2847 3643 3266 3698 adinventioncs
3311 3656 3458 3697 suas.
3503 3641 3605 3707 Qui
3635 3655 3761 3696 cum

2166 3735 2376 3790 Damini
2422 3735 2941 3797 fnerintt'ct-ordati.
2992 3733 3354 3804 displicebant
3386 3732 3489 3789 sibi
3538 3733 3593 3787 in
3642 3733 3763 3787 uni-

2160 3828 2334 3882 versis
2361 3826 2862 3881 abnminationibus
2904 3825 3017 3880 suis
3044 3866 3059 3891 ,
3110 3834 3166 3880 et
3212 3825 3587 3892 intelligentes
3618 3838 3762 3879 veras

2162 3920 2284 3974 ﬁdei
2316 3919 2636 3987 veritatem,
2668 3921 2843 3975 scient
2875 3918 2998 3988 quia
3050 3920 3163 3989 ipse
3209 3920 3281 3973 sit
3324 3918 3434 3993 ϐο
3474 3918 3759 3973 Dominus.

2159 4012 2260 4078 Qui
2290 4011 2493 4067 idcirco
2520 4027 2664 4082 saepe
2694 4011 2860 4066 infert
2892 4010 3333 4078 tribulationem,
3369 4026 3488 4081 quae
3534 4009 3755 4081 patien-

2160 4105 2301 4159 tibus
2330 4104 2635 4173 perniciosa
2665 4104 2883 4160 videtur
2911 4114 2964 4159 et
2993 4104 3254 4174 pessima,
3286 4114 3342 4159 ut
3369 4102 3436 4159 ad
3465 4101 3764 4173 paenitudi-

2160 4213 2282 4252 nem
2313 4214 2413 4253 COD
2423 4207 2727 4254 vertantur.

2230 4290 2410 4362 (Vers.
2447 4289 2558 4361 ll.)
2580 4289 2707 4345 Hazc
2728 4290 2853 4344 dicit
2875 4288 3136 4346 Dominus
3161 4288 3297 4345 Deus
3320 4306 3339 4344 :
3369 4298 3581 4361 percute
3601 4305 3760 4349 manu

2158 4389 2269 4448 tua,
2298 4392 2345 4435 et
2384 4382 2543 4437 allidc
2587 4382 2767 4450 pedem
2812 4390 2980 4449 tuum,
3023 4392 3071 4437 et
3120 4382 3240 4437 dic:
3291 4380 3426 4436 heu!
3472 4381 3541 4434 ml
3584 4397 3759 4435 omnes

2158 4474 2564 4528 abominationes
2596 4479 2854 4528 malorum
2888 4475 3069 4529 domus
3097 4471 3287 4527 Israel.
3333 4472 3758 4542 Magnitudinem

464 4566 701 4637 gladium
730 4569 782 4622 in
814 4569 1073 4637 gentibus.
1100 4587 1219 4623 cum
1248 4571 1541 4640 dispersero
1566 4588 1654 4627 vos
1684 4573 1736 4625 in
1766 4581 1930 4627 terras
1960 4588 1979 4626 :
2008 4581 2054 4627 el
2081 4560 2135 4621 Ι)
2161 4575 2504 4636 peccatorum
2531 4567 2756 4636 iubetur
2798 4567 3073 4636 Protiheta
3122 4566 3377 4623 manibus
3422 4567 3761 4635 pedibusque

460 4660 869 4715 recordabuntur
892 4663 990 4715 mei
1013 4662 1217 4717 liberati
1238 4665 1389 4718 vestri
1416 4666 1467 4721 in
1497 4664 1736 4736 gentibus
1758 4702 1775 4730 ,
1819 4666 1889 4721 ad
1921 4682 2055 4735 quas

458 4754 651 4822 captivi
679 4753 823 4809 ducti
853 4764 993 4809 sunt.
1024 4755 1162 4811 lllud
1212 4756 1356 4825 quod
1409 4757 1666 4812 Dominus
1715 4758 1955 4826 loquitur
1981 4758 2053 4813 ad

463 4846 635 4901 Eliam
668 4865 681 4901 :
723 4845 933 4917 Reliqui
961 4847 1088 4903 mihi
1117 4858 1306 4919 septem
1342 4848 1508 4909 millia
1557 4849 1786 4904 virorum
1829 4852 1919 4920 qui
1947 4865 2051 4903 non

459 4949 800 4993 curvaverant
830 4956 964 5009 genu
993 4939 1127 4994 Baal
1155 4939 1247 5009 (Ill
1276 4938 1405 5009 Reg.
1440 4956 1550 5005 χιι,
1588 4940 1675 5011 l8)
1703 4959 1716 4996 :
1757 4950 1812 4996 et
1852 4940 2053 4995 Paulus

460 5031 744 5099 apostolus
780 5031 1007 5085 scribit:
1046 5030 1109 5085 Et
1137 5048 1274 5085 nunc
1315 5033 1369 5087 in
1414 5031 1511 5084 hoc
1556 5042 1783 5099 tempore
1818 5032 2054 5099 reliquae

461 5123 747 5176 secundum
808 5124 1104 5177 electionem
1152 5124 1338 5193 gratia:
1374 5122 1482 5194 59
1523 5124 1681 5178 saluta
1730 5128 1883 5194 factm
1936 5132 2055 5179 sunt

464 5215 643 5287 (Rom.
692 5232 769 5281 XI,
822 5215 900 5285 5),
953 5226 1131 5285 potest
1175 5216 1303 5270 huic
1350 5216 1589 5283 capitulo
1627 5217 1941 5271 convenire.
1992 5217 2057 5273 Et

463 5308 709 5376 Apostoli
732 5309 899 5374 enim,
933 5311 1024 5378 qui
1058 5320 1214 5362 erant
1246 5309 1315 5364 de
1340 5311 1550 5363 semine
1593 5308 1757 5363 Israel
1784 5350 1799 5375 ,
1846 5319 1904 5363 et
1942 5310 2056 5379 gla-

461 5402 608 5456 dium
642 5405 907 5471 tugerant,
937 5402 1144 5457 idcirco
1170 5411 1300 5456 sunt
1326 5400 1588 5455 reservati
1608 5440 1623 5465 ,
1673 5409 1729 5453 nt
1778 5400 2057 5472 disperge-

459 5504 650 5547 rentur
678 5495 730 5549 in
764 5503 940 5549 terras
968 5495 1073 5565 [ΑΙ.
1113 5491 1331 5564 terris],
1359 5503 1411 5547 et
1440 5493 1492 5547 in
1522 5492 1780 5563 gentibus
1812 5494 2056 5564 Evange-

461 5583 590 5638 lium
623 5585 1004 5653 przcdicarent,
1038 5601 1100 5639 ac
1135 5585 1628 5640 recordareuturin
1649 5588 1905 5656 gentibus
1935 5588 2052 5654 Dei,

2163 4674 2228 4713 ac
2258 4674 2513 4714 sermone
2542 4670 2870 4725 monstrare,
2904 4669 2957 4715 ut
2978 4668 3134 4729 gestu
3184 4657 3438 4728 corporis
3469 4672 3531 4712 ae
3564 4666 3588 4693 α
3620 4657 3760 4713 indi-

2162 4753 2421 4823 gnatione
2460 4754 2633 4819 vocis,
2688 4754 2931 4807 habitum
2988 4753 3257 4822 stupentis
3309 4750 3665 4820 tnirantisque
3706 4759 3761 4806 et

2164 4846 2427 4914 plorantis
2460 4845 2730 4905 ostendat.
2756 4844 3037 4913 Quomodo
3060 4845 3205 4903 enim
3235 4845 3280 4899 si
3314 4844 3533 4914 quando
3556 4857 3757 4899 novum

2161 4939 2360 5010 aliquid
2383 4939 2792 5009 mirandnmqtte
2814 4937 3201 5009 conSpicimus,
3220 4948 3328 4993 tam
3350 4951 3582 5013 corpore
3595 4951 3757 5007 quam

2159 5032 2341 5085 animo
2371 5031 2864 5100 perhorrescimus,
2891 5032 2962 5087 ita
2988 5038 3047 5085 ut
3068 5029 3519 5101 complaudamus
3543 5042 3758 5095 manus,

2158 5132 2215 5179 et
2240 5122 2405 5193 pedes
2431 5122 2721 5179 ullidnmus
2753 5122 2820 5177 ad
2855 5134 3081 5193 terram,
3127 5133 3181 5177 ct
3211 5137 3397 5177 vocem
3429 5120 3755 5177 inclinentus

2158 5214 2225 5269 ad
2258 5215 2443 5270 ﬂetum
2471 5231 2486 5279 ;
2516 5215 2595 5270 sic
2621 5229 2764 5287 nunc
2794 5215 2966 5269 oculis
3003 5214 3171 5269 animi
3205 5211 3467 5285 propheta
3521 5225 3754 5266 cernens

2158 5320 2388 5363 ventura
2419 5308 2710 5376 supplicia,
2743 5306 2809 5361 ad
2842 5306 3126 5361 universas
3156 5303 3598 5358 abominationes
3624 5315 3756 5357 ma-

2160 5402 2336 5458 lorum
2365 5402 2558 5459 domus
2587 5401 2756 5456 Israel
2789 5400 3025 5468 loquitur
3059 5415 3176 5466 quae
3201 5406 3525 5464 sequuntur.
3556 5395 3757 5450 Percn-

2158 5496 2321 5549 titnus
2344 5493 2702 5563 Spiritualiter
2731 5507 2911 5553 tnanu,
2939 5488 3157 5559 quando
3190 5487 3398 5543 annalis
3442 5502 3541 5540 nos
3575 5486 3757 5555 operi-

2157 5587 2258 5641 bus
2326 5599 2660 5655 separamus.
2714 5582 3003 5639 Allidimus
3069 5579 3304 5649 pedem,
3375 5579 3593 5650 quando
3645 5593 3752 5633 non

536 5709 560 5736 η
596 5701 711 5781 Duo
740 5703 934 5773 quibus
986 5702 1188 5760 utimur
1234 5716 1404 5765 mss.,
1453 5711 1562 5761 tum
1606 5702 1849 5765 Brisiani
1888 5705 2094 5775 aliquot
2128 5704 2371 5767 Victorio
2425 5704 2697 5781 inspecti,
2737 5701 3076 5759 inclinatione
3113 5700 3202 5759 hic
3231 5698 3434 5755 habent
3468 5712 3568 5770 pro
3618 5698 3757 5753 indi-

464 5772 729 5842 gnatione.
