4018 6322
90 1090 93 1169 l

303 238 353 290 ιι
976 231 1641 291 COMMENTARIURUM
1682 229 1748 289 IN
1792 203 2232 287 uacetttsasu
2271 231 2401 287 LIB.
2444 230 2510 287 ιι.
2550 229 2705 286 CAP.
2748 230 2859 288 vn.
3494 228 3565 285 ea

292 351 557 421 gradiatur
589 348 785 403 itinere
816 359 1187 419 peccatorum.
1219 350 1535 419 Plangimus
1564 354 1725 415 atque
1757 346 1874 415 plo-
1900 348 1946 411 Α
1982 347 2248 404 bonorum
2271 360 2501 418 operum
2524 364 2630 403 non
2663 350 2969 413 habebant;
2999 350 3092 419 qui
3118 357 3274 403 erant
3296 346 3398 401 sub
3419 349 3567 403 omni

292 454 481 500 natas.
513 440 734 509 quando
765 441 924 496 nobis
952 442 1237 512 diaplicent
1268 456 1391 511 quas
1409 448 1689 511 geruntur.
1718 436 1872 504 Quod

288 531 577 586 intenditur
608 532 797 598 verbo,
828 532 952 587 heu.
987 534 1092 590 Pro
1122 550 1229 604 quo
1263 534 1451 603 Aquila
1479 533 1872 597 interpretatus

285 636 355 681 est
398 622 432 681 ἆ
477 621 547 691 ἃ,
591 625 960 698 Symmachus
1005 630 1361 700 σχιτλίασον,
1411 625 1554 696 quod
1602 622 1873 694 signiﬁcat

282 716 577 782 lamentare,
617 718 705 774 vel
731 718 938 789 plango.
968 720 1111 775 LXX
1138 730 1193 774 et
1223 718 1526 774 Thecdotio
1555 712 1693 791 εὖγε,
1725 714 1868 785 quod

280 808 436 876 magis
468 809 796 865 insultantis
826 823 909 866 est
937 828 1101 882 quam
1129 813 1453 882 plangentis.

341 902 440 967 Qui
466 903 677 974 gladio,
712 905 848 973 fame
868 914 914 959 et
957 916 1092 975 peste
1114 907 1303 960 ruituri
1330 914 1470 961 sunt.
1502 904 1629 958 llaec
1649 911 1733 957 est
1770 916 1868 955 auo

278 1004 370 1047 tem
394 1008 565 1047 causa
598 996 916 1064 plangeudi,
951 998 1096 1066 quod
1130 996 1463 1051 habitatores
1495 995 1779 1058 montium,
1814 1001 1868 1048 et

276 1101 485 1140 ararum
512 1088 896 1158 itit-torumque
921 1092 1157 1145 cultores
1195 1091 1396 1159 gladio,
1429 1088 1571 1143 fama
1613 1099 1667 1143 et
1714 1096 1866 1157 peste

272 1177 453 1231 mituri
485 1188 641 1234 sunt.
674 1180 774 1247 Qui
808 1182 976 1235 variis
1003 1181 1276 1237 ducuntur
1323 1183 1620 1244 erroribus,
1649 1190 1704 1234 et
1731 1196 1866 1251 quo-

272 1268 387 1320 tidie
418 1279 642 1323 mutant
670 1271 860 1335 ﬁdem,
895 1272 1460 1343 circumferunturque
1509 1273 1656 1327 omni
1702 1283 1864 1329 vento

268 1360 522 1415 doctrina:
559 1380 575 1416 ι
621 1362 712 1416 isti
750 1364 1033 1419 caeduntur
1078 1365 1295 1434 gladio,
1344 1374 1398 1419 et
1443 1365 1760 1420 dividuntur
1809 1365 1861 1420 in

267 1464 474 1523 partes,
524 1458 795 1511 unitatem
843 1458 1245 1514 Ecclesiastica:
1289 1458 1413 1517 ﬁdei
1464 1460 1858 1530 relinquentes.

263 1547 355 1613 Qui
381 1564 517 1602 vero
536 1550 856 1615 spirituales
878 1567 984 1605 non
1009 1551 1165 1607 habet
1193 1551 1367 1614 cibos.
1393 1552 1533 1606 fama
1551 1560 1576 1589 α
1606 1552 1857 1619 moritur,

263 1642 507 1695 nesciens
534 1657 664 1697 eum
693 1643 784 1712 qui
811 1643 990 1699 dixit:
1023 1644 1136 1715 Ego
1161 1661 1277 1699 sum
1302 1646 1405 1699 vita
1428 1645 1619 1713 (Joan.
1643 1660 1753 1705 ειν,
1776 1643 1857 1714 6).

260 1731 420 1786 Perna
449 1735 544 1803 qui
576 1736 662 1789 vel
693 1736 922 1805 singulis
945 1775 958 1800 ,
1004 1737 1088 1791 vel
1120 1737 1368 1805 pluribus
1412 1736 1628 1791 deditus
1677 1737 1850 1804 vitiis,
1884 1738 1933 1799 B

258 1825 315 1875 ab
334 1826 415 1878 eis
440 1841 552 1879 non
583 1836 764 1894 potest
808 1829 1053 1896 separari
1074 1868 1089 1893 ,
1120 1829 1274 1897 quasi
1313 1829 1583 1896 quondam
1628 1838 1856 1883 veterno

256 1917 586 1981 pestilentiae
635 1917 744 1989 [Αι.
795 1919 1029 1988 quadam
1086 1921 1297 1975 uterina
1351 1921 1696 1992 pestilentia]
1729 1936 1859 1975 eor-

254 2008 373 2062 ruit.

313 2100 501 2169 (Vera.
542 2101 663 2172 l2.)
694 2102 796 2167 Qui
823 2104 976 2176 longe
1000 2114 1094 2172 est,
1126 2114 1266 2175 peste
1284 2107 1854 2174 morietur:quiautem

249 2208 407 2259 prope
446 2203 549 2260 est,
581 2194 762 2265 gladio
792 2205 1018 2261 corruet,
1060 2205 1107 2249 et
1129 2198 1218 2266 qui
1253 2197 1465 2251 relictus
1502 2199 1655 2268 fuerit
1698 2207 1854 2269 atque

246 2288 598 2340 circumdatus
626 2286 812 2358 [ναις.
856 2300 905 2341 et
950 2290 1246 2362 obsessus],
1291 2296 1426 2361 fante
1474 2292 1758 2369 morietur,
1803 2303 1850 2346 et

244 2380 464 2447 implebo
494 2379 682 2452 [Vulg
716 2382 1004 2455 complebo]
1030 2384 1444 2454 indignationem
1472 2403 1637 2441 vneam
1663 2389 1717 2441 in
1754 2387 1847 2441 eis.

242 2474 339 2539 Qui
368 2475 720 2533 obsidionem
753 2478 907 2533 urbis
934 2478 1210 2549 eﬁ‘ugerit,
1240 2490 1289 2534 et
1318 2482 1384 2533 ad
1406 2481 1620 2537 deserta
1651 2483 1850 2551 migra-

242 2568 409 2635 verit,
440 2576 597 2637 peste
633 2568 933 2633 morietur;
964 2570 1052 2638 qui
1087 2584 1256 2638 prope
1303 2571 1493 2636 fuerit,
1539 2572 1698 2626 cadet
1737 2574 1845 2645 61

242 2659 478 2713 hostium
514 2661 723 2729 gladio.
761 2661 931 2729 Quem
962 2672 1141 2716 autem
1173 2662 1599 2720 circumdederit
1637 2666 1847 2721 hostilis

239 2751 540 2815 exercitus,
566 2750 709 2804 inme
733 2751 976 2805 interibit
997 2762 1051 2806 et
1081 2754 1307 2821 penuria
1331 2771 1344 2808 :
1364 2754 1415 2807 in
1450 2756 1643 2824 hiSque
1673 2757 1847 2810 omni—

240 2841 341 2895 bus
374 2843 696 2911 intplebitur
721 2845 1021 2913 indignatio
1056 2846 1172 2913 Dei,
1197 2855 1255 2900 ut
1283 2850 1728 2917 cognoscantqni
1760 2865 1845 2902 re-

240 2934 574 2996 manserint,
605 2936 731 3002 quia
765 2937 881 3005 ipse
908 2937 979 2989 sit
1010 2936 1294 2995 Dominus.
1345 2941 1445 3005 Qui
1499 2940 1567 2993 ab
1601 2941 1840 2997 Ecclesia

238 3039 450 3094 quoque
481 3028 799 3087 recesserit,
832 3028 1017 3081 statim
1053 3039 1205 3097 peste
1236 3031 1516 3085 morietur.
1556 3032 1656 3100 Qui
1702 3034 1841 3087 scio-

1977 450 2182 507 quercu
2211 439 2491 506 frondosa.
2520 455 2646 511 quae
2687 457 2795 495 non
2833 442 2989 497 atl‘ert
3018 441 3228 497 fructus
3256 440 3565 507 hominum,

1976 531 2071 587 sed
2089 544 2379 601 porcomm
2411 550 2425 588 :
2453 534 2539 589 ubi
2558 533 3104 590 accenderuntthura
3130 533 3440 591 redolentia
3461 549 3570 588 non

1977 623 2109 687 Deo,
2162 624 2254 678 sed
2304 623 2463 679 idolis
2493 624 2628 679 suis.
2664 624 2773 678 Nec
2810 624 2996 680 dicere
3044 633 3296 692 poterant
3324 623 3468 693 quod
3496 623 3566 678 de

1973 715 2086 770 Noe
2101 717 2359 785 scriptum
2382 727 2468 772 est
2495 736 2505 770 :
2536 717 2797 773 Oderatus
2816 727 2886 770 est
2908 714 3165 771 Dominus
3182 716 3389 770 odorem
3414 715 3562 771 bona

1972 810 2275 881 fragrantiw
2294 807 2579 881 (Gen.vnt,
2608 808 2730 879 2|):
2759 821 2814 864 et
2843 809 2894 864 id
2908 809 3050 879 quod
3068 809 3518 879 Puulusloquitur
3544 825 3558 862 ξ

1973 900 2166 957 Christi
2207 904 2367 959 bonus
2393 904 2521 957 odor
2549 920 2727 959 sumus
2768 903 2876 957 Deo
2915 907 2970 957 in
3001 904 3143 957 enini
3192 904 3303 957 loco
3337 902 3402 971 (ll
3435 900 3559 959 Cor.

1971 1009 2030 1057 ll,
2064 995 2177 1063 15).
2207 995 2494 1061 Quomodo
2521 1006 2702 1051 autem
2734 1004 2956 1050 sanctus
2988 994 3155 1049 odore
3185 1009 3283 1048 suo
3323 994 3567 1051 delectat

1971 1087 2142 1144 Deum
2178 1108 2190 1143 :
2226 1091 2304 1144 sic
2332 1102 2589 1159 peccator
2625 1105 2689 1144 ex
2728 1089 2885 1158 cujus
2929 1101 3163 1157 persona
3204 1086 3448 1155 psalmus
3474 1086 3566 1142 ille

1969 1188 2221 1233 cantatur
2249 1201 2260 1233 ι
2296 1180 2734 1248 Computrucrunt
2773 1191 2821 1234 et
2852 1187 3110 1248 corruptae
3132 1187 3255 1233 sunt
3296 1178 3562 1233 cicatrices

1967 1290 2111 1341 mete,
2169 1291 2202 1328 a
2234 1276 2367 1345 facie
2409 1275 2723 1343 insipientim
2764 1290 2890 1328 mea:
2920 1272 3038 1346 (Ps.
3072 1288 3282 1338 xxxvtt,
3331 1271 3414 1342 6),
3458 1286 3560 1326 ac-

1964 1365 2145 1420 cendit
2176 1366 2339 1421 idolis
2367 1368 2480 1421 suis
2510 1368 2668 1422 thura
2699 1366 2968 1423 latentia.
2998 1364 3052 1421 Id
3086 1364 3229 1434 quod
3259 1380 3357 1427 nos
3383 1365 3555 1420 inter-

1966 1460 2164 1524 protuli
2194 1474 2404 1521 smnus,
2429 1460 2482 1513 in
2506 1461 2703 1515 cunctis
2724 1460 2831 1531 ΒΩ
2854 1458 3241 1513 summitatibus
3264 1460 3517 1512 montium
3538 1474 3559 1515 .'

1962 1557 2015 1603 et
2044 1558 2163 1615 post
2189 1550 2464 1617 paululum
2497 1568 2510 1605 t
2537 1549 2603 1603 Et
2634 1552 2803 1606 subter
2826 1553 3119 1605 universam
3133 1566 3379 1622 quercum
3411 1554 3558 1620 fron-

1962 1639 2160 1704 dosam,
2196 1640 2337 1695 LXX
2369 1644 2730 1711 reliquerunt.

2033 1731 2213 1799 (Vers.
2264 1734 2376 1800 14.)
2410 1732 2476 1786 Et
2509 1734 2780 1788 extendam
2812 1750 3022 1787 manum
3053 1750 3221 1787 meam
3251 1749 3407 1803 super
3447 1749 3554 1803 eos,

1960 1832 2005 1876 et
2039 1825 2228 1894 faciant
2280 1835 2469 1879 terram
2500 1824 2805 1889 desolatam,
2846 1836 2892 1880 et
2929 1827 3229 1880 destitutam
3279 1843 3311 1879 a
3353 1825 3553 1881 deserto

1959 1914 2238 1979 Deblatha,
2284 1917 2336 1969 in
2385 1918 2619 1970 omnibus
2650 1916 3053 1971 habitationibus
3089 1932 3264 1971 eorum
3306 1924 3350 1970 et
3392 1917 3555 1973 scient

1955 2007 2076 2075 quia
2100 2025 2193 2078 ego
2222 2005 2497 2062 Dominus.
2542 2009 2585 2063 Ο
2620 2018 2836 2065 montes
2868 2008 3061 2074 lsrael,
3111 2024 3234 2064 cum
3280 2009 3554 2069 interfecti

1957 2098 2127 2152 vestri
2159 2098 2459 2155 ceciderint
2489 2100 2541 2153 in
2572 2100 2752 2156 medio
2793 2116 3014 2157 ararum
3049 2101 3428 2170 idolornmque
3461 2116 3555 2157 ve-

1955 2198 2193 2245 strorum
2227 2192 2278 2249 in
2308 2192 2454 2246 omni
2486 2192 2628 2249 colle
2654 2192 2901 2259 excelso,
2947 2192 3001 2246 in
3033 2193 3250 2248 cunctis
3280 2193 3551 2249 montium

1954 2294 2393 2358 summitatibus;
2418 2309 2651 2363 etnnque
2674 2296 3020 2364 complevero
3046 2294 3198 2349 lucos
3226 2302 3437 2347 vestros
3460 2307 3550 2349 ca-

1952 2384 2245 2445 daveribus
2277 2397 2646 2452 mortuorum.
2679 2387 2730 2443 in
2753 2387 2952 2457 quibus
2977 2386 3253 2456 quondam
3286 2385 3555 2440 accende-

1963 2488 2089 2530 runt
2133 2478 2290 2532 thura
2343 2480 2503 2535 idolis
2548 2480 2659 2534 suis
2714 2480 3035 2544 redolentia,
3090 2490 3220 2533 tunc
3259 2478 3551 2535 extendam

1953 2588 2171 2627 tnauum
2204 2589 2379 2629 meum
2411 2575 2477 2628 ad
2507 2575 2767 2628 ultionem
2801 2613 2813 2638 ,
2865 2590 2984 2642 qua:
3033 2572 3209 2628 fuerat
3258 2572 3546 2641 hucusque

1948 2675 2262 2728 contracta,
2297 2676 2351 2721 et
2382 2666 2625 2736 redigam
2676 2669 2986 2721 universam
3028 2674 3233 2719 terram
3279 2664 3448 2719 lsrael
3490 2664 3545 2719 in

1948 2758 2327 2821 solitudinem,
2377 2776 2404 2812 a
2444 2760 2670 2814 deserto
2700 2760 2985 2822 Deblatha,
3037 2775 3154 2822 qn:e
3204 2767 3289 2812 est
3320 2759 3547 2814 interra

1949 2859 2162 2926 Emath,
2213 2878 2334 2931 quae
2381 2861 2546 2918 hodie
2591 2874 2818 2918 vocatur
2874 2863 3178 2933 Epiphania
3232 2863 3429 2934 Syriar,
3485 2865 3540 2917 in

1945 2956 2155 3011 cunctis
2200 2956 2628 3011 habitationibus
2673 2973 2905 3022 eorum;
2953 2969 3009 3011 ut
3061 2958 3314 3011 omnibus
3362 2964 3543 3025 pateat

1946 3048 2082 3102 nihil
2117 3062 2238 3103 esse
2274 3050 2416 3102 inter
2445 3050 2796 3104 solitudinem
2822 3061 2875 3103 et
2908 3065 3059 3103 mare
3087 3050 3367 3116 Magnum,
3397 3047 3543 3117 quod

239 3119 319 3170 lus
344 3117 448 3173 sibi
479 3118 699 3173 videtur
729 3128 781 3173 et
813 3120 1062 3191 diligens,
1094 3123 1195 3176 nisi
1222 3124 1450 3187 caverit,
1479 3125 1658 3193 gladio
1682 3125 1839 3182 l‘erie-
1868 3116 1913 3177 C
1947 3158 2052 3194 ηυη
2106 3142 2323 3199 ιιοειίηε
2382 3159 2569 3199 mum
2626 3141 3050 3211 consumpserit,
3122 3141 3272 3195 Μυιιί
3347 3116 3543 3210 puta";

240 3221 323 3263 tur
351 3211 581 3265 inlllllt‘l.
610 3212 712 3279 Qui
746 3214 982 3283 simplici
1010 3228 1299 3271 contentus
1329 3218 1451 3283 lide,
1500 3220 1675 3274 instar
1707 3222 1832 3275 hrn-

237 3313 413 3357 torum
443 3306 803 3359 animantium
836 3319 1085 3363 versatur
1109 3309 1328 3379 quidem
1361 3311 1411 3365 in
1444 3311 1713 3379 Ecclesia,
1738 3315 1834 3369 sed

237 3408 412 3450 tamen
450 3398 503 3451 in
539 3398 693 3453 nullo
734 3401 878 3459 bono
922 3416 1090 3471 opere
1138 3403 1393 3471 prolicit;
1444 3420 1543 3459 nec
1594 3406 1836 3461 imitator

233 3502 306 3543 est
330 3490 603 3557 fortnicm,
634 3507 753 3560 qum
778 3493 828 3551 in
862 3508 1041 3550 messe
1062 3508 1331 3566 prmparat
1360 3498 1462 3552 sibi
1489 3498 1641 3553 cibos
1670 3509 1834 3569 atque

230 3590 568 3649 comportat,
631 3582 734 3636 iste
784 3582 926 3640 fame
972 3586 1260 3655 morietur,
1289 3597 1344 3643 et
1376 3590 1427 3641 in
1463 3588 1547 3643 Itis
1577 3592 1832 3648 omnibus

230 3672 554 3739 implebitur
586 3673 664 3729 ira
698 3674 933 3731 Domini.

298 3764 477 3833 (Vers.
512 3767 626 3837 l3.)
666 3765 731 3820 Et
754 3771 925 3824 scietis
945 3772 1067 3839 quia
1082 3788 1173 3843 ego
1199 3771 1471 3837 Dominus,
1495 3791 1613 3829 cum
1642 3779 1833 3847 fuerint

230 3857 482 3923 interfecti
496 3860 650 3913 vestri
671 3860 724 3912 in
747 3863 913 3915 medio
940 3862 1195 3917 idolorum
1220 3874 1518 3934 vestrorum,
1542 3886 1631 3939 per
1646 3870 1832 3924 circui-

228 3957 331 3999 tum
357 3966 571 4003 orarum
598 3955 956 4006 uestrarumin
984 3955 1114 4008 colle
1143 3955 1345 4011 excelso
1372 3957 1554 4029 [Vulg.
1599 3962 1653 4015 in
1689 3962 1830 4015 enini

227 4038 374 4111 colle]
412 4059 426 4092 :
460 4042 509 4097 in
555 4044 753 4097 cunctis
791 4046 1173 4101 summitatibus
1217 4051 1509 4120 montiumf,
1564 4064 1611 4109 et
1656 4052 1830 4108 subter

230 4148 376 4186 omne
407 4133 609 4203 lignum
639 4151 1001 4207 nemorosum,
1032 4149 1079 4193 et
1121 4140 1295 4197 subter
1342 4144 1632 4198 universam
1668 4163 1825 4217 quer-

227 4236 339 4273 cum
368 4224 674 4292 frondosam
705 4242 723 4279 :
753 4226 923 4285 locum
968 4229 1055 4282 ubi
1084 4230 1427 4287 accenderunt
1473 4235 1629 4290 thura
1672 4238 1826 4293 redo-

227 4313 386 4367 lentia
412 4316 662 4373 universis
686 4317 846 4373 idolis
866 4321 993 4375 δαῖε.
1022 4320 1372 4391 PerSpicuum
1405 4325 1654 4395 estjuxta
1677 4329 1824 4384 litte-

226 4420 364 4469 ram,
395 4416 449 4461 et
479 4409 931 4478 interpretatione
962 4430 1067 4470 non
1095 4414 1331 4486 indiget,
1365 4420 1506 4488 quod
1540 4422 1592 4477 in
1627 4425 1826 4479 monti.

1944 3235 2195 3289 eumdem
2250 3252 2374 3290 esse
2426 3237 2627 3299 locum,
2672 3236 2742 3289 de
2773 3250 2881 3299 quo
2919 3236 2973 3288 in
3006 3230 3241 3289 Jercm‘ia
3276 3234 3538 3302 scriptunt

1941 3334 2025 3380 est
2055 3344 2066 3378 :
2095 3326 2157 3379 Et
2189 3328 2644 3396 deprehenderunt
2679 3327 2953 3381 Sedeciam
2984 3329 3038 3379 in
3072 3327 3273 3379 deserto
3301 3327 3438 3396 quod
3464 3334 3541 3380 est

1928 3419 2085 3487 juxta
2126 3418 2338 3472 Iericho
2365 3458 2378 3481 ,
2409 3430 2454 3472 et
2488 3419 2654 3473 omnis
2684 3419 2958 3473 comitatus
2988 3421 3099 3487 ejus
3125 3416 3334 3486 diffugit
3362 3418 3424 3470 ab
3454 3433 3533 3471 eo.

1939 3508 2166 3576 Cumque
2200 3508 2706 3574 comprehendissent
2738 3525 2927 3580 regem,
2961 3508 3293 3563 adduxerunt
3328 3524 3441 3562 eum
3467 3509 3537 3561 ad

1936 3615 2105 3669 regem
2131 3598 2410 3669 Babylonis
2441 3601 2493 3653 in
2529 3600 2805 3662 Rcblatha,
2830 3617 2945 3669 qua
2970 3611 3045 3653 est
3092 3600 3146 3653 in
3176 3609 3313 3653 terra
3343 3599 3534 3655 Emotlt

1939 3689 2071 3761 (Jer.
2102 3706 2285 3756 xxxix,
2310 3692 2389 3759 ὅ).
2424 3691 2615 3745 Potest
2660 3702 2715 3745 et
2744 3695 2818 3746 ob
2849 3692 3079 3745 vicinam
3116 3692 3532 3748 similitudinem

1935 3800 2150 3839 manu
2179 3795 2233 3838 et
2257 3801 2381 3851 ass,
2406 3797 2465 3849 τ,
2497 3799 2557 3850 '1,
2608 3786 3005 3840 IlebraiCarum
3037 3786 3373 3853 litterarum,
3417 3800 3539 3857 qua

1936 3892 2103 3946 parvo
2116 3880 2273 3947 apice
2302 3879 2730 3947 distinguuntur,
2756 3880 2839 3935 vel
2860 3880 3126 3936 Deblatha
3151 3883 3242 3937 vel
3263 3881 3532 3939 Beblatha

1933 3972 2213 4039 appellari.
2244 3971 2402 4029 Juxta
2428 3974 2695 4042 mysticus
2722 3982 2906 4027 autem
2933 3973 3264 4038 intellectus,
3287 3974 3535 4031 extendit

1934 4062 2191 4116 Dominus
2207 4079 2422 4117 manum
2445 4079 2596 4119 suam
2614 4079 2777 4132 super
2794 4080 2986 4120 omnes
3003 4067 3093 4133 qui
3120 4065 3379 4121 lmretico
3417 4065 3504 4121 lue
3518 4095 3532 4107 ο

1931 4164 2053 4208 rant
2069 4168 2257 4209 errore
2274 4155 2510 4225 decepti,
2526 4163 2585 4209 ut
2603 4166 2800 4211 terram
2820 4171 3031 4222 eorum,
3054 4172 3172 4225 qua:
3204 4157 3531 4226 interpreta-

1931 4255 2016 4301 tur
2062 4246 2330 4309 Ecclesia.
2370 4248 2528 4307 iaciat
2563 4247 2862 4304 desolatam
2899 4263 2929 4302 a
2971 4248 3193 4303 deserto
3239 4249 3525 4315 Dehlatha,
3610 4234 3629 4247 ’

1928 4339 2070 4408 quod
2091 4341 2141 4393 in
2158 4340 2334 4410 lingua
2359 4351 2540 4397 nostra
2563 4343 2807 4405 παλάθην,
2828 4343 2930 4397 hoc
2942 4351 3046 4410 est,
3067 4357 3289 4395 massam
3305 4342 3527 4410 ﬁcorum

1929 4451 2108 4507 sonat,
2133 4444 2547 4511 caricarumque
2572 4443 2714 4496 inter
2741 4458 2802 4497 se
2826 4452 3256 4512 compactarum,
3286 4450 3345 4495 ut
3381 4450 3529 4513 post-

225 4498 327 4552 bus
359 4500 552 4603 Israel,
595 4511 651 4603 et
678 4504 730 4559 in
760 4505 997 4562 excelsis
1037 4508 1292 4577 collibus,
1321 4511 1464 4569 inter
1496 4514 1609 4583 ipsa
1644 4517 1820 4575 idolo-
1851 4500 1900 4560 Ῑ)
1927 4498 2105 4600 quam,
2135 4534 2188 4587 in
2218 4498 2471 4588 simulata
2502 4533 2811 4599 dulcedine,
2861 4498 2982 4603 quae
3032 4547 3138 4587 non
3198 4498 3315 4587 erat
3362 4498 3525 4588 terra!

226 4604 340 4649 rum
384 4592 580 4646 altaria
625 4594 886 4667 lucosque
916 4599 1042 4667 quia
1072 4602 1417 4670 appellantur
1458 4605 1603 4675 ligna
1630 4625 1817 4664 nemo-

222 4703 368 4753 rosa,
404 4688 741 4747 lsracliticus
773 4693 846 4748 sit
878 4710 1054 4750 erasus
1084 4698 1382 4765 exercitus,
1416 4712 1471 4755 ut
1500 4702 1589 4757 ubi
1622 4719 1819 4774 pecca-

224 4791 434 4845 verant,
480 4783 551 4839 ibi
608 4785 954 4851 punirentur.
986 4787 1146 4843 Juxta
1196 4784 1478 4862 anagogen
1523 4810 1820 4863 sequamur

221 4871 473 4929 ordinem
498 4877 866 4944 propositum.
900 4878 1129 4945 Quando
1158 4885 1405 4952 magistri
1438 4884 1816 4943 haereticorum

220 4964 286 5016 ab
320 4965 725 5024 Ecclesiasticis
770 4968 927 5037 viris,
979 4972 1067 5040 qui
1103 4973 1352 5030 instructi
1409 4987 1540 5032 sunt
1585 4979 1813 5037 scientia

217 5055 651 5127 Scripturarum,
691 5061 912 5116 contriti
955 5063 1160 5123 fuerint
1191 5075 1355 5137 atque
1377 5072 1640 5140 superati,
1666 5073 1821 5128 vide.

218 5164 343 5203 mus
376 5149 697 5207 interfectos
721 5168 1110 5221 perversurum
1139 5157 1450 5228 dogmatnm
1475 5163 1816 5230 jacereinter

218 5241 511 5297 simulacra
556 5259 676 5315 qua:
708 5245 978 5303 tinxerant
1006 5289 1021 5317 ,
1069 5259 1123 5305 et
1154 5266 1246 5306 eos
1277 5254 1370 5322 qui
1418 5270 1477 5308 se
1524 5256 1814 5314 elevabant

216 5344 400 5387 contra
432 5334 723 5395 scientiam
746 5336 868 5403 Dei,
899 5349 1102 5396 stratos
1148 5341 1206 5399 in
1242 5346 1521 5402 montibus
1552 5351 1811 5406 collibus-

215 5438 318 5505 qne
346 5427 538 5482 subtus
570 5443 733 5485 omne
761 5430 966 5501 lignum
997 5450 1378 5503 nemorosum;
1413 5440 1505 5508 qui
1539 5442 1811 5499 habebant

217 5516 378 5571 verba
432 5521 767 5591 pompatica,
821 5524 1178 5597 umbramque
1224 5528 1500 5600 foliorum,
1550 5544 1609 5589 et
1648 5554 1806 5607 poma

1924 4623 2109 4690 cuiue,
2162 4624 2257 4678 sed
2306 4624 2641 4689 solitudinis,
2694 4625 3135 4685 amaritudinem.
3195 4625 3523 4691 repererint,

1924 4724 2050 4769 tunc
2078 4726 2410 4785 cognoscant
2437 4756 2452 4781 ,
2482 4718 2609 4786 quia
2642 4718 2759 4788 ipse
2788 4718 2859 4773 sit
2903 4719 3185 4773 Dominus.
3232 4716 3340 4771 Mel
3384 4720 3522 4773 enim

1922 4806 2141 4862 distillat
2170 4809 2232 4881 de
2260 4807 2410 4862 labiis
2449 4808 2678 4865 mulieris
2711 4812 3009 4873 meretricis,
3054 4824 3169 4880 qua
3205 4812 3273 4863 ad
3320 4822 3522 4879 tempus

1919 4901 2209 4973 impingunt
2239 4905 2541 4957 vescentium
2583 4909 2788 4974 fauces.
2832 4916 2880 4959 et
2924 4916 3100 4977 postea
3143 4909 3371 4961 amarius
3401 4908 3524 4977 felle

1918 4995 2169 5064 reperitur
2191 4994 2374 5061 (Prov.
2400 4996 2524 5062 νβ,
2556 4998 2633 5066 4).
2667 4998 2778 5053 Hoc
2807 4999 3118 5068 signiﬁcant
3147 5009 3197 5052 et
3227 4999 3333 5054 duo
3371 4999 3513 5052 cala-

1917 5084 1995 5138 thi
2022 5084 2246 5141 ﬁcorum
2265 5126 2278 5149 ,
2305 5088 2395 5156 qui
2432 5088 2592 5155 positi
2619 5101 2742 5143 sunt
2770 5090 2820 5144 in
2845 5089 3074 5145 Jeremia
3102 5100 3289 5146 contra
3324 5091 3513 5145 faciem

1922 5177 2105 5244 templi
2131 5178 2273 5249 (Jer.
2306 5179 2455 5251 xstv)
2483 5197 2496 5233 :
2524 5196 2661 5253 unus
2688 5181 2911 5237 ﬁcorum
2935 5184 3284 5248 optimarum,
3304 5192 3517 5239 etunus

1916 5269 2276 5336 pessimarum
2335 5289 2348 5325 :
2390 5287 2623 5341 quorum
2665 5274 2803 5328 alter
2848 5274 2916 5328 ad
2970 5275 3266 5330 Ecclesium
3309 5272 3515 5333 Christi

1919 5359 2193 5424 refertur,
2244 5364 2384 5417 alter
2432 5363 2499 5418 ad
2547 5368 3023 5436 congregationem
3080 5365 3511 5433 malignantium.

1994 5459 2148 5530 (Cap.
2179 5460 2522 5519 Vll.—Vers.
2552 5465 2606 5532 l,
2632 5464 2793 5532 2.)Et
2821 5467 2991 5534 factus
3011 5475 3083 5519 est
3112 5482 3279 5520 sermo
3304 5466 3514 5523 Domini

1917 5552 1987 5609 ad
2007 5567 2107 5615 me,
2133 5552 2309 5607 dicens
2327 5569 2346 5608 .'
2373 5552 2442 5613 Et
2466 5565 2540 5623 tu,
2572 5557 2650 5625 fili
2666 5556 2912 5622 hominis,
2929 5557 3037 5619 haec
3057 5558 3312 5630 dicit“
3332 5558 3515 5615 Domio

289 5635 1106 5741 :133‘22100i.
1148 5643 1326 5713 inquit
1375 5646 1578 5703 Victor.
1629 5660 1965 5718 continentia
2000 5648 2191 5721 vocem
2230 5668 2368 5723 bene
2414 5671 2756 5726 emendatam
2789 5671 3054 5741 ostendit,
3082 5674 3163 5730 sic
3188 5677 3331 5731 enim
3366 5674 3508 5731 idem

216 5716 439 5773 semper
470 5715 722 5761 servatur
753 5720 984 5780 tempus.
