4018 6322
338 120 367 131 κ

222 224 287 285 65

873 216 1561 291 :couttatvrtttttonuu
1603 222 1668 280 IN
1712 216 2153 279 EZECIIIELEM
2194 214 2325 275 LIB.
2367 215 2433 275 tt.
2473 174 2631 275 car.
2672 212 2786 275 vtt.

3419 216 3491 277 £6

221 343 296 411 qui
319 340 544 395 habitant
570 341 625 394 in
665 348 802 396 terra
839 342 1025 414 (Apoc.
1054 361 1172 409 vttt,
1218 343 1333 416 15).
1374 345 1603 401 Sanctus
1646 344 1788 399 enim
1818 353 1873 414 Α
1898 340 2147 394 nationes
2173 347 2296 392 tuas
2325 337 2527 392 sentire
2557 346 2608 392 te
2654 335 2834 391 faciat.
2881 335 3180 392 Possumus
3222 342 3404 391 autem
3436 344 3495 392 et

220 451 311 491 non
338 443 425 488 est
452 436 720 488 habitator
749 446 942 502 terrae,
978 439 1071 492 sed
1119 439 1331 492 advena
1364 446 1525 504 atque
1553 436 1797 507 peregt-i-
1875 432 1965 491 .de
1988 443 2227 487 extrema
2261 431 2573 501 captivitate
2595 429 2797 496 dicere,
2830 430 2973 501 quod
3007 439 3127 500 post
3154 428 3493 485 interiectio-

220 542 339 589 nns;
371 527 610 597 dicitque
636 546 648 581 :
673 530 884 583 Advena
912 546 1028 584 sum
1047 538 1094 584 et
1122 530 1439 602 peregrinus,
1466 531 1601 583 sicut
1625 545 1797 584 omnes
1898 537 2023 577 nem
2052 520 2274 587 Christi,
2308 520 2526 591 quando
2556 522 2705 577 venit
2732 520 2812 575 eis
2836 519 2959 575 linis
2988 531 3043 577 et
3090 521 3371 591 evigilavit
3397 519 3494 576 ad-

216 630 372 691 patres
396 621 495 673 mei
524 618 703 691 (Psal.
746 637 980 691 xxxvrtt,
1012 606 1124 693 i3).
1153 624 1518 687 Quamobrem
1546 633 1601 679 et
1624 622 1799 678 Abra-

1932 630 2112 671 ersum
2161 630 2256 671 eos
2305 624 2615 684 peceatum,
2675 614 2956 685 impletum
3012 625 3095 671 est
3144 616 3301 681 illud,
3348 615 3496 687 quod

218 710 325 765 ham
356 710 641 777 Hebraeus,
671 712 725 766 id
766 722 870 782 est,
900 716 1129 790 περάτης·
1165 722 1219 770 et
1270 715 1584 785 peregrinus
1634 724 1801 768 trans-

214 804 395 873 itorque
422 812 800 871 memoratur;
835 806 902 861 de
941 808 1195 877 praesenti
1228 809 1426 863 smcttlo
1456 808 1520 862 ad
1561 806 1800 863 futurum

216 893 435 949 transire
465 893 756 950 festinans.
790 895 1088 952 Possumus
1137 896 1280 952 hunc
1318 898 1518 963 locum,
1559 906 1618 952 et
1645 899 1806 968 spiri-

218 987 422 1042 tualiter
471 986 830 1057 interpretari
879 998 1068 1045 contra
1129 989 1390 1059 populum
1442 988 1755 1044 Judteorum
1784 1029 1800 1054 ,

218 1096 362 1150 super
384 1096 552 1148 quem
578 1081 729 1137 venit
752 1080 876 1136 linis
919 1091 975 1139 et
1018 1085 1416 1138 consummatio
1463 1098 1491 1136 a
1541 1082 1805 1153 Sanguine

217 1174 334 1230 Abel
357 1173 493 1243 justi
546 1188 718 1245 usque
749 1174 817 1229 ad
848 1176 1168 1245 sanguinem
1201 1174 1479 1230 Zacharim
1508 1175 1604 1229 lilii
1635 1175 1804 1231 Bara-

215 1268 357 1330 cbite,
387 1284 557 1337 quem
608 1267 1000 1324 interfecerunt
1047 1270 1194 1325 inter
1237 1270 1492 1340 templum
1534 1279 1590 1325 et
1631 1271 1806 1327 altare

215 1361 417 1434 (Matth.
451 1361 639 1435 xxttt).
670 1363 939 1430 Quamdiu
982 1364 1125 1419 enim
1159 1379 1264 1417 non
1305 1364 1573 1419 miserunt
1614 1378 1807 1419 manus

214 1458 260 1512 in
298 1455 498 1511 Filium
542 1457 661 1523 Dei,
702 1456 1018 1513 dormitavit
1056 1458 1325 1513 sententia
1366 1458 1445 1513 eis
1482 1457 1718 1523 Domini,
1754 1465 1809 1512 et

212 1547 361 1604 dilata
412 1558 526 1604 est.
567 1549 800 1616 Quando
828 1565 959 1605 vero
988 1550 1381 1605 interfecerunt
1418 1551 1712 1617 ltaaredem,
1748 1559 1808 1606 ut

214 1642 404 1712 periret
440 1641 740 1697 haereditas
766 1660 778 1696 :
813 1653 941 1697 tunc
969 1642 1243 1713 evigilavit
1263 1642 1551 1697 adversum
1577 1657 1693 1708 eos,
1725 1652 1809 1698 at-

1897 708 2159 776 scriptum
2190 713 2275 762 est
2301 721 2314 759 :
2345 704 2502 761 Nunc
2532 710 2756 775 pervenit
2787 706 2841 759 in
2887 722 2972 761 eos
3011 707 3091 760 ira
3119 705 3214 763 Dei
3257 709 3311 763 in
3340 708 3496 778 ﬁnem

1902 799 1967 871 (l
1996 798 2177 854 Thess.
2207 815 2249 865 ι,
2286 800 2347 855 16
2365 799 2409 871 ).
2442 799 2671 866 Quando
2696 815 2724 852 a
2746 797 2871 853 Tito
2893 808 2951 854 et
2974 798 3312 869 Vespasiano
3339 800 3498 857 Jeru-

1903 891 2076 947 salem
2092 889 2428 946 circumdata
2442 903 2548 957 est,
2563 902 2617 945 et
2636 890 2859 947 advenit
2874 891 3142 947 desolatio
3154 892 3272 962 ejus
3288 935 3301 956 .
3316 893 3424 965 67
3438 904 3496 951 et

1906 984 2189 1053 impletum
2219 992 2343 1038 est:
2391 980 2528 1037 Ecce
2565 981 2883 1054 relinquetur
2911 983 3051 1038 vobis
3103 984 3285 1040 domus
3326 994 3495 1040 vestra

1906 1078 2107 1133 deserta
2131 1077 2358 1150 (Matth.
2393 1092 2556 1143 χχιιι,
2585 1077 2717 1149 58).
2751 1077 2902 1133 Tune
2936 1077 3167 1148 judicati
3199 1078 3499 1149 sutttjuxta

1908 1170 2023 1225 vias
2048 1168 2270 1235 suas,et
2301 1170 2692 1239 blasphemias,
2718 1169 2912 1241 quibus
2946 1171 3231 1226 Dominum
3262 1187 3503 1243 negave-

1907 1272 2074 1328 runt;
2100 1270 2155 1317 et
2180 1271 2469 1318 senserunt
2493 1261 2728 1318 furorem
2756 1262 2857 1319 Dei
2881 1281 2895 1318 :
2926 1272 2981 1319 et
2998 1265 3180 1320 omnis
3202 1265 3504 1336 indignatio

1908 1355 2026 1425 ejus
2039 1371 2202 1428 super
2216 1356 2342 1411 illos
2355 1356 2524 1411 etl'usa
2541 1364 3084 1429 est,receperuntque
3094 1360 3306 1416 scelera
3319 1367 3505 1427 sua,ut

1909 1451 2442 1520 permatteatdeletio
2458 1451 2645 1521 templi
2662 1466 2831 1523 usque
2857 1453 2922 1508 ad
2953 1455 3500 1513 consummationem.

1980 1542 2001 1614 (
2026 1542 2181 1598 Vers.
2212 1543 2267 1597 9.
2292 1542 2313 1614 )
2342 1541 2413 1595 Et
2444 1560 2547 1597 non
2575 1554 2751 1613 parcet
2779 1543 2962 1600 oculus
3001 1563 3165 1614 meus,
3211 1565 3374 1619 neque
3410 1549 3508 1604 nti-

1909 1637 2155 1689 serebor:
2186 1635 2276 1688 sed
2306 1636 2414 1690 vias
2464 1646 2579 1690 tuas
2611 1637 2874 1706 imponam
2906 1637 3057 1710 (sive
3095 1639 3269 1712 dabo)
3316 1641 3430 1708 tibi,
3463 1649 3511 1696 et

214 1748 308 1806 que
336 1737 585 1793 surrexit
615 1737 794 1793 omuis
821 1739 959 1794 ordo
986 1739 1332 1794 miseriarum
1358 1739 1469 1811 66
1491 1751 1653 1810 atque
1679 1754 1806 1809 per-
1836 1746 1883 1807 Β
1909 1727 2316 1783 abominationes
2344 1739 2447 1783 tua:
2484 1731 2539 1783 in
2574 1731 2738 1786 medio
2768 1732 2846 1785 tui
2883 1742 3053 1798 erunt,
3082 1743 3130 1787 et
3169 1734 3344 1789 scietis
3385 1737 3512 1807 quia

215 1829 410 1900 plexio;
472 1831 602 1901 quia
650 1845 758 1885 non
816 1832 1149 1903 quaesierunt
1196 1831 1461 1898 ccelestia,
1503 1832 1599 1887 sed
1649 1839 1809 1887 terrae

216 1920 413 1979 btrcre
445 1923 765 1994 cupierunt.

278 2015 297 2087 (
316 2014 477 2071 Vers.
516 2018 569 2069 7.
595 2019 613 2085 )
652 2016 805 2071 Venit
835 2026 1055 2090 tempus,
1083 2037 1244 2092 prope
1276 2029 1350 2075 est
1375 2020 1482 2075 dies
1514 2020 1807 2086 occisionis,

218 2119 259 2162 et
294 2125 393 2162 non
425 2110 616 2179 glorise
654 2112 930 2165 montium.
979 2111 1217 2167 Verbum
1253 2113 1575 2185 llebraicuyr
1609 2128 1809 2167 ADARIII
1842 2111 1846 2116 “

215 2202 345 2273 quod
399 2220 509 2259 nos
562 2205 617 2259 in
651 2204 762 2260 duo
806 2207 970 2261 verba
1000 2206 1267 2273 divisum,
1312 2209 1546 2279 primum
1581 2224 1649 2262 an
1694 2216 1767 2267 ’τη
1794 2248 1809 2271 ,

213 2297 511 2351 secundum
556 2313 687 2353 Αιιιιι
717 2306 888 2365 man,
916 2299 1071 2369 juxta
1103 2299 1557 2368 Tlteodmionetn,
1588 2299 1811 2371 gloriam

212 2394 458 2445 montium
493 2394 841 2462 interpretati
884 2408 1095 2460 sumus,
1147 2394 1508 2466 Symmachus
1548 2395 1714 2450 vertit
1757 2395 1813 2449 in

210 2484 715 2551 recrastinationem,
746 2485 987 2554 dixitque
1018 2504 1030 2539 :
1066 2486 1131 2540 Et
1157 2495 1351 2559 tempus
1374 2502 1536 2557 prope
1561 2496 1633 2542 est
1659 2502 1677 2540 :
1708 2486 1816 2539 dies

211 2577 580 2647 festinationis,
609 2586 662 2631 et
692 2594 794 2631 non
819 2579 1279 2633 recrastinationis.
1336 2579 1508 2635 Porro
1555 2578 1701 2634 LXX
1739 2578 1813 2634 ita

211 2669 614 2723 transtulerunt
640 2685 653 2721 :
686 2668 838 2723 Venit
860 2680 1077 2741 tempus,
1107 2671 1540 2743 appropinquavit
1562 2671 1694 2738 dies,
1713 2687 1816 2723 non

211 2770 321 2811 cum
350 2761 767 2827 perturbatione,
796 2778 956 2833 neque
997 2779 1114 2816 cum
1142 2763 1427 2817 doloribus.
1469 2762 1773 2818 Tbeodotio
1797 2779 1812 2815 :

219 2846 363 2903 Venit
392 2859 626 2918 tempus,
660 2869 817 2924 prope
836 2861 913 2907 est
937 2854 1046 2909 dies
1068 2855 1220 2923 famis
1246 2865 1293 2909 et
1317 2871 1421 2909 non
1451 2852 1633 2926 gloria:
1668 2869 1815 2907 mon-

210 2942 356 2995 tium.
390 2943 709 3000 Occisionis
740 2956 917 3001 autem
960 2957 1193 3017 tempus,
1226 2959 1281 3003 et
1313 2948 1469 3003 famis
1503 2963 1646 3003 nunc
1682 2963 1818 3018 quo-

211 3050 310 3104 que
335 3036 390 3089 in
432 3035 673 3091 Iudaico
723 3039 924 3108 populo
965 3040 1374 3110 comprobatur,
1422 3056 1528 3096 non
1581 3041 1817 3095 habente

213 3227 478 3292 pascitur.
532 3225 747 3281 Montes
794 3237 974 3284 autem
1006 3227 1299 3299 magistros
1348 3229 1608 3298 intellige,
1638 3238 1694 3284 et
1722 3226 1819 3299 qui

213 3314 448 3370 habeant
477 3319 734 3371 notitiam
765 3317 1191 3388 Scripturarum.
1229 3322 1305 3377 De
1326 3323 1523 3391 quibus
1547 3332 1600 3377 et
1630 3321 1685 3375 in
1710 3321 1820 3377 alio

216 3407 332 3463 loco
356 3408 603 3465 dicitur:
626 3408 943 3467 Illuminans
958 3423 1012 3467 tu
1024 3414 1330 3470 mirabiliter
1344 3432 1375 3469 a
1391 3415 1648 3471 montibus
1670 3426 1820 3470 atter-

214 3503 289 3557 uis
312 3503 510 3574 (Psal.
536 3521 701 3571 Lxxv,
724 3508 815 3575 5).
839 3508 1008 3563 Porro
1026 3511 1384 3581 Septuaginta
1408 3510 1498 3580 qui
1517 3509 1778 3565 dixerunt
1805 3528 1820 3566 :

216 3612 315 3649 non
342 3615 469 3651 cum
505 3598 912 3668 perturbatione,
944 3610 990 3655 et
1013 3617 1116 3655 non
1137 3619 1254 3656 cum
1280 3602 1566 3668 doloribus,
1592 3602 1725 3657 illud
1747 3602 1825 3657 si-

215 3688 509 3757 gniﬁcant,
542 3690 688 3760 quod
720 3703 922 3747 tantum
946 3692 1182 3748 habeant
1207 3695 1530 3765 ignorantia:
1552 3693 1673 3766 [ΑΙ.
1707 3704 1826 3749 tan-

216 3791 324 3834 tam
358 3782 769 3857 ignorantiam]
804 3786 895 3841 Dei
940 3797 997 3841 et
1043 3786 1213 3841 animi
1245 3787 1544 3849 caecitatem
1572 3804 1588 3854 ;
1635 3796 1696 3842 ut
1727 3801 1828 3841 nec

216 3872 512 3927 turbentur
540 3876 598 3929 in
629 3875 934 3933 sceleribus
962 3877 1097 3944 suis,
1132 3893 1233 3934 nec
1262 3879 1594 3949 pcettitetttim
1626 3878 1827 3936 dolori-

218 3961 320 4020 bus
344 3967 695 4023 crucientur.

292 4058 500 4130 (Vers.
560 4061 659 4132 8.)
715 4059 875 4116 Nunc
926 4063 989 4117 de
1045 4065 1334 4138 propinquo
1378 4064 1641 4135 effundam
1696 4066 1831 4120 iram

221 4166 392 4207 meam
434 4171 597 4225 super
621 4166 695 4220 te,
730 4168 775 4211 et
807 4166 834 4195 ⁸
865 4159 1127 4230 replicabo
1151 4160 1377 4229 furorem
1403 4177 1573 4215 meum
1602 4161 1656 4215 in
1686 4171 1753 4228 te,
1783 4170 1832 4219 et

217 4247 482 4317 judicabo
509 4256 557 4303 te
576 4250 735 4319 juxta
765 4251 873 4305 vias
899 4262 1036 4306 tuas.
1073 4252 1139 4307 Et
1168 4254 1431 4325 imponam
1458 4254 1613 4326 (sive
1652 4251 1831 4324 dabo)

224 4338 313 4394 tibi
340 4357 523 4395 omnes
550 4343 1117 4417 abominationestuas.
1136 4344 1195 4401 Si
1222 4360 1253 4400 a
1274 4348 1467 4416 quinto
1482 4362 1630 4401 anno
1655 4358 1835 4401 trans-

223 4437 580 4507 migrationis
610 4440 755 4508 regis
781 4438 1060 4496 Jechoniae
1096 4455 1267 4510 usque
1294 4438 1362 4496 ad
1391 4456 1592 4496 nonum
1631 4455 1833 4496 annum

1912 1835 2005 1889 ego
2048 1837 2163 1873 sum
2214 1819 2470 1875 Dominus
2517 1823 2828 1892 percutiens.
2874 1822 3076 1880 Causas
3105 1826 3412 1884 severitatis
3456 1838 3513 1886 et

1912 1913 2275 1981 austeritatis,
2300 1916 2439 1983 sive,
2470 1922 2529 1969 ut
2552 1915 2797 1971 bteretici
2824 1925 3037 1987 putant,
3061 1920 3397 1976 crudelitatis
3413 1921 3512 1978 Dei

1911 2006 2055 2076 quod
2086 2020 2192 2060 nou
2224 2015 2410 2075 parcat
2441 2008 2633 2063 oculus
2656 2008 2773 2077 ejus
2796 2024 2901 2065 nec
2917 2011 3263 2080 misereatur,
3282 2013 3517 2083 subjecit

1912 2098 2141 2153 dicens:
2180 2097 2307 2152 Vias
2337 2108 2450 2153 tuas
2484 2101 2619 2154 dabo
2648 2102 2757 2171 tibi,
2794 2111 2841 2156 et
2878 2103 3280 2162 abominationes
3324 2119 3429 2163 tute
3457 2112 3515 2163 in

1913 2189 2078 2245 medio
2107 2191 2180 2244 tui
2201 2201 2393 2258 erant;
2420 2201 2478 2247 ut
2498 2193 2702 2249 sentias
2724 2210 2844 2265 quae
2868 2195 3067 2266 fecisti,
3090 2207 3147 2255 et
3171 2201 3363 2256 videns
3388 2202 3522 2259 abo-

1914 2286 2248 2340 minationes
2279 2299 2397 2341 tuas
2438 2287 2523 2341 vel
2557 2288 2611 2343 in
2644 2300 2938 2360 conspectu
2972 2301 3086 2359 tuo,
3130 2295 3217 2349 vel
3250 2294 3305 2350 in
3330 2296 3517 2355 medio

1914 2379 2159 2434 omnium
2190 2380 2415 2449 positas,
2464 2381 2722 2437 emendes
2752 2398 3003 2440 errorem
3054 2389 3414 2457 paenitudine,
3460 2398 3519 2448 et

1916 2472 2179 2526 recedens
2206 2487 2235 2525 a
2266 2471 2513 2542 priSIinis
2543 2472 2818 2543 operibus,
2871 2489 2993 2530 cum
3045 2478 3235 2534 oderis
3261 2496 3385 2551 qua:
3430 2481 3514 2537 fe-

1916 2564 2061 2631 cisti,
2091 2576 2221 2620 tunc
2249 2568 2455 2621 sentias
2476 2567 2620 2637 quod
2644 2567 2759 2638 ipse
2790 2567 2861 2622 sit
2890 2569 3150 2626 Dominus
3176 2572 3350 2645 (Heb.
3382 2578 3516 2645 xu).

1917 2655 2021 2724 Qui
2054 2658 2177 2713 ideo
2206 2658 2440 2728 percutit
2468 2671 2523 2714 ut
2550 2660 2822 2729 emendet,
2851 2668 2909 2718 et
2950 2662 3184 2737 castigat
3209 2681 3423 2724 omnem
3458 2668 3523 2724 ii-

1916 2751 2074 2818 lium,
2111 2768 2271 2823 quem
2301 2753 2515 2824 recipit.

1995 2846 2015 2916 (
2037 2846 2189 2901 Vers.
2219 2848 2469 2919 10,41.)
2496 2846 2634 2903 Ecce
2662 2850 2793 2916 dies,
2838 2867 2954 2906 ecce
2994 2854 3150 2922 venit,
3195 2871 3403 2928 egressa
3450 2868 3526 2914 est

1918 2938 1948 2978 ι)
1974 2940 2261 2993 contractio
2286 2955 2305 2993 :
2347 2943 2525 3010 ﬂoruit
2559 2942 2726 3013 virga,
2760 2944 3067 3013 germinavit
3112 2948 3374 3016 superbia.
3405 2946 3523 3003 Ini-

1919 3034 2091 3102 quitas
2112 3034 2337 3087 surrexit
2364 3036 2417 3087 in
2446 3035 2589 3105 virga
2614 3036 2915 3105 impietatis,
2950 3054 3053 3092 non
3095 3055 3158 3093 ea:
3186 3040 3279 3103 eis,
3327 3050 3379 3096 et
3419 3058 3526 3097 non

126 3168 131 3171 .
211 3129 517 3202 prophetas
548 3147 652 3186 nec
676 3132 901 3187 verbum
944 3133 1065 3198 Dei,
1109 3149 1217 3204 quo
1264 3134 1441 3190 anima
1472 3133 1813 3190 credentium
1844 3136 1890 3202 ρ
1919 3141 1983 3180 ea:
2006 3126 2220 3196 populo,
2253 3142 2413 3193 neque
2440 3141 2506 3180 ea:
2530 3126 2705 3180 sonitu
2732 3143 2947 3183 eorum:
2975 3140 3025 3184 et
3070 3148 3171 3186 non
3201 3134 3297 3187 erit
3328 3135 3531 3205 requies

1888 3269 1892 3273 .
1919 3220 2013 3275 eis.
2041 3218 2182 3274 LXX
2212 3236 2227 3274 :
2256 3218 2393 3273 Ecce
2420 3222 2531 3275 dies
2560 3223 2719 3293 parit,
2753 3239 2867 3277 ecce
2887 3224 3009 3292 ﬁnis
3038 3227 3194 3292 venit,
3222 3242 3427 3299 egressa
3454 3242 3531 3288 εει

1919 3311 2229 3382 complexio,
2261 3320 2306 3365 et
2334 3312 2511 3382 floruit
2537 3313 2705 3382 virga,
2736 3315 3045 3384 germinavit
3074 3318 3334 3388 superbia,
3366 3320 3530 3373 susci-

1922 3415 2031 3460 tata
2057 3415 2130 3458 est
2150 3405 2371 3477 injuria,
2400 3414 2445 3459 et
2468 3414 2696 3460 conteret
2735 3406 3093 3478 fortitudinem
3116 3410 3304 3481 iniqui,
3348 3420 3398 3465 et
3427 3429 3532 3467 non

1921 3513 2040 3552 cum
2070 3497 2451 3567 perturbatione
2471 3514 2632 3568 neque
2657 3516 2775 3553 cum
2797 3501 3148 3570 festinatione,
3173 3512 3219 3557 et
3241 3520 3342 3559 non
3362 3522 3426 3561 ea:
3448 3506 3532 3578 ip-

1922 3593 1996 3648 sis
2022 3603 2165 3659 sunt,
2198 3609 2358 3664 neque
2380 3592 2714 3667 pulchritudo
2742 3595 2797 3648 in
2835 3595 2928 3650 eis.
2955 3594 3250 3653 Contracta
3302 3610 3407 3667 est,
3440 3601 3530 3657 in-

1924 3690 2065 3758 quit,
2098 3686 2216 3743 dies
2244 3696 2299 3742 et
2327 3687 2672 3756 abbreviata,
2706 3688 2984 3760 instatque
3007 3690 3182 3746 vicina
3213 3693 3529 3765 captivitas,

1927 3780 2139 3837 Floruit
2170 3782 2321 3852 virga
2344 3797 2465 3852 qua:
2496 3782 2671 3837 multo
2718 3784 2873 3839 vobis
2920 3792 3165 3853 tempore
3198 3788 3529 3859 minabatur,

1927 3884 1985 3931 et
2009 3874 2078 3930 de
2093 3874 2230 3931 ﬂore
2254 3874 2488 3930 fructum
2521 3876 2795 3947 plagarum
2817 3880 3074 3947 parturiit
3092 3877 3113 3952 [
3130 3880 3216 3935 Al.
3241 3882 3533 3954 parturit].

1929 3968 2195 4039 Superbia
2222 3977 2404 4023 vestra
2424 3970 2756 4040 germinavit
2780 3970 2924 4040 quod
2947 3973 3325 4044 merebamini,
3356 3986 3414 4031 ut
3442 3993 3534 4033 su-

1930 4076 2030 4133 per
2055 4063 2264 4131 virgam
2296 4060 2593 4132 impietatis
2627 4071 2844 4131 vestrze,
2879 4074 2902 4102 ο
2930 4079 3037 4135 qua
3074 4066 3351 4137 subjectos
3379 4069 3537 4127 vobis

1935 4157 2100 4228 impie
2128 4156 2442 4224 czedebatis,
2476 4166 2772 4227 consurgat
2818 4157 3100 4229 iniquitas,
3147 4176 3268 4232 quae
3296 4180 3406 4219 non
3452 4172 3541 4221 est

1935 4268 2002 4310 ex
2032 4251 2328 4308 miserabili
2356 4248 2577 4323 populo,
2612 4267 2787 4322 neque
2815 4267 2884 4308 ex
2914 4254 3001 4308 eis
3028 4256 3119 4323 qui
3150 4255 3326 4312 instar
3350 4258 3539 4314 bruto-

1935 4361 2055 4402 rum
2075 4343 2438 4400 animantium
2461 4344 2733 4400 ducuntur
2758 4358 2787 4398 a
2811 4344 3108 4415 magistris,
3131 4362 3311 4418 neque
3333 4364 3402 4405 cx
3422 4350 3539 4406 cla-

1938 4456 2092 4497 more
2119 4455 2309 4496 eorum
2339 4448 2395 4495 et
2423 4439 2628 4506 sonitu,
2677 4455 2784 4510 quo
2831 4439 3036 4496 frustra
3070 4441 3535 4512 vociferabantur,

225 4530 380 4598 regni
406 4528 678 4595 Sedeciaa,
704 4531 920 4601 quando
940 4534 1097 4587 venit
1118 4531 1641 4601 Nabuchodonosor,
1667 4543 1724 4590 et
1740 4533 1837 4588 ob—
1860 4525 1914 4586 D
1940 4548 1972 4589 a
1997 4532 2373 4588 sacerdotibus
2394 4531 2795 4602 Pharisaeisque
2817 4531 3052 4600 seducti,
3074 4542 3133 4589 ut
3150 4548 3386 4591 consona
3405 4550 3541 4591 voce

228 4622 372 4677 sedit
420 4622 753 4687 Jerusalem,
802 4634 1099 4695 supputare
1148 4627 1506 4694 voluerimus,
1554 4637 1664 4683 tres
1710 4626 1833 4681 anni

230 4723 393 4769 erunt
426 4713 623 4768 medii.
655 4712 807 4770 Unde
835 4727 985 4772 recte
1012 4716 1209 4771 dicitur
1235 4735 1249 4772 :
1284 4717 1443 4772 Nunc
1461 4719 1526 4773 de
1548 4718 1837 4787 propinquo

229 4807 508 4874 elfandam
531 4808 667 4861 iram
692 4825 858 4864 meam
900 4826 1052 4882 super
1080 4819 1147 4865 te.
1179 4810 1527 4881 Nequaquam
1581 4812 1678 4866 tibi
1709 4827 1837 4867 ven-

231 4906 358 4953 tura
411 4899 729 4970 praedicam,
778 4916 878 4957 nec
924 4902 1299 4959 comminabor
1340 4919 1461 4975 quae
1516 4904 1672 4975 longe
1714 4912 1840 4975 post

232 4991 419 5048 futura
448 5007 619 5050 sunt:
654 5009 800 5050 nunc
842 4995 897 5051 in
941 5005 995 5052 te
1016 4996 1306 5067 complebo
1348 4998 1585 5053 furorem
1631 5013 1834 5053 meum.

234 5084 341 5152 Qui
373 5085 531 5141 furor
555 5097 612 5142 et
638 5088 716 5142 ira
749 5104 1089 5160 nequaquam
1118 5090 1323 5161 absque
1344 5090 1551 5159 judicio
1574 5101 1660 5146 est
1697 5109 1712 5146 :
1745 5091 1841 5147 sed

238 5186 301 5232 ut
325 5178 524 5234 reddat
553 5179 671 5235 vias
700 5189 821 5236 tuas
855 5181 911 5237 in
943 5192 1105 5252 caput
1136 5190 1310 5247 tuum,
1341 5191 1397 5238 et
1420 5199 1612 5239 omnes
1634 5183 1846 5239 abomi-

317 5326 344 5354 ι
384 5317 468 5392 Ex
496 5316 740 5392 subnexa
774 5317 1085 5392 Hieronymi
1107 5319 1472 5392 expositione,
1500 5319 1588 5375 ubi
1612 5330 1661 5374 et
1691 5337 1849 5387 nunc,

243 5386 456 5462 inquit,
488 5388 545 5462 in
574 5399 623 5442 te
649 5390 911 5462 complebo
943 5386 1395 5461 furorem'nteum,
1439 5392 1690 5447 videatur
1725 5408 1849 5446 cum

248 5458 494 5536 Victoria
520 5458 808 5536 legendum
840 5458 1122 5536 complebo,
1168 5478 1269 5536 pro
1298 5458 1584 5536 replicabo,
1617 5464 1854 5536 maxime

246 5545 374 5587 cum
424 5530 497 5584 ita
541 5538 598 5586 et
636 5530 864 5600 Vulgata
912 5530 1135 5589 Hieron.
1170 5530 1367 5590 editio
1400 5533 1620 5603 habeat,
1665 5542 1722 5590 et
1748 5534 1857 5591 He-

250 5623 434 5753 gias
491 5632 673 5680 textus
736 5607 889 5686 τιή)
914 5666 930 5692 ,
991 5626 1286 5684 Graecusve
1333 5628 1628 5685 συντελέσω
1668 5642 1858 5687 assen-

393 5710 441 5750 r.

393 5710 441 5750 l'.

1943 4628 2251 4685 clamarent
2272 4636 2330 4681 et
2353 4626 2600 4683 dicerent
2624 4644 2637 4681 :
2666 4627 2778 4699 68
2804 4627 3079 4701 Cruciﬁge,
3111 4633 3355 4706 cruciﬁge
3382 4632 3540 4687 talem

1946 4720 2141 4795 (Joan.
2176 4736 2288 4784 xtx,
2318 4717 2410 4791 6).
2446 4718 2601 4775 Unde
2620 4735 2726 4775 non
2757 4719 2865 4777 erit
2888 4721 2970 4777 eis
2992 4724 3234 4794 requies,
3262 4725 3359 4781 sed
3383 4735 3542 4782 teter-

1943 4830 2012 4871 na
2042 4815 2350 4886 captivitas.
2388 4814 2555 4869 Porro
2578 4813 2928 4886 Septuaginta
2953 4815 3115 4887 juxta
3139 4817 3291 4874 illum
3318 4834 3542 4877 sensum

1944 4909 1999 4964 in
2031 4924 2141 4978 quo
2174 4907 2473 4963 scribitur:
2508 4924 2670 4980 neque
2695 4909 2832 4963 enim
2857 4910 2999 4965 scitis
3026 4913 3156 4983 quid
3196 4923 3411 4970 ventura
3448 4932 3545 4988 pa-

1944 5001 2047 5054 riat
2076 4999 2185 5054 dies
2215 4998 2416 5073 (Prov.
2442 5015 2622 5065 xxvu,
2652 5002 2677 5055 1
2707 5000 2759 5069 ),
2789 5000 3085 5059 dixerunt:
3110 5003 3248 5060 Ecce
3261 5006 3369 5063 dies
3385 5008 3542 5076 parit,

1946 5092 2093 5165 quod
2114 5093 2281 5147 multo
2309 5102 2435 5148 ante
2461 5102 2826 5162 conceperat:
2850 5096 3083 5167 venitque
3102 5095 3245 5167 ﬁnis,
3274 5110 3320 5153 et
3342 5115 3549 5170 egressa

1951 5196 2027 5241 est
2057 5184 2366 5255 complexio,
2395 5199 2517 5255 quae
2541 5185 2682 5240 mala
2712 5196 2894 5243 vestra
2922 5189 3105 5244 omnia
3149 5191 3549 5262 complectatur

2024 5320 2051 5401 ις
2089 5320 2167 5376 Ita
2199 5320 2566 5401 retinendum,
2589 5332 2645 5401 et
2673 5324 2918 5401 subnexa
2940 5329 3211 5401 expositio
3240 5332 3465 5401 probat,
3494 5344 3551 5391 et

1954 5391 2117 5448 Hebr.
2140 5399 2356 5456 rinam.
2382 5396 2531 5464 quod
2557 5396 2809 5453 circulum
2837 5391 3098 5455 sonatiln
3127 5391 3545 5463 Hieromaut'em

1954 5465 2089 5521 edit.
2119 5465 2404 5532 contractio
2426 5466 2701 5523 scribitur.

2034 5547 2078 5619 cn
2098 5535 2189 5593 Sic
2204 5536 2405 5619 _no_stri,
2433 5546 2761 5619 e_t_qua_tuor,
2784 5540 3147 5619 quos__Victor.
3174 5542 3381 5619 laudat,
3413 5564 3547 5609 mss.

1959 5606 2179 5666 codices
2202 5606 2428 5666 habent.
2458 5606 2731 5678 Martium,
2763 5606 2888 5681 post
2912 5611 3154 5685 Erasm.,
3183 5617 3327 5688 quia.
