4018 6322
502 260 570 320 67
1751 252 1808 320 βο
1855 249 2079 314 ΕυΒΕΠ

2194 248 2547 320 ιιΕΚΟΝῗΜΙ
3731 254 3803 320 βα

495 387 546 434 et
583 383 781 436 teneat.
817 372 931 432 sive
963 379 1024 432 ut
1051 367 1412 442 Symmachus
1453 367 1838 438 interpretatus
1868 374 1972 428 est.
2018 367 2102 422 in-
2130 372 2172 442 Α
2210 366 2453 434 tuaginta
2483 380 2590 422 non
2623 363 2882 420 habetur.
2921 362 3253 440 Pro'populo
3300 373 3480 438 potest
3518 367 3798 426 multitudo

492 465 709 538 spectio,
747 473 803 518 ut
830 462 1010 518 omnia
1039 459 1220 514 videat
1253 459 1395 516 Deus
1423 473 1542 528 quae
1579 457 1803 522 fecistis,
1835 466 1890 512 et
1921 455 2102 516 consi-

495 556 647 612 deret
677 570 839 626 opera
872 559 1075 618 vestra,
1106 561 1160 606 et
1191 550 1383 606 reddat
1413 551 1705 618 unicuique
1736 548 1880 618 quod
1921 563 2100 606 mere-

490 660 595 706 tur.
652 650 706 702 lu
755 664 819 702 eo
850 656 1030 701 autem
1073 645 1217 716 quod
1263 644 1362 714 ipsi
1396 643 1646 704 similiter
1677 640 2100 708 tranStulerunl,

415 789 422 794 .
492 743 667 813 ﬂoruit
700 741 863 812 uirga,
902 739 995 796 illo
1029 734 1341 794 testimonio
1388 737 1460 792 uti
1507 748 1835 806 possumus:
1870 730 1953 788 Ne
2001 747 2098 790 au-

493 837 631 905 feras
661 834 859 910 virgam
887 848 916 886 a
947 831 1058 900 filio
1101 842 1188 884 tuo
1219 827 1415 906 (Prov.
1451 841 1572 892 xtn,
1601 825 1668 879 15
1695 830 1732 894 ).
1771 824 1833 880 Et
1865 825 2097 896 Aposto-

493 929 616 984 lus:
655 927 793 1002 Quid
825 925 977 980 vultis
1000 927 1023 979 ?
1049 925 1117 980 In
1161 925 1306 998 virga
1339 922 1541 998 veniam
1570 920 1636 974 ad
1663 936 1768 984 vos,
1803 936 1869 972 an
1894 920 1947 974 in
1978 921 2101 976 clttl-

490 1025 642 1079 ritate
684 1033 731 1078 et
761 1024 950 1096 spiritu
981 1019 1395 1086 mansuetudinis
1441 1017 1494 1086 (Ι
1528 1016 1648 1074 Car.
1679 1032 1748 1084 IV,
1793 1015 1857 1070 21
1885 1014 1942 1086 )?
1989 1014 2096 1070 Sed

489 1124 545 1174 et
570 1115 716 1176 Deus
746 1129 838 1168 ore
865 1113 1168 1172 Psalmisla:
1195 1118 1448 1170 resonat:
1485 1108 1713 1174 l’isitabo
1745 1108 1796 1162 in
1823 1107 1968 1182 uirga
1995 1107 2096 1164 ini-

489 1210 707 1279 quitates
731 1225 928 1276 eorum,
961 1216 1008 1262 et
1037 1207 1088 1259 in
1117 1205 1343 1278 ﬂagellis
1387 1213 1601 1276 peccata
1632 1217 1806 1262 eorum
1833 1215 1852 1264 ς
1890 1199 2097 1256 ηιὶεενὶτ

489 1300 721 1354 eoi-diam
751 1309 920 1354 autem
951 1313 1114 1354 meant
1141 1313 1240 1352 non
1265 1297 1498 1366 auferam
1531 1292 1655 1368 [ΑΙ.
1679 1288 2004 1366 dispergam]
2034 1289 2098 1346 ab

486 1391 558 1446 eis
591 1389 776 1458 (Paul.
805 1388 1171 1458 Lxxxvttt,55,
1190 1387 1314 1459 54).
1335 1386 1460 1450 ideo
1479 1401 1606 1456 ergo
1629 1384 1889 1444 Dominus
1914 1383 2100 1442 visitat

489 1488 544 1534 et
578 1480 828 1552 percutit,
882 1487 940 1534 ut
989 1486 1014 1514 ἰ
1047 1479 1255 1538 oriatur
1297 1486 1353 1532 et
1399 1486 1574 1552 pateat
1607 1474 1786 1530 omnis
1816 1473 2093 1546 superbia,

488 1586 609 1641 qua:
639 1570 729 1625 ditt
760 1571 966 1625 latebat
998 1571 1200 1624 inclusa
1229 1585 1243 1635 ;
1275 1578 1329 1622 ct
1359 1568 1651 1624 suscitetur
1682 1565 1876 1633 injuria
1909 1573 2094 1618 contra

485 1673 663 1728 ortam
682 1672 737 1718 et
755 1665 1156 1734 germinantem
1177 1661 1511 1730 superbiam,
1536 1666 1962 1725 conteraturqne
1981 1657 2092 1712 for—

2208 466 2264 512 et
2294 459 2442 516 turba
2470 459 2616 527 juxta
2640 457 2965 518 Hebraicum
2990 458 3198 528 accipi;
3228 457 3330 512 hoc
3354 460 3503 514 enim
3526 461 3802 530 signiﬁcat

2206 563 2384 610 auom
2414 549 2433 621 (
2462 549 2698 620 natm).
2736 549 3022 620 Causaque
3079 550 3363 626 perspicua
3393 560 3480 606 est
3523 551 3668 620 quod
3720 552 3800 608 id-

2202 641 2348 696 circo
2374 641 2466 710 qui
2498 648 2653 708 emit,
2680 643 2917 714 gaudere
2953 658 3059 704 non
3093 643 3311 708 debeat,
3366 654 3422 700 et
3460 643 3554 713 qui
3583 646 3797 718 vendit,

2203 732 2390 810 lugere
2414 734 2665 806 desistat,
2692 736 2813 806 quia
2845 736 2922 800 ira
2951 735 3045 799 Dei
3067 735 3122 798 in
3155 736 3304 798 brevi
3333 747 3560 800 ventura
3590 739 3661 796 sit
3701 755 3799 800 su.

2204 837 2302 898 per
2331 839 2551 882 onmem
2576 827 2985 888 multitudinem
3013 838 3173 890 terra:
3196 827 3554 898 Judaeugsive
3578 831 3801 894 Jerusao

2206 913 2338 972 lem.
2360 917 2435 972 Ex
2451 917 2827 986 superioribus
2841 920 2989 974 enim
3012 919 3359 994 intelligitur,
3381 921 3432 980 in
3449 923 3648 992 quibus
3661 923 3800 980 scri-

2204 1017 2351 1076 ptum
2381 1018 2464 1064 est
2493 1025 2506 1064 :
2536 1008 2666 1064 licet:
2696 1011 2822 1070 dicit
2848 1009 3101 1066 Dominus
3128 1011 3268 1070 Deus
3292 1023 3443 1071 terrm
3467 1011 3656 1083 Israel,
3686 1026 3794 1074 etc.

2272 1098 2452 1172 (Vers.
2474 1100 2586 1164 i5.)
2617 1099 2854 1172 Quiaqni
2881 1102 3074 1164 vendit,
3099 1103 3168 1162 ad
3191 1103 3245 1156 id
3266 1104 3407 1174 quod
3433 1105 3663 1166 vendidit
3695 1121 3797 1162 non

2200 1201 2497 1248 revertetur.
2528 1192 2688 1252 Juxta
2713 1194 3044 1258 l’iebraicum
3079 1211 3286 1254 morem
3319 1198 3581 1267 loquitur.
3607 1199 3797 1254 Omnis

2201 1285 2347 1337 enim
2373 1287 2579 1352 emptio
2610 1286 2674 1350 ad
2704 1288 3050 1346 venditorem
3106 1289 3495 1352 revertebatur
3527 1293 3797 1364 quinqua—

2202 1377 2412 1446 335ll|l0
2443 1393 2585 1434 anno
2611 1380 2980 1450 remissionis,
3019 1381 3113 1448 qui
3143 1382 3283 1458 apud
3315 1382 3438 1448 illos
3461 1393 3688 1446 voratur
3709 1386 3796 1454 ju-

2202 1468 2414 1526 bilaeus.
2448 1469 2588 1526 Ante
2618 1471 2783 1540 igitur
2811 1487 2970 1544 quam
3003 1488 3180 1532 annus
3221 1473 3573 1542 remissionis
3629 1477 3797 1544 adve.

2200 1563 2334 1628 niat,
2361 1564 2580 1636 quando
2616 1567 2996 1633 possessiones
3046 1567 3113 1626 ad
3154 1569 3364 1640 priores
3395 1571 3651 1637 dominos
3705 1587 3795 1630 rc—

2199 1665 2512 1722 vertuntur,
2541 1656 2758 1728 iugruct
2791 1659 3102 1726 captivitas.
3128 1675 3250 1732 qua:
3273 1678 3491 1720 ornuctu
3519 1665 3672 1720 urbis
3699 1681 3798 1724 au—

485 1757 662 1814 titudo
713 1759 907 1828 iniqui,
963 1773 1067 1816 non
1116 1771 1238 1816 cum
1286 1752 1721 1830 perturbatione,
1755 1765 1936 1824 neque
1967 1765 2087 1806 cum
2124 1761 2169 1830 Β
2199 1749 2334 1800 feret
2361 1750 3036 1820 consuetudinem.Porro
3052 1752 3196 1828 quod
3225 1751 3579 1830 Septuaginta
3612 1767 3790 1816 trans-

484 1848 864 1904 festinatione.
901 1847 1223 1906 Finis'enim
1273 1846 1517 1910 ﬂorentis
1549 1843 1735 1914 virgm,
1771 1843 1978 1898 sanitas
2009 1851 2094 1898 est

484 1951 650 2011 atque
693 1942 981 2001 correctio,
1026 1955 1146 2010 qua:
1179 1953 1285 1991 non
1332 1952 1518 1994 eorum
1574 1937 1767 1990 merito
1798 1934 1967 2000 venit,
2002 1935 2093 2004 qui

482 2032 878 2102 Corripitmtur,
914 2046 1014 2086 nec
1044 2027 1472 2102 pulchritudine,
1502 2043 1661 2100 qttutn
1693 2027 1744 2082 in
1778 2041 1835 2079 se
1860 2041 1967 2082 non
1998 2027 2092 2078 ha-

483 2123 637 2192 bent,
673 2123 770 2177 sud
803 2123 1178 2182 misericordia
1221 2119 1453 2176 Domini.
1507 2117 1681 2174 LOCIIS
1725 2117 1983 2184 difﬁcilis,
2035 2125 2092 2172 et

482 2218 627 2272 inter
657 2216 985 2272 Hebraicum
1019 2226 1070 2271 et
1097 2215 1448 2286 Septuaginta
1481 2213 1715 2272 multum
1745 2211 2084 2282 discrepans,

479 2310 679 2386 quibus
698 2311 959 2382 pleraque
977 2308 1043 2363 de
1058 2305 1452 2362 Theodotionis
1475 2305 1710 2361 editione
1735 2304 1918 2356 addita
1941 2311 2085 2368 sunt,

484 2410 544 2456 ut
573 2402 811 2472 aliquam
847 2402 1050 2456 habere
1079 2399 1530 2468 consequentiam
1561 2395 1896 2449 viderentur.

555 2494 744 2570 (Vers.
773 2493 900 2563 12.)
930 2491 1078 2546 Venit
1103 2503 1322 2562 tempus,
1347 2488 1782 2562 appropinquavit
1806 2485 1933 2540 dies.
1966 2483 2080 2539 Non

479 2587 655 2642 Solum
685 2586 750 2641 ad
781 2587 1088 2642 Jerusalem
1120 2585 1342 2658 dicitur,
1372 2582 1518 2658 quod
1544 2581 1755 2637 venerit
1784 2581 1834 2636 ei
1870 2591 2083 2650 tempus

479 2680 839 2752 captivitatis,
873 2691 926 2736 et
959 2678 1472 2756 appropinquaverit
1505 2677 1623 2732 dies
1654 2692 1760 2746 quo
1785 2673 2082 2746 Babylonio

479 2774 553 2830 sit
582 2774 833 2828 vallanda
865 2773 1147 2836 exercitu;
1182 2772 1277 2826 sed
1308 2780 1364 2825 et
1393 2771 1440 2825 ei
1473 2770 1565 2840 qui
1598 2769 1891 2824 exstructis
1921 2778 1976 2821 et
2001 2769 2083 2821 di-

479 2865 662 2920 latatis
689 2859 908 2919 horreis
925 2865 1252 2932 exsultabat,
1289 2863 1544 2920 Dominus
1574 2861 1851 2934 loquitur:
1885 2860 2076 2928 Stulte,

479 2958 574 3012 hac
603 2966 751 3012 nocte
773 2958 1036 3030 auferetur
1056 2956 1227 3012 anima
1257 2965 1344 3007 tua
1375 2971 1405 3008 a
1437 2964 1522 3010 te:
1551 2970 1664 3020 quae
1686 2963 1855 3008 autem
1878 2969 2080 3024 prwpa-

476 3052 628 3116 rasti,
659 3053 808 3120 cujus
852 3058 1000 3103 erunt
1033 3047 1201 3116 (Luc.
1253 3063 1328 3113 ιι,
1375 3045 1525 3116 ‘20)?
1555 3044 1707 3102 Unde
1737 3055 1793 3100 et
1843 3049 2077 3120 Apusttt-

2203 1839 2475 1898 tulerunt:
2506 1841 2640 1907 Quia
2664 1843 2750 1916 qui
2772 1854 2922 1908 emet,
2938 1845 3006 1896 ad
3026 1846 3342 1906 venditorem
3368 1865 3471 1908 non
3491 1859 3791 1922 revertetur,

2199 1945 2324 1983 cum
2352 1929 2511 1999 juxta
2555 1931 2840 1987 historiam
2900 1937 3119 2003 penitus
3150 1951 3255 1991 non
3286 1938 3594 2008 coita-rent,
3629 1943 3796 2012 juxta

2198 2035 2480 2092 anagogen
2524 2022 2669 2078 ltuuc
2695 2039 2919 2077 sensum
2955 2025 3157 2081 habere
3183 2037 3362 2096 potest
3394 2048 3406 2084 :
3444 2042 3502 2086 ut
3546 2032 3796 2098 dicamus

2196 2127 2319 2166 eum
2348 2111 2437 2182 qui
2462 2112 2726 2170 Itaeretico
2755 2119 2932 2171 fuerat
2948 2133 3135 2178 errore
3161 2119 3451 2196 deceptus.
3479 2138 3601 2184 cunt
3636 2126 3796 2184 intel-

2194 2206 2392 2262 lexerit
2416 2208 2659 2278 magistri
2676 2210 3121 2281 fraudulentiam,
3145 2229 3486 2288 nequaquam
3509 2219 3790 2276 re\eriiad

2195 2301 2571 2365 venditorem,
2613 2300 2664 2356 id
2691 2313 2794 2372 est,
2829 2303 2895 2364 ad
2932 2305 3251 2378 magistrum
3277 2323 3291 2372 ;
3318 2307 3411 2374 δρα
3453 2323 3576 2366 eum
3607 2310 3792 2380 despi-

2191 2405 2321 2446 cere
2349 2403 2510 2460 atque
2537 2403 2918 2450 Contemnere.

2263 2485 2372 2566 7o
2396 2483 2460 2537 Et
2483 2485 2656 2538 adhuc
2677 2486 2730 2538 in
2755 2486 3036 2542 virentibus
3064 2487 3168 2542 vita
3201 2506 3401 2558 eorum,
3428 2494 3551 2566 quia
3570 2494 3698 2552 risio
3719 2495 3789 2552 ad

2190 2589 2391 2628 omnem
2419 2576 2800 2630 multitudinem
2838 2581 2952 2650 ejus
2976 2596 3078 2634 non
3120 2583 3461 2654 τρίται-(ὀξειᾶν.
3499 2584 3788 2656 Quomodo

2192 2669 2470 2736 possessio
2516 2683 2622 2723 non
2666 2681 2981 2727 revertetur
3034 2671 3103 2726 ad
3156 2673 3401 2742 priorem
3449 2674 3732 2736 dominum
3767 2717 3786 2742 ,

2189 2758 2476 2812 eversione
2509 2759 2662 2814 urbis
2693 2761 2932 2816 instante
2964 2780 2978 2816 :
3028 2764 3108 2816 sic
3155 2763 3288 2817 visio
3323 2774 3380 2818 et
3428 2767 3785 2830 comminatio

2189 2850 2556 2919 proplietalis,
2583 2867 2703 2922 quae
2726 2853 2794 2906 ad
2813 2869 3032 2908 omnem
3064 2855 3475 2912 multitudinem
3514 2859 3666 2914 urbis
3695 2860 3784 2918 αι,

2187 2941 2400 3014 rigititr,
2433 2960 2775 3013 nequaquam
2827 2949 3195 3017 regredietur,
3225 2960 3280 3005 ct
3327 2949 3482 3006 irrita
3521 2953 3644 3017 ﬁet;
3685 2954 3786 3012 sed

2188 3038 2350 3092 rebus
2377 3036 2708 3105 explebitur,
2731 3027 3040 3094 viventibus
3067 3039 3246 3097 adhuc
3270 3042 3374 3114 his,
3402 3043 3468 3098 ad
3493 3061 3628 3124 quos
3653 3061 3782 3126 pro-

480 3142 563 3196 lus
591 3159 603 3194 :
639 3141 883 3212 Tempus,
916 3140 1013 3205 ait,
1045 3139 1394 3193 abbreviatum
1440 3150 1513 3192 est
1547 3138 1601 3210 (l
1645 3137 1765 3191 Cor.
1811 3153 1902 3204 vn,
1952 3137 2074 3208 9.9).
2106 3144 2152 3210 C
2187 3130 2425 3199 Pllelalis
2455 3145 2638 3185 sermo
2668 3129 2946 3202 dirigitur.
2988 3132 3104 3194 Hoc
3146 3146 3329 3190 autem
3359 3137 3458 3204 ait,
3507 3148 3563 3190 ut
3595 3150 3784 3202 osten-

479 3236 548 3290 Et
577 3235 629 3288 in
655 3233 681 3272 δ
711 3235 820 3287 alio
849 3234 1004 3288 loco:
1047 3231 1285 3286 Prwterit
1328 3231 1465 3285 enim
1494 3231 1666 3302 ﬁgura
1697 3231 1852 3300 hujus
1901 3229 2081 3286 mundi

477 3327 839 3400 (lbid.,.5i).
874 3325 1178 3381 Notandum
1210 3323 1351 3394 quod
1386 3339 1493 3376 non
1541 3323 1592 3376 in
1639 3322 1876 3380 futurum
1910 3321 2081 3376 distu-

474 3424 621 3488 lerit,
659 3421 753 3476 sed
785 3421 851 3474 de
895 3417 1153 3490 praesenti
1197 3416 1420 3480 dixerit,
1465 3418 1714 3490 prazterit,
1744 3423 1798 3473 et
1841 3413 2081 3490 quotidie

475 3514 678 3569 labitur
711 3515 881 3583 ﬁgura
915 3511 1119 3572 iuundi.
1147 3510 1448 3582 Numquam
1475 3509 1617 3562 enim
1644 3507 1698 3564 in
1725 3507 1913 3563 eodem
1937 3517 2078 3562 statu

476 3617 761 3679 permanet
786 3624 798 3668 ;
823 3607 914 3660 sed
945 3622 1159 3673 semper
1180 3606 1540 3660 crescentium
1565 3614 1618 3658 et
1645 3602 2075 3658 decrescentium

477 3701 646 3768 ﬁgura
667 3697 1005 3768 praetervolat
1029 3695 1138 3768 69
1157 3705 1212 3750 et
1240 3703 1495 3748 mutatur.
1524 3691 1679 3748 Unde
1700 3700 1753 3746 et
1777 3691 2074 3746 Dominus:

477 3791 694 3854 Caelum,
729 3789 924 3860 inquit,
960 3797 1007 3839 et
1036 3799 1172 3839 terra
1203 3785 1477 3854 prwteribit
1511 3782 1735 3854 (Matth.
1770 3798 1922 3848 xxtv,

477 3881 572 3937 Sin
618 3889 798 3935 autem
848 3879 962 3932 iure
1001 3878 1200 3947 quibus
1239 3878 1420 3932 omnia
1452 3893 1570 3946 qua:
1613 3877 1664 3929 in
1703 3876 1904 3930 mundo
1950 3882 2076 3930 sunt

479 3988 501 4015 ε
535 3975 904 4041 continentur,
941 3981 1274 4042 praetereunt
1304 3981 1464 4042 atque
1507 3979 1910 4040 pertranseunt,
1942 3968 2070 4039 quid

473 4079 657 4141 potest
678 4069 730 4123 in
761 4067 1006 4121 humanis
1035 4065 1198 4120 rebus
1225 4078 1342 4118 esse
1371 4063 1733 4133 perpetuum?

554 4162 742 4230 (Vers.
790 4157 902 4227 15.)
953 4157 1054 4222 Qui
1092 4157 1235 4222 emit,
1289 4172 1389 4208 non
1416 4155 1632 4219 lwtetur,
1662 4160 1711 4208 et
1742 4153 1827 4221 qui
1855 4154 2029 4206 vendit
2050 4195 2066 4220 ,

475 4269 576 4307 non
597 4253 791 4319 lugeat.
809 4247 1067 4303 Naturale
1084 4255 1169 4303 est
1188 4249 1239 4300 in
1259 4246 1666 4315 possessionum
1687 4245 2068 4314 emptionelte-

473 4345 579 4399 tari
610 4361 622 4395 :
657 4343 710 4397 in
743 4341 1065 4397 venditione
1095 4341 1302 4410 lugere.
1337 4339 1472 4394 Cum
1504 4349 1686 4392 autem
1731 4337 1897 4393 instet
1948 4353 2066 4393 ser-

474 4437 614 4493 vitus
642 4445 806 4507 atque
835 4434 1143 4503 captivitas,
1165 4443 1219 4488 et
1239 4431 1491 4502 gaudium
1523 4442 1576 4488 et
1601 4432 1822 4486 tristitia
1846 4432 1898 4486 in
1917 4442 2066 4486 utro-

2187 3221 2278 3276 dat
2305 3223 2680 3276 imminentem
2705 3223 3099 3293 captivitatem,
3133 3242 3201 3280 ne
3219 3227 3518 3286 secundum
3547 3243 3782 3290 consue-

2186 3317 2426 3371 tudinem
2450 3316 2702 3371 dicereut
2737 3335 2749 3370 :
2787 3317 2940 3373 Visio
2967 3320 3082 3373 haec
3111 3319 3165 3376 in
3191 3321 3385 3396 longos
3415 3320 3534 3376 dies
3563 3325 3690 3396 erit,
3724 3333 3784 3386 et

2184 3421 2308 3480 post
2339 3423 2584 3481 tempora
2611 3414 2775 3468 multa
2801 3413 3191 3488 complebitur.
3222 3413 3524 3480 Possumus
3557 3427 3614 3478 et
3666 3418 3776 3482 hoc

2182 3506 2387 3568 dicere,
2430 3503 2572 3575 quod
2622 3516 2906 3578 postquam
2956 3507 3252 3562 recesserit
3308 3523 3336 3560 a
3376 3506 3582 3563 .ludaeis
3634 3510 3778 3578 visio

2184 3595 2524 3666 propltetalis
2549 3611 2562 3647 :
2592 3594 2700 3650 Lex
2720 3597 2854 3648 enim
2880 3606 2928 3649 et
2959 3595 3224 3672 propheta:
3247 3613 3405 3674 usque
3429 3599 3497 3651 ad
3515 3595 3775 3666 Joannem

2180 3688 2470 3761 Buptistam
2497 3688 2716 3759 (Matth.
2744 3705 2819 3754 xt,
2849 3690 2955 3758 15),
2992 3698 3114 3760 post
3164 3691 3610 3750 interiectionem
3661 3695 3776 3752 Sal-

2179 3783 2381 3837 valoris
2403 3797 2744 3853 nequaquam
2771 3783 3112 3851 regrediatur
3130 3784 3196 3840 ad
3222 3801 3338 3856 eos,
3369 3800 3469 3840 nec
3488 3788 3632 3841 ultra
3661 3803 3775 3846 me-

2178 3890 2404 3934 reantur
2431 3880 2634 3936 habere
2667 3878 2985 3948 pmphetas.
3013 3879 3516 3954 Signiﬁcanterque
3542 3881 3608 3942 ad
3648 3899 3770 3944 on:-

2180 3987 2324 4036 uem,
2359 3971 2570 4042 inquit,
2607 3972 3015 4026 multitudinem
3056 3971 3192 4027 visio
3245 3989 3353 4028 non
3399 3975 3765 4044 rcgrcdictur.

2179 4067 2326 4136 Ergo
2351 4066 2696 4136 regredietur
2720 4066 2785 4118 ad
2814 4080 2910 4122 eos
2935 4066 3025 4134 qui
3052 4081 3118 4122 ex
3151 4064 3352 4126 ludatis
3385 4065 3621 4130 Domino
3647 4083 3766 4122 cre-

2175 4159 2453 4225 diderunt,
2500 4159 2780 4230 apostolos
2821 4157 3113 4222 videlicet,
3170 4167 3224 4212 et
3263 4155 3523 4230 reliquias
3575 4159 3767 4232 populi

2172 4252 2406 4315 Judaici,
2437 4268 2557 4322 qua:
2588 4268 2653 4306 ex
2685 4249 2848 4308 Israel
2873 4252 3035 4308 salva:
3059 4251 3216 4306 factte
3239 4261 3385 4306 sunt.
3411 4251 3518 4307 Sed
3545 4268 3643 4310 nec
3672 4252 3764 4312 isti

2171 4347 2280 4401 duo
2313 4360 2506 4399 versus
2535 4345 2810 4400 habentur
2838 4347 2888 4402 in
2932 4345 3289 4418 Septuaginta
3318 4345 3580 4400 editione.

2245 4439 2309 4492 Et
2327 4441 2401 4493 uir
2414 4441 2465 4492 in
2495 4440 2768 4512 iniquitate
2782 4440 2896 4494 vita:
2908 4456 3017 4493 sua!
3031 4456 3132 4493 non
3150 4439 3548 4509 confortabitur.
3567 4437 3659 4498 LX
3675 4439 3718 4502 Χ
3742 4457 3758 4496 :

469 4546 573 4599 que
596 4537 724 4584 sunt
749 4543 904 4582 vana.
922 4525 1078 4582 Unde
1099 4536 1154 4580 et
1183 4525 1480 4593 Apostolus
1505 4541 1518 4577 :
1551 4523 1773 4594 Tempus
1798 4523 2062 4577 abbrevia-

2194 4533 2235 4587 ξι
2260 4533 2410 4588 homo
2439 4534 2488 4586 in
2513 4531 2678 4588 oculis
2706 4536 2824 4588 vita:
2844 4551 2951 4590 sum
2981 4551 3082 4586 non
3115 4533 3378 4588 obtinebit.
3413 4535 3482 4590 Et
3519 4545 3606 4590 est
3632 4551 3761 4592 sen—

469 4632 578 4676 tum
607 4632 720 4677 est:
754 4623 818 4675 de
851 4631 1056 4686 cratera,
1089 4621 1179 4691 qui
1209 4619 1398 4674 habent
1425 4636 1632 4686 uxores,
1683 4621 1756 4673 sic
1783 4620 1886 4674 sint
1913 4623 2062 4688 quasi

469 4733 574 4771 non
606 4717 848 4782 habeant,
876 4726 924 4768 et
950 4715 1038 4785 qui
1055 4717 1204 4784 ﬂent,
1233 4714 1379 4784 quasi
1403 4731 1505 4767 non
1525 4715 1708 4784 ﬂeant,
1736 4723 1786 4767 et
1811 4713 1900 4784 qui
1930 4730 2058 4784 gau-

470 4810 614 4871 dent,
642 4809 790 4878 quasi
808 4823 908 4860 non
937 4806 1286 4876 gaudeant,et
1308 4805 1398 4876 qui
1421 4816 1615 4870 emunt,
1638 4805 1786 4874 quasi
1807 4821 1909 4858 non
1941 4821 2060 4876 pos-

466 4903 694 4968 sideant,
721 4911 767 4956 et
798 4900 885 4971 qui
907 4906 1126 4953 utuntur
1155 4899 1349 4954 mundo
1380 4900 1500 4966 isto,
1519 4900 1668 4970 quasi
1709 4915 1812 4952 non
1847 4909 2060 4953 utantur

469 4997 509 5069 (l
529 4992 1034 5065 Cor.m,29seqq.).
1055 4991 1184 5048 Nam
1209 5001 1266 5047 et
1285 4992 1546 5048 diluvium
1563 5003 1808 5046 ementes
1832 5007 2060 5062 oppres—

464 5090 533 5145 sit
557 5101 722 5157 atque
738 5088 1060 5153 vendentes,
1080 5095 1140 5140 ut
1157 5084 1419 5140 Dominus
1439 5083 1678 5155 loquitur
1692 5087 1745 5137 in
1761 5083 2054 5153 Evangello

465 5181 689 5252 (Matth.
719 5181 897 5248 xxiv).

541 5275 682 5342 Quia
709 5276 792 5329 ira
820 5289 972 5345 super
1001 5287 1206 5328 omnem
1238 5272 1486 5344 populum
1519 5270 1649 5338 ejus.
1671 5267 1785 5324 Hoc
1815 5268 1869 5322 in
1925 5267 2056 5339 Sep-

533 5466 558 5496 ει
599 5454 775 5512 Penes
802 5453 1106 5516 lulianum.
1137 5463 1300 5521 atque
1331 5452 1386 5506 in
1423 5467 1532 5506 uno
1565 5451 1732 5508 Vatia.
1781 5465 1912 5512 tum,
1947 5467 2056 5505 iuo-

461 5530 626 5583 riatur
650 5543 666 5578 :
699 5527 841 5595 quod
870 5523 1069 5578 sciotus
1095 5540 1199 5576 nou
1232 5538 1392 5577 nemo
1419 5522 1488 5577 de
1512 5538 1610 5578 suo
1633 5521 1875 5591 scripsit.

531 5598 560 5642 δ
599 5597 732 5642 Cum
784 5596 899 5642 hmo.
941 5593 1247 5642 testimonia
1289 5594 1470 5642 iuncta
1511 5594 1616 5642 sibi
1663 5595 1792 5642 sint-
1847 5592 1904 5642 Vi

531 5598 560 5642 δ
599 5592 732 5660 Cum
784 5596 899 5660 huic
941 5593 1248 5656 testlﬂmlia
1281 5594 1470 5660 juncta
1511 5594 1616 5649 sibi
1663 5595 1792 5656 sint,
1847 5592 2048 5647 Victor.

460 5667 738 5738 rescripsit
787 5668 842 5730 in
884 5666 1086 5728 eodem.
1118 5681 1216 5734 [ini
1249 5666 1354 5728 alia
1397 5663 1536 5720 ιω..
1585 5663 1776 5720 Simila
1817 5665 1946 5734 quid
1995 5674 2053 5720 et

464 5740 625 5793 paulo
658 5735 879 5791 interius
909 5736 1090 5790 audet.

464 5752 625 5811 paulo
658 5752 879 5791 llllel'llls
909 5752 1090 5790 πυαει.

2171 4642 2259 4679 ειις
2284 4625 2436 4695 juxta
2469 4624 2796 4679 licbraicum
2846 4641 2858 4677 :
2892 4625 3008 4680 Non
3044 4623 3285 4698 proderit
3320 4626 3528 4696 homini
3561 4629 3762 4698 iniqui-

2171 4728 2253 4771 tas
2281 4734 2397 4780 sua,
2423 4733 2522 4772 nec
2544 4718 2592 4772 ei
2617 4717 2883 4792 praebebit
2903 4717 3141 4788 aliquam
3167 4715 3569 4780 fortitudinem.
3594 4719 3758 4776 Juxta

2168 4807 2872 4880 Septuaginta:Ethomo,
2902 4806 2928 4845 ά
2979 4810 3070 4886 qui
3121 4809 3453 4866 desideravit
3508 4813 3650 4888 quod
3705 4814 3758 4868 in

2168 4902 2374 4956 mundo
2402 4903 2617 4978 putavit
2639 4916 2762 4956 esse
2807 4903 3129 4976 pretiosum,
3159 4918 3268 4956 non
3296 4901 3600 4969 obtinebit;
3658 4904 3758 4960 sed

2166 4994 2418 5047 libertate
2447 5004 2740 5062 pereunte,
2770 4995 3052 5049 amittetur
3084 5011 3248 5050 omne
3272 4991 3414 5065 quod
3464 4995 3758 5067 pulchrum

2164 5095 2268 5141 est.
2297 5087 2844 5156 Ambiguitas'autem
2868 5087 3259 5144 Hebraicarum
3293 5087 3602 5158 litterarum
3628 5102 3716 5158 top
3739 5099 3758 5139 τ

2163 5189 2216 5234 et
2233 5193 2336 5236 van
2353 5189 2396 5245 't,
2421 5195 2542 5251 qua:
2570 5190 2778 5236 tantum
2800 5182 3176 5254 magnitudine
3195 5167 3757 5253 discernat-iturﬁecit

2164 5272 2302 5326 alios
2330 5273 2674 5342 iniquitatem,
2693 5276 2831 5330 alios
2862 5277 3042 5330 oculos
3065 5275 3443 5348 interpretari.

2238 5463 2261 5491 ο
2294 5450 2350 5506 1η
2374 5452 2502 5524 aliis
2528 5453 2704 5521 libris,
2737 5454 2937 5523 quibus
2969 5454 3082 5508 tere
3104 5457 3346 5510 concinit
3377 5467 3428 5511 et
3458 5458 3748 5524 “abantis,

2165 5523 2261 5576 Sin
2290 5532 2460 5577 autem
2483 5523 2594 5576 huic
2619 5526 2814 5588 omnia,
2841 5539 2957 5594 quae
2975 5526 3032 5578 in
3057 5527 3251 5584 mundo
3280 5535 3400 5590 sunt
3427 5523 3752 5585 continenter

2162 5603 2494 5665 praeteream,
2521 5605 2630 5652 etc.

2234 5662 2864 5790 :ﬁatilﬁllilizmllmm
2901 5666 3126 5728 Victorii
3177 5687 3310 5730 mss.
3363 5673 3454 5740 qui
3475 5687 3573 5741 pro
3606 5674 3750 5740 quod

2161 5749 2524 5792 restttutmus.
