4018 6322
497 253 562 308 7i
1738 209 1799 307 s.
1842 246 2113 306 EUSEBII
2152 244 2533 305 HIERONYMI
3721 250 3798 307 ra

494 380 604 436 que
630 362 823 435 capitis
842 403 858 429 ,
882 362 1061 418 luctus
1087 367 1171 416 est
1193 359 1412 432 signum
1434 401 1449 427 ,
1473 360 1692 433 quando
1717 360 1901 432 perdit
1930 361 2091 416 deco-
2118 368 2173 429 Α
2198 361 2491 416 sidentiuin
2522 362 2574 416 in
2617 361 2708 416 die
2752 361 2953 417 furoris
2984 361 3200 418 Domini
3225 378 3241 420 :
3272 363 3369 419 sed
3402 371 3664 420 aeternam
3696 380 3793 420 cos

496 472 616 513 rem
650 456 907 511 caisaries
933 495 949 520 ,
982 463 1038 508 et
1069 453 1533 523 pulchritudinem
1564 469 1845 509 comarum
1887 453 2095 509 amitti-

496 567 639 608 mus.
674 551 916 617 Denique
951 556 1007 603 et
1055 548 1122 602 ad
1164 546 1467 603 Jerusalem
1513 547 1715 603 dicitur
1747 565 1760 600 :
1795 546 1903 601 Pro
1932 563 2094 600 orna-

493 656 668 701 mento
697 643 881 713 capitis
902 643 979 695 tui
1005 640 1221 696 habebis
1246 640 1540 706 calvitium,
1572 651 1782 713 propter
1810 657 1971 709 opera
2005 647 2095 693 tua

494 738 662 811 (Isai.
693 753 791 803 ιιι,
823 734 957 805 17).
985 735 1053 790 Et
1072 734 1214 789 alius
1244 735 1553 805 propheta;
1589 744 1614 771 ι
1652 734 1862 798 Omnia,
1895 731 2091 802 inquit,

497 832 671 904 capita
718 831 774 884 in
822 829 963 884 omni
1012 827 1129 883 loco
1171 827 1527 896 attondentur,
1561 836 1610 880 et
1651 827 1894 880 omnibus
1935 824 2095 878 barba

493 924 708 979 radetur
740 920 895 991 (Jer.
929 937 1093 977 xtvnt
1116 967 1130 990 ,
1164 921 1285 993 57).
1321 920 1576 976 Michazas
1601 936 1818 991 quoque
1844 920 1911 973 ad
1946 934 2096 975 eam-

496 1015 621 1072 dem
653 1015 964 1072 Jerusalem
996 1032 1011 1068 :
1045 1012 1355 1080 Decalvare,
1386 1014 1479 1081 ait,
1522 1006 1572 1067 et
1607 1015 1824 1067 tondere
1848 1028 2002 1085 super
2026 1014 2090 1081 li-

492 1110 593 1164 lios
626 1108 937 1163 deliciarum
966 1118 1197 1175 tuarum,
1230 1107 1400 1161 dilata
1448 1107 1714 1161 calvitium
1775 1115 1922 1160 tuum
1963 1106 2097 1161 sicut

493 1202 672 1274 aquila
728 1202 933 1275 (Mich.
984 1218 1040 1268 ι,
1085 1202 1215 1273 id).
1268 1201 1337 1256 Et
1381 1215 1549 1270 super
1598 1201 1832 1255 mortuis
1870 1200 2095 1268 jubetur

495 1294 616 1350 fieri
638 1294 941 1349 calvitium.
965 1292 1083 1350 Soli
1100 1302 1284 1347 autem
1311 1298 1521 1358 sancti,
1547 1293 1652 1346 hoc
1677 1303 1801 1357 est,
1830 1289 2091 1353 Nazaraei,

494 1396 552 1443 et
570 1388 662 1459 qui
690 1386 757 1442 ad
792 1388 1165 1456 pontificatum
1189 1385 1407 1441 Domini
1434 1392 1754 1440 meruerunt
1777 1384 2091 1453 pervenire,

497 1496 606 1537 non
636 1480 836 1535 radunt
863 1481 1043 1551 capita
1074 1495 1170 1533 sua
1197 1479 1217 1551 (
1243 1478 1409 1533 Num.
1443 1480 1552 1548 vi).
1600 1477 1788 1547 Neque
1814 1477 1961 1532 enim
1999 1475 2094 1531 ba-

495 1574 628 1631 bent
664 1576 856 1630 mortis
887 1588 1086 1642 Opera,
1120 1588 1221 1628 nec
1249 1572 1514 1628 immundi
1558 1582 1714 1637 sunt,
1757 1571 1885 1642 quia
1923 1569 2094 1625 Naza—

496 1667 591 1724 razi
615 1707 631 1731 ,
675 1666 728 1721 id
755 1674 842 1720 est
862 1707 877 1730 ,
906 1666 1082 1721 sancti
1127 1665 1341 1719 Domini
1366 1673 1514 1720 sunt.
1555 1663 1710 1732 Quod
1741 1664 1787 1717 si
1813 1663 1966 1732 juxta
1996 1678 2093 1718 eos

2196 451 2399 507 habere
2439 452 2672 520 famem,
2703 462 2761 508 et
2805 454 2953 507 inani
2996 464 3189 509 ventre
3227 454 3502 518 cruciari,
3550 455 3795 510 ostendit

2196 545 2328 599 illud
2359 546 2732 601 testimonium
2766 548 2821 601 in
2864 563 2974 615 quo
2995 548 3198 603 dicitur
3227 568 3237 602 :
3273 548 3579 619 Redemptio
3604 550 3796 605 anima:

2198 639 2323 705 viri,
2353 640 2583 709 proprie
2615 640 2811 695 divitia:
2838 639 3025 711 (Prov.
3054 656 3171 707 xm,
3204 642 3281 711 8).
3322 641 3567 709 PrOpria:
3589 641 3795 698 divitia:

2194 740 2360 798 sunt,
2401 748 2537 803 quas
2580 748 2680 789 nos
2722 732 2930 789 Christi
2976 736 3183 790 veritas
3209 734 3395 791 docuit
3424 734 3594 796 (Luc.
3630 733 3792 806 xvi),

2194 822 2286 893 qui
2318 824 2614 894 prmcepit,
2662 837 2721 880 ut
2762 825 3024 881 faciamus
3074 826 3231 882 nobis
3261 826 3467 882 amicos
3494 829 3564 884 de
3603 828 3795 899 iniquo

2196 930 2531 982 mammona,
2556 918 2651 986 qui
2676 932 2779 972 nos
2802 919 3079 987 recipiant
3103 920 3155 972 in
3177 928 3382 973 :eterna
3408 920 3791 976 tabernacula.

2271 1007 2407 1075 Quia
2430 1010 2738 1063 scandalum
2762 1010 3050 1079 iniquitatis
3080 1027 3258 1085 eorum
3287 1016 3482 1083 factum
3503 1023 3599 1068 est.
3625 1012 3755 1068 Ideo
3776 1052 3790 1078 ,

2191 1101 2402 1171 inquit,
2437 1102 2841 1171 possidentium
2866 1119 3059 1159 aurum
3084 1116 3139 1160 et
3165 1115 3452 1176 argentum
3484 1122 3583 1163 nec
3612 1111 3797 1163 anima

2193 1195 2549 1260 saturabitur,
2582 1210 2686 1250 nec
2716 1203 2909 1250 venter
2948 1196 3291 1266 implebitur,
3324 1199 3448 1264 quia
3480 1198 3583 1254 hoc
3614 1200 3792 1268 ipsum

2192 1298 2383 1338 aurum
2406 1294 2461 1340 et
2522 1296 2846 1355 argentum,
2900 1289 3222 1344 scandalum
3273 1290 3544 1346 scelerum
3596 1306 3792 1347 eorum

2193 1378 2397 1434 factum
2427 1390 2533 1435 est.
2567 1380 2851 1449 Signilicat
2876 1390 3060 1435 autem
3090 1380 3261 1448 idola,
3291 1398 3411 1453 quae
3438 1399 3575 1440 auro
3599 1399 3794 1456 argen-

2195 1478 2356 1540 toque
2385 1472 2651 1529 fabricata
2670 1515 2684 1539 ,
2713 1489 2845 1529 suos
2872 1474 3243 1531 condemnant
3273 1476 3380 1547 [ΑΙ.
3405 1477 3793 1551 contemnunt]

2194 1563 2301 1635 75
2325 1564 2583 1621 artifices.
2628 1566 2737 1623 Pro
2780 1582 2889 1637 quo
2929 1568 3292 1639 Septuaginta
3341 1572 3742 1628 transtulerunt
3776 1591 3791 1628 :

2192 1656 2313 1723 quia
2334 1658 2597 1712 cruciatus
2627 1659 2961 1727 iniquitatum
2999 1677 3177 1714 eorum
3203 1662 3336 1732 fuit,
3371 1672 3431 1717 ut
3466 1664 3519 1718 in
3555 1679 3660 1719 suo
3690 1666 3798 1720 ini-

494 1758 767 1830 quispiam
797 1767 1047 1813 mortuus
1087 1757 1285 1825 fuerit,
1318 1771 1512 1813 omnes
1554 1756 1673 1812 dies
1717 1756 1933 1827 pristini
1980 1770 2088 1810 non
2122 1754 2169 1816 B
2195 1750 2284 1821 qui
2328 1765 2524 1807 errore
2569 1753 2910 1819 crucientur,
2942 1763 2998 1809 et
3039 1769 3099 1809 se
3156 1754 3473 1826 intelligant
3514 1758 3657 1814 male
3696 1758 3794 1815 Dei

496 1850 895 1921 reputabuntur
946 1850 1395 1905 sanctificationis
1443 1865 1657 1904 eorum.
1713 1849 1937 1905 Samuel
1996 1850 2092 1904 Dei

495 1953 723 1999 sanctus
747 1951 886 2005 erat.
918 1951 972 1997 et
996 1951 1286 2012 propterea
1314 1951 1516 1998 aeterna
1540 1941 1740 2011 capitis
1767 1952 2092 1998 ornamenta

500 2036 751 2108 possedit
781 2054 795 2091 :
827 2036 1144 2106 audivitque
1175 2034 1307 2091 illud
1345 2035 1413 2091 de
1440 2034 1665 2092 Cantico
1693 2036 2041 2092 Canticorum
2075 2052 2090 2089 :

501 2128 742 2185 Cincinni
787 2130 864 2183 tui
894 2128 1031 2199 nigri
1057 2129 1186 2181 sicut
1214 2142 1395 2182 corvus
1427 2126 1613 2196 (Cant.
1652 2142 1706 2192 v,
1742 2128 1804 2182 11
1833 2126 1877 2198 ).
1923 2126 2094 2181 Porro

499 2221 729 2277 Samson
754 2222 879 2292 quia
913 2220 1150 2291 perdidit
1175 2235 1409 2285 comam,
1452 2219 1690 2290 perdidit
1717 2219 2091 2275 fortitudinem

502 2312 721 2385 (Judic.
754 2312 875 2384 xvi)
922 2329 937 2367 :
981 2312 1349 2383 paulatimque
1381 2312 1799 2368 renascentibus
1839 2312 2089 2382 capillis,

500 2407 645 2462 vires
695 2406 914 2461 rediere
960 2405 1242 2475 pristinaa,
1289 2414 1350 2460 ut
1398 2406 1571 2461 multo
1617 2406 1802 2476 plures
1851 2407 2093 2461 moriens

500 2513 665 2569 quam
692 2498 881 2553 vivens
915 2496 1215 2553 occideret.
1258 2496 1484 2552 Elisieus
1514 2511 1648 2551 vero
1678 2496 1804 2551 licet
1845 2496 2095 2565 corporis

503 2591 730 2647 haberet
753 2589 1030 2646 calvitium
1058 2630 1072 2655 ,
1131 2601 1310 2645 tamen
1356 2589 1483 2659 quia
1531 2587 1824 2643 Nazarazus
1876 2588 2094 2643 Domini

501 2694 624 2742 erat
645 2725 662 2750 ,
690 2683 962 2740 cincinnis
985 2683 1181 2753 capitis
1212 2682 1519 2739 fruebatur.
1549 2680 1705 2738 Unde
1731 2682 1941 2753 parvuli
1965 2680 2090 2754 [ΑΙ.

502 2777 732 2852 pueri],
761 2778 886 2849 quia
918 2776 1128 2845 parvuli
1163 2785 1359 2844 erant,
1391 2786 1447 2832 et
1479 2789 1578 2831 nec
1610 2774 1737 2830 dum
1768 2775 1835 2830 ad
1876 2782 2093 2830 aetatem

501 2871 607 2928 viri
639 2878 1038 2942 pervenerant,
1081 2868 1375 2924 illudentes
1416 2867 1637 2923 calvitio
1666 2867 1785 2935 ejus
1811 2876 1974 2933 atque
2012 2866 2096 2920 di—

501 2968 720 3021 centes:
752 2962 1002 3023 Ascende,
1017 2961 1161 3016 calve
1177 2977 1197 3015 :
1217 2962 1459 3026 ascende,
1476 2960 1620 3015 calve
1643 2959 1736 3031 (IV
1752 2960 1881 3032 Reg.
1901 2959 2090 3030 11,25),

506 3055 617 3129 74
644 3057 877 3111 ferarum
904 3054 1092 3109 laniati
1114 3062 1243 3109 sunt
1266 3053 1567 3120 morsibus;
1592 3066 1822 3123 quarum
1842 3053 2015 3107 saltus
2031 3066 2094 3107 ac

501 3149 654 3207 silva:
681 3160 807 3205 sunt
832 3134 1227 3205 habitaculum.

577 3241 779 3316 (Vers.
820 3239 951 3311 19.)
984 3240 1263 3311 Argentum
1294 3254 1472 3294 eorum
1512 3238 1643 3309 foris
1671 3238 2001 3311 projicietur,
2043 3244 2093 3290 et

500 3351 690 3391 aurum
720 3350 898 3389 eorum
925 3334 981 3388 in
1011 3332 1395 3402 sterquilinium
1436 3332 1554 3386 erit.
1592 3330 1734 3386 LXX
1764 3351 1777 3386 :
1810 3331 2091 3402 Argentum

497 3445 682 3486 eorum
702 3430 755 3483 in
778 3428 968 3496 plateis
992 3427 1318 3500 projicietur,
1343 3437 1395 3481 et
1424 3441 1613 3480 aurum
1638 3442 1816 3480 eorum
1844 3427 1942 3480 erit
1968 3441 2092 3480 con-

499 3522 737 3592 temptui.
762 3520 910 3590 Fuga
939 3528 994 3575 et
1019 3518 1335 3587 captivitate
1354 3527 1584 3589 cogente
1607 3559 1622 3582 ,
1649 3516 1870 3573 divitias
1892 3528 1945 3573 et
1973 3518 2089 3573 auri

499 3617 823 3687 argentique
855 3612 1095 3685 pondera
1127 3610 1423 3681 projicient
1452 3610 1506 3666 in
1543 3610 1737 3681 plateis
1767 3628 1783 3666 :
1815 3626 1941 3665 suas
1971 3620 2090 3665 tan-

497 3716 613 3763 tum
644 3707 853 3762 animas
879 3718 1101 3761 servare
1128 3705 1414 3773 cupientes
1436 3744 1449 3764 .
1478 3718 1548 3758 ne
1578 3702 1687 3757 sint
1710 3702 1942 3773 ponderi
1969 3718 2089 3773 qua:

499 3798 653 3870 prius
683 3795 838 3852 fuere
877 3796 1129 3851 luxuriae.
1164 3793 1424 3866 Alioquin
1473 3802 1529 3849 et
1563 3793 1717 3863 juxta
1763 3808 2042 3864 anagogcn
2067 3832 2084 3861 ,

495 3889 839 3961 captivorum
862 3899 1027 3960 atque
1054 3889 1376 3960 fugientium
1401 3887 1469 3943 de
1488 3888 1793 3944 Jerusalem
1818 3902 1976 3943 omne
2000 3903 2090 3942 ar-

497 3993 721 4055 gentum
749 3981 1068 4052 projicietur
1089 3981 1141 4037 in
1177 3980 1369 4052 plateis
1390 4020 1407 4047 ,
1440 3980 1493 4035 in
1528 3979 1631 4034 lata
1660 3987 1715 4034 et
1741 3978 1977 4047 spatiosa
2001 3978 2086 4034 vis

493 4093 621 4152 qua:
640 4077 792 4135 ducit
820 4077 888 4133 ad
926 4087 1158 4134 mortem
1177 4118 1191 4142 ,
1221 4078 1349 4146 quia
1378 4084 1665 4145 angustam
1701 4072 1894 4129 salutis
1922 4071 2087 4129 semi-

492 4183 605 4233 tam
638 4175 999 4244 reliquerunt.
1031 4170 1139 4227 Sed
1167 4179 1222 4226 et
1249 4184 1416 4225 omne
1440 4183 1631 4224 aurum
1669 4169 1778 4223 erit
1804 4177 2088 4237 contemp-

492 4268 570 4325 tui
592 4311 609 4335 ,
641 4268 726 4323 vel
753 4267 809 4323 in
849 4264 1253 4335 Sterquilinium
1285 4273 1453 4335 atque
1489 4260 1888 4318 immunditiam
1924 4275 2089 4332 repu-

491 4363 719 4420 tabitur.
751 4361 871 4419 Non
919 4359 1063 4416 enim
1116 4365 1300 4429 potest
1342 4357 1545 4413 habere
1588 4355 1910 4412 munditiam
1936 4399 1950 4423 ,
1991 4357 2084 4426 qui

491 4468 649 4514 extra
678 4454 894 4511 Domini
926 4450 1233 4509 Ecclesiam
1262 4461 1366 4507 eat.

2196 1857 2426 1897 munera
2458 1844 2514 1897 in
2548 1843 2942 1913 blasphemiam
2972 1846 3335 1903 convertisse.

2270 1935 2290 2005 (
2318 1934 2471 1990 Vers.
2505 1936 2639 2006 20.)
2678 1935 2748 1991 Et
2779 1948 3139 1993 ornamentum
3177 1941 3450 1995 monilium
3498 1958 3713 1998 suorum
3736 1944 3798 1999 in

2196 2029 2486 2095 superbiam
2510 2040 2793 2097 posuerunt
2816 2072 2831 2098 ,
2857 2040 2903 2086 et
2921 2034 3175 2102 imagines
3205 2033 3649 2090 abominationum
3672 2054 3801 2091 sua-

2196 2138 2311 2176 rum
2348 2133 2397 2177 et
2435 2124 2838 2180 simulacrorum
2878 2127 3113 2196 fecerunt
3146 2146 3209 2183 ea:
3253 2146 3333 2184 eo.
3385 2130 3529 2186 LXX
3562 2151 3573 2185 :
3610 2132 3799 2187 Electa

2195 2218 2383 2272 mundi
2413 2221 2465 2272 in
2494 2221 2794 2290 superbiam
2821 2233 3144 2293 posuerunt,
3169 2234 3216 2278 et
3245 2226 3496 2297 imagines
3525 2227 3799 2283 abomina~

2196 2309 2395 2363 tionum
2428 2327 2644 2365 suarum
2664 2354 2679 2379 ,
2724 2324 2773 2367 et
2801 2313 3122 2381 offendicula
3152 2333 3248 2369 sua
3278 2328 3564 2385 posuerunt
3607 2336 3671 2374 ea:
3697 2321 3794 2375 eis.

2195 2402 2325 2469 Quae
2367 2418 2491 2475 ego,
2529 2406 2730 2476 inquit,
2781 2407 3042 2463 dederam
3096 2410 3149 2463 in
3186 2425 3571 2467 ornamentum
3620 2414 3801 2481 possi-

2196 2494 2441 2549 dentium
2471 2507 2638 2567 atque
2662 2498 2901 2566 divitias,
2938 2500 3015 2555 illi
3045 2511 3328 2557 verterunt
3354 2503 3406 2557 in
3434 2504 3750 2575 superbiam
3779 2547 3796 2574 ,

2197 2595 2258 2671 ut
2277 2588 2346 2643 de
2369 2590 2568 2658 quibus
2590 2602 2846 2660 poterant
2873 2609 2969 2662 per
2990 2594 3371 2668 eleemosynas
3383 2606 3433 2653 et
3462 2598 3602 2654 bona
3625 2615 3797 2671 opera

2195 2668 2352 2735 suam
2382 2683 2621 2738 animam
2652 2684 2889 2742 liberare
2917 2731 2931 2755 ,
2964 2703 3031 2743 ex
3061 2689 3170 2744 illis
3206 2686 3480 2747 Haberent
3504 2694 3796 2750 materiam

2195 2776 2547 2844 arrogantiae.
2596 2777 2843 2849 Denique
2888 2794 2957 2836 ex
2999 2796 3134 2836 auro
3174 2792 3229 2839 et
3273 2794 3503 2855 argento
3550 2786 3798 2844 fecerunt

2195 2865 2341 2921 idola
2364 2908 2378 2933 ,
2411 2876 2467 2923 et
2496 2884 2612 2924 mea
2645 2885 2869 2925 munera
2900 2873 2955 2926 in
2998 2872 3311 2929 daemonum
3343 2876 3643 2933 simulacra
3671 2895 3799 2935 ver-

2198 2968 2403 3013 terunt.
2453 2960 2627 3017 Porro
2677 2962 2825 3032 quod
2870 2963 3062 3020 dixere
3101 2965 3281 3033 LXX,
3317 2966 3496 3023 Electa
3522 2973 3708 3025 mundi
3739 2972 3796 3026 in

2197 3053 2488 3125 superbiam
2516 3066 2835 3126 posuerunt,
2881 3058 2949 3112 ad
2981 3074 3175 3115 aurum
3216 3072 3611 3135 argentumque
3649 3066 3798 3123 refe-

2118 3140 2163 3204 C
2197 3144 2428 3201 rendum
2477 3157 2604 3202 est:
2636 3147 2835 3217 quibus
2879 3149 2932 3205 in
2982 3153 3188 3207 mundo
3232 3154 3365 3209 nihil
3406 3168 3632 3225 putatur
3668 3173 3797 3215 esse

2193 3238 2514 3309 pretiosius.
2578 3241 2823 3312 Illudquc
2893 3244 3039 3315 quod
3089 3246 3338 3317 sequitur
3388 3266 3401 3301 :
3456 3248 3795 3315 Offendicula

2193 3350 2409 3401 eorum,
2448 3335 2681 3391 sciamus
2732 3336 2800 3392 de
2848 3337 3227 3395 Tlieodotione
3271 3341 3542 3397 additum.
3590 3342 3794 3400 Facilis

2192 3436 2374 3482 autem
2419 3441 2616 3483 sensus
2648 3438 2734 3484 est
2772 3429 2929 3498 juxta
2973 3432 3333 3503 tropologiam
3359 3477 3374 3503 ,
3405 3434 3551 3505 quod
3595 3449 3790 3491 aurum

2192 3526 2249 3574 et
2287 3532 2569 3591 argentum
2598 3562 2614 3589 ,
2647 3537 2842 3578 sensus
2876 3532 2931 3579 et
2971 3524 3185 3595 eloquia
3229 3526 3636 3597 Scripturarum
3667 3545 3793 3599 qua:

2191 3612 2365 3667 electa
2409 3624 2537 3669 sunt
2589 3616 2817 3682 mundi,
2855 3626 2911 3672 et
2960 3634 3080 3689 qua:
3114 3621 3273 3677 nobis
3316 3622 3369 3676 in
3400 3636 3790 3680 ornamentum

2191 3704 2313 3759 data
2342 3718 2501 3775 sunt,
2536 3708 2777 3764 hirretici
2816 3721 3124 3781 posuerunt
3160 3714 3213 3768 in
3254 3713 3555 3770 fomentum
3587 3726 3641 3771 et
3673 3733 3791 3771 ma-

2193 3798 2383 3855 teriam
2407 3801 2700 3871 superbiaa,
2725 3815 2774 3859 et
2801 3804 3071 3875 imagines
3096 3806 3440 3864 diversorum
3471 3809 3788 3880 dogmatunt

2189 3899 2243 3946 et
2270 3892 2739 3949 abominationum
2768 3905 2934 3967 atque
2960 3898 3421 3957 oﬂ‘endiculorum
3447 3917 3676 3958 suorum
3710 3905 3789 3959 fe-

2188 3992 2382 4038 cerunt
2410 4001 2479 4040 ex
2507 3988 2588 4041 eis
2614 4003 2627 4040 :
2662 3996 2724 4043 ut
2754 4004 2850 4059 per
2888 4005 3009 4060 qua:
3036 4001 3293 4062 poterant
3328 3995 3536 4063 colere,
3567 4006 3624 4053 et
3649 3997 3787 4053 ado-

2187 4092 2312 4134 rare
2341 4078 2509 4136 Deum
2532 4122 2548 4145 .
2577 4096 2646 4138 ex
2668 4082 2752 4137 his
2778 4084 2949 4139 Deum
2978 4084 3331 4144 olfenderint.

2260 4173 2279 4244 (
2305 4173 2462 4229 Vers.
2490 4173 2584 4230 2L
2613 4174 2632 4245 )
2665 4174 2889 4248 Propter
2926 4177 3028 4234 hoc
3059 4179 3183 4234 dedi
3211 4182 3286 4237 eis
3307 4181 3439 4237 illud
3476 4185 3530 4239 in
3556 4185 3788 4241 immun-

2188 4265 2374 4320 ditiam
2397 4283 2417 4321 :
2447 4276 2495 4322 et
2516 4267 2651 4323 dabo
2672 4268 2809 4323 illud
2840 4272 2893 4326 in
2916 4288 3101 4328 manus
3123 4276 3412 4331 alienorum
3434 4281 3502 4332 ad
3531 4280 3788 4352 diripien-

2187 4362 2311 4415 dum
2339 4378 2357 4417 :
2386 4372 2436 4416 et
2466 4363 2640 4434 impiis
2686 4373 2835 4419 terra:
2870 4366 2925 4420 in
2976 4368 3209 4440 prwdam
3230 4412 3244 4436 ,
3282 4382 3329 4425 et
3358 4374 3785 4429 contaminabunt

2188 4452 2344 4506 illud.
2369 4453 2515 4509 LXX
2537 4472 2549 4507 ε
2576 4453 2805 4522 Propter
2816 4456 2912 4513 hoc
2929 4460 3047 4514 dedi
3070 4477 3129 4515 ea
3151 4461 3264 4518 illis
3281 4468 3335 4518 in
3357 4464 3743 4521 immunditiam
3765 4482 3782 4521 :

562 4548 851 4620 Argentum
879 4563 1059 4603 eorum
1078 4588 1093 4613 ,
1124 4554 1172 4600 et
1200 4561 1388 4599 aurum
1411 4560 1592 4599 eorum
1620 4558 1725 4597 non
1746 4539 1934 4596 valebit
1957 4541 2083 4596 libe-
2108 4525 2163 4589 Ῑ)
2188 4551 2235 4597 et
2267 4543 2470 4597 tradam
2488 4559 2549 4597 ea
2570 4545 2628 4599 in
2648 4563 2830 4602 manus
2859 4550 3152 4605 alienorum
3170 4594 3185 4619 ,
3217 4563 3274 4607 ut
3312 4553 3566 4625 diripiant
3592 4573 3651 4612 ea
3676 4600 3690 4624 ,
3734 4567 3783 4612 et

488 4659 610 4701 rare
634 4658 720 4698 eos
739 4643 797 4697 in
824 4641 906 4696 die
936 4641 1129 4713 {uroris
1152 4638 1385 4692 Domini.
1415 4638 1483 4693 Et
1512 4638 1615 4693 hoc
1644 4636 1697 4691 in
1729 4634 2084 4707 Septuaginta

486 4751 596 4793 non
625 4734 879 4790 habetur.
903 4730 1049 4788 Nulli
1072 4739 1259 4786 autem
1282 4730 1503 4784 dubium
1537 4729 1669 4795 quin
1702 4728 2006 4784 obsidionis
2029 4736 2086 4783 et

484 4825 649 4884 famis
674 4838 922 4897 tempore
948 4866 964 4891 ,
991 4838 1188 4878 aurum
1216 4831 1611 4893 argentumque
1638 4823 1945 4878 esurientes
1972 4835 2082 4877 non

484 4916 728 4974 liberet:
763 4925 818 4971 et
862 4914 992 4969 illisi
1046 4913 1446 4983 pretiosissimo
1475 4914 1698 4969 metallo
1718 4914 1912 4969 dentes
1934 4956 1949 4979 ,
2001 4916 2087 4968 in-

483 5020 604 5069 star
617 5007 900 5066 durissimi
918 5007 1113 5079 lapidis
1133 5008 1519 5063 retundantur.
1538 5007 1784 5078 Denique
1804 5006 2082 5077 sequitur:

558 5105 803 5160 Animam
844 5119 994 5159 suam
1030 5118 1137 5156 non
1183 5101 1521 5167 saturubunt,
1571 5111 1618 5155 et
1662 5111 1864 5156 ventres
1904 5118 2081 5157 eorum

480 5212 587 5254 non
614 5196 987 5270 implebantur.
1021 5194 1395 5250 Praesentibus
1424 5194 1584 5250 malis
1616 5193 1909 5251 didicimus
1939 5195 2083 5250 mul-

485 5297 573 5345 tos
595 5289 799 5344 divites
834 5287 978 5343 inter
999 5286 1267 5352 sericum,
1298 5299 1543 5356 gemmas
1564 5331 1579 5355 ,
1613 5295 1668 5341 et
1693 5285 1815 5340 auri
1842 5286 2080 5357 argenti-

486 5395 599 5453 que
631 5379 873 5451 pondera
910 5386 1156 5451 egestate
1200 5376 1482 5434 confectos
1508 5421 1523 5446 ,
1566 5377 1825 5433 habuisse
1862 5377 2075 5434 exitum

487 5472 941 5531 mendicantium.
970 5474 1267 5541 Argentum
1297 5479 1478 5527 autem
1519 5478 1577 5526 et
1616 5485 1808 5526 aurum
1842 5484 2071 5538 eorum,

483 5563 581 5638 qui
606 5573 759 5622 extra
790 5562 1091 5621 Ecclesiam
1119 5573 1248 5620 sunt
1265 5606 1281 5633 ,
1306 5579 1416 5620 non
1442 5562 1676 5620 liberare
1699 5563 1908 5620 animas
1937 5578 2066 5635 pos-

556 5735 586 5768 ι
604 5727 665 5786 In
683 5726 833 5800 vulg.
855 5734 1007 5785 recte
1021 5723 1241 5782 additur
1259 5739 1460 5793 eorum,
1474 5722 1627 5795 juxta
1639 5722 1810 5781 Hebr.
1824 5732 2078 5789 tantum.

2186 4638 2545 4708 pestilentibus
2592 4650 2745 4696 terra:
2784 4643 2838 4697 in
2868 4645 3131 4716 praedam,
3169 4656 3217 4702 et
3252 4649 3483 4721 polluent
3510 4667 3596 4705 ea.
3642 4650 3783 4718 Quia

2183 4744 2248 4785 ex
2276 4746 2411 4787 auro
2450 4743 2504 4787 et
2556 4746 2810 4803 argento,
2845 4745 2903 4791 et
2939 4741 3285 4796 ornamentis
3334 4742 3615 4796 monilium
3657 4758 3784 4810 qua:

2184 4819 2447 4879 dederam
2473 4823 2556 4879 eis
2579 4864 2596 4893 ,
2631 4825 2894 4895 imagines
2924 4829 3029 4885 sibi
3058 4832 3525 4889 abominationum
3556 4848 3782 4889 suarum

2183 4917 2721 4991 simulacrorumque
2749 4922 3009 4980 fecerunt.
3034 4967 3048 4991 ,
3083 4940 3370 4999 pr0pterea
3402 4928 3530 4983 dedi
3565 4928 3646 4984 eis
3687 4930 3785 4984 illa

2188 5008 2241 5063 in
2273 5012 2675 5067 immunditiam
2699 5024 2755 5070 et
2780 5014 2835 5069 in
2876 5025 3142 5073 stercora.
3174 5018 3279 5074 Pro
3305 5021 3503 5090 quibus
3527 5021 3781 5093 Symma—

2185 5100 2320 5157 chus
2353 5103 2745 5173 interpretatus
2790 5117 2901 5175 est,
2949 5127 3233 5178 nauseam,
3280 5115 3473 5168 volens
3504 5112 3782 5171 idolorum

2183 5195 2378 5252 sordes
2401 5201 2732 5269 exprimere.
2780 5203 2847 5258 Et
2878 5205 3108 5268 tradam,
3143 5205 3342 5277 inquit,
3390 5222 3452 5262 ea
3489 5207 3544 5262 in
3582 5222 3785 5264 manus

2181 5289 2420 5349 hostium
2446 5334 2463 5361 ,
2492 5305 2545 5348 ut
2576 5294 2841 5368 diripiant
2880 5299 3061 5353 omnia
3089 5342 3102 5368 ,
3137 5310 3191 5356 et
3231 5315 3338 5356 non
3378 5311 3487 5356 tam
3518 5303 3786 5358 contami-

2183 5396 2308 5437 nem
2335 5425 2350 5450 ,
2396 5399 2558 5455 quam
2607 5388 2974 5445 contaminata
3021 5405 3145 5447 esse
3186 5392 3600 5462 demonstrem,
3658 5409 3783 5464 quac

2182 5478 2335 5546 prius
2348 5480 2679 5538 videbantur
2694 5497 2817 5539 esse
2838 5484 3210 5541 sanctissima.
3228 5486 3340 5543 Nos
3360 5503 3580 5559 quoque
3607 5488 3780 5543 tradi-

2176 5586 2302 5629 mur
2325 5574 2380 5631 in
2404 5575 2515 5647 76
2542 5592 2631 5633 ma
2648 5592 2753 5634 nus
2778 5577 3128 5636 inimicorum
3154 5587 3210 5638 et
3229 5580 3536 5639 alienorum
3560 5596 3593 5637 a
3624 5580 3738 5639 Deo
3760 5622 3777 5651 ,
