4018 6322
205 229 267 289 75
874 224 1523 289 COMMENTARIORUM
1561 224 1630 287 IN
1667 218 2106 285 EZECHIELEM
2145 220 2279 280 LIB.
2321 222 2389 282 Il.
2428 221 2582 280 CAP.
2622 222 2735 281 νη.
3378 232 3448 286 π

204 343 382 417 quando
407 341 636 400 facimus
663 353 991 400 ornamenta
1019 354 1212 400 nostra
1238 346 1533 401 simulacra
1564 345 1769 400 dzcuto-
1796 348 1840 405 Α
1872 355 2059 395 sumus
2106 339 2240 403 Dei,
2306 346 2361 393 et
2401 337 2636 408 Spiritus
2686 346 2905 395 sanctus
2950 340 3156 397 habitat
3198 340 3255 399 in
3303 345 3464 402 nobis

204 455 305 495 num
328 481 342 507 ,
369 447 424 494 et
444 437 628 492 otnnis
659 437 832 509 gloria
863 446 1049 492 nostra
1094 436 1408 505 possidetur
1438 437 1506 492 ab
1538 436 1722 506 impiis
1748 480 1762 503 ,
1870 434 2047 507 (lCor.
2074 426 3124 504 v1)possidebuntpeasimidaemones,si
3148 437 3468 495 fuerittcrra

203 534 294 591 sive
316 532 702 601 pestilentibus
739 541 923 599 terrae,
955 540 1014 587 ut
1060 546 1160 587 nos
1190 547 1301 586 suae
1330 531 1629 601 subjiciunt
1669 544 1766 601 po-
1872 538 2060 583 nostra
2112 528 2272 597 plena
2324 527 2676 600 sanguinibus
2701 569 2716 594 ,
2764 538 2817 584 et
2868 528 3128 584 habitatio
3157 531 3317 601 plena
3360 531 3473 587 ini-

203 628 376 685 testati.
1873 622 2116 693 quitatis.

257 722 421 793 (l’ers.
451 724 545 779 22.
571 724 590 793 _l
630 722 695 777 Et
721 732 948 780 avertam
973 723 1156 797 [aciem
1182 737 1345 776 meam
1371 721 1436 775 ab
1460 721 1532 775 eis
1558 736 1576 774 :
1598 728 1644 774 et
1669 719 1773 774 uio-
1949 716 2015 771 Et
2042 714 2308 788 quiescere
2336 717 2531 787 faciam
2558 716 2850 789 superbiam
2868 718 3191 789 potentium:
3229 727 3279 774 et
3306 720 3475 791 possi-

200 816 348 871 labant
367 834 627 871 arcanum
647 834 818 871 meum
840 833 859 871 :
886 827 933 872 et
956 816 1243 871 introibunt
1264 816 1318 870 in
1344 814 1479 869 illud
1515 812 1775 867 emissarii
1878 809 2071 865 dabunt
2113 811 2418 865 sanctuaria
2452 826 2653 864 eorum.
2698 809 2845 865 LXX
2873 832 2885 866 :
2932 809 3001 865 Et
3032 822 3258 867 avertam
3288 815 3471 883 fremi-

201 909 334 981 (sive
382 918 443 966 ut
492 909 849 981 Septuaginta
898 908 1298 965 transtulerunt
1341 918 1565 974 temere;
1599 905 1779 961 velut
1880 915 1987 960 tum
2020 905 2342 977 fortitudinis
2380 920 2596 959 eorum:
2638 913 2685 959 et
2724 903 3025 977 polluantur
3065 918 3244 962 sancta
3270 923 3471 962 eorum.

198 1001 542 1075 Symmachus
572 1012 628 1059 et
655 1002 984 1069 Theodotio,
1016 1005 1377 1072 irrumpentes,
1405 1011 1453 1054 et
1484 998 1730 1071 pestilens
1756 999 1777 1070 )
1880 998 2071 1054 Omnis
2118 998 2375 1069 superbia
2419 996 2648 1054 offendit
2690 998 2881 1054 Deum.
2922 998 3221 1070 Propterea
3251 1001 3479 1073 pessimi

200 1096 677 1151 etcontaminabunt
718 1096 876 1151 illud.
922 1093 1093 1162 Cum,
1126 1096 1327 1165 inquit,
1366 1104 1589 1165 propter
1614 1108 1779 1163 supe-
1881 1092 2119 1161 gentium
2160 1090 2524 1162 possidebunt
2557 1089 2751 1146 domos
2782 1093 3086 1160 potentium
3119 1103 3173 1148 et
3214 1095 3481 1163 superbo-

199 1191 352 1246 riores
398 1206 605 1246 causas
651 1190 1128 1246 abominationum
1174 1188 1363 1260 pepuli
1407 1197 1660 1244 avertero
1701 1186 1782 1241 fa-
1884 1202 2001 1241 rttm
2028 1228 2042 1252 ,
2098 1197 2153 1242 et
2199 1186 2526 1242 obtinebunt
2566 1185 2871 1241 sanctuaria
2899 1201 3113 1251 eorum,
3147 1188 3270 1257 quia
3303 1188 3479 1242 locum

200 1281 311 1338 riem
343 1298 527 1337 meam
561 1283 633 1338 ab
663 1283 766 1350 eis,
798 1291 853 1338 et
898 1298 1241 1352 nequaquam
1285 1296 1379 1337 eos
1418 1280 1612 1351 dignos
1643 1281 1781 1335 meis
1885 1279 2272 1335 sanctimoniae
2301 1292 2531 1349 Spurcus
2558 1278 2860 1350 ingreditur
2883 1321 2895 1342 ,
2926 1288 2981 1335 ct
3011 1294 3107 1334 sua
3133 1296 3257 1335 eum
3289 1290 3485 1335 conta—

198 1378 343 1431 oculis
369 1377 707 1446 judicavero
739 1394 751 1429 :
787 1387 917 1431 tunc
947 1375 1229 1431 violabunt
1267 1389 1526 1431 arcanum
1558 1388 1737 1429 meum
1765 1413 1779 1438 ,
1887 1376 2061 1431 minat
2087 1375 2454 1430 immunditia.
2503 1372 2893 1444 Significanter
2925 1384 3108 1431 autem
3132 1377 3256 1445 quia
3283 1377 3488 1447 polluta

202 1470 327 1543 quod
373 1469 659 1539 significat
716 1471 920 1526 Sancta
972 1479 1337 1534 sanctorum,
1394 1482 1493 1539 pro
1539 1480 1647 1537 quo
1689 1465 1785 1520 Se-

198 1565 484 1635 ptuaginta,
514 1565 867 1619 visitationem
900 1563 1297 1618 transtulerunt
1339 1561 1440 1634 (ut
1485 1560 1538 1615 in
1581 1558 1786 1614 sanctis

196 1658 277 1714 Dei
301 1658 470 1713 fuisse
498 1659 852 1728 prresentiam
877 1656 1328 1712 demonstrarent.
1354 1657 1369 1724 )
1394 1661 1451 1709 et
1481 1653 1789 1721 irrumpent

1890 1468 2105 1523 fuerant
2143 1467 2458 1523 sanctuaria
2500 1466 2634 1534 Dei,
2681 1478 2736 1522 et
2763 1467 3025 1522 violatum
3058 1483 3317 1524 arcanum
3348 1469 3493 1541 ejus,

1890 1578 1999 1618 non
2046 1563 2221 1629 dixit,
2263 1561 2631 1633 possidebunt
2677 1562 2990 1617 sanctuaria
3032 1577 3151 1617 mea
3177 1604 3191 1629 ,
3234 1563 3330 1619 sed
3370 1582 3495 1619 san-

1892 1657 2095 1711 ctuaria
2124 1672 2345 1711 eorum:
2376 1656 2503 1726 quia
2531 1664 2652 1725 post
2675 1656 3196 1711 contaminationem
3225 1672 3344 1713 mea
3374 1672 3497 1714 esse

198 1751 243 1807 in
266 1767 324 1806 ea
356 1750 515 1821 impii
538 1759 595 1805 et
616 1750 939 1821 pestilentes
962 1757 1120 1804 terrae
1150 1768 1163 1805 ε
1189 1764 1312 1820 quae
1333 1746 1579 1817 exceptis
1605 1759 1791 1800 sacer-
1819 1738 1869 1799 B
1894 1759 2202 1805 ceSSarunt.

199 1844 403 1901 dotibus
432 1844 671 1915 soloque
718 1842 977 1916 pontiﬁce
1025 1842 1209 1897 nullus
1252 1841 1396 1897 alius
1440 1839 1673 1894 audebat
1706 1840 1787 1892 in-

200 1946 345 1994 trare.
375 1938 538 2007 Quod
582 1939 792 1994 scimus
820 1948 875 1994 et
904 1952 934 1992 a
966 1935 1281 2008 Babyloniis
1308 1977 1323 2002 ,
1356 1943 1410 1991 et
1458 1948 1489 1987 a
1527 1949 1654 2005 rege
1682 1931 1795 1999 An;

196 2034 365 2090 tiocho
386 2032 656 2105 Cneoque
701 2032 993 2104 Pompeio,
1030 2040 1086 2086 ct
1130 2030 1196 2085 ad
1240 2037 1546 2085 extremum
1589 2024 1794 2080 factum

196 2126 426 2183 essesub
456 2125 809 2197 Vespasiano
866 2135 920 2181 et
950 2123 1101 2186 Tito,
1142 2120 1360 2193 quando
1407 2119 1668 2189 templum
1706 2133 1799 2174 ca-

197 2227 333 2289 ptum
360 2229 532 2289 atque
559 2218 890 2273 subversum
921 2224 1026 2283 est,
1052 2223 1107 2270 et
1128 2212 1310 2269 omnia
1340 2219 1651 2283 perpetrata
1677 2224 1799 2281 qua:

195 2328 421 2383 sequens
451 2313 744 2384 prephetze
779 2324 964 2367 sermo
1002 2307 1405 2379 complectitur.
1441 2316 1463 2342 η
1496 2305 1580 2361 Ad
1612 2313 1800 2360 nostra

196 2423 401 2480 quoque
428 2409 575 2464 mala
620 2421 787 2478 opera
819 2404 1020 2459 avertit
1064 2403 1211 2458 Deus
1262 2402 1457 2457 faciem
1505 2414 1661 2455 suam
1696 2416 1708 2453 :
1746 2404 1805 2454 et

196 2502 315 2572 quia
340 2516 532 2556 aversa
563 2510 653 2556 est
686 2498 857 2555 facies
881 2541 896 2565 ,
932 2496 1056 2552 ideo
1101 2495 1201 2551 Dei
1232 2494 1468 2550 violatur
1499 2507 1757 2549 arcanum
1785 2532 1801 2558 ,

196 2600 261 2648 ut
284 2609 376 2664 pro
400 2591 795 2661 sacerdotibus
814 2601 868 2646 et
902 2588 1108 2645 sanctis
1140 2588 1236 2643 Dei
1270 2587 1597 2659 pestilentes
1626 2586 1808 2654 ingre-

196 2686 431 2754 diantur,
461 2696 523 2742 et
546 2685 802 2741 universa
832 2682 1214 2739 contaminent
1243 2698 1258 2736 :
1289 2689 1349 2736 ut
1373 2682 1466 2749 qui
1499 2680 1653 2735 locus
1684 2692 1809 2734 esse

198 2779 381 2835 debuit
409 2777 742 2844 sanctitatis,
781 2778 875 2831 fiat
906 2777 1061 2832 locus
1084 2772 1471 2840 immunditize,
1496 2772 1649 2842 juxta
1674 2770 1808 2827 illud

197 2872 585 2944 Evangelicum
620 2889 635 2925 :
670 2870 870 2925 Domus
898 2868 1074 2924 Patris
1098 2870 1199 2924 mei
1229 2868 1414 2924 domus
1437 2868 1691 2922 orationis
1714 2882 1807 2921 vo-

198 2968 396 3022 cabitur
421 2992 435 3023 ;
470 2983 561 3021 ros
592 2976 766 3020 autem
794 2965 992 3037 fecistis
1022 2963 1170 3018 illam
1200 2963 1501 3036 speluncam
1542 2962 1809 3017 latronum

203 3062 434 3137 (Matth.
484 3077 577 3116 ut
600 3103 617 3129 ,
650 3061 719 3117 i3
741 3061 786 3131 ).

1967 1841 2222 1913 Angustia
2244 1840 2409 1895 adest.
2448 1838 2626 1896 LXX:
2658 1839 2979 1911 Propitiatio
2999 1843 3187 1899 veniet.
3229 1843 3390 1900 Juxta
3413 1861 3506 1901 su-

1896 1937 2168 2009 periorem
2194 1936 2468 2003 ordinem,
2502 1945 2653 1992 recte
2683 1936 2881 2008 Aquila
2914 1946 2968 1992 et
2995 1937 3303 1995 Theodotio
3335 1940 3502 1995 inter-

1899 2029 2101 2101 pretati
2158 2038 2331 2096 sunt,
2375 2029 2571 2087 adesse
2615 2033 2957 2102 angustiam:
3008 2032 3500 2106 Symmachusque,

1902 2140 2192 2180 maerorem.
2226 2122 2588 2193 Septuaginta
2618 2133 2800 2180 autem
2834 2126 2892 2179 in
2913 2126 3096 2181 medio
3120 2128 3505 2184 universorum

1902 2218 2140 2273 tristium
2164 2259 2179 2285 ,
2213 2216 2441 2273 verbum
2474 2232 2715 2288 posuere
2750 2218 2994 2274 lzetitiae:
3029 2229 3087 2274 ut
3120 2220 3356 2292 lugentis
3383 2222 3506 2278 ani-

1904 2326 2029 2367 mus
2057 2318 2416 2376 sustentetur,
2450 2319 2510 2367 et
2548 2319 2733 2381 speret
2775 2313 2919 2368 inter
2945 2313 3176 2369 adversa
3198 2355 3211 2379 ,
3247 2314 3504 2381 meliora,

1905 2404 2308 2476 Dominumque
2342 2403 2673 2475 propitium;
2718 2404 2787 2460 de
2815 2422 2922 2475 quo
2950 2408 3215 2476 scriptum
3243 2416 3328 2463 est
3355 2425 3367 2462 :
3399 2406 3513 2463 Do.

1907 2498 2081 2552 minus
2122 2496 2274 2571 erigit
2309 2496 2491 2552 aflisos
2531 2495 2653 2567 (Ps.
2689 2511 2860 2565 θην,
2894 2497 2974 2569 8).
3018 2498 3127 2554 Nos
3153 2508 3333 2555 autem
3360 2500 3509 2569 iuxta

1912 2589 2312 2663 Symmachum
2365 2590 2608 2661 priorem
2663 2592 2991 2646 sententiam
3035 2607 3157 2646 cum
3211 2594 3516 2662 posteriore

1909 2684 2319 2755 conjunxiinus,
2354 2693 2408 2738 ut
2449 2682 2795 2739 diceremus;

1983 2778 2166 2852 (Vers.
2190 2776 2310 2849 25.)
2350 2777 2605 2850 Angustia
2641 2779 3060 2851 superueniente,
3108 2781 3372 2853 requirent
3420 2799 3516 2851 pa-

1911 2890 2059 2946 cem,
2101 2884 2149 2931 et
2189 2892 2292 2930 non
2336 2874 2457 2929 erit.
2511 2873 2668 2943 Quod
2701 2873 2859 2945 juxta
2910 2875 3263 2946 Septuaginta
3289 2880 3517 2933 omnino

1912 2977 2063 3031 stare
2099 2983 2206 3023 non
2248 2976 2451 3039 potest.
2510 2966 2568 3023 Si
2613 2966 2761 3023 enim
2792 2968 3105 3039 propitiatio
3137 2970 3347 3036 veniet,
3379 2986 3516 3041 quo-

1913 3060 2078 3117 modo
2105 3069 2357 3133 quaerent
2376 3074 2594 3132 pacem,
2624 3070 2681 3116 et
2707 3076 2812 3115 non
2841 3061 3158 3117 invenient?
3182 3062 3402 3129 Quaeret
3428 3078 3525 3119 au-

273 3157 472 3231 (Vers.
499 3154 634 3227 9.3.)
664 3153 777 3209 Fac
808 3152 1211 3221 conclusionem,
1234 3150 1480 3224 quoniam
1496 3159 1633 3206 terra
1655 3149 1808 3220 plena

1920 3163 2021 3213 tem
2057 3156 2152 3212 ille
2185 3171 2397 3226 pacem,
2430 3166 2484 3213 et
2515 3170 2623 3212 non
2657 3155 2923 3223 inveniet,
2954 3158 3047 3228 qui
3073 3157 3280 3214 audivit
3303 3160 3371 3214 ab
3392 3175 3523 3232 apo-

206 3260 277 3307 est
313 3252 524 3325 judicio
568 3249 885 3323 sanguinunt
912 3290 927 3316 ,
980 3258 1027 3304 et
1076 3248 1257 3303 civitas
1311 3249 1467 3318 plena
1514 3243 1808 3315 iniquitate.

208 3343 349 3400 LXX
381 3361 395 3397 :
428 3342 497 3398 Et
526 3344 785 3397 adducam
827 3340 1285 3413 perturbationem,
1330 3340 1454 3411 quia
1483 3348 1620 3393 terra
1658 3336 1813 3408 plena

200 3438 398 3513 judicio
425 3439 767 3511 sanguinum,
801 3447 847 3491 et
878 3438 1059 3490 civitas
1100 3437 1252 3507 plena
1290 3436 1648 3505 iniquitatum.
1684 3431 1814 3488 Ver-

210 3531 331 3587 bum
357 3531 388 3569 δ
414 3532 747 3587 Hebraicum
809 3544 1043 3585 summe
1096 3529 1321 3621 (pm-1n
1346 3526 1409 3601 )7,
1455 3528 1652 3598 Aquila
1692 3542 1817 3581 con—

212 3623 529 3692 clusionem,
570 3621 940 3697 Symmachus
985 3633 1040 3677 et
1084 3619 1393 3677 Theodotio
1426 3621 1710 3680 καθήλωσιν
1761 3619 1815 3674 id

214 3725 328 3783 est,
360 3718 710 3786 conlisionem
738 3716 1083 3786 interpretati
1133 3723 1282 3770 sunt.
1314 3714 1421 3769 Pro
1446 3729 1556 3783 quo
1587 3712 1819 3782 Septua-

213 3808 355 3879 ginta
393 3824 635 3880 posuere
666 3809 860 3887 φυρμὸν
887 3849 903 3876 ,
932 3806 1080 3879 quod
1126 3822 1226 3863 nos
1277 3806 1331 3862 in
1378 3805 1819 3878 perturbationem

212 3904 501 3957 vertimus.
528 3901 721 3971 Igitur,
751 3916 784 3957 ο
812 3900 1102 3971 propheta,
1133 3901 1267 3955 iram
1309 3915 1486 3956 meam
1516 3914 1681 3970 super
1708 3905 1821 3954 ter-

216 4009 331 4050 ram
359 3995 605 4051 Judaaam
628 4038 644 4061 ,
676 4004 734 4051 et
761 4010 927 4066 super
955 3994 1145 4051 urbem
1174 3993 1480 4050 Jerusalem
1518 3992 1677 4050 brevi
1707 4007 1822 4049 ser-

215 4105 382 4145 mone
410 4089 699 4155 conclude,
730 4099 789 4145 ut
822 4090 1100 4161 quomodo
1130 4099 1275 4146 terra
1308 4089 1461 4161 plena
1503 4097 1587 4145 est
1611 4087 1821 4159 judicio

224 4184 597 4254 sanguinum,
642 4197 835 4239 omnes
882 4184 1029 4239 enim
1084 4184 1138 4238 in
1193 4182 1820 4255 sanguinejudicantur,

215 4277 516 4335 fundentes
538 4278 826 4334 innoxium
849 4278 1169 4350 sanguinem
1201 4296 1214 4332 :
1243 4279 1386 4349 quod
1410 4288 1465 4333 et
1488 4279 1542 4332 in
1570 4275 1825 4333 Nabuthe

220 4385 463 4443 persona
486 4371 593 4443 77
618 4369 812 4426 fecisse
833 4370 1054 4426 Judaeos
1076 4370 1353 4442 Scriptura
1385 4377 1779 4427 commemorat
1808 4386 1821 4424 :

1912 3254 2069 3310 stolis
2097 3272 2110 3309 :
2135 3252 2252 3308 Pam
2283 3252 2406 3307 huic
2434 3250 2848 3325 domui(Matth.
2880 3252 3043 3324 x,l2)
3063 3297 3077 3321 ,
3112 3261 3169 3309 et
3199 3269 3305 3309 non
3335 3270 3522 3311 serva-

1914 3347 1995 3401 vit
2035 3361 2155 3401 eam
2182 3386 2196 3409 ,
2250 3358 2350 3399 nec
2390 3344 2518 3399 fecit
2556 3344 2608 3398 in
2650 3358 2744 3397 sua
2782 3352 2966 3399 mente
2993 3346 3344 3414 requiescere
3368 3388 3383 3414 ,
3427 3348 3525 3404 sed

1919 3438 2078 3493 malis
2124 3437 2363 3509 fugatam
2410 3434 2671 3506 operibus
2718 3450 2825 3489 non
2862 3444 3045 3504 potest
3084 3436 3353 3494 inre-nire.
3396 3437 3525 3509 Ipsa

1918 3542 1994 3589 est
2018 3534 2129 3606 78
2154 3540 2328 3586 autem
2345 3546 2450 3603 patr
2465 3546 2578 3598 quae
2607 3538 2881 3602 exsuperat
2904 3546 3107 3584 omnem
3127 3547 3337 3585 sensum
3365 3531 3525 3602 (Phi-

1919 3629 2052 3701 lipp.
2078 3643 2153 3695 tv,
2187 3627 2277 3698 7),
2322 3633 2378 3681 et
2419 3639 2581 3695 quam
2620 3622 2689 3679 ad
2733 3623 2953 3679 Patrem
3006 3624 3181 3679 vietor
3223 3624 3528 3681 ascendens

1921 3720 2197 3787 Salvator,
2241 3717 2507 3789 apostolis
2533 3715 2829 3788 dereliquit
2864 3714 3046 3789 (Joan.
3072 3715 3204 3787 xxv).

1992 3814 2175 3886 (Vers.
2205 3811 2323 3881 26.)
2374 3809 2718 3866 Conturbatio
2766 3824 2923 3882 super
2971 3809 3418 3864 conturbationem
3444 3826 3529 3865 ve-

1924 3911 2025 3965 niet
2047 3950 2062 3976 ,
2113 3916 2164 3962 et
2204 3906 2419 3961 auditus
2444 3919 2601 3977 super
2627 3902 2885 3957 auditum.
2916 3900 3064 3957 LXX
3092 3920 3103 3956 :
3154 3901 3244 3959 Va:
3271 3921 3427 3975 super
3450 3920 3526 3960 vae

1922 4004 2052 4068 erit,
2077 4010 2127 4058 et
2153 4002 2364 4057 nuntius
2390 4014 2550 4069 super
2588 3999 2848 4053 nuntium.
2881 3996 3172 4063 Quomodo
3202 4000 3411 4055 sanctis
3442 3998 3529 4054 di-

1925 4098 2067 4153 citttr
2091 4111 2106 4149 :
2151 4093 2402 4157 Gaudete,
2432 4094 2618 4147 iterum
2641 4092 2762 4145 dico
2783 4089 3007 4165 gaudete
3038 4090 3308 4163 (Philipp.
3333 4108 3408 4162 tv,
3432 4092 3489 4165 Ξ)
3513 4110 3528 4159 ς

1926 4198 1983 4247 et.
2007 4189 2075 4246 de
2104 4188 2237 4260 ipsis
2261 4186 2530 4257 scriptum
2559 4195 2645 4241 est
2673 4203 2687 4239 :
2722 4176 2981 4238 lbunt'de
3006 4184 3194 4239 virtute
3218 4186 3271 4239 in
3294 4188 3534 4243 uirtutem

1928 4282 2052 4355 (Ps.
2083 4296 2317 4347 Lxxxtu,
2345 4279 2424 4352 8),
2458 4286 2519 4334 ut
2545 4276 2840 4349 praesentia
2862 4276 3007 4331 bona
3028 4275 3229 4332 futuris
3252 4277 3413 4334 bonis
3436 4296 3533 4336 cu-

1931 4376 2175 4433 mulent:
2204 4374 2281 4430 sic
2308 4382 2363 4430 et
2391 4373 2479 4427 his
2508 4387 2674 4443 super
2704 4384 2845 4442 quos
2868 4371 3021 4426 venit
3048 4371 3318 4442 angustia,
3361 4383 3415 4429 ct
3440 4376 3534 4446 qui

221 4463 303 4518 sic
335 4462 585 4532 ipsorum
619 4477 836 4533 quoque
881 4461 1144 4518 fundatur
1189 4477 1376 4525 cruor.
1406 4472 1460 4518 et
1509 4462 1671 4534 plena
1716 4462 1822 4515 ini-
1856 4540 1881 4543 Α
1932 4470 2268 4543 ψιωείθτιιηι
2308 4482 2500 4538 pacem
2547 4476 2603 4523 et
2651 4480 2762 4522 non
2809 4465 3139 4521 invenerunt
3164 4481 3320 4531 eam,
3351 4470 3538 4526 veniet

223 4556 452 4627 quitatis
475 4555 670 4611 civitas
708 4554 1132 4610 demonstretur.
1165 4554 1299 4610 Nam
1331 4564 1387 4610 et
1431 4556 1534 4610 sub
1577 4556 1828 4610 Manasse
1854 4540 1905 4601 Ῑ)
1932 4540 2280 4620 (έοηιιιιιιηιίο
2327 4576 2494 4630 super
2541 4558 3016 4614 conturbationem
3040 4600 3054 4625 ,
3097 4559 3214 4614 sive
3257 4576 3338 4616 va:
3369 4576 3535 4633 super

221 4652 435 4719 repleta
465 4660 549 4704 est
579 4650 714 4705 urbs
736 4648 1036 4705 Jerusalem
1074 4665 1104 4704 a
1139 4658 1295 4720 porta
1324 4664 1493 4721 usque
1524 4650 1589 4703 ad
1614 4659 1827 4720 portam
1937 4674 2018 4714 νεε
2040 4703 2055 4725 ,
2103 4657 2261 4728 juxta
2308 4653 2452 4727 quod
2499 4660 2555 4709 et
2584 4652 2638 4707 in
2666 4650 2993 4722 Apocalypsi
3022 4652 3288 4719 scriptum
3316 4665 3431 4709 est:
3464 4672 3539 4712 ra:

226 4745 507 4815 sanguine
568 4745 958 4816 prophetarum
1006 4745 1097 4817 (l,
1118 4746 1249 4819 Reg.
1302 4743 1457 4817 XXI).
1526 4744 1831 4816 Venietque
1938 4768 2101 4807 unum
2124 4751 2292 4815 abiit,
2323 4756 2372 4803 et
2420 4764 2495 4804 ra:
2524 4746 2750 4800 alterum
2778 4746 2941 4799 veniet
2972 4746 3075 4798 cito
3101 4745 3289 4816 (Apoc.
3314 4763 3389 4814 tx,
3422 4749 3537 4822 i2).

224 4840 309 4894 eis
339 4840 655 4906 conclusio,
688 4850 741 4895 et
771 4843 1112 4913 perturbatio
1143 4850 1305 4912 atque
1330 4838 1593 4904 confisio,
1628 4848 1690 4894 ut
1716 4839 1832 4894 nul-
1942 4847 2009 4903 Ει
2040 4844 2264 4900 auditus
2291 4843 2473 4898 veniet
2500 4856 2665 4911 super
2694 4838 2936 4894 auditum
2963 4882 2978 4907 ,
3014 4840 3347 4911 uuntiusque
3374 4856 3542 4914 super

223 4930 317 4988 lus
347 4933 859 4990 deimminentibus
889 4934 1123 4990 miseriis
1147 4937 1319 5005 possit
1342 4934 1595 4989 evadere.
1947 4941 2199 4997 nuntium
2228 4954 2242 5003 ;
2270 4937 2428 5008 juxta
2478 4934 2612 4991 illud
2659 4934 2805 4989 beati
2838 4932 2973 4988 Joh:
3027 4931 3156 4987 Cum
3194 4934 3368 4989 adhuc
3411 4953 3549 4992 unus

306 5028 501 5101 (Vers.
529 5031 649 5100 illi.)
682 5029 745 5083 Et
794 5029 1051 5084 adducam
1096 5030 1346 5101 pessimos
1376 5028 1441 5082 de
1479 5027 1743 5098 gentibus,
1792 5034 1841 5080 et
1946 5034 2266 5104 loqueretur,
2293 5032 2428 5086 venit
2455 5030 2591 5084 alius
2622 5028 2841 5084 nuntius
2881 5026 3025 5099 (Job.
3059 5044 3098 5091 ι.
3134 5028 3251 5101 16),
3282 5032 3422 5086 mala
3454 5047 3545 5088 au-

233 5123 588 5191 possidebunt
615 5122 793 5177 domos
814 5139 1011 5177 eorum.
1047 5123 1109 5177 Et
1136 5122 1251 5178 haec
1276 5122 1326 5177 in
1351 5121 1704 5192 Septuaginta
1730 5137 1839 5175 non
1944 5146 2077 5203 gens
2105 5129 2289 5197 malis,
2330 5136 2386 5183 et
2415 5123 2907 5197 appropinquantis
2935 5124 3223 5199 Babylonii
3264 5128 3544 5186 fremitum

235 5214 545 5272 habentur.
590 5216 695 5271 Pro
725 5216 1108 5272 sacerdotibus
1134 5226 1189 5273 et
1218 5216 1501 5288 prephetis
1522 5256 1536 5283 ,
1576 5215 1845 5286 pessimos
1952 5221 2280 5291 turbamque
2305 5218 2644 5275 describens.

238 5322 574 5368 cunctarum
608 5314 847 5384 gentium
888 5313 1154 5369 adducam
1184 5312 1532 5383 Babylonios,
1569 5321 1628 5367 ut
1652 5310 1846 5368 domos
2028 5314 2102 5369 Et
2125 5320 2359 5385 quierant
2387 5312 2631 5366 visionem
2658 5310 2723 5366 de
2755 5309 3066 5383 PrOpheta:
3108 5319 3155 5364 et
3196 5310 3284 5366 lea:
3312 5312 3497 5384 peribit
3528 5332 3562 5369 a

240 5418 463 5463 vestras
497 5408 834 5478 possideant,
880 5423 1090 5480 vosque
1121 5408 1415 5478 subjiciant
1436 5406 1709 5463 servituti.
1741 5406 1850 5464 Sed
1960 5408 2272 5475 Sacerdote,
2302 5415 2350 5462 et
2380 5406 2660 5461 consilium
2692 5422 2725 5460 a
2744 5405 3059 5460 senioribus.
3092 5404 3323 5477 Proprie
3351 5407 3569 5479 singula

243 5509 304 5559 et
350 5512 575 5558 nostras
618 5501 846 5570 domos,
897 5501 946 5558 id
979 5510 1092 5571 est,
1138 5501 1347 5557 animas
1385 5501 1673 5575 (templum
1705 5500 1853 5557 enim
1958 5511 2283 5576 quteruntur
2324 5515 2356 5556 a
2396 5499 2647 5572 singulis.
2684 5497 3015 5555 Vaticinium
3060 5497 3369 5557 futurorum
3416 5518 3567 5575 qua:-

326 5652 357 5681 ε
379 5644 570 5701 Facile
600 5642 845 5700 Victorio
882 5642 1147 5699 assentiat
1174 5658 1240 5697 ex
1262 5642 1485 5714 ingenio
1514 5640 1868 5705 rescribenti,

250 5714 338 5770 0b
369 5728 569 5781 nostra,
598 5732 698 5786 pro
719 5715 801 5769 Ad
822 5725 1016 5769 nostra.
1041 5714 1152 5771 Sed
1180 5730 1315 5770 mss.
1343 5730 1452 5769 non
1478 5714 1869 5786 suffragantur.

330 5788 359 5827 δ
396 5790 535 5844 Mss.
566 5784 756 5859 legunt
799 5786 1003 5842 Arethic
1033 5802 1154 5843 cum
1180 5786 1267 5841 iod
1301 5787 1353 5842 in
1386 5787 1514 5855 fine,
1552 5801 1658 5841 non
1688 5784 1870 5839 harat-

550 5882 834 5943 ΡΑτιιυι..
870 5880 1054 5943 XXV

3094 5867 3131 5927 3

1980 5648 2210 5727 tac‘cum
2234 5639 2469 5710 Hollem,
2493 5647 2679 5727 pun“:
2702 5634 2853 5708 juxta
2891 5644 3210 5727 contextum
3236 5638 3572 5727 hodiernum

1983 5711 2330 5770 llebraicum.
2456 5708 2462 5710 ἡ
2499 5708 2508 5727 '
3100 5708 3364 5769 Murrus.
