3996 6322
494 306 563 359 ἳϐ
1741 300 1802 356 8.
1846 296 2118 358 EUSEBII
2157 294 2535 354 HIERONYMI
3728 297 3798 351 ⁷8

490 416 631 469 ritttr
661 427 688 466 a
725 412 1008 483 propheta.
1057 410 1214 481 Legis
1237 410 1640 479 interpretatio,
1673 410 1977 465 sacerdotis
2008 410 2089 464 of—
2116 409 2167 468 A
2264 410 2333 464 Et
2360 425 2542 464 manus
2559 408 2744 480 populi
2776 416 2928 461 teme
2953 405 3400 460 conturbabuntur
3421 452 3433 471 ,
3466 405 3606 471 sive,
3637 406 3795 471 juxta

495 506 674 561 licium
716 517 817 559 est.
865 503 1114 558 Prudens
1146 501 1434 557 consilium
1471 512 1604 557 tetas
1634 509 1845 557 matura
1876 503 2091 575 perqui-

494 600 604 663 rit;
632 598 789 668 juxta
827 595 962 651 lllUd
994 595 1138 665 quod
1166 596 1428 664 scriptum
1461 602 1586 649 est:
1628 592 1689 647 ln
1715 595 1939 649 consilio
1971 611 2092 650 san-

496 702 698 746 clarum
727 688 837 762 [ΑΙ.
858 687 1149 761 justorumj
1177 696 1223 741 et
1252 688 1656 759 congregatione
1676 729 1687 750 ,
1718 704 1905 760 magna
1934 705 2092 759 opera

501 782 959 857 Domini(Ps.cx,
992 782 1136 850 με).
1172 780 1298 835 Hmc
1322 789 1502 835 autem
1527 795 1631 834 non
1656 780 1829 835 solum
1862 795 1928 836 eo
1956 790 2091 835 tem-

500 894 661 948 pore,
705 877 923 948 quando
955 876 1296 947 Babylonius
1324 884 1513 930 contra
1556 874 1857 930 Jerusalem
1900 877 2089 931 venie-

499 975 587 1027 bat
618 972 916 1036 exercitus,
957 986 986 1024 a
1018 969 1323 1040 pr0pbetis,
1369 968 1749 1024 sacerdOtibus
1776 978 1831 1024 et
1857 968 2091 1025 seniori-

494 1064 597 1120 hus
625 1063 1015 1134 qumrebautur
1038 1076 1081 1133 ;,
1106 1059 1202 1116 sed
1245 1059 1490 1130 quotidie
1520 1059 1572 1114 in
1606 1059 1873 1115 Ecclesiis
1902 1059 2088 1130 requi-

497 1169 708 1214 runtur.
754 1157 884 1225 Qua:
911 1156 956 1212 si
985 1155 1271 1224 visionem,
1303 1154 1504 1224 legem,
1535 1153 1936 1223 consiliumque
1965 1168 2091 1223 per-

495 1250 753 1314 diderint,
784 1249 984 1303 frustra
1009 1247 1303 1317 prophetas
1328 1254 1384 1301 et
1403 1244 1736 1313 sacerdotes,
1770 1253 1825 1300 et
1845 1245 2090 1300 seniores

496 1343 699 1399 habere
738 1356 799 1397 se
823 1342 1051 1412 jactant.

564 1436 749 1506 (Vcrs.
776 1435 895 1507 27.)
929 1436 1041 1490 Rex.
1071 1434 1295 1508 lugebit,
1330 1442 1376 1487 et
1418 1433 1666 1504 princeps
1694 1432 1942 1486 induetur
1970 1447 2091 1485 mm-

495 1547 613 1585 rore
636 1570 651 1596 ,
707 1530 823 1585 sive
846 1574 859 1593 ,
902 1529 1054 1598 juxta
1084 1528 1466 1598 Septuaginta,
1501 1527 1712 1580 interitu
1739 1541 1759 1579 :
1787 1525 1879 1595 qui
1908 1525 2093 1580 nescio

493 1622 623 1691 quid
653 1621 903 1677 volentes
922 1661 937 1686 ,
996 1621 1099 1675 hoc
1146 1619 1292 1691 quod
1323 1619 1390 1674 dc
1420 1618 1691 1674 Hebraico
1715 1601 1969 1673 sermone
1997 1632 2092 1672 ex-

494 1715 820 1784 pressimus,
864 1730 958 1767 rex
986 1713 1216 1783 lugebit,
1252 1712 1477 1766 omnino
1507 1720 1814 1766 tacuerunt.
1864 1709 2092 1764 Luxisse

2197 502 2581 574 Septuaginta,
2627 501 2996 556 dissolventur.
3045 497 3274 568 Quando
3320 499 3456 554 visio
3486 516 3593 554 non
3631 498 3799 556 fuerit.

2197 596 2249 650 in
2296 597 2586 666 propheta,
2621 604 2674 651 et
2705 593 2863 665 Legis
2893 593 3120 648 scientia
3146 594 3200 647 in
3242 591 3551 658 sacerdote,
3579 603 3635 649 et
3664 610 3801 648 con—

2194 689 2374 744 silium
2402 689 2455 743 iu
2484 689 2745 744 senibus:
2777 703 2979 759 rexque
3013 687 3233 753 luxerit,
3267 696 3325 741 et
3351 688 3604 758 princeps
3637 688 3802 744 fuerit

2194 783 2247 837 in
2282 798 2535 849 maerore,
2572 783 2688 838 sive
2719 783 2771 837 in
2817 783 3063 848 interitu,
3098 792 3503 851 consequenter
3524 791 3576 837 et
3605 782 3795 854 p0pnli

2195 893 2388 934 manus
2438 878 2914 934 conturbabuntur
2937 919 2949 940 ,
3001 891 3161 931 suum
3192 876 3483 946 perdentes
3515 876 3795 945 ordinem,

2192 972 2314 1029 sive
2337 971 2725 1039 dissolventur,
2757 970 3033 1043 antiquam
3060 969 3435 1026 fortitudinem
3463 986 3568 1025 non
3596 970 3803 1027 haben-

2196 1075 2294 1120 tes.
2330 1065 2674 1137 Pulchraque
2703 1081 2808 1121 non
2841 1065 3070 1136 populus
3105 1064 3196 1119 Dei
3229 1064 3458 1130 dicitur,
3492 1064 3647 1135 cujus
3681 1075 3799 1120 tur-

2194 1160 2467 1215 babuntur
2519 1175 2745 1227 manus,
2799 1168 2854 1216 et
2898 1159 3053 1230 cujus
3096 1174 3201 1214 non
3230 1169 3312 1215 est
3344 1157 3709 1229 municipatus
3744 1161 3801 1215 in

2192 1251 2373 1318 cmlo;
2407 1251 2499 1307 sed
2527 1251 2758 1322 populus
2787 1261 2948 1307 terrte
2973 1293 2987 1317 ,
3021 1250 3091 1306 de
3119 1265 3226 1321 quo
3254 1251 3514 1319 scriptum
3544 1259 3628 1306 est
3653 1267 3665 1304 :
3704 1250 3802 1306 Re-

2193 1346 2424 1400 cedcntes
2470 1363 2502 1400 a
2551 1355 2596 1398 te
2636 1360 2791 1417 super
2839 1354 3030 1399 terram
3062 1342 3348 1398 scribentur
3379 1341 3613 1415 (Jerem.
3649 1358 3758 1397 xvu
3782 1385 3799 1409 ,

2201 1436 2321 1505 15).

2267 1530 2566 1586 Secundum
2592 1531 2729 1584 riam
2755 1544 2934 1583 eorum
2967 1529 3158 1599 faciam
3183 1527 3277 1593 eis,
3304 1536 3351 1582 et
3376 1526 3489 1599 80
3513 1526 3807 1581 secundum

2186 1623 2395 1694 judicia
2413 1622 2852 1695 eornmjudicabo
2866 1636 2974 1687 eos,
3002 1620 3138 1687 sive,
3164 1629 3224 1675 ut
3245 1620 3593 1690 Septuaginta
3619 1628 3696 1673 tra
3707 1633 3773 1675 us
3787 1649 3804 1659 -

2193 1716 2466 1778 tulerunt,
2518 1715 2742 1769 ulciscar
2788 1731 2894 1770 eos.
2971 1713 3359 1770 Peccntoribus
3420 1712 3596 1767 reddit
3652 1714 3806 1768 Deus

491 1817 669 1862 autem
699 1805 1008 1873 Sedeciam,
1050 1815 1105 1860 et
1131 1821 1327 1860 omnes
1359 1806 1631 1875 principes
1675 1805 1857 1873 populi
1886 1804 2099 1859 Judmo—
2127 1794 2173 1858 Β
2196 1808 2348 1878 juxta
2384 1809 2498 1862 vias
2528 1823 2690 1875 suos,
2741 1816 2801 1863 ut
2843 1806 3244 1877 tenentjutlit'ii
3275 1808 3588 1863 veritatem.
3620 1805 3807 1861 Carle-

488 1918 609 1957 rum
636 1900 803 1957 fuisse
827 1915 1066 1956 interore
1087 1899 1387 1961 confectos,
1422 1908 1608 1952 sancta
1631 1897 1917 1967 Scriptura
1940 1911 2090 1951 com—

491 2004 776 2050 memorat.
826 1995 1124 2050 Possumus
1153 2002 1366 2057 antem,
1421 2006 1751 2062 quamquam
1786 1990 1887 2045 hoc
1918 1991 2092 2059 prima

490 2089 668 2143 fronte
714 2088 968 2142 videatur
1016 2101 1139 2141 esse
1170 2086 1571 2155 blasphemum,
1600 2099 1785 2153 regem
1816 2084 2093 2154 lugentem

487 2188 677 2235 nostra
704 2180 835 2234 vitia
867 2188 1033 2249 atque
1067 2188 1313 2248 peccata,
1354 2174 1632 2231 Christum
1658 2176 1864 2242 dicere,
1896 2175 1987 2245 qui
2013 2177 2093 2232 lo—

487 2274 670 2343 quitur
723 2273 773 2326 iu
822 2273 1091 2328 Psalmis:
1149 2272 1281 2339 Qua:
1318 2269 1525 2327 utilitas
1571 2272 1627 2325 in
1665 2272 1923 2343 sanguine
1949 2288 2084 2338 meo,

484 2367 610 2421 dum
631 2366 891 2421 descendo
921 2367 976 2419 in
997 2366 1383 2435 corruptionem
1413 2364 1532 2435 (Ps.
1556 2381 1708 2427 χχιι,
1744 2366 1832 2432 l0)
1857 2367 1880 2416 ἵ
1911 2366 1977 2419 Ει
2002 2382 2091 2435 ap-

495 2459 869 2529 propinquans
906 2458 1207 2514 Jerusalem
1260 2457 1407 2513 ﬂevit
1435 2472 1603 2525 super
1632 2472 1753 2512 eam
1779 2497 1793 2520 ,
1824 2469 1877 2511 et
1907 2456 2084 2511 dixit:

483 2555 808 2617 Jerusalem,
840 2552 1166 2617 Jerusalem,
1205 2567 1321 2621 quw
1348 2550 1542 2605 occidis
1580 2548 1895 2621 PrOpltetas,
1928 2560 1979 2603 et
2009 2551 2089 2603 la-

484 2648 635 2718 pidas
685 2647 868 2700 missos
914 2645 983 2698 ad
1024 2655 1108 2710 te;
1156 2644 1353 2715 quoties
1404 2641 1549 2698 uolui
1588 2658 1910 2715 congregare
1949 2644 2089 2710 ﬁlios

483 2748 598 2791 tuos
619 2782 633 2803 ,
672 2739 807 2792 sicut
840 2738 1043 2808 gallina
1070 2745 1355 2806 congregat
1385 2735 1478 2789 sub
1507 2736 1619 2788 alas
1662 2733 1837 2806 pullos
1865 2752 2009 2802 suos,
2038 2745 2089 2788 et

482 2832 700 2886 noluisti
728 2830 949 2899 (Matth.
980 2845 1135 2891 χχιιι,
1158 2826 1286 2898 57)ῑ
1320 2827 1430 2898 79
1456 2826 1973 2897 Principesquoque
1999 2827 2085 2881 vel

484 2928 539 2981 in
574 2926 771 2980 bonam
816 2934 1023 2995 partem
1058 2922 1293 2992 apostoli
1326 2928 1512 2984 erunt,
1555 2921 1645 2990 qui
1673 2923 1859 2991 lugent
1894 2935 2085 2990 pecea-

482 3032 659 3075 tores:
692 3020 777 3073 vel
811 3018 862 3072 in
888 3017 1220 3071 contrariam
1246 3055 1259 3078 ,
1291 3013 1374 3068 illi
1403 3013 1601 3082 quibus
1626 3014 1861 3067 dicitur:
1896 3013 2086 3066 Audite

478 3112 688 3167 verbum
720 3109 971 3177 Domini,
1017 3108 1283 3181 principes
1312 3106 1665 3161 Sodomorum
1698 3103 1856 3178 (Isai.
1887 3122 1927 3171 ι,
1967 3106 2075 3177 ll).

2199 1920 2317 1956 rum
2362 1903 2414 1956 in
2456 1902 2661 1957 sanctis
2709 1901 2928 1957 excedit
2980 1902 3199 1956 modum
3242 1900 3572 1956 clementiae.
3620 1899 3810 1968 Neque

2198 1997 2331 2051 enim
2372 1996 2646 2069 condigna:
2684 2005 2802 2050 sunt
2849 1996 3113 2062 passiones
3144 1996 3390 2068 temporis
3426 1994 3581 2067 hujus
3608 1994 3676 2047 ad
3707 1994 3804 2065 fu-

2197 2100 2369 2143 turam
2413 2088 2637 2159 gloriam
2676 2105 2790 2158 qua:
2820 2088 3132 2141 revelabitur
3176 2088 3230 2141 in
3277 2087 3424 2142 nobis
3468 2086 3642 2157 (Rom.
3673 2101 3801 2153 vm,

2200 2182 2311 2254 18).
2347 2182 2625 2252 Stipendia
2650 2185 2784 2237 enim
2810 2184 3005 2252 peccati
3029 2199 3169 2237 mors
3200 2181 3362 2254 (Ibid.
3382 2198 3456 2251 vr,
3485 2185 3604 2251 9.5),
3633 2198 3804 2253 quam

2197 2274 2387 2344 recipit
2404 2273 2819 2344 peccator-juxta
2844 2275 2956 2329 vias
2979 2292 3107 2329 suas
3128 2283 3360 2344 ctopera
3391 2275 3803 2331 sua.thcrum

2188 2365 2462 2434 justorum
2487 2367 2659 2421 virtus
2689 2366 2889 2421 fruitur
2915 2367 3129 2422 Domini
3156 2368 3427 2439 largitate.
3453 2368 3522 2423 de
3541 2369 3810 2438 qua'Pau-

2195 2458 2279 2514 lus
2315 2459 2588 2529 loquitur:
2638 2459 2850 2515 Donum
2895 2459 2994 2514 Dei
3020 2462 3125 2515 vita
3151 2472 3367 2515 (eterna.
3410 2461 3676 2530 Quodque
3703 2462 3823 2516 ad;

2192 2550 2357 2605 didit:
2393 2561 2443 2604 et
2473 2553 2757 2606 secundum
2785 2552 2989 2623 judicia
3017 2568 3191 2607 eorum
3211 2553 3463 2625 jndicabo
3501 2569 3612 2619 eos,
3664 2552 3807 2608 illud

2196 2646 2578 2716 Evangelicum
2613 2658 2810 2699 sonat:
2847 2646 2901 2700 in
2939 2663 3041 2718 quo
3068 2646 3265 2716 iudicio
3297 2647 3684 2719 judica'rcritis,
3709 2650 3819 2719 ju-

2192 2739 2451 2791 dicabitur
2474 2739 2535 2792 de
2553 2737 2692 2792 vobis
2715 2736 2933 2807 (Matth.
2962 2753 3056 2803 vn,
3092 2739 3166 2811 l).
3192 2739 3257 2793 iit
3286 2739 3663 2808 Aposmlicum
3688 2756 3699 2791 :
3734 2737 3811 2794 In

2190 2846 2291 2894 quo
2309 2831 2450 2883 enim
2469 2830 2682 2901 judicio
2699 2833 2917 2904 judims
2944 2833 3186 2897 alterum,
3222 2833 3434 2905 teipsnnt
3452 2832 3795 2887 condemnas.

2195 2921 2397 2975 Eadem
2422 2923 2559 2976 enim
2594 2925 2826 2991 operaris
2850 2940 2966 2994 qua:
2982 2925 3196 2998 judicas
3228 2924 3406 2996 (Rom.
3436 2941 3491 2988 tt,
3527 2926 3599 2997 l).

2271 3014 2338 3069 Et
2361 3016 2524 3069 scient
2564 3017 2685 3086 quia
2723 3033 2815 3087 ego
2843 3015 3121 3071 Dominus.
3174 3018 3281 3073 Iste
3328 3020 3635 3074 versiculus
3682 3019 3804 3077 frc-

2191 3119 2423 3177 quenter
2468 3110 2518 3162 in
2569 3109 2671 3164 hoc
2716 3109 2977 3179 prephcti
3029 3110 3288 3181 ponitur,
3337 3111 3479 3182 quod
3529 3113 3808 3183 supplicia

480 3204 847 3273 lnducturque
873 3242 887 3266 ,
933 3203 1082 3270 juxta
1118 3200 1471 3269 Septuaginta
1494 3239 1509 3264 ,
1560 3200 1796 3265 interitu,
1851 3199 1943 3270 qui
1975 3216 2083 3256 non
2114 3187 2160 3250 C
2193 3208 2356 3270 atque
2387 3201 2668 3254 cruciatus
2695 3212 2956 3271 sequatur
2987 3203 3213 3257 scientia
3250 3204 3365 3269 Dei,
3400 3214 3459 3259 ut
3490 3220 3651 3275 quem
3688 3224 3809 3263 non

478 3295 641 3351 habet
671 3292 1001 3349 armaturam
1028 3292 1148 3354 Dei,
1176 3307 1273 3345 nec
1298 3290 1521 3344 indutus
1541 3299 1626 3344 est
1645 3288 1888 3346 Christo.
1918 3292 2088 3359 Quot-

477 3401 599 3460 quot
623 3389 759 3443 enint
780 3389 832 3441 in
846 3384 1056 3441 Christo
1073 3384 1325 3455 baptizati
1344 3392 1486 3449 sunt,
1512 3381 1777 3438 Christum
1802 3385 2086 3440 induerunt

482 3482 682 3555 (Colat.
719 3498 797 3548 ιιι,
831 3481 948 3549 97).

2196 3294 2573 3365 intelligebant
2623 3309 2720 3366 per
2766 3294 3072 3366 beneﬁt-ia,
3131 3315 3227 3368 per
3275 3307 3545 3355 tormenta
3592 3315 3812 3372 cogno-

2194 3397 2373 3443 scant.

470 3575 3769 3599 _—.————-——-————-————————————————————_——_—.

1477 3702 1967 3812 LIBER
2055 3702 2788 3822 TERTIUS.
2859 3647 2877 3662 ’

553 4071 804 4146 τθοεο
830 4066 973 4123 Nihil
1028 4067 1246 4136 longum
1296 4072 1382 4118 est
1428 4062 1575 4131 quod
1604 4062 1766 4119 fidem
1803 4063 1994 4130 habet,
2027 4073 2087 4120 et

488 4168 667 4224 omnis
694 4173 841 4221 retro
866 4173 1167 4230 temporum
1192 4160 1369 4214 series
1394 4165 1670 4212 transacta
1694 4172 1800 4213 non
1826 4158 2080 4228 prodest:

485 4262 587 4316 nisi
639 4258 779 4313 forte
825 4256 1087 4310 bonorum
1124 4238 1359 4321 ioperum
1388 4248 1491 4304 sibi
1523 4250 1778 4305 viaticum
1808 4265 2085 4321 praepara-

484 4358 643 4423 verit,
675 4368 796 4424 qua:
822 4364 1042 4418 semper
1069 4346 1133 4401 ad
1162 4346 1361 4412 futura,
1395 4345 1567 4401 immo
1592 4345 1659 4401 ad
1688 4357 1889 4401 aeterna
1914 4345 2089 4416 respi-

2188 4074 2333 4133 dium
2354 4079 2641 4137 omisimus
2660 4124 2676 4150 ,
2706 4082 3227 4159 Scripturarumque
3254 4088 3503 4159 cupimus
3525 4093 3692 4147 verba
3730 4094 3793 4151 in

2188 4188 2351 4244 opera
2406 4186 2655 4245 vertere,
2705 4187 2761 4232 et
2814 4196 2921 4233 non
2966 4181 3155 4238 dicere
3184 4184 3410 4249 sancta,
3460 4185 3553 4240 sed
3585 4186 3803 4243 facere.

2188 4267 2343 4325 Unde
2371 4284 2560 4326 rursus
2590 4287 2618 4324 a
2662 4280 2715 4326 te
2746 4275 3093 4342 commoniti,
3125 4291 3157 4328 o
3185 4277 3339 4345 virgo
3358 4276 3567 4333 Christi
3594 4279 3805 4334 Eusto-

2189 4363 2398 4427 chium,
2431 4364 2802 4419 intermissum
2838 4365 3079 4422 laborem
3109 4371 3441 4439 repetimus,
3479 4381 3536 4427 et
3569 4372 3805 4429 tertium

481 4453 654 4517 ciunt,
691 4459 745 4504 et
772 4446 935 4502 nullis
965 4442 1211 4498 terminis
1236 4450 1611 4495 coarctantur.
1651 4439 1787 4495 Vera
1810 4441 2082 4496 sententia
2111 4445 2166 4505 D
2190 4454 2439 4510 νοιυηιρη
2469 4458 2740 4525 aggressi,
2784 4467 2875 4513 ιιιο
2913 4457 3191 4515 desiderio
3222 4463 3539 4518 satisfacere
3564 4463 3802 4522 deside-

482 4555 599 4600 est:
644 4542 838 4599 Omnia
868 4545 985 4593 orta
1015 4535 1300 4598 ocriduut,
1349 4543 1402 4588 et
1447 4541 1603 4587 aucta
1646 4541 1962 4589 senescunt.
2018 4535 2083 4587 Et

485 4638 615 4694 alibi
641 4656 654 4690 :
706 4634 849 4690 Nihil
898 4640 983 4686 est
1014 4630 1160 4683 enim
1190 4640 1361 4697 opere
1391 4635 1446 4681 et
1474 4640 1636 4681 manu
1670 4626 1870 4681 factum
1894 4669 1907 4691 ,
1937 4626 2085 4697 quod

487 4748 594 4787 non
620 4727 874 4785 conficiat
901 4731 958 4777 ct
982 4728 1269 4777 consumat
1292 4728 1556 4773 vetustas.
1586 4718 1722 4785 Quis
1750 4717 2002 4773 crederet
2029 4728 2088 4771 ut

489 4825 660 4880 totius
689 4819 840 4875 orbis
866 4825 1151 4873 exstructa
1181 4813 1432 4867 victoriis
1462 4811 1636 4865 Roma
1663 4820 1949 4865 corrueret
1969 4851 1985 4877 ,
2028 4821 2087 4865 ut

487 4920 598 4986 ipsa
635 4913 749 4969 suis
782 4909 998 4981 populis
1044 4917 1097 4962 et
1142 4915 1316 4960 mater
1366 4905 1519 4958 fieret
1554 4915 1606 4958 et
1639 4903 1987 4972 sepulcrum:
2030 4910 2090 4957 ut

490 5019 598 5066 tota
627 5005 887 5069 Orientis,
935 5000 1177 5072 Egypti,
1233 4996 1433 5051 Africa:
1466 4996 1645 5050 littora
1676 4995 1805 5049 olim
1839 4995 2081 5050 domins-

486 5102 639 5157 tricis
677 5098 860 5162 urbis,
907 5108 1186 5149 servorum
1223 5100 1277 5144 et
1313 5089 1635 5144 ancillarum
1668 5103 1899 5142 numero
1928 5102 2083 5143 com.

490 5196 773 5266 plerent’ur
820 5207 833 5243 :
883 5198 943 5242 ut
985 5184 1232 5257 quotidie
1277 5191 1464 5238 sancta
1510 5181 1817 5245 Bethleem,
1872 5182 2085 5237 nobiles

487 5288 761 5359 quondam
818 5282 1098 5348 utriusque
1148 5292 1345 5340 sexus,
1399 5286 1562 5345 atque
1601 5273 1853 5329 omnibus
1882 5273 2085 5329 divitiis

486 5381 799 5442 afﬂuentes,
827 5374 1127 5441 susciperet
1156 5369 1568 5423 mendicantes?
1592 5368 1804 5437 Quibus
1822 5368 2080 5438 quoniam

487 5487 647 5537 Opem
672 5470 820 5525 terre
846 5482 952 5521 non
980 5478 1294 5535 possumus,
1321 5461 1697 5522 t-ondolemus,
1730 5468 1788 5514 et
1814 5461 2082 5530 lacrymas

490 5562 744 5633 lacrymis
772 5559 1093 5630 jungimus:
1137 5554 1500 5625 occupatione
1537 5556 1712 5609 sancti
1756 5554 1937 5623 operis
1965 5569 2083 5609 sar-

488 5660 632 5724 cina,
664 5656 790 5709 dum
818 5654 937 5709 sine
967 5650 1173 5723 gemitu
1207 5650 1548 5703 coolluentcs
1581 5648 1771 5705 videre
1802 5665 1907 5703 non
1941 5650 2078 5720 pati~

486 5766 631 5817 mnr,
660 5746 1073 5818 explanationes
1104 5745 1156 5799 in
1202 5740 1490 5810 Ezechiel,
1524 5751 1579 5799 ct
1605 5756 1743 5811 pene
1772 5756 1935 5798 omne
1963 5749 2079 5798 stu-

2189 4564 2371 4603 ramus
2404 4568 2415 4604 :
2466 4550 2596 4606 illud
2628 4562 2681 4607 et
2714 4564 2764 4608 te
2791 4564 2846 4608 et
2888 4564 3120 4611 caeteros
3152 4557 3243 4627 qui
3289 4557 3486 4613 lecturi
3529 4568 3656 4614 sunt
3684 4560 3798 4618 dc-

2190 4655 2507 4711 prccantes,
2553 4655 2610 4698 ut
2638 4661 2743 4700 non
2774 4647 2916 4702 vires
2944 4657 3162 4704 uestras
3183 4690 3198 4717 ,
3257 4650 3355 4707 sed
3397 4664 3579 4707 votum
3608 4656 3806 4712 consi-

2187 4733 2380 4788 dcrent
2404 4775 2420 4800 ,
2469 4751 2699 4805 quorum
2731 4737 2964 4794 alterum
3007 4740 3322 4811 fragilitatis
3347 4743 3618 4812 humanae,
3650 4747 3803 4803 alte-

2188 4845 2305 4882 rum
2337 4838 2538 4884 sancta:
2564 4843 2646 4884 est
2677 4831 2729 4885 in
2759 4831 2990 4887 Domino
3028 4834 3348 4891 voluntatis.

2255 4920 2363 4994 81
2397 4923 2546 4994 (Cap.
2582 4922 2712 4979 VIII.
2740 4957 2810 4965 —
2846 4926 2996 4983 Vers.
3032 4928 3107 4999 l.)
3142 4928 3209 4983 Et
3236 4930 3429 4999 {actum
3460 4944 3534 4989 est
3562 4935 3615 4989 in
3642 4953 3803 4993 anno

2185 5027 2346 5083 sexto,
2376 5019 2427 5072 in
2458 5030 2603 5073 sexto
2644 5036 2835 5088 mense,
2861 5023 2914 5075 in
2953 5024 3133 5093 quinta
3157 5027 3371 5089 mensis,
3415 5044 3508 5100 ego
3541 5028 3799 5085 sedebam

2187 5108 2238 5161 in
2266 5108 2418 5163 domo
2444 5126 2574 5175 mea,
2601 5121 2648 5164 et
2670 5129 2817 5167 senes
2832 5110 2977 5170 Iuda
2997 5116 3243 5172 sedebant
3260 5134 3437 5173 coram
3459 5137 3559 5176 me.
3581 5121 3800 5187 Quinto

2185 5218 2330 5257 anno
2383 5205 2872 5276 transmigrationis
2921 5208 3242 5277 Jechonim,
3303 5225 3501 5286 quarto
3555 5231 3795 5288 mense,

2185 5296 2369 5365 quinta
2400 5298 2620 5366 mensis,
2651 5302 2987 5367 sapor-iorem
3024 5306 3290 5362 visionem
3324 5307 3520 5363 factam
3560 5309 3626 5363 ad
3657 5326 3802 5380 pro-

2188 5388 2400 5456 phetam
2449 5391 2678 5460 legimus
2736 5394 2859 5450 llrc
2891 5409 3069 5451 autem
3106 5415 3265 5467 quam
3322 5415 3464 5455 nunc
3501 5416 3799 5470 exponere

2185 5482 2456 5549 volumus,
2500 5496 2653 5540 sexto
2695 5501 2840 5542 anno
2880 5488 3126 5555 ejusdem
3161 5492 3332 5560 regis,
3364 5504 3522 5547 sexto
3565 5509 3791 5567 mense,

2186 5577 2373 5646 quinta
2405 5579 2608 5633 mensis
2639 5580 2773 5635 facta
2801 5597 3159 5639 memoratur.
3189 5585 3263 5639 Ex
3297 5602 3404 5656 quo
3434 5590 3793 5657 perSpicuum

2185 5680 2267 5727 est
2290 5680 2411 5741 post
2434 5688 2636 5729 annum
2655 5684 2707 5730 et
2733 5674 2873 5730 duos
2897 5692 3118 5734 menses
3135 5678 3251 5735 haec
3278 5681 3417 5735 facta
3432 5696 3554 5751 qua:
3574 5685 3791 5754 scripta

2185 5775 2334 5832 sunt,
2363 5773 2419 5822 et
2438 5763 2525 5822 vel
2559 5765 2925 5824 intermissam
2958 5784 3055 5841 per
3083 5784 3286 5828 annum
3312 5780 3365 5828 et
3394 5770 3533 5829 duos
3562 5787 3797 5834 menses
