4018 6322
205 315 265 372 7⁷
886 329 1548 399 COMMENTARIORUM
1589 342 1655 400 IN
1696 344 2130 408 EZECHIELILII
2172 352 2300 411 LIB.
2345 356 2430 415 III.
2475 358 2630 418 CAP.
2674 363 2810 423 VIII.
3438 379 3464 423 τ

3446 406 3457 431 ι

206 434 549 504 prophetiam
569 483 584 508 ,
633 444 719 499 vel
776 459 874 515 per
924 458 1068 507 totos
1117 456 1534 525 quatuordeeim
1586 476 1804 518 menses
1830 472 1879 530 Α
1909 468 2177 536 profundo
2200 482 2351 540 sunt,
2381 476 2594 546 plantas
2625 482 2904 552 lgoeorum
2935 488 3128 559 pedum
3174 500 3360 548 tenere
3382 509 3501 553 cre-

200 538 361 597 gesta.
410 548 539 601 qua:
584 539 841 606 superior
872 557 1055 598 sermo
1085 550 1348 605 contexit.
1403 552 1575 608 Sexto
1618 567 1799 611 autem

200 638 331 678 anno
362 634 423 679 et
460 638 623 683 sexto
652 647 859 701 mense,
888 646 944 691 et
969 640 1155 707 quinta
1189 643 1280 698 die
1308 650 1535 711 mensis,
1580 651 1669 719 qui
1702 666 1800 705 nu-

200 717 323 772 meri
355 717 425 772 ad
450 719 717 780 fabricam
749 730 935 784 mundi
977 733 1310 801 referuntur,
1347 753 1398 794 et
1427 738 1534 812 [ΑΙ.
1562 717 1651 816 ad]
1675 759 1801 799 car-

198 822 317 863 neos
360 824 589 878 sensus,
641 818 734 886 qui
789 829 1005 878 terrena
1053 829 1421 899 conspiciunt,
1468 843 1524 887 et
1567 836 1795 891 necdum

195 904 429 960 oetestia
458 910 929 981 contemplantur.
962 916 1158 974 laetam
1186 923 1525 991 prophetiam
1567 942 1673 984 non
1697 930 1798 984 mi-

196 996 419 1065 rabitur,
470 1000 567 1067 qui
605 1004 674 1056 ad
721 1006 1077 1078 presbyteros
1112 1010 1249 1067 Juda
1277 1029 1589 1073 sermonem
1633 1019 1793 1091 dirigi

194 1085 538 1144 intellexerit.
576 1092 619 1148 Ε
666 1096 865 1163 quibus
915 1104 1261 1172 septuaginta
1310 1109 1572 1164 tenebant
1622 1085 1797 1187 tlturig

194 1180 325 1245 bula,
356 1193 416 1237 et
446 1184 648 1254 viginti
677 1190 919 1261 quinque
951 1194 1004 1247 in
1037 1202 1243 1265 templo
1266 1200 1569 1257 adorabunt
1593 1207 1787 1272 solem,

194 1274 515 1346 sedebavlue
553 1285 817 1351 propheta
868 1287 920 1342 in
952 1288 1119 1346 domo
1150 1308 1245 1348 sua
1281 1294 1492 1365 fugiens
1539 1300 1791 1369 frequen-

194 1369 305 1423 tiam
352 1372 767 1443 multitudinis;
812 1388 870 1435 et
912 1396 1076 1439 senes
1104 1385 1243 1441 ludo
1290 1389 1561 1448 sedebant
1603 1409 1788 1450 coram

190 1476 266 1527 eo,
293 1464 382 1519 vel
427 1467 713 1535 prophetae
760 1473 925 1528 veer
963 1478 1154 1534 audire
1194 1482 1498 1552 cupientes,
1530 1486 1612 1541 vel
1660 1488 1790 1544 insi-

190 1553 391 1611 diantes
422 1563 777 1618 sermonibus
819 1565 961 1634 ejus.
1009 1570 1503 1646 Signiﬁcanterque
1531 1578 1789 1637 dicuntur

188 1662 336 1705 senes
365 1650 532 1721 δυάδι,
565 1666 623 1710 ut
655 1659 788 1715 nihil
816 1662 884 1716 ad
917 1663 1111 1733 Ial'ilCI,
1144 1668 1247 1725 hoc
1274 1683 1356 1727 est
1383 1673 1450 1728 ad
1473 1674 1659 1730 decem
1694 1677 1783 1731 tri.

190 1745 297 1810 ilus,
324 1762 450 1817 qua:
477 1751 635 1819 prius
659 1765 834 1824 captae
854 1756 1089 1825 fuerant,
1115 1763 1210 1819 sed
1229 1764 1296 1821 ad
1323 1781 1418 1822 eos
1437 1770 1527 1838 qui
1552 1769 1620 1825 de
1646 1770 1786 1826 tribu

186 1836 308 1892 inde
332 1856 461 1896 cum
491 1841 762 1902 Jeehonia
791 1849 941 1906 ducti
972 1864 1131 1910 erant
1163 1857 1213 1911 in
1243 1836 1643 1930 captivitatem,
1678 1865 1784 1920 dici
1818 1864 1862 1931 Β

186 1931 575 2002 intelligamus.

253 2024 435 2094 (νει-ε.
468 2027 557 2097 2.)
588 2028 657 2083 Et
701 2034 887 2089 cecidit
931 2054 1089 2106 super
1124 2057 1203 2095 me
1228 2043 1301 2097 ibi
1346 2061 1527 2100 mamts
1569 2046 1781 2105 Domini

188 2114 294 2172 Dei.
323 2116 395 2172 Et
428 2122 558 2186 ridi,
589 2135 641 2178 et
668 2142 783 2182 ecce
812 2129 1098 2186 similitudo
1127 2138 1275 2204 quasi
1302 2150 1537 2209 aspectus
1562 2141 1697 2213 ignis
1718 2144 1781 2198 ab

186 2224 379 2278 aspectu
405 2214 703 2272 lumborum
734 2223 870 2291 ejus,
899 2230 948 2279 et
977 2224 1215 2282 deorsum
1248 2231 1378 2301 ignis
1417 2248 1435 2286 :
1464 2243 1511 2288 et
1533 2252 1563 2289 (ι
1592 2233 1780 2292 luntbis

184 2310 283 2375 ejus
302 2318 349 2361 et
373 2324 589 2364 sursum
615 2354 633 2376 ,
663 2317 811 2382 quasi
835 2329 1071 2389 aspectus
1096 2323 1388 2393 splendoris
1408 2338 1511 2393 “ut
1530 2328 1663 2383 visio
1682 2332 1781 2383 ele-

181 2400 288 2452 ctri.
321 2399 500 2457 LXX:
538 2402 606 2460 Et
642 2410 784 2477 facta
809 2421 882 2463 est
912 2427 1068 2481 super
1096 2432 1176 2469 me
1213 2433 1398 2472 manus
1425 2399 1778 2476 Αιῖᾶὗῖἷκῖῖδῖ

182 2490 298 2544 oliui
342 2510 361 2544 :
409 2505 455 2549 et
486 2496 596 2550 vidi
626 2508 674 2551 et
715 2516 831 2555 ecce
859 2503 1151 2561 similitudo
1197 2510 1345 2577 quasi
1374 2514 1567 2579 species
1612 2514 1705 2568 uiri
1745 2533 1778 2570 α

182 2583 361 2639 lumbis
390 2592 529 2661 ejus,
563 2599 611 2643 et
639 2592 881 2647 deorsum
906 2596 1064 2666 ignis,
1091 2609 1137 2651 et
1166 2618 1196 2654 a
1218 2600 1402 2656 lumbis
1434 2606 1566 2674 ejus,
1594 2617 1639 2662 et
1660 2624 1778 2663 sur-

173 2695 283 2731 sum
330 2679 577 2756 quasi
630 2685 755 2740 visio
808 2705 953 2745 aura:
995 2696 1033 2757 “,
1065 2696 1216 2762 quasi
1265 2696 1392 2750 visio
1454 2699 1648 2753 electri.
1681 2700 1772 2757 Vi-

174 2785 289 2825 rum
310 2814 327 2837 ,
348 2772 613 2832 Hebrteus
634 2794 818 2836 sermo
849 2798 955 2836 non
990 2786 1255 2842 continet.
1302 2786 1561 2845 Visionem
1591 2802 1775 2851 autem

174 2881 331 2931 aure.
350 2883 473 2939 quae
489 2872 541 2925 in
561 2871 915 2945 Septuaginta
933 2893 1038 2932 non
1058 2880 1309 2949 habetur,
1323 2883 1391 2939 de
1403 2883 1778 2946 Theodotione

174 2958 501 3018 addidimus.
530 2964 594 3019 Et
621 2981 719 3035 pro
746 2983 814 3025 eo
838 2970 981 3037 quod
1010 2989 1107 3027 nos
1129 2973 1388 3042 diximus,
1419 2979 1600 3033 cecidit
1621 2998 1775 3053 super

176 3068 251 3105 me
294 3071 479 3110 manus
521 3054 780 3126 Domini,
824 3061 1192 3129 Symmachus
1250 3070 1552 3138 transtulit,
1590 3072 1774 3128 incidit

180 3146 299 3199 milii
334 3149 446 3221 83
494 3168 680 3228 manus
728 3153 959 3224 Domini,
990 3159 1134 3228 quod
1183 3160 1235 3215 in
1267 3161 1534 3219 IIebraico
1575 3167 1773 3222 dicitur

1904 560 2068 617 dendi
2090 577 2233 620 sunt.

1976 676 2155 746 (Vers.
2190 681 2268 755 5.)
2302 681 2370 737 Et
2416 688 2601 743 emissa
2634 692 2922 749 similitudo
2943 716 3127 755 ntunus
3157 706 3497 778 apprehendit

1901 788 1981 825 me
2001 774 2052 826 in
2074 776 2310 832 cincinno
2330 782 2515 851 capitis
2537 784 2653 841 mei.
2693 784 2872 845 LXX:
2906 792 2973 847 Et
3006 774 3499 859 extendit'similitu-

1901 864 2073 920 dinem
2106 886 2308 939 manus,
2338 884 2385 928 et
2416 880 2692 950 assumpsit
2734 899 2812 937 me
2838 886 2891 939 in
2922 887 3124 955 [imbria
3145 896 3343 952 uerticis
3373 902 3496 957 mei.

1903 955 1969 1011 Et
1998 958 2084 1013 hic
2129 963 2428 1029 similitudo
2464 987 2674 1037 manus.
2713 991 2820 1031 non
2871 978 2982 1049 ipsa
3012 999 3203 1040 manus
3248 992 3494 1047 extendi-

1895 1345 1997 1399 que
2028 1338 2525 1407 comprehenditur.
2557 1344 2611 1402 Si
2639 1350 2783 1405 enim
2816 1352 2867 1407 in
2895 1355 3127 1428 colubri,
3166 1364 3244 1419 \el
3279 1364 3330 1419 in
3361 1382 3493 1436 qua-

1896 1426 2145 1483 Iibetalia
2164 1432 2455 1491 bestiarum
2478 1441 2837 1502 similitudine
2855 1426 3121 1522 tetigisset
3143 1426 3486 1530 prophetam,

1894 1520 2005 1591 ipsa
2056 1522 2444 1588 dissimilitudo
2500 1534 2875 1597 membrorum
2931 1549 3221 1605 terruisset
3273 1568 3488 1609 assum-

1893 1628 2063 1688 ptum.
2097 1623 2335 1699 Parsque
2366 1633 2847 1705 comprehenditur
2870 1643 3219 1715 capillorum,
3252 1649 3375 1720 quia
3407 1661 3492 1708 t0-

1892 1710 1998 1765 tius
2048 1718 2534 1785 apprehensionem
2595 1730 2811 1798 capitis,
2854 1730 3089 1792 humana
3137 1749 3329 1795 natura
3381 1760 3486 1799 non

1890 1804 2141 1862 sustinet.
2170 1810 2277 1866 Pro
2322 1816 2583 1886 cincinno,
2643 1821 3001 1895 Septuaginta
3050 1830 3160 1903 83
3195 1835 3487 1892 transtule-

1891 1906 2015 1952 runt
2038 1902 2351 1973 κράσπεδον,
2384 1906 2434 1962 id
2466 1919 2550 1965 est
2571 1912 2859 1982 ﬁmbriam:
2890 1902 3127 1990 quorum
3170 1925 3399 1982 alterum
3434 1927 3489 1983 in

1886 1990 2121 2061 capillis,
2157 1995 2385 2053 alterum
2422 1998 2473 2056 in
2507 2005 2745 2062 vestibus
2775 2011 2949 2082 accipi
2983 2013 3143 2068 solet.

1962 2104 2025 2159 Et
2053 2106 2261 2164 elevavit
2306 2130 2386 2168 me
2426 2119 2641 2190 spiritus
2670 2124 2800 2178 inter
2831 2135 3025 2183 terram
3050 2140 3107 2203 et.
3136 2133 3337 2188 coelum.
3372 2134 3489 2191 Pri-

1885 2210 2031 2251 mum
2064 2200 2425 2261 similitudine
2450 2224 2643 2266 manus
2666 2200 3131 2288 apprehenditur;
3159 2236 3347 2292 postea
3373 2228 3484 2282 ele-

1885 2301 2042 2346 vatur
2085 2308 2113 2346 a
2163 2295 2400 2365 spiritu,
2444 2302 2537 2372 qui
2584 2306 2810 2377 spiritus
2856 2326 2963 2365 non
3016 2328 3138 2370 eum
3186 2319 3367 2375 statim
3415 2320 3483 2375 ad

1882 2383 2081 2439 emtum
2116 2384 2279 2453 levat,
2308 2392 2404 2446 sed
2439 2394 2581 2451 inter
2611 2406 2810 2455 terram
2837 2412 2891 2457 et
2920 2405 3140 2473 omium,
3172 2419 3228 2462 ut
3272 2419 3483 2467 terrena

1885 2474 2099 2532 interim
2133 2478 2544 2554 derelinquens,
2580 2487 2803 2549 festinet
2831 2494 2897 2548 ad
2929 2497 3152 2553 omium.
3189 2500 3484 2560 Possumus

1881 2579 2064 2626 autem
2097 2582 2149 2629 et
2174 2573 2275 2631 hoc
2303 2578 2510 2649 dicere,
2541 2584 2684 2651 quod
2716 2596 2941 2659 propter
2971 2592 3109 2647 bona
3136 2610 3328 2663 Opera,
3353 2614 3479 2668 pro-

1883 2660 2040 2731 pheta
2091 2667 2452 2729 similitudine
2501 2690 2699 2734 manus
2741 2679 2834 2737 Dei
2882 2685 3258 2754 apprehensus
3302 2692 3397 2756 sit,
3425 2701 3482 2747 et

1882 2767 2102 2826 propter
2139 2761 2429 2821 scientiam
2490 2783 2673 2825 rerum
2714 2760 3103 2844 ‘spiritualium
3156 2780 3403 2838 elevetur
3449 2799 3481 2839 a

1879 2849 2097 2919 spiritu.

1952 2966 1971 3040 (
1982 2968 2133 3026 Vers.
2152 2973 2228 3045 ὁ).
2250 2972 2318 3029 Et
2337 2977 2559 3035 adduxit
2582 2997 2662 3038 me
2689 2985 2744 3039 in
2755 2983 3048 3044 Jerusalem
3065 2992 3119 3045 in
3148 2996 3338 3050 risione
3360 2998 3475 3067 Dei,

1869 3062 2026 3131 juxta
2054 3066 2245 3121 ostium
2274 3070 2491 3127 interius
2530 3076 2669 3141 quod
2699 3080 3003 3147 respiciebat
3033 3085 3367 3157 Aquilonem,
3394 3062 3479 3147 ubi

1877 3169 1985 3213 erat
2008 3169 2258 3218 statutum
2300 3165 2499 3223 idolum
2533 3168 2648 3225 Ζευιὶ
2678 3174 2747 3227 ad
2778 3180 3162 3244 provocandam
3189 3186 3480 3241 tantulatio-

178 3246 489 3298 'TEPBPIIGL
507 3227 893 3314 (59:1).Manus
912 3227 1094 3307 autem
1117 3256 1387 3329 ἐνέργειαν,
1405 3255 1457 3312 id
1480 3268 1583 3327 est,
1607 3274 1772 3330 opera
1803 3271 1849 3336 ρ
1880 3268 2015 3307 nem.
2051 3254 2118 3308 Et
2147 3274 2264 3312 ecce
2284 3259 2357 3314 ibi
2385 3263 2555 3332 gloria
2589 3264 2683 3320 Dei
2704 3266 2891 3333 Israel,
2923 3274 3211 3330 secundum
3231 3281 3478 3336 visionem

174 3332 465 3401 signiﬁcat,
498 3348 556 3394 ut
582 3341 815 3397 visionis
844 3346 1014 3413 possit
1042 3360 1384 3405 sacramenta
1414 3367 1768 3421 cognoscere.

178 3423 241 3478 Et
270 3426 375 3483 hoc
394 3431 880 3498 considerandum.
912 3438 1057 3507 quod
1088 3456 1195 3497 non
1229 3442 1377 3511 ipsas
1411 3445 1596 3502 videat
1628 3450 1771 3503 veri-

178 3526 340 3585 tates;
368 3522 467 3579 sed
500 3523 919 3585 similitudinem
953 3531 1112 3601 ignis,
1146 3535 1273 3603 quia
1307 3550 1337 3590 a
1369 3536 1571 3593 lumbis
1597 3555 1771 3611 usque

176 3607 420 3667 den-sum
459 3617 600 3687 ignis
631 3622 920 3690 apparuit;
967 3635 1021 3679 et
1050 3640 1080 3679 a
1130 3624 1330 3683 lumbis
1367 3644 1585 3685 sursum
1614 3634 1766 3704 quasi

176 3716 415 3772 aspectus
449 3710 782 3778 splendoris,
817 3724 873 3767 ut
898 3715 1034 3770 visio
1065 3717 1276 3773 electri.
1313 3719 1415 3774 Pro
1446 3722 1766 3791 splendore,

174 3802 255 3868 qui
286 3802 333 3855 in
373 3802 639 3861 Hebraico
666 3806 868 3863 dicitur
900 3826 999 3864 zon
1041 3812 1218 3883 (ῪΠ),
1251 3830 1432 3867 auram
1464 3812 1767 3874 Theodotio

174 3894 469 3961 transtulit,
503 3905 559 3950 ut
592 3898 643 3951 in
674 3901 927 3969 supernis
960 3901 1054 3957 Dei
1086 3904 1366 3976 refrigeria
1401 3907 1763 3966 demonstret.

173 3982 417 4056 Denique
443 3998 499 4043 et
531 3990 589 4043 in
618 3990 826 4062 Regum
856 3997 1135 4051 volumine
1167 3997 1358 4052 beatus
1384 4000 1529 4055 Elias
1556 4001 1763 4060 adven-

172 4086 279 4131 tum
308 4080 527 4136 Domini
558 4098 667 4139 non
698 4085 751 4140 in
785 4097 1115 4157 tempestate
1143 4093 1546 4161 contemplatur
1574 4107 1627 4151 et
1652 4109 1766 4153 tur-

169 4166 309 4237 bine,
355 4188 469 4227 non
511 4172 563 4229 in
597 4174 740 4247 ignis
768 4180 1090 4247 ardoribus;
1122 4184 1217 4241 sed
1266 4186 1317 4240 in
1350 4196 1576 4256 aspectu
1617 4204 1763 4247 aura:

167 4267 343 4321 tenuis
383 4278 550 4338 atque
584 4271 897 4341 lenissime,
940 4286 999 4333 ut
1030 4277 1123 4335 Dei
1166 4278 1575 4349 Omnipotentis
1606 4300 1760 4340 man-

162 4360 506 4418 suetudinem
531 4368 942 4436 eomprobaret.
983 4371 1162 4441 Opera
1190 4385 1371 4430 autem
1402 4378 1600 4440 coitus.
1641 4394 1761 4449 quae

162 4454 540 4523 signiﬁcantur
564 4459 618 4515 in
664 4462 890 4529 lumbis,
944 4481 1114 4535 astute
1142 4467 1402 4525 deorsum
1426 4511 1441 4535 ,
1477 4471 1601 4541 igne
1631 4489 1759 4543 pur-

162 4557 375 4615 gantur.
410 4550 482 4605 Et
507 4568 675 4621 opera
720 4556 1007 4623 virtutum,
1036 4576 1157 4630 eme
1189 4578 1217 4615 a
1264 4562 1463 4619 lumbis
1500 4565 1569 4620 ad
1598 4581 1757 4636 supeo

1876 3363 2030 3412 quam
2061 3350 2295 3406 videram
2325 3354 2377 3408 in
2400 3372 2601 3427 campo.
2637 3358 2819 3418 LXX:
2852 3361 2918 3418 Et
2948 3368 3171 3423 adduxit
3199 3387 3279 3425 me
3310 3375 3361 3426 in
3388 3374 3478 3429 Je-

1874 3440 2097 3494 rusalem
2128 3444 2180 3497 in
2212 3445 2407 3499 visione
2437 3446 2540 3502 Dei
2568 3452 2635 3503 ad
2661 3454 2968 3509 vestibulum
2993 3469 3155 3526 porta:
3176 3481 3291 3533 qua:
3312 3468 3479 3538 respi-

1873 3532 1940 3585 cit
1973 3534 2311 3604 Aquilonem:
2344 3539 2431 3592 ubi
2450 3550 2562 3596 erat
2580 3553 2754 3599 statua
2776 3548 3109 3618 possidentis.
3222 3572 3336 3611 erce
3363 3532 3473 3612 erat

1871 3626 1941 3680 ibi
1960 3628 2128 3699 gloria
2162 3629 2368 3685 Domini
2407 3632 2507 3690 Dei
2538 3634 2704 3694 Israel
2731 3644 3011 3699 secundum
3041 3648 3287 3704 visionem
3316 3669 3473 3723 quam

1870 3720 1978 3773 uidi
2004 3722 2059 3777 in
2090 3739 2296 3798 campo.
2338 3727 2451 3783 lloc
2480 3741 2663 3787 autem
2694 3735 2837 3805 quod
2870 3737 2923 3791 in
2958 3739 3282 3809 quibusdam
3321 3720 3476 3802 codi-

1870 3812 2025 3869 cibus
2068 3820 2359 3887 reperitur.
2534 3824 2602 3878 Et
2641 3827 2694 3880 in
2740 3839 2913 3885 statua
2952 3833 3229 3907 imaginem
3286 3836 3312 3877 ιι
3366 3838 3467 3895 Ze-

1869 3906 1907 3960 li
1936 3912 1972 3975 ⁶,
2005 3910 2074 3965 de
2098 3911 2478 3974 Theodotione
2506 3920 2750 3977 additum
2789 3936 2895 3979 est.
2931 3926 3156 3997 Reliqua
3199 3932 3472 3990 similiter.

1868 4000 2096 4069 Quando
2117 4005 2280 4063 dicit:
2314 4010 2534 4066 adduxit
2562 4030 2643 4069 me
2665 4015 2716 4069 in
2736 4015 3027 4074 Jerusalem
3060 4022 3113 4074 in
3130 4023 3467 4096 oisianeDei,

1867 4096 2108 4150 ostendit
2132 4112 2193 4155 se
2213 4115 2319 4155 non
2351 4103 2405 4156 in
2432 4118 2688 4174 corpore,
2713 4108 2809 4164 sed
2830 4110 2882 4164 in
2910 4112 3104 4180 spiritu
3135 4130 3261 4171 esse
3286 4126 3466 4175 trans-

1865 4184 2056 4242 latum.
2090 4188 2249 4246 Juxta
2276 4209 2441 4263 quam
2482 4198 2745 4255 visionem
2792 4217 3079 4271 possumus
3114 4218 3165 4261 et
3190 4210 3381 4277 cmlos,
3409 4221 3458 4269 et

1864 4279 2132 4349 profunda
2157 4286 2340 4351 maris,
2365 4300 2420 4345 et
2443 4289 2653 4347 inferna
2680 4297 3024 4365 conopicere,
3054 4300 3183 4355 dum
3214 4303 3449 4360 rationes

1863 4373 2201 4439 singulorum
2216 4380 2997 4455 cogitationecompleetimnr.
3020 4390 3261 4448 Primum
3273 4404 3448 4453 autem

1863 4466 2089 4522 venitad
2120 4470 2468 4540 vestibulum,
2492 4476 2637 4545 quod
2669 4479 2891 4550 respicit
2913 4481 2979 4535 ad
3011 4483 3356 4555 Aquilonem,
3395 4506 3426 4545 u

1862 4558 1935 4615 ibi
1978 4560 2148 4616 videat
2184 4574 2421 4621 statuam
2457 4568 2582 4623 idoli
2609 4569 2722 4626 Zeli
2752 4572 2817 4626 ad
2846 4578 3249 4643 provocandam
3294 4599 3433 4639 mmu

162 4638 300 4695 riora
339 4656 703 4714 consurgunt,
752 4649 1099 4718 splendorem
1148 4654 1354 4711 habent
1393 4666 1559 4727 atque
1587 4658 1760 4730 fulgo—

1884 4654 2161 4721 ationem;
2209 4666 2265 4711 ut
2295 4658 2365 4713 de
2398 4660 2491 4714 illo
2524 4662 2645 4717 loco
2674 4665 2851 4734 possit
2880 4666 2947 4722 ad
2990 4669 3251 4726 interiora
3296 4690 3434 4743 pene

162 4748 295 4799 rem,
317 4745 377 4790 et
404 4745 591 4794 tamen
618 4756 719 4797 nec
746 4743 887 4813 ignis
906 4761 1083 4815 usque
1110 4747 1177 4802 ad
1207 4748 1374 4818 pedes
1394 4750 1627 4817 dicitur;
1656 4768 1758 4811 nec

160 4828 418 4893 splendor
447 4830 639 4887 electri
664 4849 836 4904 usque
854 4836 925 4892 ad
948 4846 1133 4908 caput,
1156 4840 1251 4895 sed
1279 4840 1539 4897 deorsum
1562 4855 1621 4899 et
1642 4859 1759 4900 sur—

162 4936 303 4987 sum,
353 4933 411 4978 ut
460 4926 650 4980 tamin
681 4932 1061 4997 peccatoribus
1091 4948 1248 5003 quam
1297 4936 1350 4991 in
1399 4938 1627 5003 sanctis,
1659 4954 1760 5008 pro

161 5018 479 5075 diversitate
506 5024 848 5091 meritorum,
880 5027 1018 5081 alius
1051 5042 1225 5099 usque
1252 5029 1321 5085 ad
1354 5031 1482 5087 illud
1526 5041 1580 5089 et
1620 5032 1756 5089 illud

163 5113 509 5181 membrum;
540 5116 685 5172 alios
723 5132 895 5189 usque
923 5118 990 5174 ad
1024 5120 1117 5174 illa
1145 5130 1200 5176 et
1230 5121 1321 5178 illa
1352 5124 1653 5191 perveniat.
1687 5124 1758 5181 Et

162 5209 433 5276 quomodo
456 5211 548 5279 qui
580 5213 961 5268 sanctitudinis
1003 5214 1390 5283 perfectionem
1425 5226 1638 5285 tenent,
1686 5218 1754 5274 ad

165 5303 419 5359 verticem
462 5320 637 5377 arma
684 5307 1028 5376 perveniunt,
1056 5309 1135 5365 sic
1174 5311 1267 5380 qui
1297 5311 1351 5367 in
1406 5323 1752 5382 peccatorum

160 5508 169 5537 ’
228 5517 253 5544 ⁸
284 5510 479 5573 Antea,
502 5524 801 5579 nmen,
831 5512 987 5565 initio
1015 5512 1223 5581 absque
1242 5514 1595 5583 aspiratione.
1621 5514 1752 5569 Cod.

169 5580 443 5645 Sangerm.
477 5576 797 5652 antiquiss,
831 5585 969 5653 apud
1003 5576 1398 5667 Monilauemn,
1427 5600 1726 5667 alterum...

227 5650 255 5689 δ
288 5652 566 5707 Ilus-tenus
606 5650 900 5737 inanilesth
930 5670 1118 5741 errore
1161 5658 1396 5741 t‘ihtinuit
1427 5658 1479 5708 in
1501 5657 1761 5741 valgatis

168 5722 307 5776 libris
335 5725 471 5789 cali,
522 5741 623 5792 pro
650 5726 766 5788 zeli,
799 5726 945 5797 quod
991 5727 1283 5781 emendare
1327 5742 1434 5781 non
1483 5722 1760 5783 dubiiavi-

168 5809 293 5855 mos,
328 5806 565 5864 cogente
592 5812 853 5852 mortem
896 5799 1260 5868 expositionis
1283 5807 1565 5867 emitexlu,
1598 5808 1763 5869 atque

165 5865 266 5934 ipsa
292 5867 564 5924 Theodot.
597 5869 855 5925 versione
881 5865 980 5932 τῆξ
1000 5870 1187 5933 εἰκόνος
1206 5876 1298 5927 τοῦ
1321 5872 1491 5937 ζήλου.
1517 5865 1576 5926 In
1598 5865 1762 5927 Com-

1864 4757 2034 4811 ll‘ut‘c,
2067 4759 2118 4803 ct
2154 4765 2383 4809 cernere
2413 4753 2642 4824 reliqua,
2675 4774 2799 4828 quae
2828 4770 3016 4831 postea
3051 4764 3435 4824 describuntur

1862 4842 2108 4898 Statuam
2158 4856 2339 4901 autem
2377 4848 2504 4902 idoli
2551 4849 2677 4905 Baal
2712 4852 2765 4906 in
2810 4856 3014 4924 templo
3062 4858 3153 4911 Dei
3198 4861 3442 4935 positam,

1861 4949 2044 4992 narrat
2074 4938 2323 4995 historia.
2359 4940 2699 5010 Pulchreque
2741 4947 3044 5015 appellatur
3074 4951 3275 5006 idolum
3301 4953 3442 5010 Zeli.

1859 5031 1984 5100 quia
2014 5032 2081 5087 ad
2104 5033 2517 5090 temulntionem
2541 5046 2596 5091 et
2624 5038 2804 5094 zelum
2829 5040 3119 5098 Dominum
3154 5057 3429 5116 provocat;

1857 5122 2012 5192 juxta
2058 5126 2188 5179 illud
2218 5128 2362 5197 quod
2406 5128 2458 5182 in
2500 5130 2927 5190 Deutcronomio
2955 5136 3155 5193 dicitur
3182 5159 3192 5192 :
3222 5140 3334 5211 Ipsi
3373 5159 3451 5197 ma

1861 5231 2263 5287 prouocauerunt
2284 5223 2354 5276 ad
2367 5223 2535 5277 selum
2558 5225 2610 5280 in
2636 5243 2694 5281 eo
2717 5228 2805 5295 qui
2825 5246 2926 5285 non
2955 5240 3065 5289 erat
3087 5232 3259 5287 Deus:
3291 5245 3339 5288 et
3364 5252 3459 5305 ego

1859 5315 2142 5385 provocabo
2182 5331 2266 5372 eos
2298 5316 2365 5371 ad
2401 5321 2572 5374 solum
2602 5321 2656 5374 in
2684 5333 2834 5392 gente
2875 5341 2988 5397 qua
3016 5344 3117 5381 non
3158 5337 3232 5381 (ἐι
3276 5325 3462 5397 (Deut.

1867 5525 2299 5596 mentum-teque
2333 5518 2386 5596 in
2438 5518 2729 5596 Sophonim
2767 5538 2886 5594 cap.
2922 5541 2973 5580 ιε
3018 5525 3082 5580 In
3124 5536 3342 5596 tantum,
3380 5533 3469 5587 in.

1866 5589 2005 5652 quit,
2037 5586 2226 5656 Italus,
2259 5598 2305 5642 οι
2346 5589 2619 5655 Beniamin
2656 5586 2900 5670 mundat
2940 5599 3273 5670 impietatem.
3310 5586 3367 5659 ut
3410 5607 3466 5661 in

1867 5658 2084 5731 Tentplo
2134 5660 2365 5727 Domini,
2394 5666 2552 5741 iiua'ta
2583 5666 2923 5741 quod_scribit
2963 5658 3225 5741 E'zecltiel,
3265 5658 3316 5729 et
3354 5658 3463 5733 Re:

1867 5747 2082 5799 gnarum
2122 5742 2358 5819 (μίξινιυὶ
2384 5735 2511 5815 liber
2546 5737 2786 5802 ostendit,
2831 5749 3061 5819 statuam
3102 5735 3260 5809 Baa'l,
3309 5764 3463 5819 quam

1865 5788 2145 5875 imaginem
2169 5801 2281 5858 Zeti
2316 5804 2564 5875 Dominus
2606 5788 2786 5871 vocat:
2808 5815 3077 5869 statuerint
3109 5828 3155 5870 ct
3197 5789 3260 5871 in,
3282 5788 3460 5873 ein/ent

1867 5870 2161 5941 sanctuarii;
2194 5876 2335 5929 idola
2358 5884 2403 5929 et
2434 5870 2712 5933 Dominum
2734 5870 2927 5950 pariter
2956 5890 3180 5943 venerati
3206 5892 3328 5953 sint,
3359 5904 3464 5946 etc.
