3996 6322
459 328 536 386 79
1712 326 1773 385 S.
1815 323 2091 387 EUSEBII
2122 322 2509 386 IIIERONYMI
3691 319 3768 381 80

462 441 660 513 χχχιι).
703 438 877 498 Porro
916 438 1041 511 quia
1074 438 1224 498 zelus
1252 450 1309 497 et
1337 441 1617 512 possessio
1643 442 1786 513 quod
1816 443 1930 516 84
1956 444 2059 497 llc-
2091 444 2145 506 Α
2170 462 2250 500 me
2279 461 2299 501 :
2319 445 2430 500 Fili
2459 445 2701 515 hominis,
2735 445 2856 517 fode
2890 444 3162 516 parietem.
3191 442 3395 499 Etcum
3423 437 3765 516 perfodissem

467 536 653 592 braice
703 536 901 591 dicitur
948 550 1086 591 certa
1135 537 1345 623 (amp),
1398 536 1594 592 eodem
1636 545 1661 573 ει
1714 537 2061 609 appellantur

462 629 710 697 nomine,
746 644 843 697 pro
872 638 1041 684 statua
1064 628 1196 695 Zeli,
1229 630 1605 702 Septuaginta,
1639 639 1863 685 statuam
1891 631 2060 701 possi-

465 720 654 783 dentis,
697 720 1043 790 interpretati
1088 730 1239 776 sunt.
1273 720 1520 793 Denique
1542 721 1762 793 quando
1792 730 1954 778 natus
1980 728 2065 775 est

463 810 595 866 Cain
624 852 637 876 ,
693 808 929 879 Possedi,
963 811 1138 883 inquit
1195 826 1395 882 parens
1421 856 1435 882 ,
1472 813 1731 868 hominem
1776 830 1867 883 per
1898 812 2061 868 Deum

464 902 677 977 (Cenes.
712 920 785 965 tv.
825 906 898 976 I),
928 906 1280 974 possessione
1313 907 1573 975 hominis,
1598 909 1664 964 ad
1694 908 1831 965 Cain
1865 925 2063 965 nomen

462 995 735 1053 alludens.
787 996 977 1063 Ibique
1008 1008 1127 1053 erat
1175 999 1351 1070 gloria
1397 1000 1492 1057 Dei
1536 1000 1735 1070 Israel,
1767 1018 1876 1058 non
1918 1003 2066 1072 quod

461 1089 831 1147 delectaretur
871 1092 965 1147 tali
993 1092 1229 1159 vicinia;
1261 1094 1360 1149 sed
1392 1104 1455 1150 ut
1484 1097 1568 1151 sui
1614 1098 1911 1168 praesentia
1949 1097 2068 1153 ido-

461 1184 572 1240 lum
614 1184 753 1256 Zeli,
803 1188 1185 1259 templumque
1220 1189 1455 1246 deleret.
1488 1191 1644 1248 Unde
1688 1202 1745 1248 et
1774 1192 2067 1249 subversio

461 1278 612 1334 urbis
644 1280 939 1351 templique
983 1290 1109 1352 post
1135 1282 1303 1339 breve
1333 1292 1549 1355 tempus
1594 1286 1868 1356 sequitur.
1915 1287 1983 1341 Et
2011 1286 2065 1341 iu

461 1370 601 1425 Isaia
633 1370 894 1442 scriptum
923 1383 1029 1439 εει,
1054 1374 1199 1443 quod
1232 1374 1407 1430 lectus
1434 1386 1698 1447 angustus
1724 1392 2065 1449 nequaquam

462 1461 601 1519 duos
630 1465 833 1533 capiat,
857 1474 910 1521 et
943 1465 1167 1535 pallium
1203 1465 1370 1523 breve
1402 1476 1695 1537 utrumque
1721 1471 1941 1539 operire
1960 1485 2067 1525 non

461 1555 636 1627 possit
659 1554 794 1628 (Isa.
816 1556 1005 1630 xxvnt)
1024 1576 1037 1625 ;
1059 1559 1409 1629 significante
1438 1562 1723 1632 Scriptura
1749 1563 1882 1618 illud
1926 1564 2071 1634 Apo-

461 1653 620 1708 stoli:
654 1653 755 1719 Qui
788 1672 1067 1712 consensus
1106 1655 1308 1713 Christo
1335 1668 1381 1713 et
1416 1659 1629 1716 Belial?
1662 1659 1873 1734 Templa
1901 1660 1999 1715 Dei
2026 1672 2071 1716 et

460 1744 602 1799 idolo
634 1744 699 1816 (ll
729 1744 851 1801 Cor.
885 1763 980 1813 vn,
1010 1747 1145 1820 25)?

2164 541 2429 612 parietem,
2459 540 2707 612 apparuit
2732 541 2924 595 ostium
2950 554 3131 594 unum.
3164 536 3231 591 Et
3258 537 3395 591 dixit
3420 536 3490 589 ad
3520 551 3600 591 me
3629 551 3647 589 .'
3676 532 3773 589 In-

2164 634 2397 705 gredere,
2431 646 2477 689 et
2507 633 2620 688 vide
2641 634 3051 689 abominationes
3098 633 3377 703 pessimus,
3419 648 3549 702 quas
3576 630 3662 683 isti
3690 629 3775 699 fa-

2164 729 2308 783 ciunt
2363 728 2470 784 hic.
2536 728 2652 785 Hoc
2692 728 2837 799 quod
2884 726 3138 782 transtuli
3192 744 3205 780 :
3252 722 3319 777 Et
3366 724 3473 779 vidi
3501 764 3518 792 ,
3566 732 3613 779 et
3658 738 3776 778 ecce

2166 823 2403 891 foramen
2422 837 2579 875 unum
2600 821 2653 875 in
2675 822 2890 892 pariete,
2924 820 2976 874 in
2996 816 3485 890 Scptuaginta_non
3516 815 3772 871 habetur.

2168 914 2237 969 Et
2261 916 2388 985 quia
2417 916 2596 970 omnia
2627 914 2784 986 quasi
2815 914 3050 985 imagine
3092 914 3416 985 picturaque
3459 922 3778 968 monstran-

2167 1016 2287 1075 tur,
2317 1024 2485 1064 unum
2514 1010 2566 1063 in
2601 1010 2811 1080 pariete
2843 1010 3089 1065 foramen
3113 1008 3317 1064 vidisse
3342 1022 3402 1063 se
3433 1007 3588 1077 dicit,
3610 1005 3778 1077 jube-

2168 1104 2324 1175 rique
2349 1104 2455 1160 sibi
2483 1113 2541 1159 ut
2570 1104 2700 1160 illud
2734 1104 3035 1176 perfodiat,
3084 1114 3141 1159 et
3163 1101 3400 1173 amplius
3426 1100 3612 1167 faciat,
3664 1113 3779 1172 quo

2168 1198 2423 1254 videlicet
2474 1210 2664 1270 aperto
2718 1198 3009 1266 foramine,
3042 1198 3205 1254 latius
3254 1197 3426 1268 possit
3472 1197 3678 1252 intrare
3721 1203 3782 1251 et

2170 1290 2393 1358 videre,
2446 1307 2570 1362 qua:
2609 1290 2744 1346 foris
2799 1292 3011 1363 positus
3040 1290 3229 1346 videre
3262 1304 3367 1346 non
3404 1297 3639 1356 poterat.
3670 1287 3781 1344 Per

2170 1383 2314 1453 quod
2343 1383 2689 1450 ostenditur,
2725 1392 2833 1438 tam
2868 1385 2920 1439 in
2953 1383 3235 1450 Ecclesiis,
3267 1398 3430 1453 quam
3464 1382 3517 1437 in
3545 1378 3781 1452 singulis

2173 1477 2354 1543 nobis,
2387 1493 2484 1547 per
2533 1492 2696 1548 parva
2728 1479 2857 1533 vitia
2890 1478 3099 1546 majora
3140 1476 3482 1545 monstrari,
3529 1484 3586 1531 et
3621 1473 3782 1545 quasi

2175 1586 2271 1642 per
2295 1571 2543 1637 quttedam
2575 1572 2873 1638 foramina,
2908 1571 2973 1626 ad
3020 1570 3466 1626 abominatioues
3511 1571 3782 1624 maximas

2174 1663 2470 1734 perveniri.
2532 1664 2612 1718 Ex
2678 1663 2945 1720 fructibus
2994 1663 3139 1719 enim
3191 1663 3358 1720 arbor
3419 1662 3781 1734 cognoscitur

2178 1753 2394 1828 (Matth.
2426 1772 2516 1824 xu,
2549 1759 2639 1823 55,
2663 1756 2780 1823 34);
2813 1764 2869 1812 et
2894 1772 2959 1812 ex
2986 1755 3322 1812 abundantia
3360 1755 3572 1822 cordis,
3602 1769 3663 1811 os
3694 1753 3786 1810 lo-

532 1837 715 1907 (Vers.
749 1838 830 1908 5.)
859 1838 926 1892 Et
952 1840 1087 1895 dixit
1111 1844 1179 1896 ad
1198 1859 1309 1897 me:
1339 1842 1455 1898 Fili
1473 1846 1721 1911 hominis,
1754 1846 1867 1900 leva
1894 1846 2071 1901 oculos
2099 1844 2149 1906 B
2177 1852 2380 1921 quitur.
2423 1850 2531 1905 Pro
2594 1851 2751 1921 signo
2799 1858 2927 1907 sunt
2972 1849 3250 1906 interioris
3302 1849 3559 1917 hominis,
3610 1846 3781 1904 verba

455 1939 570 1984 tuos
591 1930 659 1983 ad
687 1931 815 1984 viam
844 1931 1137 2003 Aquilonis.
1173 1931 1239 1988 Et
1273 1935 1433 1989 levavi
1461 1936 1641 1991 oculos
1670 1954 1809 1992 meos
1841 1938 1909 1991 ad
1936 1938 2071 1991 viam

458 2024 735 2095 Aquilonis
756 2040 775 2078 :
818 2034 867 2078 et
893 2042 1010 2080 ecce
1040 2026 1104 2080 ab
1130 2026 1387 2097 Aquilone
1423 2040 1587 2099 porta:
1617 2030 1823 2097 altaris,
1870 2030 2069 2085 idolum

457 2113 572 2169 Zeli
600 2116 655 2169 in
686 2117 796 2187 ipso
826 2118 1061 2171 introitu.
1086 2118 1191 2172 Pro
1222 2133 1290 2174 eo
1314 2122 1462 2191 quod
1496 2138 1595 2176 nos
1627 2123 1912 2192 posuimus
1942 2140 1955 2178 :
1994 2122 2069 2177 Ab

459 2206 714 2276 Aquilone
758 2219 926 2279 porta
955 2211 1163 2273 altaris,
1204 2211 1406 2266 idolum
1450 2212 1567 2267 Zeli
1588 2214 1643 2268 in
1675 2215 1786 2284 ipso
1822 2215 2065 2284 introitu,

459 2299 818 2372 Septuaginta
851 2304 1253 2360 transtulerunt
1285 2325 1297 2360 :
1339 2307 1415 2359 Ab
1448 2307 1707 2378 Aquilone
1750 2308 1819 2361 ad
1864 2318 2067 2380 portam

465 2393 805 2463 Orientalem,
838 2397 985 2467 quod
1028 2398 1082 2451 in
1117 2396 1388 2455 Hebraico
1419 2416 1529 2455 non
1558 2400 1832 2469 habetur;
1870 2412 2068 2458 caetera

462 2504 584 2559 qua:
611 2490 683 2544 ibi
716 2492 921 2561 scripta
965 2501 1095 2547 sunt
1122 2494 1524 2565 relinquentes.
1555 2496 1721 2561 Dixit,
1769 2496 1965 2568 inquit,
1999 2496 2067 2552 ad

460 2602 568 2649 me,
603 2586 685 2642 vel
726 2586 901 2658 gloria
948 2587 1062 2654 Dei,
1109 2604 1273 2660 quam
1322 2590 1374 2645 in
1425 2604 1621 2662 campo
1653 2590 1922 2655 videram,
1979 2590 2068 2647 vel

462 2678 688 2750 spiritus
716 2678 811 2750 qui
845 2695 933 2734 me
968 2679 1112 2736 inter
1143 2683 1341 2738 coelum
1384 2682 1584 2737 levavit
1611 2698 1674 2738 ac
1706 2692 1931 2738 terram.
1963 2682 2070 2739 Lo-

461 2780 728 2841 cutusque
750 2779 834 2827 est
856 2772 1012 2841 mihi,
1043 2782 1333 2845 postquam
1360 2790 1449 2830 me
1470 2775 1818 2829 transtulitin
1845 2774 2069 2830 Jerusa-

464 2865 594 2932 lem,
620 2873 676 2920 et
702 2866 831 2921 fecit
859 2865 946 2920 vel
977 2866 1192 2930 urbem,
1223 2868 1310 2921 vel
1344 2867 1611 2935 templum
1642 2865 1853 2933 videre,
1886 2877 1939 2922 et
1968 2867 2071 2920 im.

466 2959 678 3029 peravit
694 2964 752 3011 ut
778 2956 1018 3013 levarem
1035 2958 1224 3013 oculos
1236 2957 1301 3012 ad
1319 2976 1337 3009 κ
1353 2958 1458 3012 iam
1474 2957 1785 3029 Aquilonis.
1820 2957 1896 3011 Ibi
1921 2961 2068 3012 enim

464 3062 641 3109 statua
673 3053 803 3109 Baal
831 3054 1012 3123 posita
1047 3061 1195 3120 erat,
1229 3067 1390 3123 quam
1421 3064 1577 3109 vocat
1615 3053 1816 3106 idolum
1845 3052 1985 3120 Zeli,
2014 3052 2067 3106 in

463 3143 583 3214 ipso
614 3154 787 3216 porta:
842 3145 1094 3200 introitu.
1147 3144 1248 3213 Qtti
1292 3153 1473 3201 autem
1508 3144 1711 3200 idolum
1757 3146 1899 3211 Zeli,
1954 3147 2069 3201 sive

2173 1945 2514 2014 erumpentia
2551 1963 2563 1999 :
2589 1944 2863 2016 quomodo
2891 1944 3270 2013 libidinosum,
3299 1944 3425 2017 quia
3456 1958 3551 1999 sua
3581 1941 3784 1999 callide

2172 2038 2314 2093 celat
2344 2038 2506 2102 vitia,
2564 2037 2841 2094 interdum
2884 2038 3059 2108 turpis
3090 2052 3274 2093 sermo
3318 2036 3691 2102 demonstrat;
3725 2043 3787 2090 et

2172 2132 2459 2186 avaritiam
2492 2132 2761 2187 latentem
2810 2132 3143 2186 intrinsecus
3190 2130 3430 2202 parvula:
3461 2131 3539 2186 rei
3571 2128 3784 2198 cupido

2171 2225 2464 2297 significat.
2496 2224 2799 2281 Minoribus
2831 2228 2975 2281 enim
3002 2226 3207 2295 majora
3238 2232 3631 2289 monstrantur,
3659 2221 3784 2279 vul-

2173 2327 2340 2388 tuque
2365 2326 2420 2372 ct
2466 2318 2642 2374 oculis
2671 2318 3011 2373 dissimulari
3055 2333 3162 2374 non
3201 2327 3384 2388 potest
3411 2315 3779 2383 conscientia,

2172 2410 2298 2465 dum
2326 2411 2606 2466 luxuriosa
2654 2419 2710 2467 et
2754 2410 2954 2466 lasciva
2989 2425 3145 2465 mens
3201 2410 3435 2480 lucet,in
3492 2407 3665 2475 facie;
3722 2419 3783 2464 et

2170 2512 2380 2560 secreta
2435 2502 2659 2569 cordis,
2717 2512 2867 2559 motu
2916 2502 3166 2574 corporis
3228 2514 3284 2559 et
3347 2502 3591 2575 gestibus
3639 2501 3786 2557 indi-

2175 2595 2392 2654 cantur.

2246 2691 2430 2764 (Vers.
2461 2689 2576 2764 I0.)
2608 2690 2675 2747 Et
2697 2692 2956 2765 ingressus
2980 2692 3087 2746 vidi
3115 2708 3133 2746 :
3159 2701 3209 2746 et
3237 2707 3352 2747 ecce
3394 2691 3563 2746 omnis
3588 2689 3787 2746 simili-

2172 2784 2298 2839 tudo
2329 2784 2594 2856 reptilium
2618 2826 2633 2850 ,
2667 2794 2715 2838 et
2742 2785 3054 2839 animalium
3082 2785 3400 2840 abominatio
3421 2800 3439 2839 :
3462 2792 3508 2840 et
3536 2784 3785 2839 universa

2168 2862 2312 2931 idola
2339 2876 2525 2931 domus
2549 2874 2720 2931 Israel
2751 2877 2956 2948 depicta
2977 2887 3124 2932 erant
3162 2878 3216 2932 in
3255 2878 3453 2947 pariete
3480 2877 3535 2932 in
3560 2877 3786 2931 circuitu

2172 2987 2263 3040 per
2287 2980 2467 3024 totunt.
2508 2968 2625 3025 Non
2661 2971 2836 3025 solum
2861 2969 3064 3025 idolum
3106 2970 3216 3026 Zeli
3248 2970 3507 3025 stabatin
3552 2969 3785 3027 introitu

2173 3071 2347 3132 porta:
2377 3062 2665 3133 Aquilonis
2686 3104 2701 3129 ,
2736 3063 2830 3118 sed
2860 3073 2915 3118 et
2952 3078 3146 3119 omnes
3186 3062 3399 3132 Templi
3429 3064 3670 3135 parietes
3694 3064 3783 3120 di-

2172 3158 2343 3212 versis
2367 3156 2637 3212 idolorum
2664 3158 2992 3228 imaginibus
3009 3157 3416 3229 pingebantur:
3442 3167 3503 3214 ut
3522 3158 3665 3214 nulla
3690 3174 3786 3215 es-

466 3240 816 3308 possidentis,
840 3239 908 3295 ad
925 3240 1155 3311 gloriam
1175 3239 1293 3303 Dei,
1318 3238 1405 3294 vel
1426 3237 1493 3293 ad
1517 3238 1770 3309 spiritum
1797 3239 2064 3306 I'CfCI‘UIIl,
2096 3241 2142 3304 Ο
2172 3259 2259 3307 εει
2281 3251 2394 3324 86
2418 3251 2612 3317 bestia,
2644 3266 2804 3321 quam
2845 3267 2953 3306 non
2980 3252 3212 3321 parietis
3250 3254 3466 3323 pictura
3503 3260 3783 3308 mouglra-

461 3330 627 3402 impie
671 3332 902 3397 faciunt,
941 3347 1229 3404 personam
1270 3332 1423 3396 idoli,
1476 3333 1569 3387 Dei
1610 3332 1897 3405 majestate
1947 3350 2066 3389 mu-

466 3434 666 3481 tantes.

539 3516 721 3589 (Vers.
756 3518 836 3588 6.)
869 3518 938 3572 Et
976 3519 1109 3574 dixit
1133 3520 1200 3573 ad
1245 3536 1359 3573 me:
1407 3518 1518 3574 Fili
1557 3518 1805 3588 hominis,
1849 3529 2073 3592 putasne

465 3612 606 3666 vides
635 3622 689 3665 tu
714 3612 838 3682 quid
868 3613 953 3665 isti
982 3613 1180 3682 faciant
1213 3630 1231 3666 :
1264 3612 1671 3666 abominationes
1700 3629 1916 3684 magnas
1942 3630 2072 3684 quas

467 3707 655 3760 domus
672 3704 839 3761 Israel
862 3707 988 3776 facit
1015 3706 1135 3762 hic:
1166 3716 1223 3760 ut
1251 3707 1435 3779 procul
1455 3706 1689 3760 recedam
1717 3723 1749 3758 a
1772 3708 2073 3761 sanctuario

464 3800 616 3854 meo?
634 3799 699 3852 Et
716 3798 887 3853 adhuc
914 3815 1208 3868 conversus,
1241 3800 1433 3854 videbis
1457 3799 1871 3853 abominationes
1900 3800 2071 3869 majo-

466 3909 571 3947 res.
605 3891 682 3946 Ne
715 3907 823 3959 me,
857 3892 1048 3962 inquit,
1080 3900 1236 3961 putes
1268 3892 1469 3962 injuste
1501 3891 1760 3961 templum
1789 3889 2071 3957 deserere,

468 3993 525 4038 ct
571 3983 997 4039 subvertendam
1030 3984 1342 4054 relinquere
1390 3982 1691 4049 civitatem,
1741 3982 1925 4054 aspice
1952 3998 2073 4053 quae

470 4084 525 4138 in
571 4083 778 4154 templo
823 4084 1048 4140 faciant.
1103 4081 1352 4155 Cumque
1389 4084 1481 4139 illa
1533 4084 1911 4155 conspexeris,
1965 4099 2073 4139 non

472 4189 633 4247 putes
663 4179 826 4234 linem
862 4194 987 4234 esse
1017 4179 1313 4249 scelerum,
1345 4179 1454 4252 85
1475 4178 1654 4235 adhuc
1696 4179 1907 4250 majora
1938 4193 2071 4235 con-

472 4271 697 4341 Spieies.
726 4271 881 4341 Quod
909 4272 1131 4342 quidem
1164 4280 1343 4343 potest
1363 4273 1506 4329 etde
1536 4281 1721 4328 nostra
1746 4272 2071 4338 Jerusalem,

474 4373 771 4434 nostroque
816 4363 1022 4433 templo
1074 4364 1350 4435 intelligi,
1400 4364 1620 4434 quando
1667 4365 1720 4419 in
1764 4364 2072 4435 exemplum

473 4458 650 4526 Opimi
682 4468 741 4514 et
768 4458 1002 4514 Phinees
1035 4458 1102 4531 (II
1128 4458 1256 4531 Reg.
1282 4459 1347 4531 Il)
1384 4459 1657 4515 idolorum
1689 4459 1900 4516 scelera
1945 4475 2077 4531 ope-

475 4566 662 4606 ramur
695 4552 745 4605 in
778 4552 1135 4608 tabernaculo
1171 4552 1300 4621 Dei;
1334 4561 1392 4608 et
1438 4553 1780 4609 fornicamur
1809 4568 1931 4608 cum
1967 4554 2069 4620 his,

2174 3357 2281 3401 ret.
2314 3346 2430 3401 lloc
2462 3346 2515 3400 in
2560 3345 2803 3401 delubris
2854 3346 3148 3413 idolorum,
3198 3345 3455 3417 fanisque
3491 3344 3782 3417 gentilium

2173 3438 2454 3510 hucusque
2505 3439 2886 3509 perspicimus,
2917 3438 3062 3509 quod
3108 3439 3291 3493 omnia
3331 3454 3531 3509 genera
3573 3436 3786 3494 bestia-

2174 3550 2294 3591 rum
2324 3535 2516 3589 adoret
2542 3534 2711 3589 stulta
2738 3534 2953 3604 religio.
2996 3534 3152 3589 Unde
3182 3542 3236 3588 et
3262 3532 3519 3604 Virgilius
3544 3532 3625 3587 ait
3656 3549 3670 3584 :

2237 3648 2669 3711 Omnigenumque
2688 3644 2719 3682 δ
2742 3646 2889 3697 deum
2912 3651 3148 3709 monstra,
3171 3652 3222 3696 et
3245 3644 3448 3697 latrator
3473 3644 3684 3709 Anubis,

2174 3754 2344 3822 Quasi
2374 3771 2480 3809 non
2511 3763 2562 3809 et
2597 3754 2688 3808 illa
2714 3756 2824 3809 sint
2854 3764 3098 3810 monstra
3126 3769 3248 3824 quae
3281 3752 3470 3808 laudat

2237 3866 2414 3917 Contra
2433 3865 2719 3928 Neptunum
2747 3873 2799 3917 et
2821 3848 3096 3930 Venerem,
3117 3870 3388 3928 matreque
3414 3864 3703 3915 Minervam.

2176 3989 2474 4044 Possumus
2512 3997 2567 4043 et
2596 3989 2647 4043 iu
2683 3986 2857 4043 nostri
2905 3986 3095 4057 templi
3140 3984 3253 4058 [Al.
3299 3983 3508 4041 nostris
3538 3984 3784 4059 templis]

2176 4086 2473 4157 parietibus
2504 4085 2648 4140 idola
2683 4093 2992 4139 monstrare
3017 4082 3252 4152 depicta,
3285 4081 3503 4153 quando
3525 4082 3786 4141 omnibus

2174 4180 2322 4236 vitiis
2354 4180 2721 4249 subjacemus,
2753 4188 2811 4235 et
2838 4178 3113 4249 pingimus
3143 4180 3195 4233 in
3226 4178 3395 4233 corde
3422 4186 3619 4239 nostro
3647 4192 3784 4249 pec-

2176 4281 2421 4328 catorum
2446 4272 2860 4340 conscientiam,
2880 4269 3257 4341 imaginesque
3270 4270 3541 4327 diversas.
3562 4270 3638 4326 De
3657 4270 3789 4341 qui-

2178 4365 2279 4420 bus
2309 4374 2363 4419 et
2396 4366 2449 4420 in
2499 4364 2712 4420 Psalmo
2743 4363 2849 4437 [ΑΙ.
2897 4362 3148 4435 Psalmis]
3178 4362 3381 4419 dicitur
3412 4380 3427 4418 :
3453 4360 3698 4430 Domine,
3725 4364 3785 4419 in

2178 4458 2380 4513 civitate
2396 4467 2484 4511 tua
2498 4457 2773 4531 imaginem
2792 4457 3026 4526 ipsorum
3046 4455 3324 4527 dissipabis
3356 4454 3585 4527 (Psalm.
3609 4471 3787 4523 LXXII,

2178 4551 2295 4622 20).
2330 4549 2398 4606 Et
2422 4550 2476 4605 in
2505 4550 2615 4605 alio
2644 4551 2767 4605 loco
2799 4568 2812 4604 :
2844 4549 3213 4604 Verumtamen
3242 4550 3297 4604 in
3321 4550 3547 4620 imagine
3568 4564 3786 4620 peram-

475 4660 595 4714 quze
625 4643 733 4716 [AL
764 4643 879 4716 qui]
908 4658 968 4699 se
1002 4644 1212 4699 militia:
1240 4654 1297 4701 et
1320 4645 1625 4702 ministerio
1653 4646 1750 4702 Dei
1781 4647 2069 4714 voverint;
2099 4645 2153 4707 D
2177 4644 2322 4699 bulat
2348 4644 2502 4699 homo
2535 4643 2763 4716 (Psalm.
2795 4659 3019 4710 XXXVIII,
3047 4643 3125 4715 7).
3154 4643 3312 4710 Quod
3355 4642 3564 4698 scilicet
3599 4641 3789 4698 nullus

474 4744 531 4791 et
557 4736 951 4791 sacrificiorum
992 4737 1112 4807 ejus
1157 4737 1433 4807 primitiva
1464 4739 1830 4810 decerpimus,
1882 4741 2075 4798 dantes

476 4828 530 4883 in
562 4844 719 4883 usum
746 4829 1004 4885 clientum
1044 4840 1208 4901 atque
1239 4830 1591 4900 famulorum,
1631 4845 1684 4890 et
1711 4835 1896 4889 omnia
1939 4836 2075 4891 lucri

476 4935 639 4976 causa
670 4920 921 4979 facimus.
949 4921 1049 4980 Sin
1079 4931 1262 4979 autem
1293 4925 1409 4980 haec
1442 4935 1548 4981 tam
1578 4942 1771 4999 magna
1802 4937 1929 4984 sunt
1954 4944 2075 4997 quae

475 5015 745 5081 videmus,
778 5026 981 5088 quanto
1009 5018 1217 5087 majora
1256 5020 1617 5076 existimanda
1664 5030 1791 5077 sunt
1819 5037 1939 5092 qua:
1972 5024 2073 5079 liu-

476 5125 694 5166 mauam
718 5108 979 5180 effugiunt
1006 5112 1401 5166 conscientiam
1425 5112 1449 5166 ἲ

553 5202 731 5274 (Vers.
766 5203 797 5258 7
826 5206 1008 5274 seqq.)
1038 5202 1109 5257 Et
1137 5205 1427 5259 introduxit
1458 5223 1537 5261 me
1567 5208 1637 5261 ad
1683 5210 1873 5263 ostium
1900 5211 2024 5264 atrii
2058 5228 2077 5266 :

476 5304 523 5349 et
549 5296 674 5362 vidi,
708 5306 756 5351 et
797 5312 913 5353 ecce
960 5301 1196 5368 foramen
1226 5313 1387 5353 unum
1416 5300 1469 5353 in
1496 5301 1713 5373 pariete.
1748 5300 1817 5355 Et
1844 5304 1977 5358 dixit
2003 5304 2074 5358 ad

550 5485 575 5513 ⁸
608 5474 858 5533 Notatum
889 5486 945 5534 et
984 5477 1412 5543 Moutfauennio,
1454 5494 1643 5535 vocem
1677 5497 1825 5549 cena,
1876 5496 2069 5537 secun-

476 5545 603 5602 dttm
660 5550 1070 5606 similitudinem
1126 5549 1397 5615 suni,nou
1449 5552 1757 5608 litterarum
1808 5545 1916 5609 dici
1969 5555 2069 5609 abs

475 5619 808 5694 Ilieronymo
831 5623 998 5678 zelum
1024 5632 1077 5678 et
1096 5624 1467 5692 possessionem
1489 5640 1709 5693 sonare,
1743 5628 1903 5680 aliter
1922 5626 2068 5680 enim

476 5698 734 5759 possessio
761 5701 873 5783 mp
918 5695 1139 5763 dicitur,
1194 5712 1301 5752 non
1335 5707 1519 5785 .‘tNZP:
1553 5708 1607 5752 et
1633 5714 1661 5752 a
1694 5709 1805 5781 ΜΡ
1840 5697 2070 5753 deduci-

473 5796 583 5846 tur,
618 5800 724 5840 non
768 5801 797 5839 a
838 5798 963 5851 me.
1015 5789 1124 5845 Nec
1173 5790 1371 5846 desunt
1414 5789 1730 5860 liujusmodi
1772 5792 1876 5847 alia
1930 5790 2073 5862 apttd

476 5876 866 5951 Hieronymum
916 5884 1163 5953 exempla
1218 5883 1605 5941 Hebraicorum
1659 5885 1972 5957 verborum,
2020 5888 2075 5943 in

2178 4739 2458 4795 hominum
2488 4741 2559 4794 sit
2579 4739 2673 4809 qui
2696 4738 2933 4806 aliquam
2966 4737 3251 4808 imaginem
3282 4751 3393 4792 non
3423 4736 3644 4800 habeat,
3664 4735 3788 4794 sive

2177 4833 2508 4898 sanctitatis,
2547 4833 2671 4887 sive
2702 4830 2928 4901 peccati.
2987 4829 3358 4899 Quamobrem
3388 4829 3609 4885 furiosis
3635 4827 3788 4884 dici-

2178 4936 2265 4981 tur
2291 4935 2348 4981 et
2383 4926 2658 4981 iracundis
2688 4941 2702 4980 :
2736 4923 2909 4978 Furor
2934 4923 3041 4978 illis
3067 4925 3354 4980 secundum
3383 4922 3787 4978 similitudinem

2177 5020 2428 5087 serpentis
2450 5036 2468 5073 :
2495 5020 2628 5073 sicut
2647 5018 2849 5089 aspidis
2865 5017 3041 5073 surdw
3068 5027 3117 5072 et
3139 5017 3428 5072 obturantis
3451 5024 3601 5071 aures
3630 5032 3784 5084 suas,

2177 5132 2291 5185 qua:
2322 5132 2423 5169 non
2451 5113 2695 5169 exaudiet
2724 5128 2895 5167 vocem
2920 5114 3303 5167 incantantinm
3334 5109 3509 5183 (Psal.
3542 5125 3652 5175 Lvt,
3676 5109 3781 5179 5).

2179 5207 2249 5264 Et
2292 5208 2359 5263 de
2406 5206 2717 5262 hominibus
2772 5220 3005 5277 nequam
3046 5222 3060 5259 :
3105 5202 3385 5259 Generatio
3438 5204 3735 5276 viperarum
3761 5242 3781 5268 ,

2177 5305 2291 5376 quis
2315 5301 2540 5357 ostendit
2569 5301 2709 5356 vobis
2735 5304 2911 5373 fugere
2938 5316 2971 5354 a
2998 5309 3214 5355 ventura
3239 5299 3320 5355 ira
3341 5296 3559 5372 (Matth.
3583 5310 3662 5360 ut,
3691 5293 3782 5367 ην

2175 5483 2373 5554 quibus
2401 5498 2597 5539 sonum
2632 5483 3011 5540 tantummodo
3051 5497 3116 5540 ac
3153 5482 3654 5555 pronuntiationem
3694 5490 3787 5539 at-

2178 5557 2371 5621 tendit,
2405 5572 2511 5611 non
2541 5556 2770 5611 litteras.

2250 5626 2277 5664 ιλ
2310 5627 2514 5697 Virgilii
2538 5643 2728 5682 versus
2752 5633 2981 5697 uterque
3008 5637 3091 5683 εει
3119 5628 3221 5684 sub
3240 5627 3403 5684 linem
3422 5625 3570 5681 Libr.
3600 5628 3783 5684 octavi

2184 5698 2449 5755 Aineidos
2471 5719 2483 5755 :
2504 5700 2748 5769 satisque
2770 5696 2940 5754 miror
2959 5699 3089 5764 quid
3113 5700 3165 5755 in
3199 5709 3436 5754 mentem
3465 5696 3784 5753 Martianaao

2183 5773 2418 5837 venerit,
2461 5772 2551 5841 qui
2594 5786 2660 5827 ex
2689 5770 2905 5837 Ovidio,
2939 5771 3033 5828 lib.
3078 5787 3117 5826 ιι
3158 5771 3446 5839 Amorum,
3479 5769 3655 5840 elegia
3684 5770 3782 5840 15,

2186 5841 2395 5899 laudari
2428 5842 2555 5900 illos
2582 5843 2884 5899 annotavit.
