3996 6322
226 242 280 300 8I
905 246 1560 307 COMMENTARIORUM
1602 249 1667 306 IN
1708 250 2156 313 EZECHIELEM
2196 256 2329 313 LIB.
2373 258 2460 315 III.
2503 260 2659 319 CAP.
2703 263 2839 320 VIII.
3460 273 3529 330 82

218 358 795 455 Et‘de_versipellibus
826 379 890 421 ac
928 364 1297 421 lraudulentis
1327 383 1340 422 :
1372 364 1473 435 Ite,
1505 367 1659 422 dicite
1686 368 1827 441 vulpi
1852 376 1908 436 Α
1929 373 2164 443 gregali,
2188 374 2497 432 ostenditur
2517 379 2649 449 quid
2680 384 3055 455 unusquisque
3080 385 3132 441 in
3158 386 3409 444 cubiculo
3430 404 3531 444 suo

216 451 325 506 litiic
342 448 497 522 (Luc.
531 468 656 522 xm,
683 454 810 522 52).
844 456 924 511 Ac
948 456 1018 512 de
1067 457 1404 514 amatoribus
1451 457 1779 515 feminarum
1810 476 1825 515 :

216 543 343 615 Equi
361 544 688 601 insanientes
710 547 769 602 in
799 550 1020 619 feminas
1043 550 1168 621 facti
1198 558 1316 604 sunt
1344 549 1473 604 mihi
1504 565 1521 605 :
1551 551 1830 621 unusquisv

212 638 390 711 quoad
426 655 650 695 uxorem
699 645 932 713 proximi
974 645 1056 697 sui
1086 644 1351 698 hinniebat
1381 643 1595 716 (Jerem.
1651 646 1825 716 Lvttt).

212 731 283 788 De
306 734 478 788 brutis
528 748 760 803 quoque
788 751 854 791 ac
906 736 1235 792 vecordibus
1269 755 1280 790 :
1320 735 1501 792 Nolite
1532 738 1647 806 ﬁeri
1697 738 1829 793 sicut

210 843 358 899 equus
378 837 432 882 et
446 827 653 894 mulus,
677 831 870 901 quibus
887 847 990 886 non
1012 841 1085 887 est
1108 831 1473 905 intelligentia.
1502 832 1567 887 Et
1587 831 1781 887 iterum
1811 850 1823 886 :

211 922 271 979 In
298 940 443 979 carne
465 938 517 981 et
551 928 705 998 freno
733 928 980 983 maxillas
1015 944 1194 982 eorum
1224 930 1543 1002 constringe,
1593 930 1679 1000 qui
1725 947 1827 985 non

213 1018 723 1089 sppropinquantad
755 1030 803 1074 te
832 1018 955 1089 (Ps.
983 1036 1132 1084 XXII,
1166 1020 1241 1090 9).
1276 1019 1343 1075 Et
1366 1020 1532 1076 multa
1566 1020 1823 1092 hujusce-

214 1113 370 1168 modi.
410 1113 531 1169 lioc
563 1122 748 1169 autem
779 1113 927 1183 quod
959 1114 1239 1185 posuimus
1273 1133 1287 1170 :
1320 1114 1388 1169 Et
1413 1130 1527 1169 ecce
1555 1115 1719 1170 omnis
1753 1116 1826 1169 si-

218 1206 443 1262 militudo
476 1205 753 1278 reptilium
790 1216 841 1262 el
873 1208 1232 1274 animantium,
1255 1207 1309 1261 in
1330 1206 1690 1278 Septuaginta
1711 1223 1820 1263 non

211 1299 463 1357 habetur.

271 1394 463 1465 (Yet-8.
494 1393 618 1466 11.)
646 1394 716 1450 Et
745 1395 1076 1467 septuaginta
1110 1396 1207 1450 viri
1236 1396 1301 1450 de
1328 1397 1615 1451 senioribus
1636 1396 1822 1452 domus

209 1485 396 1554 Israel,
423 1497 476 1542 et
497 1485 751 1543 Jesonias
774 1488 915 1559 [ilius
939 1487 1158 1557 Saphan
1185 1488 1353 1544 stabat
1375 1491 1428 1543 in
1453 1489 1622 1544 medio
1644 1506 1820 1544 eorum

206 1580 450 1636 stantium
470 1592 594 1635 ante
615 1580 871 1652 picturas,
895 1590 946 1635 et
968 1583 1322 1653 unusquisque
1343 1582 1560 1638 habebat
1585 1582 1821 1638 thuribu-

206 1674 309 1728 lant
328 1677 382 1728 in
405 1690 569 1729 manu
589 1692 710 1742 sua,
735 1684 782 1729 et
809 1691 969 1748 vapor
988 1674 1192 1730 nebula:
1203 1675 1267 1730 de
1288 1680 1439 1731 thure
1459 1677 1815 1750 consurgebat.

1929 463 2113 522 faciat.
2153 467 2260 524 Sed
2300 470 2600 527 secundum
2628 488 2905 547 anagogen
2936 478 3136 534 melius
3167 480 3397 552 intelligi
3427 497 3530 553 po-

1931 569 2055 626 test,
2090 561 2234 631 quod
2260 564 2510 621 nonnulli
2537 567 2811 638 principes
2838 571 3212 628 Ecclesiarum
3245 573 3446 630 faciant
3474 577 3531 632 in

1930 653 2170 709 tenebris
2200 696 2214 721 ,
2254 671 2377 727 qua:
2406 658 2555 713 dictu
2605 676 2821 731 quoque
2862 662 3034 733 turpia
3081 676 3228 721 sunt.
3291 665 3398 722 Iste
3447 676 3532 723 est

1927 744 2277 801 absconditus
2306 747 2494 804 cordis
2510 749 2699 819 homo,
2726 752 2794 807 de.
2820 768 2932 824 quo
2961 754 3162 810 dicitur
3195 774 3208 812 :
3242 756 3529 829 Ingredere

1927 837 1980 892 in
2000 838 2293 895 cubiculum
2318 853 2464 897 tuum
2483 843 2672 913 (Mich.
2695 860 2771 907 Vl,
2805 846 2883 918 4).
2905 846 2973 902 Et
2990 864 3203 905 rursum
3229 851 3361 919 :Qui
3390 854 3528 909 ridet

1926 931 1979 983 in
2009 929 2033 968 δ
2064 930 2365 988 abscondito
2387 936 2501 1008 88
2522 937 2702 992 reddet
2733 938 2844 994 tibi.
2878 939 3107 997 Recolat
3152 945 3528 1016 unusquisque

1925 1028 2314 1083 conscientiam
2334 1043 2512 1097 suam,
2536 1044 2592 1087 et
2618 1048 2784 1103 opera
2818 1035 3173 1091 tenebrarum
3205 1040 3529 1096 recordetur

1926 1118 1980 1172 in
2012 1121 2269 1183 tenebris,
2303 1123 2548 1194 sciatque
2571 1125 2833 1197 scriptum
2869 1144 2882 1179 :
2915 1125 3100 1183 Omnis
3125 1130 3212 1201 qui
3244 1130 3385 1185 mala
3407 1148 3531 1204 ope-

1923 1224 2093 1280 ratur,
2115 1216 2224 1269 odit
2251 1217 2444 1283 lucem,
2477 1230 2524 1272 et
2553 1236 2656 1274 non
2680 1223 2818 1276 venit
2842 1223 2911 1276 ad
2953 1224 3152 1289 lucem,
3186 1242 3249 1280 ne
3276 1238 3531 1299 arguatur

1923 1322 1955 1359 a
1986 1307 2104 1361 luce
2130 1307 2311 1380 (Joan.
2338 1326 2392 1365 ιιι
2413 1353 2427 1377 ,
2457 1313 2557 1378 ‘20;
2588 1312 2808 1368 ITltess.
2840 1313 2919 1384 v).
2945 1316 3011 1371 Et
3037 1316 3087 1369 in
3118 1331 3180 1373 se
3207 1318 3339 1374 illud
3371 1320 3529 1375 intel-

1923 1399 2053 1469 liget
2073 1415 2195 1456 esse
2215 1403 2547 1472 completum
2572 1423 2584 1458 :
2613 1404 2718 1473 Qui
2739 1406 3047 1475 inebriatur,
3073 1420 3222 1464 nocte
3243 1412 3529 1466 inebriatur

1923 1490 2110 1563 (Prov.
2146 1508 2208 1562 ιι,
2234 1494 2352 1565 25).
2382 1495 2711 1567 Quodjuxta
2742 1498 2979 1554 litteram
3012 1509 3159 1556 stare
3193 1488 3298 1557 non
3322 1513 3523 1572 potest.

1921 1584 2122 1649 Quanti
2141 1585 2287 1640 enini
2301 1585 2356 1640 in
2375 1588 2618 1657 prandiis
2631 1588 3015 1659 conviviisque
3028 1590 3238 1647 dierum
3256 1593 3525 1647 inebrian-

1925 1677 2045 1732 tur?
2068 1677 2174 1734 Sed
2205 1678 2335 1749 quia
2366 1679 2605 1737 ebrietas
2625 1682 2811 1736 cordis
2834 1682 3118 1740 offendens
3153 1686 3342 1755 Deum,
3369 1692 3527 1759 tene-

203 1768 427 1836 Quando
456 1770 599 1823 dicit
623 1770 973 1841 septuaginta
1004 1769 1152 1825 viros
1195 1768 1367 1824 fuisse
1402 1770 1470 1824 de
1500 1770 1812 1825 senioribus
1844 1780 1892 1841 B
1920 1773 2140 1829 brorum
2174 1782 2261 1830 est
2281 1816 2295 1839 ,
2323 1784 2377 1830 et
2404 1791 2511 1831 non
2542 1776 2681 1832 lucis
2705 1819 2721 1844 ,
2752 1790 3037 1848 promet-ea
3068 1780 3399 1852 quicumque
3437 1781 3523 1837 in-

204 1862 394 1919 domus
418 1864 615 1929 Israel,
636 1865 728 1933 qui
754 1863 1011 1919 tenebant
1042 1861 1321 1918 thuribula
1333 1864 1606 1929 manibus,
1625 1872 1812 1919 osten-

204 1954 491 2011 dittuultos
504 1954 653 2010 alios
670 1953 843 2010 fuisse
866 1957 1244 2028 presbyteros,
1269 1956 1362 2027 qui
1392 1955 1492 2011 hoc
1511 1971 1619 2011 non
1641 1956 1809 2012 facie-

201 2050 345 2117 bant,
372 2049 474 2107 sed
487 2048 725 2106 forsitan
741 2049 978 2120 peccatis
997 2051 1122 2106 aliis
1154 2050 1510 2108 tenebantur:
1537 2068 1811 2124 unumque

203 2144 418 2200 nomine
439 2144 729 2200 Jezoniam
747 2144 921 2200 lilium
941 2145 1158 2217 Saphan
1179 2146 1401 2202 stetisse
1424 2147 1532 2219 87
1550 2147 1601 2202 in
1631 2146 1812 2202 medio

200 2253 409 2304 eorum,
437 2240 599 2311 quasi
629 2240 931 2310 principem
960 2240 1187 2296 sceleris
1215 2255 1432 2305 eorum,
1453 2248 1613 2309 atque
1640 2241 1810 2297 sacri-

199 2330 344 2403 legii,
368 2332 463 2401 qui
496 2331 711 2389 omissa
744 2332 1011 2404 religione
1043 2333 1159 2399 Dei,
1188 2332 1444 2389 colebant
1470 2333 1639 2398 idola,
1673 2344 1728 2389 et
1753 2332 1806 2388 in

201 2429 423 2499 templo,
470 2444 579 2485 non
609 2428 919 2484 adorabant
946 2428 1154 2495 Deum,
1186 2430 1342 2500 cujus
1372 2438 1490 2483 erat
1516 2429 1805 2501 templum,

198 2523 293 2579 sed
332 2523 582 2594 picturas
611 2524 906 2595 parietum.
942 2524 1287 2595 Pulchreque
1338 2525 1581 2581 dicitur:
1624 2524 1808 2581 Stabat

198 2615 441 2671 Jezonias
461 2617 609 2687 ﬁlius
638 2616 857 2687 Saphan
876 2660 890 2687 ,
919 2617 1019 2673 hoc
1047 2627 1154 2686 est,
1176 2619 1372 2692 judicii
1396 2628 1449 2674 et
1479 2619 1808 2674 condemna-

201 2712 363 2769 tionis
383 2728 497 2768 sua:
524 2713 581 2769 in
608 2712 792 2770 medio
813 2714 1075 2769 stantium
1100 2713 1566 2787 presbyterorum,
1596 2714 1723 2784 quia
1751 2723 1808 2769 et

200 2804 472 2878 princeps,
499 2816 558 2862 et
590 2805 645 2861 hi
676 2821 913 2878 quorum
944 2807 1201 2877 princeps
1230 2815 1382 2876 erat,
1419 2808 1577 2861 ﬁrmo
1610 2808 1661 2861 in
1686 2822 1806 2863 sce-

203 2896 403 2954 leribus
428 2899 656 2956 stabant
688 2899 887 2971 gradu,
919 2914 1019 2955 nec
1047 2900 1383 2955 ﬂuctuabant
1413 2901 1467 2955 in
1498 2900 1641 2955 malo
1667 2918 1681 2966 ;
1706 2900 1803 2957 sed

200 2991 577 3049 robustissima
601 2993 974 3063 persistebant
999 3008 1013 3047 :
1046 3008 1327 3064 vaporque
1356 2993 1567 3049 nebula:
1598 3004 1653 3048 et
1671 3008 1802 3049 con-

202 3082 419 3142 lusionis
446 3102 512 3141 ac
543 3086 805 3153 turbinis,
839 3086 930 3157 qui
962 3085 1226 3157 surgebat
1255 3101 1320 3140 ex
1354 3085 1538 3153 thure,
1561 3085 1799 3142 oll’eren-

1914 1866 2202 1934 ebriatur,
2269 1878 2428 1923 nocte
2456 1869 2801 1925 inebriatur.
2849 1872 2982 1927 Cum
3040 1884 3226 1929 autem
3275 1876 3530 1933 seniores

1913 1959 2113 2015 domus
2140 1961 2308 2017 Israel
2332 1961 2569 2040 iecerint
2592 1963 2733 2018 mala
2767 1965 2819 2020 in
2849 1966 3095 2022 tenebris
3118 1977 3175 2023 et
3207 1967 3263 2024 in
3291 1971 3524 2026 abscon-

1912 2052 2027 2106 dito
2066 2052 2449 2108 cubiculorum
2500 2070 2724 2110 suorum
2754 2097 2769 2123 ,
2812 2066 2868 2111 et
2914 2059 3229 2127 putaverint
3258 2076 3320 2116 se
3349 2061 3520 2118 Deum

1912 2160 2075 2214 posse
2100 2146 2281 2202 celare
2301 2188 2317 2215 ,
2367 2156 2498 2202 tunc
2528 2160 2939 2221 consequenter
2986 2151 3207 2208 dicent:
3239 2153 3360 2209 Non
3385 2155 3522 2211 videt

1911 2254 2005 2293 nos
2027 2236 2304 2308 Dominus,
2350 2241 2629 2313 dereliquit
2678 2242 2936 2298 Dominus
2989 2256 3203 2302 terram.
3251 2247 3518 2320 Multique

1909 2345 2041 2388 sunt
2090 2346 2411 2405 peccatores
2459 2344 2515 2391 et
2567 2337 3094 2408 ambulantesjuxta
3149 2340 3518 2412 cogitationes

1909 2442 2061 2493 suas,
2088 2428 2179 2496 qui
2214 2428 2385 2483 Deum
2417 2444 2522 2483 non
2550 2429 2827 2485 aestimant
2854 2446 3049 2487 curare
3084 2433 3340 2488 mortalia
3367 2482 3379 2503 ,
3417 2450 3519 2490 nec

1908 2519 1978 2575 ad
2016 2519 2173 2576 illum
2217 2531 2404 2577 nostra
2444 2523 2576 2578 vitia
2610 2524 2908 2592 pertinere.
2941 2523 3105 2581 Certe
3134 2527 3355 2596 quando
3397 2543 3517 2599 pee-

1908 2628 2118 2681 camus,
2151 2616 2195 2669 si
2237 2615 2606 2686 cogitaremus
2636 2616 2805 2671 Deum
2836 2617 3028 2674 videre
3078 2626 3134 2673 et
3190 2632 3314 2674 esse
3377 2636 3517 2691 prce—

1908 2717 2140 2776 sentem,
2192 2724 2489 2780 numquam
2542 2710 2686 2781 quod
2732 2711 2782 2766 ei
2833 2711 3119 2782 diSpIicet,
3182 2712 3515 2769 faceremus.

1908 2802 2084 2857 Porro
2118 2802 2262 2872 quod
2317 2803 2561 2873 sequitur
2585 2843 2599 2867 ,
2652 2802 2938 2874 Dereliquit
2979 2803 3237 2859 Dominus
3279 2816 3471 2860 terram
3496 2848 3511 2873 ,

1907 2895 2270 2965 quorumdam
2293 2894 2460 2951 etiam
2494 2896 2947 2966 philosophorum
2979 2897 3256 2954 sententia
3287 2907 3389 2964 est,
3420 2899 3514 2969 qui

1907 3005 1974 3045 ex
2002 2987 2240 3043 siderum
2274 3004 2438 3046 cursu
2469 2998 2630 3059 atque
2656 2991 2989 3058 constantia,
3015 2992 3365 3061 suspicantur
3389 3006 3512 3047 csse

1906 3082 1961 3138 in
2006 3082 2325 3139 ctelestibus
2370 3082 2816 3152 providentiam,
2851 3091 2907 3138 et
2946 3092 3163 3139 terrena
3207 3085 3507 3152 contemni,

202 3180 333 3236 tium
383 3180 672 3253 sacrilegia
720 3180 1160 3236 demonstrabat.
1214 3180 1329 3236 Hoc
1366 3182 1572 3236 factum
1620 3182 1691 3236 sit
1735 3196 1800 3237 eo
1830 3172 1875 3236 C
1906 3176 2032 3232 dum
2087 3176 2221 3232 nihil
2274 3176 2412 3233 recti
2460 3191 2562 3232 nec
2605 3176 2759 3248 juxta
2807 3176 3059 3233 ordinem
3108 3178 3164 3232 in
3208 3177 3368 3232 terris
3416 3192 3511 3248 ge-

204 3282 437 3344 tempore
457 3274 615 3345 juxta
647 3273 910 3328 litteram.
945 3272 1216 3328 (lictorum
1259 3281 1315 3328 et
1342 3271 1500 3328 nobis
1529 3273 1794 3329 orandum

205 3373 300 3431 est,
325 3380 389 3421 ne
415 3364 666 3421 seniores
681 3365 876 3422 domus
896 3364 1065 3421 Israel
1093 3368 1463 3435 septenarium
1485 3382 1794 3433 numerum,

208 3456 396 3528 quiest
421 3466 669 3524 sanctus,
701 3471 804 3528 per
834 3468 1042 3527 septem
1071 3456 1307 3513 decades
1344 3457 1791 3528 multiplicantes,

208 3561 339 3608 stent
363 3554 414 3607 in
441 3552 726 3609 erroribus
747 3554 878 3617 suis,
896 3562 953 3608 et
981 3552 1213 3608 adorent
1235 3552 1477 3623 picturas
1496 3553 1792 3619 idolorum,

210 3659 467 3717 vapor-que
516 3644 796 3716 sacrilegii
840 3644 1102 3700 ascendat
1148 3645 1268 3699 sive
1305 3654 1602 3715 consurgat
1658 3645 1795 3701 resi-

211 3746 346 3792 stens
371 3738 506 3794 Deo.
529 3738 765 3805 Quando
791 3736 1093 3793 viderimus
1116 3738 1326 3807 plebem
1348 3739 1644 3809 pessimam
1661 3752 1791 3793 con-

209 3844 484 3902 gregatum,
504 3833 576 3888 de
597 3848 703 3905 qua
721 3834 985 3903 scriptum
1005 3843 1124 3888 est:
1151 3832 1305 3887 Oditii
1326 3830 1622 3886 Ecclesium
1642 3834 1794 3885 mali-

211 3927 464 3997 gnantium
481 3925 655 3998 (Psal.
671 3942 804 3995 xxv,
822 3925 877 3996 6)
896 3935 978 3989 ,‘et
998 3926 1215 3996 pejores
1234 3925 1393 3995 plebe
1406 3935 1429 3962 υ
1447 3940 1556 3995 prae
1566 3925 1792 3994 positos,

208 4018 615 4090 uequioremque
643 4019 965 4091 principem,
991 4021 1080 4089 qui
1103 4018 1394 4088 prmlectus
1433 4029 1515 4072 est
1546 4018 1687 4088 plebi
1714 4026 1793 4071 at-

208 4127 301 4182 que
327 4113 681 4185 presbyteris,
708 4112 953 4168 dicamus
984 4112 1265 4168 Jezoniam
1292 4120 1527 4166 stantem
1552 4121 1678 4166 ante
1709 4111 1794 4195 pi-

209 4216 392 4277 cturas,
440 4218 495 4264 et
552 4208 803 4279 singulos
861 4208 1068 4264 habere
1116 4207 1392 4264 thuribnla
1445 4209 1499 4261 in
1542 4208 1796 4261 manibus

205 4304 333 4369 suis,
363 4320 469 4360 non
501 4304 599 4359 Dei
642 4304 1023 4374 majestatem,
1073 4302 1168 4358 sed
1216 4302 1466 4372 proprias
1496 4302 1797 4357 sententias

203 4395 504 4464 adorantes,
548 4406 604 4454 et
646 4412 988 4468 nequaquam
1036 4397 1263 4451 odorem
1294 4396 1452 4453 bonae
1481 4395 1795 4467 fragrantia:

204 4491 264 4547 ad
296 4491 485 4559 Deum,
511 4492 608 4548 sed
640 4491 896 4549 latorem
922 4491 988 4547 ad
1017 4491 1161 4546 idola
1195 4492 1506 4561 pervenire.

1898 3272 2056 3327 ritur.

1971 3365 2153 3437 (Vers.
2187 3366 2276 3432 15,
2310 3364 2423 3435 Ii.)
2459 3362 2528 3418 Et
2564 3365 2696 3419 dixit
2738 3366 2807 3417 ad
2848 3381 2927 3419 me
2957 3382 2975 3419 .'
3004 3364 3191 3420 Adhuc
3241 3382 3513 3421 conversus

1897 3460 2091 3516 videbis
2139 3458 2546 3513 abominationes
2600 3458 2846 3529 majores,
2896 3475 3027 3524 quas
3065 3458 3152 3511 illi
3188 3457 3317 3530 [AL
3369 3457 3506 3529 isth

1897 3555 2117 3625 faciunt.
2152 3552 2217 3606 Et
2240 3553 2531 3609 introduxit
2555 3569 2637 3605 me
2664 3568 2754 3623 per
2783 3553 2973 3606 ostium
2994 3563 3162 3621 porta:
3188 3555 3369 3605 domus
3398 3550 3508 3604 Da-

1899 3648 2048 3712 mini,
2074 3648 2214 3717 quod
2240 3646 2545 3719 respiciebat
2566 3645 2635 3699 ad
2672 3643 3015 3713 Aquilonem;
3039 3655 3087 3697 et
3116 3659 3233 3698 ecce
3261 3643 3504 3698 mulieres

1898 3741 2131 3797 sedentes
2166 3739 2345 3809 [ναις.
2376 3739 2521 3793 ibi...
2547 3735 2814 3807 sedebant]
2853 3735 3159 3808 plangentes
3185 3734 3497 3790 Adonidem.

1899 3835 2068 3902 Quem
2095 3847 2197 3887 nos
2228 3831 2519 3886 Adonidem
2546 3830 2891 3899 interpretati
2922 3844 3129 3896 sumus,
3158 3839 3212 3884 et
3239 3828 3506 3884 Hebraeus

1900 3939 1954 3985 et
1984 3928 2156 4000 Syrus
2186 3942 2372 3981 sermo
2425 3940 2641 3980 manus
2676 3923 2863 3995 (nm)
2895 3934 2916 3961 ο
2948 3932 3109 3979 vocat
3138 3940 3153 3978 :
3186 3923 3332 3979 unde
3378 3923 3505 3993 quia

1896 4022 2050 4091 juxta
2105 4018 2365 4090 gentilem
2413 4017 2673 4082 fabulam,
2722 4018 2776 4071 in
2817 4031 3005 4071 mense
3045 4016 3210 4072 Junio
3263 4017 3505 4071 amasius

1899 4113 2131 4169 Veneris
2152 4122 2207 4167 et
2228 4110 2629 4180 pulcherrimus
2646 4108 2865 4180 juvenis
2894 4110 3133 4176 occisus,
3157 4117 3211 4165 et
3240 4108 3501 4176 deinceps

1902 4206 2170 4261 revixisse
2199 4215 2474 4269 narratur,
2497 4201 2749 4258 eumdem
2774 4201 2994 4256 .Iunium
3030 4216 3274 4256 mensem
3305 4202 3500 4256 eodem

1898 4297 2176 4369 appellant
2220 4295 2473 4362 nomine,
2529 4306 2585 4352 et
2630 4295 3059 4350 anniversariam
3105 4294 3157 4350 ei
3213 4294 3505 4351 celebrant

1899 4392 2302 4448 solemnitatem
2331 4436 2345 4459 ,
2381 4392 2434 4445 in
2463 4405 2569 4461 qua
2598 4388 2872 4459 plangitur
2918 4404 2948 4443 a
2989 4388 3313 4445 mulieribus
3342 4388 3502 4459 quasi

1903 4495 2170 4550 mortuus,
2204 4494 2259 4541 et
2283 4494 2470 4552 postea
2510 4483 2848 4537 reviviscens
2876 4482 3094 4536 canitur
3124 4490 3288 4552 atque
3310 4479 3501 4537 lauda-

264 4586 443 4657 (Vers.
479 4588 595 4657 12.)
621 4586 684 4641 Ει
706 4588 842 4642 dixit
871 4586 940 4641 ad
965 4603 1045 4640 me
1072 4603 1091 4640 :
1120 4584 1270 4641 Certe
1290 4586 1439 4643 vides
1467 4628 1483 4653 ,
1513 4585 1593 4657 ﬁli
1616 4586 1788 4651 honti-
1820 4572 1874 4633 D
1902 4590 2007 4636 tur.
2040 4576 2690 4648 Consequenterquess
2717 4586 3005 4645 postquam
3030 4575 3307 4645 principes
3338 4585 3394 4631 et
3413 4591 3501 4632 se-

201 4683 289 4749 nis,
324 4700 441 4755 qute
473 4684 706 4738 seniores
732 4682 919 4736 domus
972 4679 1138 4735 Israel
1191 4682 1392 4752 faciunt
1436 4681 1489 4733 in
1545 4679 1789 4746 tenebris,

202 4777 541 4846 unusquisque
583 4776 637 4828 in
660 4775 966 4830 abscondito
996 4773 1225 4828 cubiculi
1254 4774 1356 4829 sui.
1389 4771 1583 4826 Dicunt
1605 4774 1740 4826 enim
1768 4790 1787 4826 :

201 4867 313 4923 Non
342 4868 479 4924 videt
520 4867 775 4922 Dominus
802 4884 896 4922 nos
927 4886 944 4923 :
974 4866 1249 4937 dereliquit
1281 4864 1536 4919 Dominus
1568 4875 1780 4918 terram.

200 4961 271 5019 Ex
300 4978 387 5031 eo,
435 4961 637 5035 inquit,
671 4961 818 5034 quod
845 4962 898 5017 in
932 4960 1136 5032 templo
1162 4960 1369 5015 faciunt
1412 4958 1618 5030 pariter
1647 4972 1782 5013 con-

261 5142 285 5170 ³
313 5132 475 5204 Legit
504 5133 557 5187 in
599 5145 701 5204 suo
725 5127 1026 5204 exemplari
1058 5125 1313 5180 Rabanus
1341 5124 1663 5204 presbyteros
1688 5138 1707 5178 :
1733 5131 1787 5179 et

200 5221 312 5262 mox
337 5195 561 5275 quidem
596 5203 821 5275 Hieron.
865 5195 1221 5275 presbyteros
1241 5195 1465 5275 opponit
1494 5195 1660 5275 plebi.

258 5276 284 5316 δ
312 5266 572 5349 ldem,_in
601 5266 892 5349 absconso'.
946 5266 1110 5349 quam
1164 5266 1509 5349 Latinorum:
1528 5266 1787 5349 codicum

200 5337 658 5418 antiquam'fuisse
682 5337 997 5418 lectionem,
1023 5341 1088 5397 ad
1114 5356 1238 5397 eum
1266 5337 1504 5395 Mattbzci
1528 5338 1710 5394 locum
1730 5337 1788 5392 in

198 5416 592 5476 coriimentariis
634 5416 992 5473 ostendimus.

261 5504 281 5532 ε
316 5493 505 5561 anue
536 5492 702 5561 vulgo
748 5485 1269 5561 receptasententia
1302 5492 1407 5549 est,
1435 5496 1597 5561 quam
1624 5481 1784 5561 alibi,

217 5577 264 5620 et
297 5553 572 5633 pracipue
601 5553 767 5633 epist.
801 5553 892 5624 58,
920 5556 1324 5633 adipaulinum,
1355 5570 1507 5633 num.
1542 5559 1596 5618 5,
1622 5553 1813 5608 Hiero-

221 5626 409 5701 nymus
441 5626 652 5698 laudat,
700 5641 861 5701 atque
908 5632 997 5684 alii
1048 5626 1421 5701 Ecclesiastici
1459 5633 1812 5701 tractaturos

229 5653 250 5693 II
288 5653 409 5691 ntus
441 5653 649 5698 tauuat,
700 5653 861 5701 atque
908 5653 997 5684 :IIII
1048 5653 1421 5684 ιῑουυιυδιειδιιυι
1484 5653 1812 5680 uuuaumca

229 5653 403 5765 grumi
445 5704 744 5767 Latinique
768 5705 1114 5758 conﬁrmant.
1151 5700 1406 5755 Attamen
1436 5695 1813 5767 Egyptiorum

229 5781 362 5838 hunc
392 5780 607 5837 cultum
634 5769 709 5833 de
754 5773 964 5833 Osiride
986 5781 1040 5830 et
1063 5772 1166 5844 Api
1189 5770 1328 5829 bove
1355 5769 1602 5841 plerique
1628 5783 1814 5823 tcccn-

1902 4673 2089 4728 niores
2117 4671 2311 4725 domus
2352 4667 2519 4723 Israel
2549 4668 2676 4739 quid
2707 4666 2941 4723 fecerint
2986 4668 3041 4723 in
3075 4668 3281 4738 templo
3323 4677 3502 4734 ac,te-

1898 4766 2084 4822 nebris
2098 4762 2475 4834 cubiculisque
2499 4770 2862 4817 monstratum
2885 4771 2968 4818 est
2987 4779 3002 4816 :
3023 4762 3188 4818 etiam
3208 4763 3500 4820 mulierum

1896 4861 2025 4916 vitia
2048 4858 2451 4923 describuntur,
2473 4872 2594 4927 qua:
2616 4856 2880 4927 plangunt
2900 4864 3210 4911 amatorum
3234 4857 3501 4913 societate

1898 4954 2149 5025 privatae,
2187 4960 2244 5007 et
2270 4950 2569 5019 exsultant,
2598 4947 2647 5005 si
2672 4963 2769 5006 eos
2817 4949 3099 5022 potuerint
3129 4948 3401 5008 obtinere.
3432 4949 3504 5007 Et

1896 5118 2064 5173 tiores
2080 5123 2385 5187 exponunt,
2409 5114 2480 5170 de
2504 5127 2615 5187 quo
2628 5112 2963 5187 Plutarchus
2988 5114 3202 5187 librum
3230 5115 3503 5187 integrum

1898 5183 2245 5261 scripsitht
2270 5183 2551 5255 Tibullus,
2586 5185 2680 5242 lib.
2714 5186 2767 5253 1,
2795 5186 2935 5258 eleg.
2973 5186 3009 5243 8
3038 5205 3053 5244 :

2032 5327 2246 5378 Barbara
2270 5322 2591 5387 Memphitem
2610 5321 2848 5386 plangere
2870 5321 3011 5374 docta
3028 5322 3221 5376 bovem.

1916 5478 2048 5534 Vide
2074 5475 2218 5531 Plin.
2248 5473 2348 5529 lib.
2381 5487 2497 5539 vttt,
2526 5486 2647 5539 cap.
2690 5470 2791 5534 46;
2833 5469 3103 5537 Solinum,
3134 5472 3188 5525 in
3238 5468 3502 5541 Polyhist.

1913 5566 2035 5620 cap.
2089 5548 2192 5613 36;
2228 5546 2491 5620 Pompon.
2550 5542 2747 5598 Melam
2795 5542 2954 5620 Ιῖὺηι,
2988 5556 3107 5612 cap.
3146 5541 3213 5608 9;
3244 5542 3503 5620 Strabon.

1917 5612 2014 5677 Illi.
2045 5612 2183 5675 xvii.
2210 5612 2431 5671 Certum
2478 5630 2644 5684 porro
2671 5622 2777 5677 est,
2810 5612 3026 5684 “datos
3075 5623 3201 5668 tunc
3242 5614 3503 5683 temporis

1920 5694 2192 5750 serviliter
2213 5682 2791 5759 Egyptiisiadulantes
2815 5682 3089 5759 religionis
3108 5685 3291 5745 cultus
3306 5682 3502 5755 impias

1914 5763 2138 5835 perinde
2160 5778 2221 5819 ac
2248 5753 2427 5817 mores
2455 5755 2643 5813 civiles
2669 5753 2970 5813 tumulatus.
