4018 6322
271 239 331 295 85
940 240 1592 301 COMMEN'I‘ARIORUM
1634 241 1702 303 IN
1742 240 2186 301 EZECllIELEM
2228 242 2355 300 LIB.
2402 241 2489 300 III.
2531 244 2685 300 CAP.
2731 243 2825 301 IX.
3465 244 3534 303 86

260 358 513 424 Ιιητειίεῐ,
538 356 626 428 qui
658 356 1020 428 repleverunt
1049 364 1248 411 tt-rram
1282 354 1595 424 iniquitate,
1622 364 1671 408 et
1704 370 1834 417 con-
1862 362 1909 425 Α
1942 356 2133 411 vocavit
2155 356 2450 429 virum,qui
2475 357 2689 415 indutus
2711 361 2981 417 eratlineis
3003 377 3022 428 ;
3043 370 3089 417 et
3110 362 3534 421 atrantentarium

257 450 385 508 versi
403 459 530 505 sunt
548 450 614 503 ad
641 450 757 505 falsi
788 449 1023 503 nominis
1046 448 1351 514 scientiam,
1377 457 1435 501 ut
1462 447 1747 503 Dominum
1768 447 1832 505 ad

254 545 578 603 iracundiam
622 553 1013 616 provocarent,
1045 540 1354 597 :estimandi
1401 551 1528 595 sunt
1562 559 1573 593 :
1609 542 1834 611 quando

252 636 462 693 laudare
486 637 760 691 voluerint
790 637 984 703 Deum,
1013 634 1179 703 magis
1208 634 1348 704 turpi
1374 633 1557 688 sonitu
1584 632 1836 705 blasphe-

251 747 385 786 mare
410 774 423 795 ,
456 730 543 786 vel
580 730 917 785 'l‘estamenti
952 727 1157 783 veteris
1208 726 1374 781 Deunt
1408 725 1559 798 parvi
1609 725 1830 796 ducere,

248 824 464 881 irridere
486 866 503 892 ,
535 834 911 879 contemnere.

309 918 493 985 (Vers.
538 916 657 991 l8.)
686 917 826 989 Ergo
855 930 901 971 et
923 934 1016 990 ego
1042 918 1231 989 faciam
1263 917 1317 970 in
1335 918 1553 986 furore:
1584 930 1686 968 non
1715 930 1838 983 par-

251 1024 312 1068 ret
336 1016 522 1067 oculus
555 1030 718 1079 meus,
748 1030 837 1067 nec
867 1013 1158 1067 miserebor.
1189 1011 1391 1067 Etcum
1414 1010 1745 1065 ctamaverint
1768 1008 1837 1062 ad

249 1123 383 1159 aures
416 1123 566 1160 meas
596 1123 714 1159 race
746 1122 935 1177 magna
959 1147 971 1167 ,
1003 1121 1107 1158 non
1136 1103 1412 1157 exaudiant
1440 1117 1544 1154 eos.
1571 1100 1837 1171 Quodque

244 1199 501 1269 sequitur,
526 1210 703 1252 etcum
720 1198 1049 1253 clamaverint
1074 1196 1142 1251 ad
1164 1212 1314 1250 aures
1334 1211 1471 1248 meas
1487 1209 1602 1247 voce
1624 1209 1833 1264 magna,

244 1313 331 1348 rion
359 1296 648 1349 exaudiam
678 1312 792 1359 eos,
828 1295 878 1346 in
926 1292 1417 1363 Septuagintamon
1452 1288 1701 1343 habetur.
1732 1286 1838 1341 Pro

244 1389 338 1452 bis,
363 1388 464 1455 ait,
496 1387 759 1442 omntbus
787 1400 908 1458 qua:
927 1385 1194 1451 fecerunt,
1220 1398 1322 1453 ego
1342 1381 1534 1437 faciam
1555 1381 1606 1434 in
1630 1380 1834 1443 lurore,

240 1494 285 1536 et
313 1497 419 1534 non
479 1494 673 1552 parcet
712 1481 904 1534 oculus
948 1492 1102 1532 meus
1127 1518 1142 1542 ,
1177 1491 1279 1531 nec
1325 1472 1651 1529 miserebor.
1681 1469 1836 1538 Quod

240 1572 519 1627 audientes
548 1584 765 1627 veteres
796 1569 1399 1633 hmretici,Creatttrmn
1432 1564 1839 1620 calumniantur

239 1667 377 1738 quasi
406 1665 700 1720 crudelem
721 1673 777 1719 et
802 1661 1215 1734 sanguinarium
1241 1677 1255 1725 ;
1297 1675 1396 1714 nec
1423 1658 1665 1728 cogitant
1691 1659 1838 1724 Apo-

1939 451 2205 519 scriptoris
2216 451 2429 506 habebat
2445 452 2495 507 in
2518 452 2698 511 lambis
2712 456 2838 512 suis.
2863 456 2966 515 Pro
2979 455 3295 528 lineis,quod
3312 456 3537 526 ttosjux-

1941 551 1989 597 ta
2019 543 2128 616 93
2156 543 2541 616 Symmachum
2586 545 2926 617 interpretati
2953 564 3144 603 sumus
3168 591 3184 617 ,
3232 545 3406 614 LXX,
3438 569 3535 603 πο-

1939 636 2100 715 δήρηι
2152 639 2457 695 Tlteodotio
2495 641 2668 710 ipsum
2700 642 2921 696 verbum
2956 642 3286 699 llebraicum
3336 656 3534 698 ιιΑιιιιιιι

1943 729 2157 799 (Dl'tlt);
2184 730 2399 802 Aquila,
2434 735 2719 804 prtecipua,
2753 738 3096 805 interpretati
3120 747 3266 792 sunt.
3298 737 3535 792 Rursum

1938 822 2033 879 ubi
2066 838 2167 878 nos
2191 824 2447 894 diximus,
2481 836 2525 880 et
2547 829 2980 888 atramentariam
3004 832 3272 902 scriptoris
3301 830 3369 883 ad
3389 846 3534 885 renes

1939 918 2076 987 ejus,
2106 914 2251 971 LXX
2284 929 2586 988 posuerunt
2615 937 2628 972 :
2663 920 2731 973 Et
2765 937 2895 973 zona
2922 921 3233 991 sappltirina
3259 937 3415 991 super
3452 938 3536 977 re—

1941 1026 2027 1064 nes
2073 1014 2218 1084 ejus;
2263 1012 2606 1080 Tlteodotio,
2654 1017 2819 1071 κάστυ
2852 1015 3034 1069 scribte
3080 1016 3133 1068 in
3183 1032 3338 1069 manu
3388 1017 3533 1086 ejus;

1941 1103 2157 1174 Aquila,
2186 1105 2601 1183 μελανοδοχεῐον,
2646 1108 2697 1163 id
2732 1116 2850 1176 est,
2885 1112 3315 1165 atramentarium
3356 1108 3535 1164 scriba:

1940 1195 2009 1250 ad
2036 1193 2243 1250 lumbos
2275 1200 2426 1269 ejus;
2478 1199 2863 1270 Symmachus,
2898 1201 3102 1257 tabulas
3144 1203 3412 1271 scriptoris
3442 1201 3539 1255 ha-

1941 1288 2084 1343 bebat
2117 1291 2169 1343 in
2200 1291 2407 1347 renibus
2451 1295 2580 1348 suis.
2611 1294 2677 1348 Et
2702 1296 2789 1349 ubi
2812 1310 2911 1350 nos
2951 1296 3355 1361 transtulimus,
3379 1294 3535 1349 limen

1941 1382 2143 1449 domas,
2177 1382 2533 1455 Septuaginta
2565 1398 2616 1441 et
2651 1387 2987 1455 Theodotio,
3015 1390 3073 1445 τὸ
3101 1387 3315 1464 αἴθριον,
3344 1390 3394 1444 id
3426 1399 3531 1453 est,
3616 1452 3624 1461 ο

1940 1478 2040 1532 sub
2071 1477 2195 1531 divo
2219 1493 2450 1548 posuere
2476 1481 2801 1536 restibutum.
2850 1482 2957 1539 Pro
2986 1499 3113 1539 vase
3143 1500 3360 1555 quoque
3397 1485 3537 1540 intc-

1943 1568 2100 1633 ritus,
2134 1569 2277 1638 quod
2302 1569 2500 1641 singuli
2534 1573 2635 1629 viri
2670 1574 2943 1631 habebant
2992 1577 3043 1630 itt
3099 1577 3380 1641 manibus,
3427 1577 3531 1631 soli

1943 1657 2297 1731 Septuaginta
2330 1665 2553 1717 securim
2582 1667 2925 1736 interpretati
2956 1679 3104 1722 sunt.
3135 1668 3216 1724 Ad
3256 1670 3533 1725 hominum

239 1760 429 1815 stolum
466 1757 733 1823 Paulum,
768 1757 859 1827 qui
894 1762 1043 1809 certe
1074 1751 1203 1806 boni
1236 1752 1330 1807 Dei
1376 1753 1459 1822 (ut
1489 1750 1590 1820 ιιιυὶ
1622 1748 1835 1818 volunt)
1869 1755 1915 1814 Β
1942 1754 2107 1826 igitur
2144 1767 2364 1826 peccata
2411 1759 2669 1830 delenda,
2703 1761 2795 1831 qui
2845 1763 2898 1818 in
2919 1773 3073 1817 sexta
3105 1763 3194 1818 die
3224 1762 3536 1819 fabricatio-

238 1852 516 1921 apostolus
544 1862 651 1918 est,
680 1851 926 1904 scribere
949 1849 1057 1921 92
1085 1847 1150 1901 ad
1176 1844 1497 1901 Corinthios
1515 1885 1530 1910 ,
1560 1842 1623 1898 Si
1654 1857 1837 1896 venero

235 1963 463 2012 rursum,
490 1962 598 2000 non
628 1961 841 2015 parcam
862 1941 929 2011 (ll
968 1940 1089 1996 Cor.
1110 1956 1199 2009 xv,
1220 1939 1301 2011 :t);
1323 1950 1381 1993 ut
1402 1936 1551 2008 virga
1574 1934 1838 2007 corripiat

232 2039 647 2109 delinquentes,
680 2048 735 2092 et
765 2043 1016 2091 errantes
1038 2032 1283 2088 retrahat
1332 2030 1398 2084 ad
1443 2032 1697 2084 salutent.
1732 2025 1836 2093 Qui

234 2135 371 2190 ειιίιιι
417 2149 527 2187 non
561 2131 881 2201 intelligunt
904 2128 1043 2199 quod
1074 2127 1175 2181 sibi
1206 2124 1410 2199 prosit.
1442 2135 1497 2180 et
1521 2130 1684 2178 orant
1724 2120 1830 2177 fre-

231 2240 459 2299 quenter
489 2226 802 2290 contraria,
830 2226 1054 2293 exlietlit
1080 2223 1161 2276 eis
1190 2229 1249 2274 ut
1278 2236 1385 2277 non
1416 2218 1777 2274 exaudiantur
1802 2232 1832 2272 a

234 2318 484 2373 Domino.
534 2317 691 2373 Unde
730 2326 786 2372 et
834 2316 889 2370 in
935 2315 1183 2369 oratione
1235 2312 1515 2367 Dotninica
1559 2309 1829 2366 dicimus:

234 2412 351 2469 Fiat
384 2412 625 2469 voluntas
667 2422 755 2467 tua
783 2408 1008 2483 (Matth.
1035 2424 1108 2474 vt,
1138 2404 1260 2478 10).
1291 2405 1408 2461 Νοιι
1439 2407 1689 2460 voluntas
1736 2419 1832 2460 no-

228 2518 331 2561 stra
353 2550 368 2571 ,
397 2522 522 2578 quae
550 2521 745 2561 errare
774 2501 1060 2558 consuevit
1094 2518 1106 2555 :
1140 2501 1234 2556 sed
1268 2500 1519 2554 voluntas
1550 2510 1637 2552 tua
1667 2539 1680 2563 ,
1709 2512 1831 2569 qu.e

230 2604 405 2657 lutura
437 2602 751 2671 cognoscit.
783 2598 1099 2667 Magna'que
1123 2593 1395 2650 interdum
1423 2592 1697 2648 felicitatis
1724 2600 1829 2658 est,

229 2697 291 2752 ad
324 2710 571 2767 przesens
602 2692 1039 2750 misericordiam
1074 2706 1180 2745 non
1218 2688 1442 2744 mereri.
1493 2686 1555 2741 Et
1587 2685 1705 2740 istis
1733 2684 1830 2755 igi-

232 2802 335 2857 tur,
367 2792 457 2859 qui
488 2796 621 2843 sunt
645 2786 713 2841 de
741 2786 906 2839 domo
936 2783 1096 2849 Juda,
1128 2794 1180 2837 et
1212 2798 1239 2834 a
1268 2778 1615 2835 confessione
1643 2778 1832 2833 Eccle-

228 2886 319 2939 siae
351 2890 738 2948 recesserunt,
766 2896 873 2936 non
919 2886 1103 2949 parcet
1130 2876 1412 2932 Dominus.
1441 2873 1686 2942 Cumque
1712 2873 1827 2926 cla-

229 2978 494 3033 maverint
517 2991 650 3031 voce
679 2975 971 3044 magna,de
998 2986 1102 3041 qua
1130 2970 1392 3024 Dominus
1418 2966 1557 3022 dixit
1583 2984 1594 3020 :
1620 2964 1829 3019 Clamor

228 3088 398 3127 eorum
426 3070 654 3138 pervenit
685 3068 753 3121 ad
786 3066 1092 3138 me(Genes.
1125 3062 1283 3132 svnt)
1309 3080 1321 3116 :
1347 3072 1529 3115 tamen
1566 3060 1826 3115 Dominus

1942 1847 2025 1901 nis
2055 1849 2240 1903 mundi
2277 1850 2404 1905 facti
2435 1862 2581 1918 sunt,
2628 1853 2859 1909 veniunt
2884 1869 2987 1909 sex
3032 1856 3164 1921 viri,
3213 1867 3270 1911 et
3301 1856 3533 1913 desceno

1938 1940 2072 1995 dunt
2104 1942 2173 2000 de
2213 1952 2367 2014 porta
2400 1946 2691 2016 superiori,
2723 1948 2838 2002 sive
2860 1957 2919 2002 ut
2944 1948 3087 2003 LXX
3111 1949 3529 2017 transtulerunt,

1937 2034 2140 2087 excelsa
2167 2034 2232 2089 ad
2262 2034 2619 2105 Aquilonem.
2660 2038 2727 2093 Et
2770 2040 3005 2095 habebat
3038 2042 3415 2112 unusquisque
3441 2057 3530 2098 se-

1936 2128 2112 2182 curim
2170 2128 2222 2184 in
2257 2131 2534 2200 manibus,
2585 2131 2652 2187 de
2682 2148 2786 2203 qua
2813 2132 3056 2188 Joannes
3085 2135 3361 2204 loquitur:
3407 2134 3529 2189 lam

1936 2224 2070 2278 enim
2094 2226 2292 2279 securis
2325 2227 2393 2279 ad
2416 2228 2619 2281 radices
2651 2229 2895 2282 arborum
2920 2229 3090 2300 posita
3116 2239 3211 2283 est.
3243 2229 3421 2283 Omnis
3443 2246 3531 2283 ar-

1936 2317 2029 2371 bor
2056 2335 2169 2389 qua:
2196 2321 2420 2391 fructum
2446 2337 2546 2375 non
2574 2321 2725 2392 facit,
2760 2321 3030 2376 excidetur
3056 2332 3104 2376 et
3132 2323 3185 2375 in
3218 2324 3386 2394 ignem
3415 2324 3535 2379 mit-

1935 2420 2069 2464 tetur
2129 2409 2345 2481 (Matth.
2379 2428 2455 2479 Ill,
2486 2412 2619 2467 Luc.
2649 2428 2729 2477 tu,
2758 2414 2837 2483 9).
2864 2414 3105 2486 Eratque
3134 2414 3186 2470 in
3220 2416 3402 2470 medio
3434 2432 3529 2471 sex

1933 2502 2176 2557 virorum
2209 2519 2371 2569 unus,
2408 2506 2459 2558 id
2495 2516 2602 2571 est,
2631 2506 2922 2575 septimus,
2974 2507 3026 2561 iit
3073 2506 3267 2562 llabitu
3297 2510 3528 2579 pontili-

1932 2593 2013 2647 cis
2043 2595 2275 2648 vestitus
2305 2594 2466 2650 lineis
2498 2594 2854 2665 indumentis,
2888 2609 2943 2652 et
2976 2599 3217 2654 habebat
3247 2609 3527 2655 atramen-

1934 2686 2129 2741 tariutn
2162 2688 2445 2757 scriptoris
2477 2687 2545 2744 ad
2593 2703 2755 2755 renes
2786 2704 2939 2758 suos,
2975 2705 3084 2760 quo
3129 2672 3372 2746 omnium
3405 2708 3530 2763 pec-

1932 2792 2049 2834 eata
2080 2780 2440 2851 describeret,
2471 2792 2525 2837 et
2564 2796 2880 2839 sanetorum
2912 2800 2941 2838 a
2990 2786 3379 2856 peccatoribus
3428 2804 3529 2841 nu-

1930 2890 2144 2931 merum
2174 2888 2523 2947 segregaret:
2551 2884 2668 2935 sive
2691 2894 2884 2935 zonam
2917 2879 3291 2950 sappltirinant
3323 2882 3529 2937 coloris

1930 2967 2127 3037 lapidis
2152 2968 2426 3039 sapphiri,
2456 2972 2549 3040 qui
2583 2971 2635 3024 in
2653 2972 3002 3026 ornamentis
3033 2982 3118 3027 est
3148 2973 3413 3043 principis
3438 2988 3530 3028 sa-

1930 3061 2235 3117 cerdotum.
2290 3063 2621 3137 Egressique
2671 3076 2799 3119 sunt
2844 3080 2940 3120 sex
2992 3064 3119 3130 viri,
3156 3074 3212 3121 et
3253 3075 3530 3121 steterunt

230 3181 331 3219 non
361 3164 621 3219 exaudiet
644 3176 745 3217 eos
777 3177 789 3215 :
818 3168 876 3215 ut
907 3159 1065 3215 malis
1091 3157 1266 3214 coacti
1299 3198 1311 3222 ,
1346 3154 1651 3224 intelligant
1694 3151 1824 3222 quid
1851 3148 1895 3210 C
1925 3152 2081 3222 juxta
2114 3156 2289 3210 altare
2318 3170 2557 3211 aeneum.
2589 3158 2706 3212 Duo
2735 3156 2882 3213 enim
2915 3166 3077 3214 erant
3104 3158 3326 3214 altaria:
3360 3174 3525 3214 unum

610 3377 681 3388 --
708 3346 866 3402 Vers.
898 3343 976 3416 1.)
1010 3345 1074 3399 Et
1106 3343 1343 3397 clamavit
1377 3344 1429 3396 in
1462 3341 1673 3396 auribus
1699 3340 1825 3394 meis

232 3459 343 3499 me
383 3458 573 3514 magna
598 3484 612 3508 ,
637 3441 813 3495 dicens
850 3455 869 3493 .'
908 3438 1463 3509 Appropinquaverunt
1508 3435 1824 3489 risitationes

238 3537 386 3590 urbis.
416 3535 522 3588 Pro
555 3532 978 3598 visitationibus,
1006 3529 1255 3584 ultionem
1275 3529 1628 3599 Septuaginta
1658 3538 1826 3582 trans-

238 3628 487 3682 tulerunt.
518 3625 655 3678 Mihi
685 3625 822 3678 enim
849 3623 1126 3677 vindictam
1158 3631 1203 3677 et
1240 3638 1333 3694 ego
1361 3621 1670 3686 retribuam,
1696 3619 1822 3672 dicit

239 3718 482 3773 Dominus
536 3719 555 3789 (
587 3715 741 3773 Deut.
772 3732 945 3780 XXXII,
980 3716 1051 3772 5'3
1159 3715 1456 3784 Omnisque
1509 3711 1640 3767 ultio
1696 3711 1823 3766 visi-

237 3814 359 3867 tatio
418 3823 506 3867 est
561 3811 721 3881 quasi
775 3807 1324 3880 :egrotantis,quasi
1381 3806 1639 3863 habentis
1706 3802 1825 3859 vul-

233 3921 377 3969 nera,
402 3905 559 3975 quasi
595 3903 838 3959 MCdiCilS
881 3900 1255 3970 ettSpectantis
1274 3915 1487 3963 manus,
1509 3900 1658 3968 iuxta
1688 3897 1820 3951 illud

232 3999 364 4066 quod
403 3997 535 4053 alibi
583 3997 847 4066 scriptum
901 4004 985 4049 cst
1028 4012 1040 4048 :
1078 3992 1312 4046 Visitabo
1364 3992 1418 4044 in
1449 3991 1592 4064 virga
1625 3990 1819 4061 iniqui-

227 4101 345 4145 tates
395 4107 596 4155 eorum,
622 4099 669 4143 et
728 4091 780 4142 in
827 4086 1056 4160 ﬂagellis
1108 4094 1315 4157 peccata
1365 4099 1587 4137 eorum:
1620 4081 1823 4136 miseri-

228 4183 451 4234 cordiau
500 4191 677 4233 autem
730 4196 896 4234 meum
946 4195 1051 4233 non
1096 4181 1332 4247 auferant
1373 4175 1436 4229 ab
1475 4176 1546 4228 eis
1612 4172 1816 4246 (Psal.

228 4275 599 4341 uuvut,53,
630 4270 743 4343 54).
780 4271 1056 4341 Recteque
1087 4271 1183 4343 (nt
1224 4285 1388 4339 supra
1438 4266 1714 4336 diximus)
1745 4267 1822 4321 vi-

225 4368 401 4421 sitatio
427 4367 512 4422 vel
547 4366 679 4421 ultio
707 4366 1147 4436 appropinquare
1176 4364 1373 4419 dicitur
1402 4361 1713 4432 captivitate
1746 4362 1821 4416 vi-

224 4478 369 4515 (111³.

1932 3247 2329 3316 thymiamatis,
2367 3264 2592 3304 aureum
2624 3250 2992 3315 intrinsecus;
3043 3261 3099 3306 et
3139 3250 3369 3306 alterum
3398 3259 3528 3308 ante

1929 3340 2213 3409 templum,
2237 3356 2446 3395 aeneum
2464 3341 2934 3398 ltolocaustorum.
2963 3343 3125 3399 Juxta
3153 3344 3325 3399 altare
3346 3353 3527 3399 autem

1928 3444 2076 3490 stare
2108 3435 2369 3491 dicuntur
2400 3437 2575 3506 parati
2614 3437 2680 3491 ad
2708 3438 2957 3507 jubentis
2988 3437 3298 3507 imperium,
3332 3446 3389 3491 ut
3428 3452 3523 3495 cu-

1922 3526 2252 3597 juscumque
2295 3529 2533 3583 viderint
2578 3530 2650 3583 ibi
2698 3544 2806 3583 non
2837 3544 2962 3584 esse
2996 3536 3223 3599 peccata
3270 3528 3524 3595 dimissa,

1926 3620 2211 3674 sententize
2264 3620 2478 3673 Domini
2528 3628 2585 3673 rt
2628 3619 3002 3675 lnterfectioni
3059 3635 3185 3674 eum
3237 3618 3525 3689 subiacere

1925 3724 2284 3784 cognoscant.
2310 3713 2492 3768 Gloria
2522 3729 2740 3783 quoque
2769 3713 2862 3768 Dei
2889 3712 3058 3768 Israel
3092 3710 3377 3777 ascendit,
3407 3712 3525 3767 sive

1924 3818 2207 3877 assumpta
2238 3817 2318 3862 est
2342 3807 2411 3862 de
2434 3823 2542 3862 uno
2565 3806 2809 3873 Clterub,
2850 3817 2905 3861 et
2952 3807 3042 3861 ivit
3076 3807 3143 3862 ad
3175 3802 3342 3862 limen
3363 3847 3378 3871 ,
3408 3806 3523 3861 sive

1925 3901 1991 3956 ad
2025 3900 2311 3955 snlnlivutn
2346 3901 2473 3955 atrii
2505 3902 2701 3956 domus
2731 3911 2893 3971 atque
2922 3902 3211 3966 vestibuli,
3253 3902 3395 3973 quod
3428 3917 3524 3958 nc-

1924 4010 2193 4065 quaquam
2228 4004 2370 4050 tecto
2398 3996 2682 4065 premitur,
2712 3995 2804 4050 sed
2838 3995 2986 4051 aeris
3016 3994 3219 4050 finitur
3248 3994 3520 4050 libertate.

1923 4088 2054 4156 Qua:
2104 4090 2219 4157 ipsa
2266 4087 2439 4158 gloria
2472 4088 2685 4143 Dotnini
2735 4090 2939 4153 virum,
2969 4090 3060 4158 qui
3098 4099 3217 4143 erat
3247 4088 3299 4143 in
3334 4087 3520 4143 habitu

1927 4183 2227 4252 pontilicis,
2248 4181 2596 4252 habebatque
2620 4180 2733 4254 94
2760 4182 3213 4236 atramentarium
3244 4181 3298 4235 in
3326 4180 3523 4234 lumbis

1925 4275 2065 4340 suis,
2093 4275 2351 4337 voeavit,
2387 4285 2441 4329 et
2473 4276 2612 4329 dixit
2637 4288 2758 4345 qua:
2791 4274 3075 4346 Scriptura
3109 4281 3360 4330 testatur.
3390 4272 3523 4346 Qui.-

1925 4371 2050 4426 dam
2077 4386 2176 4427 sex
2218 4371 2389 4437 viros,
2420 4385 2514 4426 sex
2542 4369 2975 4439 interpretantur
3005 4367 3267 4439 Angelos,
3296 4368 3386 4438 qtti
3420 4366 3515 4422 Dei

1928 4474 2154 4533 pareant
2178 4465 2444 4519 voluntati
2481 4481 2494 4517 :
2528 4462 2817 4533 ipsumque
2850 4477 3018 4516 unum
3050 4462 3140 4532 qui
3176 4460 3414 4517 habebat
3439 4461 3521 4516 in-

296 4555 357 4610 Et
379 4558 740 4628 unusquisque
763 4572 849 4610 vas
872 4554 1243 4625 interfectionis
1272 4553 1422 4608 habet
1448 4553 1501 4605 in
1526 4567 1682 4605 manu
1700 4568 1815 4604 sua.
1850 4545 1902 4607 D
1926 4556 2187 4611 dumenta
2229 4555 2520 4626 pontiﬁcis,
2569 4555 2912 4611 Salvatorem
2964 4553 3313 4623 intelligunt;
3360 4553 3516 4618 juxta

222 4645 338 4702 Non
381 4649 521 4702 dixit
546 4689 561 4711 ,
590 4648 802 4702 habebat
830 4688 843 4707 .
879 4654 937 4699 ut
985 4645 1338 4716 Septuaginta
1400 4642 1816 4699 transtulerunt.

222 4741 404 4811 Neque
436 4741 583 4796 enim
618 4751 797 4796 narrat
845 4741 1116 4810 praeterita
1140 4781 1152 4801 ,
1186 4738 1282 4794 sed
1326 4738 1612 4808 pra-sentit
1676 4736 1821 4791 futu-

224 4852 387 4907 raque
430 4837 801 4891 demonstrat.
830 4836 931 4901 Qui
963 4836 1125 4904 igitur
1156 4816 1326 4887 malos
1370 4832 1605 4902 percutit
1656 4832 1708 4885 in
1752 4846 1819 4887 eo

225 4931 367 5001 quod
400 4932 530 4987 mali
565 4940 712 4997 sunt,
746 4939 802 4985 et
832 4930 992 4985 habet
1022 4944 1145 4985 vasa
1177 4925 1606 4993 interici-tionis,
1638 4936 1691 4982 ut
1720 4942 1815 4981 oc-

226 5025 366 5077 ('idal
391 5024 690 5094 pessimos,
721 5022 969 5078 minister
995 5031 1077 5075 est
1106 5020 1342 5075 Domini.

297 5118 483 5189 (Vere.
510 5117 567 5183 2,
596 5117 675 5187 ὅ.)
710 5115 775 5169 Et
798 5132 911 5169 ecce
937 5131 1025 5170 sea:
1044 5116 1138 5169 viri
1164 5113 1431 5168 veniebant
1457 5116 1522 5167 de
1547 5115 1626 5167 via
1657 5123 1819 5183 porlw

227 5212 526 5279 superioris,
546 5225 659 5277 qua:
685 5209 891 5280 respicit
912 5206 980 5260 ad
1003 5206 1329 5277 Aquilonem,
1348 5216 1393 5259 et
1412 5205 1819 5277 uniuscujusque

227 5322 308 5358 sus
336 5306 579 5358 interitus
616 5306 669 5357 in
700 5320 858 5357 manu
890 5306 1023 5375 ejus.
1071 5299 1158 5354 Vir
1179 5315 1377 5370 quoque
1412 5315 1542 5352 unus
1573 5298 1624 5350 in
1648 5297 1820 5352 medio

227 5414 395 5449 eorum
438 5398 652 5449 vestitus
698 5395 848 5449 lineis
870 5440 883 5463 ,
917 5403 965 5448 et
990 5395 1422 5447 atramentarinm
1451 5392 1716 5463 scriptoris
1751 5390 1820 5443 ad

226 5508 365 5544 renes
397 5495 510 5565 ejus
544 5506 563 5545 :
589 5490 913 5562 ingressique
938 5497 1058 5542 sunt
1079 5530 1092 5553 ,
1123 5497 1169 5542 et
1195 5496 1441 5542 steterant
1463 5490 1623 5559 juxta
1657 5486 1823 5541 altare

227 5600 439 5639 oneum.
473 5582 537 5637 Et
559 5584 733 5655 gloria
756 5579 855 5636 Dei
883 5581 1065 5654 [Vulg.
1097 5579 1330 5653 Domini]
1362 5579 1530 5635 Israel
1557 5588 1823 5650 assumpta

228 5690 293 5730 est
322 5679 386 5731 de
413 5675 636 5739 (Iber-ub,
661 5691 780 5747 qua
800 5686 909 5728 erat
932 5692 1085 5745 super
1112 5691 1227 5728 eum
1257 5674 1325 5726 ad
1348 5676 1504 5728 limen
1529 5676 1729 5728 domus.
1758 5672 1823 5727 Et

1924 4649 2003 4713 id,
2034 4649 2176 4719 quod
2205 4649 2474 4704 Sacerdos
2521 4659 2605 4704 est
2655 4658 2709 4704 et
2742 4650 2919 4719 magni
2969 4648 3190 4703 consilii
3246 4645 3515 4719 Angelus,

1923 4743 2164 4813 illudque
2186 4742 2332 4813 quod
2356 4744 2590 4798 dicitur:
2622 4742 2701 4797 Tu
2718 4760 2772 4797 es
2796 4744 3042 4803 sactrdos
3073 4745 3125 4797 in
3157 4753 3405 4798 aeternum
3438 4758 3517 4797 se-

1921 4838 2147 4890 cundum
2178 4838 2414 4891 ordinem
2457 4835 2807 4890 Melchisedet‘
2836 4836 3015 4907 (Psal.
3045 4852 3156 4902 otx,
3185 4836 3266 4907 4).
3321 4835 3517 4914 “adripit

1922 4938 2127 4996 autem,
2153 4929 2297 4999 quod
2326 4931 2685 4999 Septuaginta
2722 4929 3142 4995 trannulcrunt,
3173 4945 3275 4984 una
3305 4944 3371 4983 ex
3395 4940 3520 4984 octo

1924 5023 2152 5077 vestium
2187 5032 2270 5077 est
2317 5022 2614 5091 pontiﬁcis,
2664 5037 2782 5091 qua:
2831 5021 3024 5077 Latine
3064 5020 3264 5077 dicitur
3300 5021 3517 5085 talaris;

1921 5125 1977 5171 et
2002 5130 2062 5169 ev
2095 5129 2162 5169 eo
2193 5116 2334 5184 quod
2359 5115 2423 5167 ad
2450 5115 2617 5183 pedes
2646 5129 2820 5184 usque
2844 5114 3165 5180 descendat,
3194 5115 3296 5169 hoc
3322 5114 3517 5167 sortita

1923 5210 2247 5265 vocabulum
2277 5217 2377 5265 est.
2407 5209 2480 5264 De
2511 5219 2662 5264 veste
2692 5209 2966 5279 pootilicis
2996 5219 3122 5264 ante
3146 5224 3317 5262 annos
3349 5207 3521 5276 pluri-

1925 5319 2043 5359 mos
2072 5305 2189 5359 scio
2216 5302 2461 5360 edidisse
2488 5320 2573 5358 me
2605 5303 2832 5363 librum,
2871 5301 2940 5357 ad
2982 5301 3138 5371 cujus
3183 5300 3522 5369 CXplanaliO-

1926 5411 2049 5450 nent
2084 5397 2242 5450 tnitto
2271 5398 2559 5452 lectorem.
2594 5395 2783 5467 Neque
2827 5396 2973 5449 enim
3005 5376 3227 5464 possum
3255 5391 3437 5446 omnia
3470 5392 3524 5447 in

1924 5491 2177 5543 omnibus
2235 5490 2371 5543 locis
2424 5487 2651 5557 dicere,
2704 5485 2959 5557 quodque
3008 5484 3221 5551 Aquila:
3266 5486 3439 5554 prima
3471 5500 3530 5538 e-

1924 5587 2058 5642 ditio
2099 5596 2153 5640 et
2181 5584 2490 5640 Theodotio
2520 5584 2772 5637 dixerant
2801 5583 2965 5637 κάστυ
2991 5620 3007 5647 ,
3042 5595 3140 5648 pro
3193 5595 3301 5649 quo
3330 5581 3381 5633 in
3414 5578 3523 5634 lle-

1929 5682 2076 5734 brmo
2115 5679 2312 5748 legitur
2341 5692 2541 5732 cesnu
2571 5674 2734 5761 (περ)
2756 5716 2770 5737 ,
2821 5690 2943 5726 cum
2973 5682 2995 5708 ιι
3021 5672 3089 5727 ab
3120 5672 3348 5727 Hebraeo
3378 5687 3527 5741 quac-

302 5777 324 5804 ⁸
358 5768 477 5839 Ipsa
512 5770 627 5823 lucc
676 5766 926 5838 Origcnis
956 5783 985 5825 a
1037 5767 1231 5823 Drttsio
1260 5767 1461 5823 laudati
1492 5780 1617 5824 sunt
1649 5774 1810 5827 verba

1931 5772 2035 5830 »δέν
2052 5774 2149 5849 γὰρ
2182 5774 2405 5847 ἡγοῦμαι
2427 5773 2762 5842 σημαίνεσθαι
2789 5764 3161 5845 παρ”Ελλησιν
3182 5770 3237 5823 ἑκ
3259 5777 3350 5829 τῆς
3367 5769 3532 5823 nam

1128 5888 1183 5921 χλ
