3996 6322
216 294 272 351 89
927 297 1577 357 COMMENTARIORUM
1620 299 1685 356 ΙΝ
1730 299 2176 361 EZECIIIEIJSM
2222 305 2352 362 LIB.
2398 306 2485 365 lll.
2528 306 2685 365 CAP.
2725 308 2815 365 IX.

3442 314 3511 372 (ιο

212 427 298 468 nus
320 410 693 482 inscriptione
722 413 998 487 signatur.
1048 414 1186 471 Sunt
1229 417 1321 488 qui
1364 424 1577 486 putent,
1627 432 1695 473 ex
1743 432 1809 473 eo
1834 429 1887 486 Α
1915 431 2105 487 tatem;
2133 436 2233 492 pro
2264 421 2349 477 his
2372 422 2461 493 qui
2490 432 2647 479 erant
2694 423 2746 479 in
2782 421 2943 492 urbe,
2993 423 3164 495 ipsam
3201 424 3389 493 urbem
3417 443 3513 499 ap-

212 504 337 578 quod
364 506 672 561 secundum
699 507 1037 564 Hebraicum
1063 509 1413 581 alphabetum
1435 511 1549 566 ista‘
1565 521 1809 569 extrema

214 600 274 655 sit
298 600 501 667 littera,
551 598 941 656 demonstrari
973 603 1023 656 in
1054 602 1399 657 multitudine
1436 606 1774 675 peccantium
1795 645 1810 670 ,

222 692 459 762 reliquias
487 706 801 762 superesse
833 703 1175 751 sanctorum.
1201 694 1495 752 Getncntes
1531 698 1691 768 igitur
1711 697 1809 753 do.

226 785 489 856 leutesque
509 785 840 853 salvantur;
872 787 964 859 qui
996 805 1102 843 non
1126 788 1302 844 solum
1338 790 1496 845 malis
1534 807 1638 845 non
1684 807 1813 846 cnn-

229 888 498 935 seaserunt
529 880 830 949 operibus,
862 880 959 936 sed
986 889 1043 936 ct
1064 883 1242 938 aliena
1282 882 1542 952 planxere
1570 893 1811 954 peccata,

232 974 508 1031 secundum
553 974 705 1046 quod
753 986 810 1031 et
848 975 1065 1032 Samuel
1099 979 1314 1049 planxit
1346 990 1507 1047 super
1536 978 1662 1033 Saul
1714 979 1817 1047 (Ill

236 1067 342 1139 Reg.
374 1068 486 1139 nt)
515 1110 533 1135 ,
564 1070 639 1139 tet
668 1069 954 1140 apostolus
994 1070 1195 1126 Paulus
1233 1086 1401 1142 super
1433 1071 1517 1125 liis
1560 1072 1650 1141 qui
1697 1083 1817 1143 post

238 1171 497 1231 peccatum
542 1177 654 1216 non
680 1171 914 1233 egerunt
958 1163 1362 1233 ptenitentiam.
1419 1164 1574 1221 Unde
1606 1172 1662 1219 et
1701 1165 1817 1235 ipse

236 1251 462 1307 dicebat:
517 1253 626 1320 Qui
656 1271 836 1308 sumus
883 1256 934 1309 in
985 1257 1080 1309 hoc
1123 1256 1481 1323 tabernaculo,
1529 1258 1820 1327 ingemisci-

238 1362 331 1399 ηαδ
362 1346 423 1417 (ll
453 1344 579 1401 Cor.
622 1362 680 1417 v,
710 1348 791 1418 ἓ).
826 1350 888 1403 Et
916 1350 1080 1404 alibi:
1101 1349 1339 1404 Tristitia
1362 1352 1488 1405 mihi
1511 1363 1582 1406 est
1606 1369 1812 1422 magna,

238 1450 276 1496 et
298 1441 610 1498 incessabilis
642 1442 801 1498 dolor
832 1444 1004 1499 cordis
1036 1447 1136 1499 mei
1174 1444 1281 1518 [ΑΙ.
1315 1447 1459 1499 cordi
1488 1443 1641 1518 meo].
1674 1446 1819 1501 ἰδιω-

238 1535 520 1607 cipiturque
582 1538 873 1593 sext/viris
931 1550 987 1594 ut
1040 1549 1240 1610 praeter
1279 1556 1376 1596 eos
1434 1544 1526 1612 qui
1590 1552 1818 1613 pOssupt

237 1629 428 1685 dicere:
459 1631 741 1704 Signatum
768 1642 843 1687 est
874 1650 1031 1699 super
1058 1651 1149 1689 nos
1172 1635 1345 1689 lumen
1368 1637 1537 1691 uultus
1580 1637 1685 1703 tui,
1711 1634 1820 1691 Do-

238 1723 539 1795 utine(Psal.
572 1741 654 1795 ιν,
685 1726 1009 1797 7),cunctos
1040 1728 1393 1793 interticiant,
1426 1744 1532 1782 non
1559 1730 1672 1783 seni
1699 1746 1820 1799 par-

1918 514 2206 585 pellaules.

1991 608 2175 681 (Vers.
2209 608 2289 681 8.)
2325 608 2389 662 Et
2424 610 2562 664 cwde
2589 611 2867 683 completa,
2908 611 3132 666 remansi
3161 629 3299 683 ego:
3331 615 3517 690 ruiqne

1916 718 2073 772 super
2115 703 2303 772 faciem
2348 718 2513 757 meant
2539 745 2552 769 ,
2594 714 2640 757 et
2688 702 2915 756 clamans
2967 704 3051 757 aio
3083 720 3100 757 :
3133 703 3254 759 Heu
3309 704 3511 781 [Vulg.

1921 796 2061 865 Heu,
2080 797 2198 864 heu,
2224 795 2371 870 heu],
2397 796 2620 851 Domine
2636 795 2797 861 Deus,
2821 814 2941 871 ergo
2970 814 3033 853 ne
3050 799 3324 870 disperdas
3340 817 3512 856 omnes

1918 893 2158 963 reliquias
2180 890 2370 957 Israel,
2398 891 2667 960 e/fundens
2690 896 2917 963 furorem
2951 904 3094 948 tuum
3121 911 3275 967 super
3299 893 3514 951 Jerusa-

1920 991 2058 1044 lem?
2101 988 2346 1053 CunCIis,
2396 991 2486 1059 qui
2519 987 2856 1057 signaculum
2892 1003 2999 1043 non
3033 988 3326 1059 habebant,
3362 991 3513 1048 etede

1921 1084 2233 1155 prostratis,
2286 1082 2493 1138 corruit
2540 1083 2805 1155 prOpbeta
2857 1084 2910 1138 in
2956 1083 3146 1138 faciem
3194 1098 3368 1153 suam,
3414 1098 3513 1155 pro

1920 1176 2329 1232 interfecturum
2346 1176 2713 1243 multitudine,
2731 1176 2936 1233 nullum
2953 1186 3153 1250 praeter
3168 1193 3226 1234 se
3245 1178 3515 1235 arbitrans

1922 1272 2272 1326 remansisse.
2315 1270 2470 1338 Quod
2511 1270 2635 1341 quia
2677 1270 2967 1324 videbatur
3012 1286 3135 1327 esse
3175 1272 3513 1326 contrarium

1922 1363 1971 1417 ei
2027 1362 2339 1430 sententiae,
2398 1377 2502 1433 qua
2547 1362 2792 1432 iusserat
2845 1362 3109 1418 Dominus
3174 1364 3513 1434 signatarum

1923 1454 2181 1509 frontium
2229 1455 2375 1509 viros
2430 1470 2538 1509 non
2592 1469 2713 1509 esse
2756 1454 3071 1521 eaedcndos,
3122 1466 3416 1527 propterea
3464 1456 3517 1511 in

1926 1548 2151 1620 Vulgata
2184 1549 2421 1604 editione
2444 1550 2781 1605 subtractum
2809 1549 2922 1622 98
2948 1559 3053 1604 est.
3086 1548 3195 1604 Nos
3227 1560 3407 1604 autem
3432 1565 3522 1605 sec

1922 1656 2154 1717 quentes
2206 1644 2529 1701 llebraieam
2582 1644 2890 1709 veritatem,
2943 1650 3245 1715 posuimus,
3298 1645 3524 1699 remansi

1924 1757 2034 1811 ego.
2068 1739 2488 1809 Notandumqne
2512 1738 2656 1809 quod
2691 1754 2796 1793 non
2829 1737 3054 1808 dixerit,
3079 1736 3221 1793 solus
3251 1754 3269 1792 :
3298 1736 3441 1809 quod
3475 1738 3522 1793 si

239 1830 366 1885 cant,
400 1834 509 1875 non
530 1820 746 1889 juveni,
804 1837 911 1876 non
960 1823 1181 1894 virgini,
1235 1836 1341 1878 non
1392 1824 1645 1892 parvulo,
1698 1840 1801 1877 non

1915 1831 2161 1898 dixisset,
2214 1831 2502 1885 videbatur
2546 1846 2668 1885 esse
2716 1830 3089 1895 contrarium;
3127 1830 3236 1886 'setl
3288 1832 3517 1885 remansi

243 1914 460 1968 mulieri.
493 1913 812 1970 Secnndutn
847 1918 1106 1988 mysticus
1141 1917 1475 1982 intellectus,
1511 1933 1667 1972 senes
1688 1928 1815 1971 sunt

243 2004 287 2059 in
316 2004 556 2061 Ecclesia
601 2007 673 2062 de
714 2009 916 2077 quibus
960 2008 1162 2064 dicitur
1197 2026 1210 2061 :
1258 2007 1387 2063 Cani
1419 2010 1643 2065 hominis
1690 2028 1815 2082 pru-

239 2099 397 2153 dentia
419 2103 531 2173 ejus
581 2102 739 2174 (Sap.
776 2119 850 2169 tv,
886 2104 975 2175 8);
1026 2104 1259 2174 juvenes
1292 2105 1383 2175 qui
1429 2115 1554 2159 sunt
1588 2105 1655 2159 ad
1691 2105 1815 2160 ﬁdei

238 2191 363 2247 bella
408 2196 849 2265 promptissimi;
884 2197 1157 2267 virgines,
1192 2197 1283 2267 qui
1331 2198 1649 2267 pudicitiam
1702 2207 1812 2251 tota

238 2294 401 2340 tuente
423 2296 789 2354 conservant;
816 2289 1051 2358 parvuli,
1077 2289 1169 2360 qui
1198 2292 1337 2345 lacte
1358 2300 1618 2360 putantur
1636 2291 1811 2346 inlati-

235 2377 337 2444 tiae,
360 2389 411 2434 et
434 2380 669 2436 necdum
696 2384 1011 2454 percipiunt
1036 2384 1272 2440 Solidum
1293 2385 1498 2451 cibum;
1530 2385 1811 2457 mulieres,

235 2474 315 2543 qui
337 2472 441 2545 [ΑΙ.
468 2474 599 2549 qua]
624 2477 927 2550 fragilitate
948 2494 1132 2545 sexus,
1166 2481 1364 2534 animm
1385 2481 1813 2536 imbecillitatem

234 2576 512 2626 testantur.
545 2573 761 2641 Quibus
783 2575 1055 2629 universis
1072 2575 1177 2647 97
1200 2592 1307 2630 nun
1336 2576 1595 2646 parcitur,
1620 2575 1665 2630 si
1695 2576 1816 2630 abs-

231 2678 329 2733 que
382 2662 594 2721 Cbristi
659 2667 943 2738 signaculo
997 2668 1201 2739 aliquid
1267 2685 1389 2723 esse
1442 2684 1501 2723 se
1558 2669 1813 2725 credunt.

227 2758 479 2831 Quodque
504 2761 790 2832 sequitur:
825 2759 893 2815 Et
914 2763 1393 2830 agsanctuariomeo
1417 2762 1652 2831 incipite,
1679 2763 1813 2830 sive,

228 2856 645 2928 utSeptuaginta
660 2857 1083 2923 transtulerunt,
1107 2868 1153 2912 et
1172 2876 1201 2911 (ι
1227 2860 1417 2911 sanctis
1438 2858 1813 2930 meisineipite,

223 2949 950 3021 velsacerdotessigniﬁcat,
968 2951 1057 3022 qui
1078 2951 1444 3005 versabantur
1467 2951 1518 3004 in
1539 2950 1743 3021 templo
1760 2961 1817 3004 ct

220 3044 522 3099 adurabant
554 3044 732 3113 idola;
769 3046 854 3100 vel
886 3060 981 3101 eos
1010 3044 1103 3116 qui
1148 3062 1246 3115 pro
1278 3046 1567 3100 sacerdotii
1621 3046 1816 3099 merito

219 3138 383 3193 sancti
415 3139 757 3195 vocabantur
788 3142 841 3195 in
882 3142 1101 3210 jiopulu,
1132 3150 1187 3195 et
1221 3142 1308 3209 qui
1366 3141 1582 3195 fuerant
1632 3141 1685 3195 in
1720 3158 1816 3209 po-

1921 1942 2032 1999 ego,
2067 1934 2125 1978 ut
2149 1923 2501 1979 Subaudintur
2516 1940 2638 1979 cum
2664 1939 2737 1978 ea
2751 1927 2902 1987 teris,
2925 1925 3015 1994 qni
3046 1923 3255 1979 frontes
3282 1925 3524 1980 habuere

1919 2019 2178 2089 signatas.
2216 2016 2283 2073 Ut
2320 2027 2502 2072 autem
2542 2016 2781 2072 sciamus
2827 2016 3110 2087 signanter
3140 2017 3243 2072 hoc
3293 2017 3523 2085 dictum,

1919 2113 2143 2167 remansi
2167 2130 2281 2183 ego,
2324 2112 2377 2166 in
2410 2112 2618 2182 Regum
2661 2110 2960 2178 volumine,
2996 2112 3218 2182 quando
3263 2110 3411 2166 Elias
3443 2111 3525 2166 lo-

1920 2207 2101 2279 quitur
2119 2207 2184 2261 ad
2220 2208 2385 2263 Deum
2426 2224 2440 2262 :
2476 2208 2679 2263 Altaria
2710 2218 2797 2261 tua
2827 2206 3057 2262 demoliti
3083 2216 3225 2272 sunt,
3253 2218 3298 2262 et
3325 2224 3420 2279 ego
3443 2224 3526 2262 re—

1922 2301 2079 2354 lictus
2120 2318 2233 2353 smn
2281 2300 2445 2367 solus,
2493 2309 2540 2354 et
2572 2308 2809 2370 quarunt
2856 2301 3086 2353 animam
3112 2315 3279 2354 meant
3320 2301 3527 2371 auferre

1922 2394 2012 2468 (ΙΙΙ
2060 2394 2185 2467 Reg.
2238 2410 2358 2459 XIX,
2398 2393 2507 2465 14);
2557 2394 2735 2448 solum
2771 2394 2977 2464 posuit,
3028 2393 3155 2464 quia
3188 2394 3524 2449 remansisse

1921 2488 2059 2545 alios
2090 2489 2393 2544 nesciebat.
2427 2487 2655 2554 Quidam
2689 2496 2883 2558 putant
2913 2504 2978 2542 ex
3015 2501 3246 2556 persona
3281 2487 3521 2556 Domini,

1922 2586 1976 2640 in
2008 2584 2162 2655 cujus
2196 2595 2381 2656 typum
2411 2585 2693 2654 praecessit
2720 2583 2997 2652 Ezechiel,
3032 2598 3197 2655 posse
3229 2586 3330 2637 hoc
3361 2582 3523 2638 intel-

1923 2679 2015 2750 ligi
2034 2679 2102 2734 de
2126 2678 2328 2748 potiulu
2357 2677 2673 2732 .ludmorum
2700 2696 2711 2731 :
2744 2676 2961 2748 quando
2994 2692 3184 2731 omnes
3215 2675 3525 2732 declinavev

1922 2781 2070 2835 runt,
2119 2772 2278 2827 simul
2320 2771 2543 2826 inutiles
2594 2771 2719 2826 lacti
2753 2781 2878 2827 sunt
2901 2769 3073 2844 (Psal.
3114 2769 3254 2841 xui).
3290 2771 3355 2825 Et
3386 2770 3522 2825 Pro-

1922 2866 2082 2937 pheta
2120 2877 2393 2921 tcStatur:
2450 2866 2662 2920 Salrum
2708 2882 2785 2917 me
2840 2867 2945 2935 fac,
2993 2864 3242 2920 Domine:
3276 2864 3522 2934 quoniam

1921 2961 2109 3030 defecit
2138 2962 2361 3014 Sanctus
2387 2957 2561 3032 (Psal.
2594 2975 2652 3025 tt,
2691 2957 2765 3028 l).
2799 2956 2960 3013 Solus
2984 2958 3127 3013 enim
3161 2957 3416 3011 inventus
3438 2965 3523 3012 est

1921 3054 2206 3120 Dominus,
2254 3054 2344 3124 qui
2397 3064 2679 3123 peccatum
2730 3068 2836 3106 non
2871 3052 3021 3120 fecit,
3058 3066 3233 3122 neque
3265 3051 3522 3106 inventus

1920 3158 2003 3203 est
2033 3147 2191 3205 dolus
2223 3148 2275 3202 in
2320 3162 2418 3201 ore
2461 3146 2579 3214 ejus
2607 3145 2652 3217 (Ι
2685 3144 2827 3199 Pctr.
2859 3148 2939 3214 ιι).
2970 3144 3124 3213 Quod
3156 3152 3337 3198 atttem
3372 3145 3518 3197 intu-

218 3232 526 3300 puliscau:a
549 3235 783 3303 peccati,
810 3233 968 3303 primi
995 3250 1243 3289 meruere
1265 3236 1547 3304 supplicia.
1580 3233 1805 3303 Tempus

1923 3240 2017 3295 lit:
2052 3239 2321 3307 effundens
2345 3242 2575 3310 furorem
2597 3249 2741 3291 tuum
2773 3255 2925 3309 super
2944 3235 3259 3305 Jerusalem,
3288 3236 3514 3291 verbum

217 3326 353 3380 euitu
381 3337 465 3381 est
495 3330 537 3401 (Ι
556 3328 677 3383 Cor.
711 3326 830 3399 vn).
852 3340 900 3381 ut
919 3327 1189 3398 judicium
1214 3329 1483 3401 incipiata
1504 3329 1667 3382 domu
1690 3328 1806 3383 Dei.

283 3408 600 3493 (Vers.i7.)
644 3419 920 3492 Coeperunt
972 3438 1098 3496 ergo
1144 3424 1313 3477 aviris
1367 3422 1679 3489 senioribus,
1722 3423 1813 3494 qui

218 3524 351 3568 eraut
380 3525 501 3570 ante
526 3518 717 3587 [aciem
742 3518 949 3573 domus.
979 3518 1042 3572 Et
1064 3520 1193 3573 dixit
1221 3518 1290 3571 ad
1313 3535 1396 3574 eos
1409 3536 1426 3573 :
1452 3517 1812 3575 Contaminate

219 3606 451 3663 derigunt:
483 3618 531 3663 et
560 3612 773 3681 implete
789 3612 925 3665 atria
951 3612 1260 3682 interfectis.
1295 3612 1529 3682 [inplere
1556 3612 1697 3667 atria
1726 3613 1810 3667 in-

222 3701 467 3759 terfectis.
515 3704 625 3762 Pro
671 3707 845 3774 atriis,
897 3723 1020 3778 qua:
1063 3708 1327 3763 llebraice
1374 3708 1633 3763 dicuntur
1672 3711 1809 3763 Ase-

221 3810 350 3854 ποτε
376 3800 618 3872 (ΠἿἾΪΠ),
653 3801 803 3857 LXX
830 3817 1064 3873 posuere
1094 3805 1222 3857 vias.
1255 3802 1592 3858 Occiduntur
1623 3813 1803 3858 autem

222 3890 310 3946 viri
350 3900 617 3963 seniores,
654 3894 726 3951 de
772 3895 972 3966 quibus
1003 3912 1162 3966 supra
1197 3896 1427 3967 legimus
1469 3896 1609 3967 quod
1640 3895 1804 3951 habe-

221 3988 622 4045 rentthuribula
654 3998 707 4045 et
731 3989 1016 4046 adolerent
1058 3990 1218 4046 idolis
1252 3991 1559 4045 incensum.
1590 3990 1699 4046 Nec
1720 3999 1803 4045 est

140 4146 147 4151 ,
222 4082 321 4138 ulla
348 4086 529 4156 templi
576 4087 767 4158 religio
803 4104 816 4140 :
847 4088 993 4156 quia,
1027 4087 1238 4142 ollenso
1280 4094 1305 4122 ει
1356 4086 1636 4157 religionis
1666 4087 1797 4151 Deo,

222 4180 573 4236 contaminata
614 4190 747 4236 sunt
789 4180 995 4249 omnia,
1027 4191 1082 4235 ut
1132 4182 1273 4236 unde
1313 4190 1619 4249 peccatum,
1674 4178 1799 4233 inde

217 4271 461 4341 judicium
508 4276 602 4331 sit.
660 4276 926 4346 Atriaque
964 4274 1322 4331 cadaveribus
1358 4274 1703 4342 complentur
1743 4270 1794 4325 in

222 4367 427 4436 templo,
474 4377 530 4424 et
575 4383 680 4423 non
731 4368 853 4437 vim,
905 4383 1028 4439 quae
1061 4368 1247 4437 utique
1290 4366 1426 4421 turis
1470 4375 1645 4431 erant,
1690 4365 1793 4421 nisi

218 4456 424 4515 forsitan
470 4462 589 4517 vias
628 4462 939 4532 intelligere
996 4462 1265 4530 possimus
1315 4460 1426 4532 [ΑΙ.
1480 4458 1791 4531 possumus]

219 4551 407 4619 plateas
437 4553 694 4609 civitatis.
744 4552 855 4609 Nec
893 4554 1094 4608 audere
1128 4563 1376 4624 poterant
1422 4552 1611 4623 Angeli
1660 4567 1793 4607 eon-

1915 3333 2225 3398 etl'usionis,
2278 3348 2563 3404 positarum
2620 3332 2866 3385 oswudit
2927 3330 3397 3400 magnitudinem,
3460 3337 3517 3383 ut

1914 3427 2043 3481 alibi
2076 3427 2302 3497 legimus
2348 3442 2361 3478 :
2412 3423 2597 3490 Eﬂusa
2645 3431 2717 3477 est
2751 3423 3014 3489 despectio
3060 3438 3216 3492 super
3253 3421 3514 3492 principes

1913 3519 2087 3594 (Psal.
2133 3536 2248 3585 CVI,
2290 3518 2407 3590 40).
2443 3518 2511 3573 Et
2541 3519 2737 3573 iterum
2773 3536 2783 3570 ;
2818 3515 2957 3570 Pene
2979 3514 3131 3582 effusi
3158 3527 3273 3569 sunt
3303 3533 3510 3589 gressus

1913 3617 2011 3670 mei
2042 3614 2217 3688 (Psal.
2257 3630 2422 3681 LXXII,
2455 3612 2532 3676 ‘2).
2570 3613 2637 3667 Et
2670 3614 2721 3667 in
2755 3611 2951 3665 bonum
2988 3619 3216 3681 partem.
3267 3609 3510 3664 Charitas

1913 3707 2008 3765 Dei
2055 3707 2221 3776 effusa
2252 3718 2325 3761 est
2373 3710 2427 3761 in
2475 3708 2718 3761 cordibus
2746 3706 2935 3760 nostris
2966 3706 3144 3776 (Rom.
3181 3721 3237 3773 v,
3287 3705 3363 3775 ii).
3400 3705 3460 3758 lit
3491 3722 3504 3758 :

1914 3800 2098 3870 E/Iusa
2126 3813 2197 3856 est
2227 3803 2393 3873 gratia
2422 3802 2477 3855 in
2504 3802 2654 3855 labiis
2697 3802 2797 3854 tuis
2830 3798 3003 3869 (Psal.
3054 3816 3201 3865 XLIV,
3233 3797 3312 3869 5).
3349 3800 3413 3852 Et
3454 3799 3506 3854 in

1908 3896 2239 3951 contrarium
2285 3914 2299 3951 :
2356 3894 2583 3963 Elfunde
2634 3897 2861 3965 {morem
2908 3906 3055 3948 tuum
3100 3911 3260 3963 super
3303 3904 3501 3964 gentes,

1904 4008 2020 4063 qua’
2066 4002 2114 4045 te
2151 4008 2252 4044 non
2282 3991 2662 4056 intellexerunt,
2710 3999 2757 4043 et
2796 4004 2954 4058 super
2982 4005 3141 4060 regna
3173 4005 3286 4059 qua:
3316 4004 3500 4042 nomen

1906 4096 2049 4139 tuum
2075 4102 2175 4138 non
2203 4085 2561 4138 invocaverunt
2588 4083 2805 4153 (Jcrem.
2834 4099 2896 4145 κς
2923 4080 3017 4136 Ps.
3047 4096 3269 4143 Lxxvttt,
3303 4080 3384 4150 6).
3408 4080 3506 4134 Et:

1904 4178 2131 4247 E/fttnde
2162 4183 2435 4251 frmncam,
2484 4188 2533 4233 et
2557 4177 2807 4232 concludo
2836 4194 2897 4232 ra:
2933 4179 3147 4231 adverso
3187 4193 3386 4243 eorum,
3421 4176 3508 4246 qui

1900 4285 2275 4345 persequuntur
2303 4288 2384 4326 me
2409 4270 2583 4342 (Psnl.
2608 4286 2796 4335 xxxrv,
2830 4272 2909 4339 .3).

1975 4365 2156 4436 (Vcrs.
2182 4368 2236 4428 tl,
2274 4364 2386 4432 l0.)
2418 4364 2482 4417 Et
2511 4365 2643 4419 dixit
2671 4366 2740 4417 ad
2770 4380 2848 4417 me
2876 4379 2892 4417 :
2921 4361 3179 4434 Iniquitas
3212 4363 3396 4417 domus
3423 4360 3505 4416 Is-

1898 4459 2005 4512 rael
2041 4468 2087 4513 et
2128 4458 2271 4511 Jnda
2310 4474 2499 4528 magna
2548 4467 2623 4511 est
2661 4456 2813 4509 nimis
2852 4456 3023 4509 valde.
3064 4455 3129 4508 Et
3182 4456 3383 4526 repleta
3430 4465 3501 4510 est

1897 4566 2035 4610 terra
2062 4553 2427 4624 sanguinibus,
2460 4560 2504 4606 et
2537 4552 2716 4605 civitas
2758 4549 2955 4619 repleta
2985 4559 3059 4604 est
3090 4550 3372 4604 aversione.
3407 4547 3503 4602 Di-

221 4646 469 4701 laminare
520 4646 784 4716 templum
834 4647 1097 4717 sanguine
1151 4656 1513 4707 mortuorum,
1576 4647 1626 4699 in
1683 4662 1789 4713 quo
1822 4638 1870 4694 υ
1895 4648 2273 4702 :reruntenim:
2310 4645 2594 4715 Dereliquit
2621 4643 2877 4696 Dominus
2908 4653 3120 4708 terram,
3152 4651 3199 4695 et
3240 4640 3500 4696 Dominus

217 4741 351 4808 prius
384 4740 664 4799 habitabat
696 4741 874 4813 gloria
902 4739 1023 4807 Dei,
1055 4742 1156 4794 nisi
1202 4739 1307 4794 huc
1347 4738 1653 4793 recedentis
1684 4738 1790 4809 [ΑΙ.

215 4834 497 4908 credentis]
537 4835 728 4908 gloria:
775 4834 1040 4889 Dominus
1072 4833 1443 4902 praecepisset.
1478 4830 1669 4886 Omnis
1699 4831 1791 4902 qui

210 4938 420 4997 peccatu
467 4943 719 4985 mortuus
754 4939 864 4996 est,
904 4929 1241 4984 contaminat
1284 4925 1420 4981 atria
1476 4926 1685 4995 templi,
1737 4936 1791 4980 et

210 5022 312 5075 vias
341 5024 489 5080 urbis
518 5024 761 5094 Domini,
792 5026 846 5079 in
873 5024 1069 5095 quibus
1101 5023 1231 5078 vivit
1256 5040 1271 5078 :
1298 5022 1390 5094 qui
1418 5037 1541 5077 cum
1572 5020 1793 5077 Christo

210 5129 509 5187 resurgens,
543 5129 800 5174 mortuus
825 5132 949 5174 esse
975 5116 1213 5173 desistit.

270 5208 295 5248 δ
328 5210 393 5266 Et
418 5213 613 5286 egressi
657 5221 801 5276 sunt,
834 5221 881 5267 et
908 5212 1259 5284 percutiebant
1299 5225 1416 5277 eos,
1439 5208 1529 5280 qui
1556 5217 1703 5263 erant
1738 5209 1792 5263 in

210 5303 417 5360 civitate.
441 5306 595 5374 Sive,
627 5314 687 5362 ut
714 5305 805 5361 alii
827 5303 1226 5361 transtulerunt
1248 5321 1259 5357 :
1282 5302 1639 5375 percutiebant
1667 5302 1794 5356 civi-

208 5495 343 5552 Thau
374 5497 613 5553 litteram
669 5495 838 5552 tradit
885 5494 1165 5552 exstitisse
1217 5495 1346 5551 olim
1380 5494 1436 5549 in
1483 5492 1783 5550 Samarita-

208 5584 384 5624 norum
441 5568 759 5640 alphabeto,
812 5579 866 5623 et
906 5565 999 5637 qui
1049 5566 1192 5621 illam
1227 5583 1279 5640 7a
1321 5564 1634 5640 Christiano
1683 5565 1782 5640 ali-

205 5650 301 5711 quo
323 5637 564 5697 efﬁctam
595 5642 905 5708 suspicatus
930 5640 1056 5706 ‘est,
1099 5648 1155 5694 ut
1199 5638 1637 5711 Hieronymianae
1676 5637 1783 5711 du-

205 5708 379 5770 ctrina:
440 5713 819 5776 consentiret,
876 5726 999 5767 eum
1057 5712 1294 5767 arbitror
1357 5708 1621 5765 insanire.
1664 5708 1784 5763 Cte-

206 5798 363 5853 terum
426 5783 557 5841 vide
609 5783 808 5839 Morini
861 5785 1097 5838 Exercit.
1152 5784 1186 5837 2
1234 5784 1286 5837 in
1350 5780 1778 5837 l’entateuchum

204 5856 647 5917 Samaritanntn,
722 5867 773 5906 et
851 5855 1233 5909 Montt'auconii
1306 5853 1774 5915 Palmnuraphiam

1894 4760 1993 4797 non
2034 4741 2188 4795 videt.
2239 4738 2408 4810 Igitur
2450 4747 2499 4792 et
2544 4754 2684 4792 meus
2729 4753 2830 4790 non
2874 4746 3050 4805 parcet
3096 4734 3296 4801 oculus,
3339 4751 3500 4805 neque

1892 4834 2198 4889 miserebor:
2228 4834 2338 4887 vias
2366 4848 2543 4885 eorum
2564 4846 2717 4902 super
2744 4838 2899 4896 caput
2931 4844 3109 4882 eorum
3136 4827 3373 4883 reddam.
3404 4827 3495 4885 Vl“.

1895 4930 2030 4984 dens
2059 4925 2322 4981 Dominus
2354 4924 2672 4994 prophetam
2706 4937 2864 4977 suum
2898 4920 3031 4976 ﬂere
3059 4935 3156 4990 pro
3185 4920 3408 4990 populo,
3442 4931 3495 4976 et

1894 5022 2151 5077 admirari
2170 5017 2560 5089 indignationis
2576 5016 3035 5086 magnitudinem,
3064 5013 3243 5069 reddit
3263 5028 3457 5070 causas
3482 5033 3492 5067 :

1896 5132 2005 5172 non
2047 5124 2105 5169 ut
2146 5113 2236 5169 ille
2277 5111 2499 5182 putabat
2530 5110 2740 5180 injusti,
2770 5109 2855 5164 vel
2909 5108 3227 5163 excedentis
3275 5106 3494 5163 modum

1896 5205 2175 5277 supplicii,
2208 5203 2305 5260 sed
2336 5203 2547 5258 meritae
2568 5201 2836 5272 jllSliEtluc
2864 5200 3174 5256 sententiae.
3210 5198 3492 5268 iniquitas,

1897 5302 2094 5373 inquit,
2135 5298 2325 5356 decem
2379 5297 2621 5352 tribttutn
2671 5294 2837 5352 Israel
2879 5303 2933 5351 et
2979 5294 3209 5350 duarum
3254 5289 3493 5346 tribuum

1893 5490 1994 5597 Ιώέ
2036 5506 2212 5617 Diines
2252 5559 2560 5627 Rabanum,
2594 5556 2788 5626 oﬂ‘enso
2822 5554 2951 5621 Deo,
2982 5553 3191 5624 absque
3230 5551 3496 5626 religionis

1894 5634 2627 5776 veiibf’ru'ponitVictorius,
2652 5701 2977 5771 suppletque
3006 5713 3074 5755 ex
3108 5698 3291 5769 Vulg.,
3324 5694 3493 5769 Egre-

1893 5779 2100 5850 dimTui,
2146 5773 2258 5834 ctc.
2310 5774 2368 5832 ltt
2424 5773 2689 5832 llebraico
2731 5787 2945 5847 quoque
2985 5781 3071 5831 est
3100 5780 3253 5847 15371
3289 5778 3413 5830 ‘im’.
