3996 6322
471 252 532 307 91
1727 255 1784 309 S.
1830 254 2103 319 ItUSEillI
2124 254 2507 321 HIERONYHI
3702 251 3775 314 93

471 369 605 425 .luda
656 384 848 440 magna
890 378 995 435 est,
1027 379 1080 427 ct
1126 387 1230 424 non
1275 371 1450 427 solum
1501 385 1714 440 magna,
1749 369 1843 425 sed
1877 384 2067 439 magna
2100 372 2145 433 Α
2173 386 2263 443 per
2290 370 2563 427 civitatem.
2596 368 2673 427 De
2706 368 3072 438 ﬁrmamento,
3102 373 3246 443 quod
3290 382 3410 431 erat
3440 388 3605 443 super
3629 368 3771 427 Clie-

476 463 657 518 nimis.
692 461 799 517 Nec
823 461 925 516 hoc
952 461 1156 518 dixisse
1185 462 1407 531 sul'licit,
1443 463 1536 517 sed
1568 463 1788 532 repetit,
1815 461 1987 528 valde,
2015 470 2073 517 ut

476 572 576 628 pro
608 556 978 626 magnitudine
1000 558 1319 626 iniquitatis,
1348 557 1673 627 magnitudo
1694 557 1947 627 supplicii
1978 558 2069 610 sil.

478 652 555 707 Ex
586 669 691 720 quo
720 651 1002 719 discimus,
1042 668 1149 707 non
1178 662 1239 707 ut
1280 653 1525 722 plerique
1558 653 1848 718 a-stimant,
1880 660 1933 705 et
1961 651 2075 725 99

481 745 717 798 maxime
760 742 954 812 Stoici,
991 745 1137 814 paria
1170 758 1292 799 esse
1335 752 1582 815 peccata;
1618 744 1710 798 sed
1745 743 1827 799 vel
1878 759 2071 814 magna

477 836 560 892 vel
588 853 771 910 parva,
804 847 860 892 et
888 852 984 907 pro
1016 837 1280 907 qualitate
1313 853 1674 908 mensuraque
1706 838 2072 908 peccantium,

479 930 851 985 diversitatem
883 946 1005 984 esse
1044 929 1232 1000 judicii
1267 931 1561 1000 punientis.
1608 929 1825 1001 Repleta
1867 938 1961 996 est,
1995 932 2075 987 in-

477 1025 613 1095 quit,
643 1034 777 1077 terra
805 1023 1163 1097 sanguinibus,
1198 1026 1334 1092 sive,
1362 1033 1419 1079 ut
1452 1024 1803 1097 Septuaginta
1838 1036 2077 1079 transtu-

477 1119 682 1181 lerunt,
712 1118 914 1190 populis
944 1135 958 1171 :
990 1128 1041 1172 et
1065 1117 1243 1171 civitas
1277 1127 1349 1172 est
1377 1118 1574 1188 repleta
1615 1118 1920 1184 aversione;
1956 1126 2074 1186 aut,

482 1219 538 1263 ut
568 1210 791 1279 Vulgata
828 1210 981 1264 habet
1005 1209 1192 1277 editio,
1213 1210 1485 1282 iniquitate
1510 1221 1558 1267 et
1580 1209 1941 1264 immunditia:
1969 1225 2074 1263 non

482 1303 736 1358 modicus
763 1302 984 1374 sanguis
1008 1301 1216 1357 eﬂusus
1254 1312 1360 1367 εει,
1395 1302 1491 1358 sed
1516 1303 1584 1357 de
1626 1312 1777 1371 porta
1811 1317 1981 1374 usque
2010 1302 2075 1356 ad

482 1408 695 1466 portam
722 1415 734 1451 :
765 1408 819 1450 et
851 1397 1030 1451 oninis
1057 1397 1253 1450 civitas
1294 1395 1591 1450 declinant
1620 1411 1648 1448 a
1690 1396 1988 1465 cultu‘Dei,
2023 1404 2079 1451 et

485 1506 582 1559 pro
628 1506 695 1542 co
744 1489 903 1559 plena
944 1498 1026 1542 est
1055 1487 1418 1553 imtttundilia,
1473 1488 1795 1542 idololatria}
1824 1486 2080 1544 videlicet

482 1581 753 1636 sordibus.
786 1580 959 1635 Cau~a
1007 1592 1187 1635 autem
1220 1592 1491 1634 tantormu
1531 1580 1800 1635 scelermn
1833 1580 1918 1633 illa
1967 1588 2075 1645 est,

481 1672 624 1742 quod
658 1682 981 1743 putaverunt
1015 1671 1406 1742 providentiam
1460 1687 1565 1726 nou
1600 1686 1719 1727 esse
1770 1687 1933 1745 super
1967 1683 2078 1726 ler-

2178 462 2375 527 rubim,
2408 472 2463 516 et
2491 462 2560 516 de
2602 460 2785 534 lapide
2810 463 3088 533 Sappltiro,
3120 466 3210 535 qui
3246 465 3483 523 habebat
3514 456 3776 521 similitu-

2177 555 2357 610 dinem
2384 556 2591 619 throni,
2622 566 2673 611 et
2700 555 2767 609 de.
2794 558 2929 613 rotis
2953 573 3072 628 qua:
3094 559 3353 613 animalia
3378 558 3768 630 sequebantur.

2178 665 2342 718 sopra
2378 649 2584 706 dixisse
2633 650 2894 716 sulliciat,
2945 661 3000 707 et
3045 650 3263 709 illorum
3314 652 3771 722 lector-explana-

2180 746 2326 799 tione
2368 753 2661 799 contentus
2696 744 2788 800 sit.
2841 744 2993 801 Nunc
3024 755 3206 801 autem
3236 746 3380 817 quod
3401 746 3627 817 iubetur
3660 744 3770 807 ille,

2177 837 2269 909 qui
2299 836 2524 893 indutus
2555 847 2674 892 erat
2704 836 2888 904 lineis,
2921 854 3018 909 pro
3047 855 3154 911 quo
3193 839 3546 910 Septuaginta
3587 840 3639 894 in
3670 837 3776 893 hoc

2179 932 2298 986 loco
2327 930 2513 987 stolam
2548 931 2889 1002 interpretati
2921 944 3070 997 sunt,
3114 946 3168 986 nt
3202 933 3356 989 tollat
3394 948 3602 1005 pronas
3635 932 3778 1002 ignis

2179 1021 2247 1079 de
2276 1023 2456 1078 medio
2480 1021 2797 1093 Cherubim,
2829 1032 2885 1080 ει
2928 1024 3167 1083 effundat
3204 1028 3321 1081 sive
3355 1034 3577 1097 spargat
3607 1039 3780 1095 super

2180 1119 2477 1189 civitatem,
2520 1118 2648 1175 illud
2687 1118 2818 1174 mihi
2855 1119 3072 1177 videtur
3120 1119 3429 1185 ostendere,
3464 1119 3607 1189 quod
3653 1125 3783 1189 post

2180 1212 2615 1268 iulerlectionem
2645 1210 2961 1281 czedemque
2994 1212 3308 1277 multormn,
3334 1215 3457 1266 etin
3493 1212 3591 1265 viis
3621 1208 3783 1267 cada-

2181 1320 2305 1362 vera
2339 1317 2708 1371 mortuorum,
2740 1319 3037 1375 prunarum
3071 1306 3210 1376 ignis
3236 1307 3554 1371 assumitur,
3588 1312 3647 1357 ut
3676 1319 3778 1372 pu—

2181 1399 2315 1465 niat,
2348 1398 2462 1452 sive
2490 1396 2718 1452 mundet
2747 1395 3052 1455 Jerusalem
3098 1414 3111 1450 :
3156 1399 3310 1466 juxta
3368 1395 3496 1450 illud
3547 1393 3691 1465 quod
3725 1393 3780 1448 in

2182 1490 2319 1546 Isaia
2367 1489 2628 1561 scriptum
2671 1499 2753 1546 cst
2796 1508 2808 1544 :
2841 1488 2867 1528 ι)
2898 1488 3256 1560 Sanctiﬁcavit
3287 1506 3403 1543 eum
3448 1490 3500 1542 in
3529 1488 3649 1558 igne
3687 1504 3781 1539 ar-

2181 1586 2351 1653 dente,
2385 1593 2434 1638 et
2467 1584 2732 1639 deuorabi:
2760 1584 2890 1639 sicut
2914 1584 3090 1654 fenum
3113 1582 3382 1636 materiam
3416 1580 3551 1653 (lsa.
3580 1597 3633 1647 x,
3654 1579 3772 1651 I7).

2184 1677 2272 1732 Isti
2317 1686 2446 1733 sunt
2472 1677 2765 1743 carbones,
2794 1691 2930 1746 quos
2966 1677 3018 1730 iu
3052 1672 3353 1729 remedium
3392 1672 3589 1741 lingua:
3619 1681 3787 1741 atque

481 1782 621 1829 rain,
670 1781 770 1821 nec
822 1767 989 1820 Deum
1034 1782 1228 1821 curare
1258 1765 1531 1829 mortalia,
1565 1764 1715 1835 juxta
1759 1765 1890 1820 illud
1934 1764 2077 1837 quod
2112 1772 2156 1832 Β
2186 1770 2457 1826 mendacii
2501 1769 2810 1824 desolautes
2850 1768 2981 1823 vitia
3026 1778 3188 1837 atque
3231 1774 3475 1837 peccata,
3510 1763 3784 1832 PrOpheta

483 1860 608 1913 alibi
645 1859 873 1930 legimus
904 1858 1121 1931 (Virgil.
1151 1859 1190 1914 ι.
1225 1876 1300 1923 Iv,
1338 1857 1605 1929 .~lfneid.):

609 1975 810 2088 ξρῃῇεςιι
831 1977 876 2087 ἐς
897 1978 1092 2042 superis
1112 1976 1245 2027 labor
1271 1983 1364 2037 est,
1393 1989 1451 2025 ea
1475 1987 1591 2027 cura
1615 1978 1811 2041 quietos

648 2051 677 2087 ο
716 2051 774 2087 ιει
801 2054 824 2087 a
853 2078 866 2088 .
1725 2086 1729 2088 .

648 2051 866 2089 οιιιοιιιιι.

485 2140 619 2207 Quia
650 2142 815 2213 igitur
858 2139 932 2195 illi
975 2141 1060 2197 Vcl
1104 2149 1435 2212 putaverunt
1480 2157 1587 2196 nou
1617 2157 1741 2197 esse
1789 2143 2082 2214 providen-

485 2235 615 2287 tiam
649 2250 661 2286 :
701 2232 782 2287 vel
815 2248 936 2302 quae
968 2242 1092 2286 ante
1127 2233 1302 2287 fuerat
1329 2233 1383 2287 in
1426 2234 1664 2302 pepulis,
1695 2233 1798 2289 hoc
1836 2245 2083 2306 tempore

487 2340 642 2379 suum
692 2325 947 2395 populum
997 2325 1285 2394 reliquisse
1331 2344 1343 2379 :
1401 2337 1691 2397 proliterea
1725 2336 1782 2383 et
1832 2328 1925 2384 Dei
1974 2345 2081 2385 non

490 2428 677 2489 parcet
706 2417 917 2485 oculus,
950 2431 1052 2471 nec
1079 2417 1461 2473 miserebitur:
1498 2429 1555 2472 ut
1593 2427 1786 2474 contra
1815 2420 1943 2474 vitia
1976 2436 2083 2475 sa:-

486 2511 661 2575 viens,
689 2511 965 2581 placabilis
990 2512 1061 2564 sit
1092 2512 1424 2566 virtutibus:
1451 2512 1673 2583 viasque
1699 2527 1886 2567 eorum
1920 2521 2085 2582 atque

487 2616 705 2675 peccata
743 2605 927 2661 reddat
960 2620 1123 2675 super
1149 2607 1327 2676 capita
1368 2620 1583 2673 eorum,
1628 2606 1715 2660 vel
1745 2622 1912 2676 super
1939 2614 2087 2677 prlo-

486 2701 662 2771 cipale
696 2702 1033 2777 (ἡγεμονικὸν)
1065 2701 1267 2769 cordis,
1322 2700 1405 2754 vel
1453 2716 1622 2771 super
1666 2700 1943 2771 principes
1991 2716 2087 2770 po-

491 2794 627 2863 puli,
657 2796 805 2863 juxta
840 2793 1200 2849 Numerorum
1233 2795 1457 2861 librum,
1490 2795 1542 2850 in
1572 2810 1681 2865 quo
1708 2795 1883 2863 capita
1915 2809 2086 2866 popu-

488 2887 665 2942 lorum
701 2889 978 2959 principes
1001 2902 1122 2943 esse
1152 2888 1426 2943 dicuntur.

557 2981 742 3053 (Vers.
778 2980 894 3051 Il.)
929 2979 991 3032 Et
1024 2996 1136 3034 ecce
1166 2984 1261 3047 vir,
1294 2982 1382 3050 qui
1412 2981 1626 3034 indutus
1655 2991 1762 3036 erat
1790 2983 1963 3045 lineis,
1996 2983 2087 3054 qui

486 3074 698 3128 habebat
727 3076 1153 3127 atramenlarium
1193 3074 1246 3127 in
1277 3083 1303 3111 ει
1337 3074 1518 3127 lumbis
1546 3075 1674 3140 suis,
1706 3073 1974 3142 respondit
2006 3073 2089 3129 di-

2190 1863 2554 1932 interrogalus
2585 1870 2831 1931 exoptat:
2870 1860 3008 1928 Quid
3036 1859 3186 1912 detur
3217 1857 3331 1921 tibi,
3375 1867 3419 1911 el
3449 1856 3573 1923 quid
3614 1871 3785 1927 appo-

2183 1965 2337 2009 natur
2367 1954 2458 2008 tibi
2489 1953 2559 2007 ad
2589 1953 2819 2025 linguam
2853 1953 3129 2006 dolosam?
3161 1950 3382 2020 Sagitta'
3420 1948 3638 2021 potentis
3657 1963 3791 2000 acu-

2184 2058 2251 2103 ta:
2302 2064 2416 2102 cum
2462 2046 2771 2101 carbonibus
2822 2045 3151 2099 desolatoriis
3185 2040 3360 2115 (Psal.
3414 2057 3563 2107 cstx,
3612 2041 3665 2105 5,
3702 2036 3787 2111 Α).

2185 2139 2457 2213 Multaque
2491 2138 2796 2194 istiusmodi
2852 2140 2903 2192 in
2948 2136 3248 2206 Scripturis
3279 2135 3488 2189 sanctis
3541 2133 3793 2189 invenire

2187 2235 2516 2305 poterimus;
2564 2233 2632 2287 de
2659 2232 2857 2303 quibus
2883 2230 3080 2285 crebro
3107 2229 3370 2285 diximus.
3416 2226 3530 2281 lloc
3577 2236 3790 2279 tantum

2188 2325 2481 2382 notandum
2513 2333 2616 2390 est,
2644 2324 2785 2395 quod
2820 2323 2869 2377 in
2893 2322 3056 2387 Isaia,
3089 2321 3179 2393 qui
3207 2331 3417 2375 tantum
3448 2319 3500 2371 in
3532 2330 3795 2372 sermone

2187 2429 2528 2495 peccaverat,
2560 2430 2613 2475 el
2654 2416 2930 2473 imumuda
2964 2416 3105 2470 labia
3136 2416 3338 2469 habere
3373 2427 3430 2467 se
3456 2412 3691 2475 dixerat,
3721 2409 3795 2464 ad

2189 2515 2525 2588 purgandqu
2592 2529 2731 2567 unus
2784 2512 2990 2581 lorcipe
3048 2508 3215 2565 carbo
3271 2502 3792 2576 comprehenditur.

2190 2607 2287 2665 llic
2331 2622 2461 2661 vero
2502 2606 2627 2676 quia
2659 2613 2777 2660 erat
2809 2603 2999 2658 civitas
3029 2601 3185 2671 plena
3219 2596 3523 2667 iniquitate,
3570 2605 3625 2649 et
3669 2601 3800 2663 post

2190 2700 2453 2770 Supplicia
2486 2698 2847 2751 cadaveribus
2879 2705 3243 2756 mortuormn,
3289 2691 3469 2760 plures
3502 2702 3801 2741 assumun-

2191 2804 2278 2849 tur
2305 2795 2573 2848 carbones
2602 2792 2763 2862 ignis,
2799 2798 2853 2844 et
2889 2804 2994 2843 non
3027 2804 3128 2840 uua
3159 2801 3343 2849 manu,
3378 2783 3472 2837 sed
3502 2781 3797 2847 ambabus,

2190 2900 2248 2945 ut
2273 2886 2451 2942 omnis
2480 2895 2744 2960 purgetur
2772 2882 3099 2939 Jerusalem.
3133 2880 3475 2948 Quamquam
3503 2885 3557 2932 et
3581 2875 3687 2930 hoc
3710 2876 3802 2929 in-

2193 2978 2540 3050 telligendum
2570 2979 2660 3040 sit,
2704 2975 2848 3047 quod
2880 2991 2985 3029 non
3020 2973 3085 3026 ad
3140 2970 3545 3042 purgationem,
3578 2967 3672 3022 sed
3724 2966 3798 3023 ad

2193 3087 2379 3143 pmnas
2404 3081 2569 3142 atque
2589 3069 2882 3132 cruciatus,
2917 3083 3101 3137 prunze
3127 3065 3271 3137 ignis
3294 3062 3636 3120 assumendrc
3658 3063 3799 3130 sint,

489 3183 643 3222 cens:
681 3165 807 3221 Feci
854 3168 988 3221 sicut
1013 3169 1308 3238 prwcepistt
1335 3168 1483 3222 mihi.
1521 3165 1662 3221 LXX
1704 3185 1716 3218 :
1754 3166 1821 3220 Et
1848 3183 1963 3222 ecce
1987 3170 2082 3235 rir,
2114 3156 2158 3221 C
2192 3180 2313 3234 quae
2342 3162 2690 3218 effundantur
2715 3175 2882 3231 super
2909 3158 3239 3215 Jerusnlem.

488 3259 575 3328 qui
604 3259 815 3313 indutus
836 3274 944 3314 erat
971 3260 1162 3331 podere
1186 3258 1259 3325 (id
1279 3269 1383 3325 est,
1416 3270 1550 3313 veste
1573 3258 1747 3331 talari)
1764 3268 1807 3311 et
1830 3262 2089 3314 accinctus

491 3370 621 3406 zona
663 3351 862 3406 lumbos
891 3370 1033 3417 suos,
1063 3362 1111 3405 et
1156 3353 1419 3424 respondit
1462 3352 1667 3406 uerbum
1698 3353 1875 3406 dicens
1909 3368 1927 3407 .·
1965 3350 2091 3406 Feci

488 3448 619 3499 sicut
653 3446 911 3500 mandasti
940 3445 1087 3499 mihi.
1111 3444 1233 3517 Ip~e
1257 3446 1788 3514 estvir,cuijussum
1806 3454 1890 3499 est
1920 3454 2094 3500 trans-

488 3537 568 3591 ire
613 3554 707 3607 per
755 3537 989 3591 mediam
1032 3536 1385 3601 Jerusalem,
1430 3547 1486 3591 et
1538 3551 1740 3607 ponere
1779 3538 1991 3607 signum
2038 3537 2090 3591 in

491 3628 764 3684 frontibus
813 3632 1053 3684 virorum
1106 3633 1440 3700 gementium
1488 3640 1544 3684 et
1582 3630 1883 3685 dolentium
1928 3646 2095 3699 super

491 3722 704 3777 cuncti»
739 3721 1117 3791 iniquitatibu~
1164 3739 1376 3776 eorum.
1427 3723 1567 3777 Dicit
1596 3740 1731 3791 ergo
1778 3737 1836 3776 so
1882 3723 2092 3778 Domini

499 3826 767 3883 prmcepta
821 3814 1169 3883 complesse,
1225 3824 1281 3869 et
1349 3814 1633 3884 signaculo
1684 3829 1827 3869 'rnsu
1898 3814 2093 3870 litteras

496 3904 709 3959 frontes
737 3905 982 3972 signasse
1000 3904 1107 3976 [ΑΙ.
1128 3906 1396 3978 armasse]
1424 3908 1745 3976 lugentium.
1778 3910 1885 3962 Sex
1912 3915 2091 3961 autem

497 3996 597 4048 viri
629 3995 825 4065 quibus
858 4008 1194 4068 praeceperat
1236 3999 1520 4062 Dominus,
1566 3999 1756 4055 dicens
1789 4018 1801 4054 :
1854 3999 2095 4055 Transite

494 4105 583 4157 per
608 4089 861 4142 civitatem
900 4101 1162 4160 sequentes
1197 4108 1311 4145 eum
1337 4135 1350 4156 ,
1384 4102 1430 4145 et
1468 4094 1750 4162 pereutite:
1797 4095 2096 4164 nulliusque

499 4184 843 4236 misereamini
865 4200 1027 4255 usque
1052 4185 1120 4239 ad
1140 4186 1562 4253 internecionem,
1596 4188 1734 4243 nihil
1762 4188 1866 4243 tale
1887 4202 2093 4242 renun-

495 4276 654 4330 tiant.
710 4276 892 4345 Neque
920 4278 1063 4332 enim
1099 4278 1325 4345 lretitiae,
1369 4280 1462 4335 sed
1504 4281 1756 4336 maeroris
1797 4281 2094 4351 implevere

500 4373 847 4438 sontentiatu,
878 4388 997 4444 qua:
1046 4388 1151 4425 non
1183 4387 1458 4441 sermosie,
1494 4372 1589 4427 sed
1619 4389 1782 4445 opere
1812 4374 2090 4444 probatur.

505 4462 572 4517 Et
603 4464 653 4516 in
688 4462 790 4518 hoc
821 4464 941 4518 loco
969 4480 1068 4533 pro
1099 4463 1317 4541 ποδήρη,
1354 4465 1403 4519 id
1433 4477 1537 4531 est,
1562 4474 1695 4518 veste
1723 4464 1901 4534 talari,
1932 4480 2091 4536 quam

504 4558 849 4626 interpretati
873 4569 998 4612 sunt
1022 4561 1400 4629 Septuaginta,
1425 4558 1735 4613 Theodotiu
1768 4561 1940 4629 ipsum
1974 4574 2097 4614 ver-

504 4651 629 4704 bum
659 4651 983 4705 Ilebraicum
1011 4653 1194 4723 posuit
1220 4669 1415 4707 nanum
1448 4653 1656 4724 iam);
1699 4652 2088 4725 Symmachus,

497 4744 717 4809 lineam;
766 4746 978 4815 Aquila,
1009 4748 1349 4818 pracipuam,
1383 4748 1496 4801 sive
1543 4750 1748 4805 stolam.
1801 4750 1958 4822 ιοο
1987 4750 2092 4806 Pro

500 4852 632 4889 zona
653 4853 869 4907 quoque
898 4839 1279 4910 Symmachus,
1314 4842 1553 4908 tabulas;
1584 4841 1801 4913 Aquila,
1830 4855 2093 4899 atramen-

498 4935 723 4996 tarium;
748 4934 1075 5001 Theodotio,
1107 4940 1269 4995 κὰστυ
1302 4948 1627 5007 posuerunt.

572 5027 725 5097 (Cap.
762 5028 830 5083 Χ.
854 5059 923 5070 -ρ-
948 5028 1104 5085 Vers.
1138 5035 1193 5101 I,
1214 5033 1297 5102 2.)
1332 5032 1397 5086 Et
1425 5035 1548 5100 vidi,
1580 5045 1627 5089 et
1667 5050 1779 5089 ecce
1808 5035 1859 5089 in
1901 5035 2086 5105 ﬁrma-

500 5133 667 5177 mento
692 5126 831 5196 quod
847 5136 957 5179 erat
983 5144 1138 5195 super
1158 5136 1312 5197 caput
1346 5127 1616 5183 Cherubin:
1644 5130 1787 5197 quasi
1811 5128 1944 5201 lapis
1975 5145 2095 5200 sap-

498 5219 678 5286 phirus
699 5234 715 5270 :
738 5219 884 5283 quasi
912 5221 1107 5285 species
1138 5221 1499 5275 similitudinis
1528 5223 1645 5276 solii
1674 5222 1915 5294 apparuit
1940 5238 2097 5291 super

494 5328 605 5364 eam
636 5310 819 5384 [Vulg.
855 5312 956 5385 ea].
1006 5312 1068 5367 Et
1096 5315 1229 5368 dixit
1261 5316 1329 5368 ad
1372 5317 1560 5381 virum,
1593 5318 1681 5389 qui
1724 5318 1937 5372 indutus
1984 5328 2095 5373 erat

496 5404 669 5471 lineis,
696 5415 745 5459 et
773 5408 880 5460 ait:
912 5406 1194 5477 Ingredere
1240 5411 1291 5463 in
1336 5411 1506 5465 medio
1535 5420 1785 5479 rotarum,
1828 5429 1942 5481 qua:
1976 5422 2097 5467 sunt

500 5497 678 5551 subtus
702 5497 901 5553 Cherub
924 5500 1107 5574 [ναις.
1144 5499 1446 5569 Cherubim)
1473 5520 1483 5555 :
1514 5513 1560 5557 et
1590 5503 1743 5577 imple
1776 5522 1958 5561 manus
1982 5514 2097 5559 tuas

497 5589 676 5658 prunis
704 5590 859 5658 ignis,
885 5609 1000 5663 qua:
1027 5606 1145 5647 sunt
1176 5595 1309 5648 inter
1349 5593 1627 5649 Cherubim
1659 5612 1675 5648 :
1708 5606 1752 5649 et
1777 5594 1987 5664 e/fuude
2009 5613 2097 5651 su-

492 5711 595 5826 d.“
628 5701 846 5761 Hieron.
893 5708 1105 5773 νει·ξὶο,
1140 5711 1191 5764 in
1227 5710 1379 5765 dorso
1409 5728 1525 5785 suo,
1560 5711 1825 5782 respondit
1854 5713 2086 5785 uerbum,

539 5788 701 5826 tcens.

539 5788 701 5829 tcens.

2269 3256 2448 3326 (Vers.
2507 3256 2541 3310 5
2589 3250 2770 3323 seqq.)
2830 3251 3202 3323 Ingressusque
3254 3259 3329 3303 est
3388 3248 3442 3301 in
3514 3254 3798 3315 conspectu

2195 3365 2329 3404 meo.
2383 3345 2658 3401 Cherubim
2732 3354 2904 3397 autem
2978 3343 3179 3397 stabant
3245 3358 3278 3393 a
3348 3339 3541 3393 dextris
3610 3339 3801 3391 domus

2195 3458 2310 3497 cum
2363 3439 2713 3514 ingrederetur
2768 3439 2881 3502 rir,
2950 3448 2997 3490 et
3066 3436 3224 3488 nubes
3291 3434 3522 3504 implerit
3600 3432 3801 3487 atrium

2198 3536 2437 3591 interius.
2488 3532 2555 3587 Et
2584 3534 2777 3587 elevata
2809 3539 2881 3585 est
2921 3530 3087 3599 gloria
3130 3528 3346 3582 Domini
3383 3527 3601 3595 desuper
3634 3525 3797 3598 ιοι

2198 3626 2401 3683 Cherub
2455 3626 2522 3680 ad
2577 3626 2734 3679 limen
2798 3624 3033 3687 domus,
3091 3632 3139 3674 et
3200 3620 3394 3691 repleta
3461 3628 3532 3671 est
3605 3619 3801 3671 domus

2198 3722 2351 3785 nube,
2400 3731 2447 3774 et
2494 3721 2685 3772 utrium
2736 3716 2987 3787 repletum
3035 3724 3110 3769 est
3159 3712 3437 3787 splendore
3469 3712 3654 3784 gloriw
3675 3707 3799 3764 Do-

2197 3814 2348 3867 mini.
2395 3811 2458 3865 Et
2485 3813 2683 3866 sonitus
2727 3810 2935 3863 alarum
2977 3808 3255 3861 Cherubin:
3293 3806 3604 3859 audiebatur
3631 3819 3801 3873 usque

2196 3906 2265 3959 ad
2295 3907 2482 3958 atrium
2510 3906 2751 3966 exterius,
2784 3903 2929 3974 quasi
2956 3917 3055 3956 vox
3077 3899 3175 3955 Dei
3198 3899 3558 3972 omnipotentis
3587 3898 3803 3976 loqu‘en-

2197 3999 2283 4052 tis.
2321 3997 2550 4066 Cumque
2579 3997 2901 4068 pra’cepisset
2928 3996 3059 4060 viro,
3102 3996 3189 4064 qui
3220 3994 3432 4047 indutus
3462 4002 3570 4045 erat
3616 3990 3798 4055 lineis,

2196 4094 2371 4147 dicens
2400 4108 2417 4146 :
2442 4090 2600 4146 Sume
2617 4091 2789 4161 ignem
2810 4091 2873 4143 de
2904 4091 3071 4143 medio
3093 4099 3348 4154 rotarum,
3372 4101 3488 4152 qua!
3514 4092 3632 4139 sunt
3656 4085 3801 4138 inter

2196 4184 2471 4240 Cherubim
2497 4199 2513 4236 :
2540 4184 2803 4252 ingressus
2830 4182 2921 4235 ille
2940 4183 3078 4235 stetit
3098 4186 3258 4253 juxta
3288 4190 3477 4235 rotam.
3514 4177 3579 4231 Et
3609 4188 3800 4232 exten-

2196 4277 2271 4331 dit
2295 4275 2499 4330 Cherub
2541 4291 2751 4328 manum
2783 4274 2845 4328 de
2876 4274 3042 4328 medio
3079 4272 3375 4337 Cherubim,
3401 4272 3469 4324 ad
3498 4273 3669 4343 ignem
3698 4271 3795 4339 qui

2197 4383 2304 4427 erat
2335 4373 2466 4424 inter
2490 4370 2785 4435 Cherubim,
2810 4379 2856 4422 et
2879 4370 3096 4440 sumpsit
3128 4379 3174 4420 et
3197 4367 3341 4419 dedit
3370 4367 3423 4419 in
3446 4381 3629 4418 manus
3652 4364 3801 4431 ejus,

2197 4467 2285 4537 qui
2324 4464 2536 4519 indutus
2564 4473 2670 4518 erat
2703 4463 2873 4516 lineis.
2904 4460 3007 4525 Qui
3051 4459 3305 4530 accipiens
3333 4473 3567 4529 egressus
3608 4464 3707 4520 est,
3747 4461 3799 4507 et

2124 4554 2176 4614 D
2202 4561 2440 4633 apparuit
2463 4561 2515 4612 in
2538 4556 2813 4612 Cherubin:
2845 4554 3129 4610 similitudo
3157 4570 3342 4607 manus
3366 4551 3589 4606 hominis
3613 4548 3802 4603 subtus

2201 4670 2393 4727 pennas
2418 4667 2615 4706 eorum.
2653 4649 2881 4703 Vidente
2907 4647 3196 4717 prOpheta,
3242 4644 3544 4715 ingreditur
3570 4645 3671 4705 vir,
3704 4640 3804 4710 qui
3838 4715 3849 4724 ο

2201 4748 2425 4804 indutus
2464 4755 2586 4800 erat
2617 4746 2771 4799 talari
2805 4750 2962 4795 veste
2992 4740 3077 4795 vel
3110 4740 3274 4802 linea,
3306 4747 3359 4793 et
3390 4745 3449 4791 ut
3476 4734 3619 4790 LXX
3649 4749 3805 4788 nunc

2201 4843 2714 4914 interpretationem
2782 4845 3145 4903 comumtant,
3206 4833 3341 4888 stola
3410 4841 3612 4896 sancta,
3668 4844 3801 4885 cum

2201 4939 2338 5010 apud
2366 4938 2625 4993 llebrtcos
2648 4949 2788 4989 unus
2821 4949 3004 4988 sermo
3033 4930 3296 4986 habeatur
3322 4942 3517 4983 situmst
3541 4924 3747 4995 (5’12)
3769 4965 3787 4991 ,

2198 5047 2251 5092 et
2273 5033 2802 5101 czeteriinterpretes
2826 5032 2877 5084 in
2900 5039 3073 5097 cmpta
3095 5028 3457 5083 translatione
3476 5023 3802 5095 persislanl.

2198 5125 2505 5197 Ingreditur
2532 5133 2736 5190 autem,
2765 5130 2826 5176 ut
2863 5120 3105 5177 secundo
3134 5121 3355 5181 dicitur,
3393 5119 3445 5172 in
3493 5115 3673 5171 medio
3704 5129 3805 5170 ro-

2200 5229 2401 5285 larum,
2433 5233 2553 5289 qtta‘
2575 5225 2702 5271 sunt
2730 5215 2922 5269 Subter
2953 5213 3287 5276 Cherubim;
3322 5220 3379 5263 ut
3412 5207 3634 5278 impleat
3671 5222 3803 5261 ma-

2204 5327 2306 5368 nus
2344 5326 2470 5367 suas
2508 5310 2678 5379 igneis
2707 5307 3058 5363 carbonibus.
3093 5305 3193 5372 Qui
3225 5318 3347 5357 cum
3390 5309 3537 5356 esset
3583 5302 3808 5369 ingres-

2204 5422 2317 5470 sus,
2352 5406 2502 5458 stetit
2531 5413 2740 5457 tantum
2778 5401 2929 5470 juxta
2971 5410 3171 5461 rotam,
3202 5405 3257 5451 et
3298 5396 3381 5450 vel
3411 5394 3479 5447 ob
3514 5390 3808 5447 triSIitiam

2204 5500 2489 5572 puniendze
2530 5498 2862 5563 Jerusalem,
2910 5495 2998 5550 vel
3032 5495 3102 5547 ob
3129 5494 3317 5564 gloriae
3367 5488 3809 5558 tnagniludincm

2204 5604 2452 5666 stupens,
2479 5607 2695 5649 manum
2729 5592 2792 5646 al
2828 5590 3009 5660 ignem
3044 5589 3158 5656 ipse
3203 5602 3307 5639 nou
3342 5582 3512 5646 misit,
3537 5580 3629 5637 sed
3657 5594 3814 5635 unus

2268 5710 2298 5750 δ
2330 5710 2567 5779 Victor.,
2594 5706 2956 5780 sanctiﬁcubit,
2992 5723 3057 5762 ex
3081 5704 3276 5761 Graeco
3303 5701 3528 5791 ἂγιάσει.
