4018 6322
227 238 301 291 ss
702 200 707 208 ’
969 226 1622 287 οοΜΜιςΝτ-ιιιιιιιιυιι
1660 224 1725 285 lN
1770 223 1850 285 cz

1957 221 2208 287 HIELEM
2248 220 2379 277 LIB.
2421 220 2511 276 Ill.
2552 217 2707 275 CAP.
2753 216 2822 272 X.
3470 218 3540 285 θι

220 359 295 411 de
329 357 664 421 chi-i'ubim,
688 355 739 410 id
763 366 869 417 est,
904 354 1128 408 Cherub
1166 352 1312 406 misit
1347 363 1585 411 manum,
1615 354 1669 403 et
1716 344 1842 401 tulit
1869 344 1917 405 Δ
1950 352 2037 399 ιιιι·
2068 360 2078 395 :
2120 340 2247 399 licet
2294 341 2376 423 in_
2407 340 2696 405 llebraico,
2743 347 2799 393 et
2839 353 3027 407 supra,
3080 352 3132 399 ct
3180 337 3269 399 hic
3319 354 3539 401 Tnsasts

222 450 450 514 teneto,
499 449 595 519 qui
648 456 767 503 erat
822 448 875 500 in
922 445 1104 500 medio
1148 441 1465 509 Cherubim,
1510 447 1566 495 et
1590 437 1744 493 dedit
1789 438 1841 491 in

224 556 468 593 manum
503 541 643 606 ejus,
685 538 776 606 qui
817 537 1039 592 indutus
1071 545 1189 591 erat
1231 533 1477 589 vestibus
1521 531 1709 587 lineis.
1743 529 1847 597 Qui

222 633 530 702 accipiens
560 646 817 702 egressus
844 640 961 695 est;
1008 636 1064 684 et
1092 638 1272 683 tamen
1304 627 1586 695 Scriptura
1623 641 1729 679 non
1765 623 1847 679 tti-

218 725 328 789 cit,
356 740 629 795 egressus
649 724 777 795 quid
810 722 1000 779 fecerit
1026 740 1039 775 :
1062 732 1119 777 ut
1154 720 1326 775 tristis
1356 720 1435 774 rei
1472 718 1843 775 narrationem

218 820 631 889 intelligentia:
655 819 832 888 potius
861 826 1064 872 nostra:
1094 815 1454 884 relinqueret.
1482 829 1641 883 quam
1673 812 1847 867 oculis

220 915 567 985 subjiceret.
611 914 927 967 lutroeunte
954 921 1138 966 autem
1172 910 1316 974 viro,
1349 908 1441 979 qui
1477 906 1696 962 indutus
1728 917 1847 961 erat

226 1009 499 1063 restibus
528 1008 709 1073 lineis,
742 1004 1034 1059 Chi-rubim
1079 1003 1297 1056 stabant
1324 1018 1353 1056 ει
1384 1000 1592 1055 dextris
1621 1000 1843 1063 domus,

224 1109 291 1153 ut
320 1110 548 1154 sancta
574 1112 936 1168 superumque
964 1096 1198 1149 virtutes
1222 1092 1503 1147 dexteram
1534 1090 1729 1146 domus
1757 1090 1848 1145 Dei

226 1202 461 1261 partem
498 1202 689 1246 tcncre
712 1189 1054 1253 riderentur,
1091 1198 1143 1241 ct
1177 1186 1281 1239 εγω
1317 1202 1437 1254 quze
1467 1183 1756 1253 mittuntur
1782 1181 1847 1237 ad

224 1286 545 1353 supplicia,
574 1283 643 1338 de
671 1282 872 1353 quibus
900 1279 1166 1349 scriptum
1192 1288 1275 1333 est
1300 1296 1312 1331 :
1343 1275 1731 1331 Immissionem
1760 1290 1851 1342 per

224 1381 462 1449 angelos
488 1378 736 1449 pessimos
767 1373 954 1445 (Psal.
985 1388 1191 1438 Lxxrn,
1225 1369 1293 1425 49
1317 1368 1358 1439 ),
1392 1369 1639 1424 sinistras
1669 1376 1849 1437 partes

227 1471 548 1541 possidere
586 1468 902 1525 credantur.
946 1466 1195 1533 Cumque
1240 1463 1450 1519 elevata
1497 1471 1644 1517 esset
1673 1462 1848 1531 gloria

230 1564 464 1618 Domini
498 1565 568 1618 de
596 1563 836 1627 (lherub,
869 1559 965 1629 qui
991 1559 1257 1614 carbones
1292 1557 1428 1627 ignis
1462 1556 1577 1610 viro
1618 1555 1849 1611 traditu-

226 1673 330 1711 rus
354 1666 513 1721 erat;
541 1666 595 1712 et
622 1655 923 1710 transiissct
947 1652 1013 1707 ad
1042 1652 1207 1706 limen
1230 1649 1448 1714 domus,
1473 1650 1655 1707 statim
1682 1647 1841 1712 nube,

1949 434 2239 507 (imm-an)
2277 435 2541 503 scriptum
2594 433 2665 487 sit
2706 450 2717 486 :
2757 431 2898 503 quod
2929 430 3129 504 Aquila
3177 430 3543 503 chrysolitum,

1948 527 2329 598 Symmachus,
2368 526 2710 598 hyacinthnm
2740 525 3163 581 transtulerunt.
3193 525 3540 598 Rursumque

1949 620 2040 677 uhi
2069 636 2170 675 nos
2193 621 2458 677 vertimus
2489 638 2501 674 :
2528 617 2597 673 Et
2626 635 2773 673 omne
2793 634 2979 689 corpus
3007 635 3205 687 eorum,
3235 619 3381 689 quod
3410 620 3540 674 sub—

1948 712 2169 767 auditur
2189 723 2453 779 rotarum,
2488 712 2541 767 in
2574 711 2800 767 llrbrmo
2828 713 3094 782 scriptum
3122 722 3207 769 est
3232 729 3244 765 :
3270 710 3340 766 Et
3365 729 3540 775 omnes

1949 822 2127 859 carnes
2157 823 2356 873 eorum,
2388 817 2434 860 et
2464 807 2619 872 colla,
2648 814 2693 858 et
2718 821 2927 868 uiantis,
2960 815 3008 860 et
3036 822 3238 878 penum,
3262 816 3309 860 et
3334 807 3538 863 circuli.

1950 900 2083 957 Nota
2130 916 2324 956 carnes
2381 900 2644 971 appellari
2696 899 2748 953 in
2799 900 3054 970 supernis
3114 899 3431 967 Virtutibus,
3482 910 3540 957 ut

1951 996 2170 1064 quando
2210 996 2437 1066 legimus
2472 1013 2483 1047 :
2519 992 2652 1048 Caro
2693 1005 2741 1048 et
2781 996 2997 1064 sanguis
3040 1012 3255 1067 regnum
3299 994 3397 1052 Dei
3439 1015 3542 1053 non

1954 1090 2305 1157 possidebunt,
2353 1107 2511 1161 neque
2552 1090 2816 1159 corruptio
2855 1090 3295 1162 incorruptionem
3335 1092 3389 1163 (Ι
3415 1091 3536 1146 Cor.

1952 1188 2076 1260 xv),
2120 1191 2359 1244 sciamus
2408 1204 2516 1245 non
2559 1187 2927 1245 substantiam
2974 1189 3180 1255 carnis,
3225 1189 3322 1249 sed
3376 1206 3543 1261 opera

1953 1280 2305 1335 comlemuari
2336 1298 2346 1334 :
2381 1295 2550 1337 nassa
2583 1280 2776 1353 (am)
2809 1280 2956 1337 enim
2987 1281 3134 1351 quod
3180 1281 3233 1337 in
3280 1282 3386 1340 hoc
3423 1284 3545 1339 loco

1953 1374 2230 1436 scribitur,
2254 1390 2357 1429 non
2385 1391 2594 1446 corpus,
2622 1373 2718 1429 sed
2740 1391 2949 1429 carnem
2975 1375 3269 1442 signiﬁcat.
3297 1376 3543 1434 Circulos

1960 1465 2113 1537 103
2128 1477 2308 1519 amem
2331 1478 2600 1534 retarum,
2622 1482 2721 1521 can
2732 1475 2815 1523 tos
2830 1467 2968 1539 (Sic)
2991 1465 3201 1525 ferreos
3222 1468 3542 1539 appellavit,

1951 1560 2147 1626 quibus
2194 1559 2465 1627 lignorum
2500 1558 2810 1615 rotunditas
2855 1566 3097 1615 arctatur
3143 1569 3198 1619 et
3240 1562 3547 1630 stringitur.

1954 1651 2106 1707 Rata?
2137 1664 2316 1709 autem
2348 1654 2468 1707 ista:
2489 1668 2594 1711 non
2622 1653 2799 1708 solum
2821 1668 3023 1710 carnes
3049 1653 3281 1719 habent,
3312 1656 3399 1710 vel
3422 1672 3549 1710 cor-

228 1753 522 1810 tem-bris.
557 1761 613 1804 et
641 1749 878 1819 caligine
908 1748 1107 1801 atrimn
1142 1745 1400 1815 impletur
1444 1742 1696 1799 interius.
1745 1743 1850 1797 Nc-

1959 1764 2078 1818 pus,
2113 1761 2205 1805 aut
2244 1750 2482 1807 membra
2514 1767 2527 1803 :
2558 1749 2652 1805 sed
2686 1757 2743 1805 et
2771 1748 2935 1815 colla,
2970 1762 3021 1805 et
3063 1765 3278 1815 tuanus,
3316 1760 3373 1804 et
3410 1766 3545 1821 pen-

228 1862 347 1915 quc
384 1844 561 1911 enim,
604 1850 878 1914 praesente
908 1838 1120 1894 Domini
1172 1839 1477 1908 majestitu,
1510 1846 1846 1892 exercentur

232 1941 545 2008 supplicia,
586 1947 643 1991 et
670 1937 842 2006 gloria
876 1934 1087 1988 Domini
1120 1932 1337 1987 videtur
1362 1932 1414 1986 in
1448 1933 1607 1992 atrio.
1647 1931 1717 1984 de
1739 1946 1849 2000 quo

230 2033 517 2100 scriptum
559 2039 678 2085 est:
708 2029 928 2083 Sonitus
969 2024 1177 2080 alarum
1218 2025 1499 2079 Cherubim
1540 2022 1851 2079 audiebatur

234 2141 414 2194 usque
441 2123 514 2177 ad
542 2123 735 2176 atrium
761 2120 1009 2175 exterius.
1041 2118 1146 2174 Pro
1174 2117 1349 2172 sonitu
1381 2118 1432 2172 iu
1468 2115 1718 2179 llebrteo,
1752 2130 1851 2170 vos

236 2220 661 2287 poniturzqua:
692 2232 797 2269 vos
836 2214 1071 2273 habebat
1111 2209 1528 2267 similitudinem
1575 2210 1719 2263 vocis
1752 2208 1848 2265 Dei

240 2316 419 2386 lo:
444 2310 855 2380 Omnipotentis
895 2307 1186 2375 loquentis.
1219 2305 1322 2359 Pro
1354 2318 1465 2372 quo
1493 2302 1850 2373 Septuaginta

238 2406 657 2461 transtulerunt
686 2422 699 2458 :
727 2405 860 2461 sicut
886 2416 986 2457 vox
1018 2398 1114 2455 Dei
1138 2413 1327 2455 sanust
1358 2397 1580 2469 (1w);
1605 2397 1748 2467 quod
1784 2398 1855 2451 A-

236 2502 424 2567 quila,
474 2495 860 2569 Symmachus,
893 2502 948 2549 et
974 2490 1279 2549 Theodotio
1323 2492 1508 2556 ἱκανὸν,
1555 2488 1696 2559 quod
1742 2490 1852 2560 for-

239 2602 353 2645 te.
387 2600 749 2663 potentemque
791 2584 1079 2657 signiﬁcat,
1114 2584 1529 2641 transtulerunt.
1572 2580 1734 2648 Nota,
1778 2581 1853 2634 le-

238 2700 398 2747 θεον,
430 2685 483 2737 iu
524 2682 719 2751 quibus
747 2680 1025 2749 superior,
1055 2686 1113 2733 et
1154 2678 1268 2731 htec
1297 2674 1447 2731 Visio
1490 2673 1852 2737 concordent,

242 2781 369 2832 sive
400 2776 745 2838 discmdrnt,
798 2784 851 2831 ιιι
896 2789 962 2829 es
1004 2770 1298 2827 collatione
1328 2769 1615 2833 utriusque
1646 2766 1854 2834 absque

244 2882 442 2925 rostro
478 2870 783 2933 admonitu,
833 2866 1017 2923 divina
1066 2864 1334 2931 intelligas
1384 2868 1748 2923 sacramenta,
1798 2866 1853 2911 ct

250 2963 385 3017 illud
414 2962 559 3031 quod
593 2970 721 3017 ante
749 2958 1088 3023 commonui,
1130 2956 1388 3025 qntmiam
1424 2961 1477 3007 et
1506 2952 1631 3023 [AL
1677 2949 1765 3021 si]
1800 2949 1852 3003 in

250 3060 626 3120 tirmamento,
671 3064 725 3109 et
760 3054 811 3107 in
853 3051 1075 3114 throno,
1108 3061 1157 3104 et
1194 3050 1246 3107 in
1280 3063 1440 3101 manu
1476 3045 1713 3101 hominis
1746 3058 1851 3097 nou

1954 1858 2047 1895 uas
2074 1883 2087 1908 ,
2124 1852 2180 1897 ut
2210 1841 2530 1899 efﬁcientias
2564 1858 2746 1901 rerum
2777 1844 2828 1897 in
2862 1844 3116 1913 singulis,
3147 1861 3254 1901 non
3278 1846 3552 1901 membro-

1951 1951 2010 1989 ru
2023 1954 2071 1991 tn
2095 1936 2355 2007 imagines
2373 1935 2694 1993 sentiamus.
2713 1936 2866 1993 Rotas
2883 1952 3098 2007 qumque
3114 1938 3243 2007 ipsae
3260 1940 3546 2009 appellatae

1951 2039 2079 2083 sunt
2116 2029 2296 2099 lingua
2331 2029 2595 2085 Hebraica
2638 2013 3081 2100 esteeu‘ta‘u).
3119 2032 3265 2099 quod
3298 2030 3551 2103 Symma-

1953 2120 2109 2186 chus,
2158 2121 2424 2187 volubiles,
2490 2122 2707 2192 Aquila,
2758 2132 2929 2179 rotant
2989 2123 3388 2194 interpretatus
3438 2134 3547 2181 est.

1956 2213 2125 2267 Porro
2166 2213 2308 2283 quod
2355 2214 2638 2284 sequitur:
2679 2215 2932 2269 Audiente
2971 2232 3071 2282 me,
3119 2231 3290 2285 usque
3322 2216 3388 2272 ad
3421 2233 3545 2272 eum

1955 2306 2134 2361 locum
2168 2308 2257 2362 ubi
2290 2308 2553 2376 scriptum
2600 2317 2722 2363 est:
2752 2306 2955 2365 Elevati
2986 2308 3108 2380 [AL
3149 2309 3378 2381 elevata]
3414 2318 3533 2365 sunt

1955 2397 2251 2467 Cherubim,
2297 2399 2348 2455 in
2380 2400 2523 2457 LXX
2572 2418 2679 2457 non
2720 2401 2986 2467 habetur;
3034 2401 3129 2459 sed
3162 2404 3230 2458 de
3282 2404 3549 2459 llebraico

1956 2490 2198 2545 additum
2223 2501 2325 2547 est.
2353 2491 2409 2549 in
2432 2509 2539 2564 quo
2563 2493 2989 2561 tib-errandum,
3013 2495 3156 2565 quod
3178 2511 3547 2566 nequaquam,

1960 2594 2015 2638 ut
2055 2599 2221 2654 supra
2258 2584 2460 2640 dicitur
2485 2602 2501 2640 :
2530 2586 2719 2640 Facies
2764 2588 3029 2652 hominis,
3076 2597 3132 2642 et
3165 2590 3335 2644 facies
3376 2589 3552 2644 leonis

1960 2686 1983 2711 ιι
2013 2692 2040 2730 a
2072 2676 2279 2731 dextris
2305 2684 2561 2746 quatuor,
2592 2690 2650 2757 et
2684 2676 2852 2733 facies
2884 2678 3039 2733 vituli
3072 2696 3098 2731 a
3143 2680 3384 2736 sinistris
3416 2697 3552 2751 qua-

1959 2779 2082 2825 tuor
2114 2787 2126 2823 :
2163 2780 2218 2823 et
2251 2772 2418 2829 facies
2454 2773 2652 2843 aquila:
2696 2783 2966 2842 quatuor;
3011 2782 3069 2831 ttt
3098 2774 3357 2831 videlicet
3385 2774 3490 2829 alia
3521 2792 3551 2831 ιι

1958 2864 2216 2927 sinistris,
2241 2867 2343 2919 alia
2373 2880 2401 2918 a
2428 2865 2639 2919 dextris
2663 2882 2787 2920 8336
2811 2866 3113 2921 credantur
3139 2886 3149 2918 :
3184 2866 3277 2920 red
3303 2868 3550 2923 omnium

1959 2958 2186 3028 aequalis
2216 2957 2349 3013 ordo
2380 2956 2733 3022 describitur,
2783 2957 3002 3013 dicente
3043 2958 3325 3028 Scriptura
3363 2959 3550 3027 :Qua-

1964 3061 2089 3107 tuor
2117 3062 2300 3108 autem
2334 3053 2506 3109 facies
2551 3053 2786 3109 habebat
2828 3069 2992 3108 unum
3026 3071 3038 3107 :
3076 3052 3268 3109 Facies
3308 3071 3433 3120 una,
3478 3054 3557 3110 fa-

252 3150 477 3209 writas.
510 3146 607 3201 sed
636 3144 939 3199 simililutlo
967 3142 1197 3199 dicatur.
1228 3139 1414 3210 Neque
1446 3139 1594 3194 cui"!
1628 3138 1765 3199 facie
1787 3135 1851 3195 ad
1883 3113 1928 3183 Ο
1962 3151 2072 3202 cies
2113 3148 2359 3215 Cherub,
2400 3157 2458 3202 et
2489 3147 2655 3205 facies
2689 3149 2953 3215 secunda,
2992 3147 3156 3204 facies
3191 3148 3427 3205 hominis
3455 3168 3467 3202 :
3496 3160 3553 3205 et

250 3242 445 3297 fat-ictu
479 3239 723 3295 revelato
755 3240 927 3301 vultu,
978 3236 1209 3306 gloriam
1248 3234 1455 3287 Domini
1502 3232 1844 3302 contempla-

252 3350 404 3397 mur;
438 3335 534 3387 sed
568 3334 619 3387 in
648 3330 1007 3389 similitudine
1032 3330 1211 3385 omnia
1242 3325 1485 3383 videmus
1513 3338 1559 3378 et
1594 3325 1850 3395 imagine,

250 3427 510 3498 quamdiu
555 3426 734 3496 fragili
776 3438 824 3479 et
867 3423 1232 3494 corruptibili,
1280 3431 1331 3477 et
1365 3421 1581 3475 mortali
1617 3421 1853 3479 circum-

254 3526 446 3575 t’amur
473 3534 707 3589 corpore
734 3518 790 3586 (Ι
817 3516 937 3573 Cor.
971 3532 1063 3571 stu
1082 3515 1122 3585 ).

324 3615 523 3685 (νοτε.
571 3616 605 3667 8
647 3612 841 3682 seqq.)
903 3610 967 3667 Et
1019 3610 1146 3676 vitii,
1197 3616 1243 3669 et
1288 3623 1405 3660 ecce
1451 3615 1676 3676 quatuor
1726 3614 1855 3661 rota:

255 3714 403 3777 juxta
428 3707 731 3764 Clterubim.
768 3708 899 3761 llota
921 3722 1026 3759 una
1056 3707 1207 3772 iuxta
1236 3699 1434 3755 Cherub
1463 3716 1644 3764 unum,
1670 3707 1716 3751 et
1739 3705 1854 3751 rota

250 3806 357 3856 alia
392 3804 550 3868 juxta
580 3800 783 3856 Cherub
807 3816 991 3856 unum.
1037 3797 1450 3877 Specieswautcm
1480 3802 1589 3847 erat
1618 3802 1855 3847 rotarum

250 3892 1128 3987 qawtdgﬂmgtngg
1150 3868 1856 3957 ciuilium;par-imminu-

253 3975 420 4045 ιιιῖιῖιο
442 4007 546 4045 una
574 3999 816 4058 quatuor,
846 3985 995 4056 quasi
1018 3984 1082 4035 sit
1112 3993 1225 4039 rota
1256 3982 1308 4034 in
1332 3979 1499 4033 medio
1525 3988 1669 4032 rotaz.
1699 3975 1855 4033 Cum-

254 4101 353 4155 que
376 4082 703 4137 ambularent
731 4081 783 4135 in
799 4089 1025 4150 quatuor
1051 4087 1226 4148 partes
1253 4072 1649 4147 gradiebantur,
1676 4082 1721 4124 et
1751 4086 1851 4123 non

256 4177 634 4231 rmrtebattlttr
661 4171 1008 4236 ambulantes,
1041 4169 1130 4224 sed
1167 4169 1234 4221 ad
1277 4167 1451 4227 locum
1488 4165 1555 4219 ad
1583 4179 1733 4234 quem
1771 4163 1851 4217 ire

256 4268 545 4323 declinabat
573 4282 691 4335 qua
715 4267 881 4335 prima
911 4275 1043 4328 erat,
1069 4260 1408 4332 sequebantur
1439 4266 1483 4311 ρι
1516 4266 1736 4323 eraterat,
1764 4272 1853 4311 nec

257 4363 701 4419 contendantur.
750 4357 818 4415 Et
863 4373 1012 4412 omne
1048 4372 1237 4425 corpus
1277 4369 1475 4417 earum,
1528 4360 1573 4404 ct
1618 4350 1773 4414 colla,
1805 4358 1852 4407 et

258 4476 467 4522 manus,
494 4471 541 4513 et
570 4471 775 4527 pennw.
804 4464 855 4510 et
886 4450 1089 4518 circuli,
1124 4452 1277 4522 plena
1308 4456 1454 4503 erant
1484 4445 1649 4500 oculis
1674 4446 1723 4497 in
1750 4444 1854 4497 cir-

255 4553 395 4605 cuitu
421 4560 652 4620 quatuor
675 4558 924 4601 ratorum.
951 4543 1016 4598 Et
1044 4552 1183 4599 rotas
1203 4545 1329 4597 istas
1356 4540 1552 4599 vocavit
1581 4538 1850 4607 volubiles,

255 4646 497 4699 audiente
528 4660 627 4699 me.
656 4644 891 4708 Quatuor
911 4648 1083 4695 autem
1106 4638 1264 4709 {aries
1286 4633 1505 4693 habebat
1533 4650 1716 4689 unum.
1747 4631 1853 4686 Fa-

206 4724 216 4735 ’
260 4739 355 4790 ries
385 4753 513 4801 ιιια,
550 4736 708 4805 facies
736 4732 933 4789 Cherub
966 4741 1052 4785 :et
1084 4731 1239 4801 (acies
1276 4727 1524 4789 secunda,
1565 4727 1722 4796 facies
1754 4725 1853 4779 Ito-

260 4829 429 4889 utiais,
464 4837 509 4881 ct
551 4828 607 4881 in
648 4825 819 4889 tertio,
865 4823 1024 4894 facies
1050 4822 1247 4887 leonis;
1291 4831 1335 4874 et
1359 4820 1413 4874 in
1449 4828 1655 4886 quarto,
1692 4820 1852 4889 [acies

256 4920 469 4990 aquilio,
518 4929 566 4975 et
599 4917 781 4973 elevati
812 4916 935 4989 [ΑΙ.
977 4913 1206 4986 elevata]
1242 4923 1362 4975 sunt
1413 4912 1708 4969 Cherubim.
1744 4913 1852 4969 Ob-

258 5030 411 5071 serva
445 5029 567 5084 qua:
608 5014 764 5083 prius
796 5012 979 5076 luerit,
1031 5011 1115 5065 vel
1154 5019 1288 5079 quot
1324 5010 1540 5078 species
1578 5019 1849 5075 rotarum,

256 5108 405 5177 juxta
442 5104 611 5173 LXX,
658 5106 812 5177 quasi
855 5104 984 5159 visio
1027 5102 1215 5157 tltarsis
1246 5118 1261 5155 :
1292 5116 1433 5157 nunc
1476 5113 1660 5157 autem
1702 5102 1854 5169 juxta

260 5201 505 5264 eosdem,
553 5200 702 5269 quasi
742 5199 871 5253 uisio
913 5195 1258 5263 carbunculi;
1294 5207 1355 5251 ut
1396 5211 1704 5266 pennarum
1760 5210 1856 5263 per

262 5294 459 5361 ignem,
492 5293 584 5362 qui
620 5307 650 5346 a
678 5290 899 5346 Chernb
949 5290 1203 5355 traditur,
1235 5288 1541 5345 similitudo
1585 5300 1856 5345 tuoustre-

327 5461 351 5488 α
396 5451 571 5505 Voces
596 5467 627 5503 a
655 5450 873 5509 dextris,
917 5463 1037 5514 tllm‘.
1068 5456 1224 5500 antea
1256 5457 1377 5517 post
1420 5448 1612 5515 aquilo
1647 5465 1843 5503 nomen

263 5522 654 5586 subdebantur,
684 5536 808 5574 cum
846 5519 1083 5573 Victorio
1111 5519 1212 5570 huc
1235 5518 1628 5583 revocavimus,
1661 5522 1846 5585 junxi-

266 5610 482 5661 musque
513 5595 689 5647 leonis
713 5592 915 5649 nomini
946 5590 1011 5651 ad
1039 5590 1178 5655 sacri
1206 5600 1404 5659 textus,
1431 5600 1483 5645 et
1509 5606 1633 5653 cum
1663 5592 1853 5661 primis

264 5664 428 5720 Grani
457 5673 560 5720 τῶν
588 5662 732 5717 LXX
761 5679 883 5730 sup.
907 5677 1026 5729 cap.
1065 5663 1083 5715 ί
1126 5661 1313 5715 ιὶᾱστιιι.

330 5756 353 5791 ι’
398 5756 625 5813 Factum
672 5754 886 5825 pridem
918 5753 1165 5806 videatur
1197 5752 1498 5808 scribarum
1544 5769 1751 5823 errore,
1800 5765 1857 5811 ut

1880 4503 1935 4567 D

1958 3244 2011 3297 in
2048 3244 2206 3301 tertio
2242 3244 2405 3299 iacies
2435 3244 2654 3298 leonis:
2690 3254 2743 3299 et
2779 3244 2829 3297 in
2871 3252 3070 3313 quarto
3112 3243 3279 3298 facies
3319 3244 3551 3315 aquilae;

1960 3348 2009 3391 ut
2044 3338 2215 3405 prima
2248 3350 2299 3393 et
2323 3336 2584 3398 secunda.
2612 3346 2671 3395 et
2703 3338 2885 3403 tertia,
2920 3345 2976 3390 et
2998 3348 3191 3407 quarta
3220 3335 3415 3401 facies,
3446 3353 3551 3394 non

1957 3430 2195 3484 locorum
2239 3429 2555 3485 diversitate
2585 3429 2765 3490 dextri
2800 3438 2854 3485 et
2895 3428 3133 3493 sinistri,
3184 3428 3281 3483 sed
3316 3444 3423 3483 uno
3456 3445 3553 3498 per

1957 3521 2156 3592 gradus
2189 3522 2381 3577 ordine
2411 3520 2775 3577 de't'l'iljallll‘.
2810 3520 2978 3577 Unam
3022 3530 3205 3576 autem
3242 3520 3459 3580 faciem.
3496 3522 3550 3576 id

1955 3625 2036 3668 cst
2068 3616 2319 3684 primam,
2354 3616 2648 3686 appellavit
2673 3614 2909 3679 Cherub,
2945 3632 3041 3684 pro
3068 3633 3169 3686 qua
3197 3630 3359 3682 supra
3391 3616 3547 3671 dixe-

1958 3722 2060 3776 rat,
2089 3709 2252 3765 l‘acies
2285 3711 2459 3763 vituli.
2499 3709 2576 3765 Ex
2617 3724 2724 3777 quo
2756 3709 3085 3779 intelligitur
3115 3709 3305 3765 faciem
3332 3708 3551 3763 Cherub

1956 3819 2079 3858 esse
2114 3803 2303 3857 faciem
2334 3802 2508 3857 vituli.
2543 3804 2782 3870 Quorum
2807 3802 3052 3858 omnium
3076 3817 3321 3869 sensum,
3353 3812 3547 3869 practe-

1957 3897 2078 3950 thte
2103 3894 2324 3950 tisionis
2355 3896 2671 3963 explanatio
2692 3896 2964 3950 continet.

2029 3992 2045 4054 (
2071 3986 2225 4043 Vers.
2260 3988 2323 4047 l6
2346 3987 2534 4056 seqq.)
2578 3985 2765 4058 Ipsum
2794 3996 2869 4040 cst
2900 3986 3121 4052 animal,
3151 3988 3291 4057 quod
3324 3988 3552 4043 viderant

1953 4080 2104 4147 iuxta
2129 4080 2343 4149 ﬂuvium
2381 4077 2605 4137 Chobar.
2640 4076 2872 4146 Cumque
2895 4079 3216 4133 ambularent
3245 4078 3549 4146 Cherubim,

1957 4171 2098 4225 ibant
2126 4173 2321 4240 pariter
2341 4182 2385 4224 et
2414 4171 2713 4238 rotwjuazta
2741 4186 2827 4225 eos
2858 4167 2979 4241 [AL
3004 4168 3108 4241 ea].
3144 4169 3207 4227 Et
3232 4186 3350 4225 cum
3380 4170 3551 4226 eleva-

1957 4274 2068 4319 rent
2092 4263 2365 4321 Cherubim
2385 4262 2500 4319 alas
2525 4280 2667 4327 suas,
2700 4272 2756 4318 ut
2783 4263 3140 4319 exaltarentur
3161 4262 3225 4318 de
3252 4273 3410 4328 terra,
3438 4280 3545 4319 non

1957 4359 1984 4397 ιτ
2012 4359 2320 4415 resistebant
2356 4368 2517 4417 rata:
2540 4358 2633 4412 sed
2660 4366 2709 4411 et
2743 4358 2871 4429 ipsw
2888 4358 3047 4427 juxta
3077 4366 3243 4413 erant.
3278 4356 3555 4412 Stantibus

1958 4453 2064 4507 illis
2094 4454 2314 4518 stabant,
2339 4460 2519 4511 etcum
2545 4450 2758 4505 elevatis
2787 4450 3135 4507 eleuabantur.
3159 4450 3397 4519 Spiritus
3418 4450 3555 4504 enim

1961 4546 2077 4600 vita:
2101 4554 2211 4607 erat
2241 4546 2292 4599 in
2315 4546 2408 4598 eis.
2440 4544 2634 4603 Omnia
2670 4544 2854 4605 vivunt
2887 4544 3019 4610 Deo,
3049 4554 3106 4599 et
3132 4558 3287 4599 suum
3311 4546 3559 4603 sentiunt

1961 4640 2294 4697 Creatorem.
2334 4636 2457 4691 Non
2501 4646 2577 4691 est
2612 4636 2748 4691 enim
2786 4635 2925 4693 Deus
2962 4646 3311 4697 mortuorum.
3347 4637 3440 4691 sed
3483 4638 3559 4691 ui-

1964 4735 2182 4787 renn'um
2221 4730 2449 4802 (Matth.
2489 4747 2629 4797 xxu,
2665 4731 2787 4799 52).
2821 4731 2978 4788 Unde
3003 4740 3060 4787 ct
3097 4733 3278 4787 omnia
3320 4747 3554 4802 corpora

1964 4837 2204 4882 rotarum
2246 4825 2405 4895 plena
2437 4835 2563 4881 sunt
2602 4824 2775 4879 oculis
2804 4824 3018 4893 (Supra
3042 4826 3115 4895 t).
3150 4826 3215 4879 lit
3256 4826 3310 4880 in
3343 4826 3558 4895 psalmo

1962 4921 2161 4975 dicitur
2190 4937 2200 4970 :
2230 4918 2354 4973 (Itali
2379 4928 2626 4975 enarrant
2656 4917 2881 4989 gloriam
2913 4918 3031 4979 Dei,
3057 4930 3103 4975 et
3128 4936 3287 4992 Opera
3308 4936 3558 4975 manuum

1959 5017 2073 5083 ejus
2100 5013 2375 5066 annuntiat
2396 5012 2801 5080 ﬁrmamentum.
2831 5009 2954 5065 Dies
2976 5010 3081 5066 diei
3106 5021 3307 5066 eructat
3327 5012 3557 5078 verbum,

1960 5116 2007 5160 et
2042 5122 2145 5160 nea:
2181 5106 2314 5161 nocti
2347 5105 2541 5161 indicat
2571 5105 2847 5161 scientiam
2875 5104 3007 5177 (Ps.
3045 5122 3197 5172 svnt,
3244 5107 3293 5171 1,
3330 5104 3421 5176 2).
3458 5104 3553 5159 Sol

1958 5214 2173 5269 quoque
2202 5207 2256 5251 et
2299 5198 2444 5264 luna,
2486 5196 2645 5268 104,
2674 5212 2823 5259 mare
2852 5208 2902 5251 et
2949 5198 3196 5259 ﬂumina,
3239 5207 3453 5252 montes
3499 5206 3560 5251 et

1960 5290 2130 5345 colles
2158 5288 2380 5345 laudmn
2402 5288 2595 5357 Deum,
2623 5297 2679 5343 et
2703 5290 2755 5345 in
2780 5303 2936 5367 suum
2967 5288 3233 5345 circulum
3261 5304 3358 5357 per
3382 5302 3561 5344 amics

1954 5461 2052 5519 pro
2077 5446 2390 5513 residebant,
2415 5446 2557 5516 quod
2591 5445 2809 5516 prmfert
2838 5446 3062 5517 Vulgata
3085 5444 3399 5517 Hieronymi
3430 5461 3555 5502 vcr-

1957 5546 2061 5610 sio,
2094 5554 2384 5608 textosque
2417 5542 2676 5596 Ilebrteus
2696 5549 2829 5601 πων
2861 5526 2953 5601 N5,
2985 5550 3039 5595 ct
3062 5539 3346 5609 prohatqu
3379 5540 3562 5595 Victo-

1959 5618 2043 5673 rio
2086 5624 2191 5679 est,
2229 5616 2439 5684 legatur
2468 5615 2799 5681 resistebant;
2830 5614 2923 5668 sed
2965 5611 3183 5681 quando
3214 5613 3385 5667 ferme
3418 5613 3558 5684 idem

1961 5698 2047 5743 est
2073 5683 2298 5748 sensus,
2326 5700 2458 5740 mss.
2494 5702 2622 5742 vero
2656 5702 2758 5743 non
2803 5684 3190 5755 Still'ragantur,
3222 5685 3354 5741 nihil
3398 5683 3561 5739 duxi-

1963 5773 2086 5815 mus
2134 5757 2549 5817 immutandum.
