  <div class='ocr_page' id='page_1' title='image "/cluster/home/n/w/nwhite01/storage/ocr_20150623/25/hvd.32044015471394/055.png"; bbox 0 0 4018 6322; ppageno 0'>
   <div class='ocr_carea' id='block_1_1' title="bbox 508 233 3809 303">
    <p class='ocr_par' dir='ltr' id='par_1_1' title="bbox 508 233 3809 303">
     <span class='ocr_line' id='line_1_1' title="bbox 508 233 3809 303; baseline -0.003 -1"><span class='ocrx_word' id='word_1_1' title='bbox 508 243 582 303; x_wconf 83' lang='lat'><strong>95</strong></span> <span class='ocrx_word' id='word_1_2' title='bbox 1761 242 1818 299; x_wconf 91' lang='lat' dir='ltr'><strong>S.</strong></span> <span class='ocrx_word' id='word_1_3' title='bbox 1862 239 2132 299; x_wconf 83' lang='lat' dir='ltr'><strong>EUSEBII</strong></span> <span class='ocrx_word' id='word_1_4' title='bbox 2173 237 2555 297; x_wconf 77' lang='lat' dir='ltr'><strong>HIERONYMI</strong></span> <span class='ocrx_word' id='word_1_5' title='bbox 3740 233 3809 292; x_wconf 86' lang='lat'><strong>96</strong></span> 
     </span>
    </p>
   </div>
   <div class='ocr_carea' id='block_1_2' title="bbox 509 348 3809 437">
    <p class='ocr_par' dir='ltr' id='par_1_2' title="bbox 509 348 3809 437">
     <span class='ocr_line' id='line_1_2' title="bbox 509 348 3809 437; baseline -0.005 -15"><span class='ocrx_word' id='word_1_6' title='bbox 509 362 755 437; x_wconf 82' lang='lat' dir='ltr'><strong>singulos</strong></span> <span class='ocrx_word' id='word_1_7' title='bbox 782 361 1055 420; x_wconf 90' lang='lat' dir='ltr'><strong>elementa</strong></span> <span class='ocrx_word' id='word_1_8' title='bbox 1085 360 1399 428; x_wconf 90' lang='lat' dir='ltr'><strong>volvuntur,</strong></span> <span class='ocrx_word' id='word_1_9' title='bbox 1429 359 1808 430; x_wconf 56' lang='lat' dir='ltr'><strong>malorumque</strong></span> <span class='ocrx_word' id='word_1_10' title='bbox 1834 358 2102 413; x_wconf 85' lang='lat' dir='ltr'><strong>rationem</strong></span> <span class='ocrx_word' id='word_1_11' title='bbox 2133 359 2181 416; x_wconf 85' lang='grc' dir='ltr'><strong>Λ</strong></span> <span class='ocrx_word' id='word_1_12' title='bbox 2210 370 2307 426; x_wconf 91' lang='lat' dir='ltr'><strong>per</strong></span> <span class='ocrx_word' id='word_1_13' title='bbox 2355 369 2416 411; x_wconf 91' lang='lat' dir='ltr'><strong>se</strong></span> <span class='ocrx_word' id='word_1_14' title='bbox 2458 353 2525 409; x_wconf 89' lang='lat' dir='ltr'><strong>ad</strong></span> <span class='ocrx_word' id='word_1_15' title='bbox 2573 367 2693 409; x_wconf 90' lang='lat' dir='ltr'><strong>eam</strong></span> <span class='ocrx_word' id='word_1_16' title='bbox 2726 351 2808 409; x_wconf 91' lang='lat' dir='ltr'><strong>ire</strong></span> <span class='ocrx_word' id='word_1_17' title='bbox 2836 365 2945 406; x_wconf 90' lang='lat' dir='ltr'><strong>non</strong></span> <span class='ocrx_word' id='word_1_18' title='bbox 2986 359 3237 423; x_wconf 87' lang='lat' dir='ltr'><strong>poterat,</strong></span> <span class='ocrx_word' id='word_1_19' title='bbox 3267 349 3519 407; x_wconf 78' lang='lat' dir='ltr'><strong>elevatus</strong></span> <span class='ocrx_word' id='word_1_20' title='bbox 3540 364 3572 405; x_wconf 87' lang='lat' dir='ltr'><strong>a</strong></span> <span class='ocrx_word' id='word_1_21' title='bbox 3613 348 3809 421; x_wconf 92' lang='lat' dir='ltr'><strong>spiritu</strong></span> 
     </span>
    </p>
   </div>
   <div class='ocr_carea' id='block_1_3' title="bbox 509 451 2097 528">
    <p class='ocr_par' dir='ltr' id='par_1_3' title="bbox 509 451 2097 528">
     <span class='ocr_line' id='line_1_3' title="bbox 509 451 2097 528; baseline -0.007 -12"><span class='ocrx_word' id='word_1_22' title='bbox 509 459 566 517; x_wconf 90' lang='lat' dir='ltr'><strong>in</strong></span> <span class='ocrx_word' id='word_1_23' title='bbox 596 456 763 515; x_wconf 86' lang='lat' dir='ltr'><strong>terris</strong></span> <span class='ocrx_word' id='word_1_24' title='bbox 791 454 1275 528; x_wconf 85' lang='lat' dir='ltr'><strong>deprehendimus,</strong></span> <span class='ocrx_word' id='word_1_25' title='bbox 1307 463 1367 510; x_wconf 90' lang='lat' dir='ltr'><strong>ut</strong></span> <span class='ocrx_word' id='word_1_26' title='bbox 1391 454 1634 524; x_wconf 68' lang='lat' dir='ltr'><strong>antiquae</strong></span> <span class='ocrx_word' id='word_1_27' title='bbox 1669 452 1808 524; x_wconf 82' lang='lat' dir='ltr'><strong>legis</strong></span> <span class='ocrx_word' id='word_1_28' title='bbox 1844 451 2097 507; x_wconf 88' lang='lat' dir='ltr'><strong>ordinem</strong></span> 
     </span>
    </p>
   </div>
   <div class='ocr_carea' id='block_1_4' title="bbox 510 543 2101 611">
    <p class='ocr_par' dir='ltr' id='par_1_4' title="bbox 510 543 2101 611">
     <span class='ocr_line' id='line_1_4' title="bbox 510 543 2101 611; baseline -0.007 -3"><span class='ocrx_word' id='word_1_29' title='bbox 510 558 899 609; x_wconf 82' lang='lat' dir='ltr'><strong>conservantes</strong></span> <span class='ocrx_word' id='word_1_30' title='bbox 928 546 1215 602; x_wconf 83' lang='lat' dir='ltr'><strong>volvantur</strong></span> <span class='ocrx_word' id='word_1_31' title='bbox 1246 556 1301 602; x_wconf 90' lang='lat' dir='ltr'><strong>et</strong></span> <span class='ocrx_word' id='word_1_32' title='bbox 1334 555 1590 611; x_wconf 90' lang='lat' dir='ltr'><strong>currant;</strong></span> <span class='ocrx_word' id='word_1_33' title='bbox 1638 554 1695 601; x_wconf 88' lang='lat' dir='ltr'><strong>et</strong></span> <span class='ocrx_word' id='word_1_34' title='bbox 1731 543 1870 599; x_wconf 83' lang='lat' dir='ltr'><strong>nihil</strong></span> <span class='ocrx_word' id='word_1_35' title='bbox 1901 558 2101 598; x_wconf 89' lang='lat' dir='ltr'><strong>novum</strong></span> 
     </span>
    </p>
   </div>
   <div class='ocr_carea' id='block_1_5' title="bbox 505 635 2105 717">
    <p class='ocr_par' dir='ltr' id='par_1_5' title="bbox 505 635 2105 717">
     <span class='ocr_line' id='line_1_5' title="bbox 505 635 2105 717; baseline -0.006 -16"><span class='ocrx_word' id='word_1_36' title='bbox 505 656 797 701; x_wconf 85' lang='lat' dir='ltr'><strong>cernamus</strong></span> <span class='ocrx_word' id='word_1_37' title='bbox 823 655 987 711; x_wconf 76' lang='lat' dir='ltr'><strong>super</strong></span> <span class='ocrx_word' id='word_1_38' title='bbox 1012 648 1235 717; x_wconf 79' lang='lat' dir='ltr'><strong>terram.</strong></span> <span class='ocrx_word' id='word_1_39' title='bbox 1259 638 1416 706; x_wconf 87' lang='lat' dir='ltr'><strong>Quod</strong></span> <span class='ocrx_word' id='word_1_40' title='bbox 1446 647 1626 694; x_wconf 89' lang='lat' dir='ltr'><strong>autem</strong></span> <span class='ocrx_word' id='word_1_41' title='bbox 1650 637 1857 694; x_wconf 90' lang='lat' dir='ltr'><strong>dicitur</strong></span> <span class='ocrx_word' id='word_1_42' title='bbox 1884 656 1896 692; x_wconf 88' lang='lat'><strong>:</strong></span> <span class='ocrx_word' id='word_1_43' title='bbox 1921 635 2105 709; x_wconf 87' lang='lat' dir='ltr'><strong>Ipsum</strong></span> 
     </span>
    </p>
   </div>
   <div class='ocr_carea' id='block_1_6' title="bbox 509 729 2103 806">
    <p class='ocr_par' dir='ltr' id='par_1_6' title="bbox 509 729 2103 806">
     <span class='ocr_line' id='line_1_6' title="bbox 509 729 2103 806; baseline -0.005 -14"><span class='ocrx_word' id='word_1_44' title='bbox 509 746 585 793; x_wconf 88' lang='lat' dir='ltr'><strong>est</strong></span> <span class='ocrx_word' id='word_1_45' title='bbox 614 734 830 803; x_wconf 92' lang='lat' dir='ltr'><strong>animal,</strong></span> <span class='ocrx_word' id='word_1_46' title='bbox 861 734 1001 805; x_wconf 88' lang='lat' dir='ltr'><strong>quod</strong></span> <span class='ocrx_word' id='word_1_47' title='bbox 1026 733 1261 789; x_wconf 86' lang='lat' dir='ltr'><strong>videram</strong></span> <span class='ocrx_word' id='word_1_48' title='bbox 1289 736 1446 806; x_wconf 75' lang='lat' dir='ltr'><strong>juxta</strong></span> <span class='ocrx_word' id='word_1_49' title='bbox 1475 733 1690 804; x_wconf 80' lang='lat' dir='ltr'><strong>fluvium</strong></span> <span class='ocrx_word' id='word_1_50' title='bbox 1720 729 1926 786; x_wconf 88' lang='lat' dir='ltr'><strong>Chobar</strong></span> <span class='ocrx_word' id='word_1_51' title='bbox 1956 730 1974 801; x_wconf 96' lang='lat'><strong>(</strong></span> <span class='ocrx_word' id='word_1_52' title='bbox 1999 730 2103 784; x_wconf 85' lang='lat' dir='ltr'><strong>Ec-</strong></span> 
     </span>
    </p>
   </div>
   <div class='ocr_carea' id='block_1_7' title="bbox 512 823 2105 899">
    <p class='ocr_par' dir='ltr' id='par_1_7' title="bbox 512 823 2105 899">
     <span class='ocr_line' id='line_1_7' title="bbox 512 823 2105 899; baseline -0.003 -15"><span class='ocrx_word' id='word_1_53' title='bbox 512 831 635 885; x_wconf 89' lang='lat' dir='ltr'><strong>cles.</strong></span> <span class='ocrx_word' id='word_1_54' title='bbox 670 826 758 899; x_wconf 85' lang='lat' dir='ltr'><strong>I),</strong></span> <span class='ocrx_word' id='word_1_55' title='bbox 797 826 1082 899; x_wconf 90' lang='lat' dir='ltr'><strong>Scriptura</strong></span> <span class='ocrx_word' id='word_1_56' title='bbox 1124 826 1468 883; x_wconf 86' lang='lat' dir='ltr'><strong>demonstrat</strong></span> <span class='ocrx_word' id='word_1_57' title='bbox 1513 824 1706 881; x_wconf 86' lang='lat' dir='ltr'><strong>eadem</strong></span> <span class='ocrx_word' id='word_1_58' title='bbox 1751 838 1851 879; x_wconf 89' lang='lat' dir='ltr'><strong>nos</strong></span> <span class='ocrx_word' id='word_1_59' title='bbox 1896 823 2105 879; x_wconf 86' lang='lat' dir='ltr'><strong>debere</strong></span> 
     </span>
    </p>
   </div>
   <div class='ocr_carea' id='block_1_8' title="bbox 510 917 2107 992">
    <p class='ocr_par' dir='ltr' id='par_1_8' title="bbox 510 917 2107 992">
     <span class='ocr_line' id='line_1_8' title="bbox 510 917 2107 992; baseline -0.003 -14"><span class='ocrx_word' id='word_1_60' title='bbox 510 921 820 992; x_wconf 72' lang='lat' dir='ltr'><strong>intelligere</strong></span> <span class='ocrx_word' id='word_1_61' title='bbox 849 922 901 979; x_wconf 92' lang='lat' dir='ltr'><strong>in</strong></span> <span class='ocrx_word' id='word_1_62' title='bbox 931 920 1280 992; x_wconf 80' lang='lat' dir='ltr'><strong>expositione</strong></span> <span class='ocrx_word' id='word_1_63' title='bbox 1306 919 1580 988; x_wconf 84' lang='lat' dir='ltr'><strong>animalis,</strong></span> <span class='ocrx_word' id='word_1_64' title='bbox 1608 932 1733 991; x_wconf 70' lang='lat' dir='ltr'><strong>qum</strong></span> <span class='ocrx_word' id='word_1_65' title='bbox 1754 932 1918 989; x_wconf 80' lang='lat' dir='ltr'><strong>supra</strong></span> <span class='ocrx_word' id='word_1_66' title='bbox 1951 917 2107 973; x_wconf 88' lang='lat' dir='ltr'><strong>intel-</strong></span> 
     </span>
    </p>
   </div>
   <div class='ocr_carea' id='block_1_9' title="bbox 504 1003 1495 1070">
    <p class='ocr_par' dir='ltr' id='par_1_9' title="bbox 504 1003 1495 1070">
     <span class='ocr_line' id='line_1_9' title="bbox 504 1003 1495 1070; baseline -0.008 0"><span class='ocrx_word' id='word_1_67' title='bbox 504 1014 761 1070; x_wconf 83' lang='lat' dir='ltr'><strong>leximus.</strong></span> <span class='ocrx_word' id='word_1_68' title='bbox 1491 1003 1495 1006; x_wconf 74' lang='grc'><em>’</em></span> 
     </span>
    </p>
   </div>
   <div class='ocr_carea' id='block_1_10' title="bbox 582 1106 2105 1182">
    <p class='ocr_par' dir='ltr' id='par_1_10' title="bbox 582 1106 2105 1182">
     <span class='ocr_line' id='line_1_10' title="bbox 582 1106 2105 1182; baseline -0.005 -16"><span class='ocrx_word' id='word_1_69' title='bbox 582 1110 603 1182; x_wconf 97' lang='grc'>(</span> <span class='ocrx_word' id='word_1_70' title='bbox 623 1109 779 1166; x_wconf 83' lang='lat' dir='ltr'><strong>Vers.</strong></span> <span class='ocrx_word' id='word_1_71' title='bbox 812 1110 880 1166; x_wconf 78' lang='grc'><strong>18</strong></span> <span class='ocrx_word' id='word_1_72' title='bbox 919 1106 1119 1181; x_wconf 88' lang='lat' dir='ltr'><strong>seqq.)</strong></span> <span class='ocrx_word' id='word_1_73' title='bbox 1158 1108 1227 1162; x_wconf 85' lang='lat' dir='ltr'><strong>Et</strong></span> <span class='ocrx_word' id='word_1_74' title='bbox 1258 1123 1462 1181; x_wconf 88' lang='lat' dir='ltr'><strong>egressa</strong></span> <span class='ocrx_word' id='word_1_75' title='bbox 1492 1116 1569 1161; x_wconf 90' lang='lat' dir='ltr'><strong>est</strong></span> <span class='ocrx_word' id='word_1_76' title='bbox 1597 1107 1764 1179; x_wconf 84' lang='lat' dir='ltr'><strong>gloria</strong></span> <span class='ocrx_word' id='word_1_77' title='bbox 1818 1106 2029 1161; x_wconf 88' lang='lat' dir='ltr'><strong>Domini</strong></span> <span class='ocrx_word' id='word_1_78' title='bbox 2073 1123 2105 1159; x_wconf 91' lang='lat' dir='ltr'><strong>a</strong></span> 
     </span>
    </p>
   </div>
   <div class='ocr_carea' id='block_1_11' title="bbox 507 1199 2105 1273">
    <p class='ocr_par' dir='ltr' id='par_1_11' title="bbox 507 1199 2105 1273">
     <span class='ocr_line' id='line_1_11' title="bbox 507 1199 2105 1273; baseline -0.004 -14"><span class='ocrx_word' id='word_1_79' title='bbox 507 1203 684 1259; x_wconf 88' lang='lat' dir='ltr'><strong>limine</strong></span> <span class='ocrx_word' id='word_1_80' title='bbox 708 1202 930 1273; x_wconf 77' lang='lat' dir='ltr'><strong>Templi,</strong></span> <span class='ocrx_word' id='word_1_81' title='bbox 971 1212 1022 1257; x_wconf 90' lang='lat' dir='ltr'><strong>et</strong></span> <span class='ocrx_word' id='word_1_82' title='bbox 1054 1203 1189 1257; x_wconf 88' lang='lat' dir='ltr'><strong>stetit</strong></span> <span class='ocrx_word' id='word_1_83' title='bbox 1228 1218 1385 1270; x_wconf 90' lang='lat' dir='ltr'><strong>super</strong></span> <span class='ocrx_word' id='word_1_84' title='bbox 1415 1200 1710 1257; x_wconf 84' lang='lat' dir='ltr'><strong>Cherubim.</strong></span> <span class='ocrx_word' id='word_1_85' title='bbox 1742 1199 1812 1255; x_wconf 87' lang='lat' dir='ltr'><strong>Et</strong></span> <span class='ocrx_word' id='word_1_86' title='bbox 1852 1201 2105 1256; x_wconf 85' lang='lat' dir='ltr'><strong>elevantes</strong></span> 
     </span>
    </p>
   </div>
   <div class='ocr_carea' id='block_1_12' title="bbox 506 1292 2105 1366">
    <p class='ocr_par' dir='ltr' id='par_1_12' title="bbox 506 1292 2105 1366">
     <span class='ocr_line' id='line_1_12' title="bbox 506 1292 2105 1366; baseline -0.003 -16"><span class='ocrx_word' id='word_1_87' title='bbox 506 1293 627 1366; x_wconf 82' lang='grc' dir='ltr'><strong>[ΑΙ.</strong></span> <span class='ocrx_word' id='word_1_88' title='bbox 659 1296 909 1349; x_wconf 80' lang='lat' dir='ltr'><strong>elerantia</strong></span> <span class='ocrx_word' id='word_1_89' title='bbox 955 1304 1009 1350; x_wconf 90' lang='lat' dir='ltr'><strong>et</strong></span> <span class='ocrx_word' id='word_1_90' title='bbox 1037 1293 1303 1365; x_wconf 73' lang='lat' dir='ltr'><strong>exaltant]</strong></span> <span class='ocrx_word' id='word_1_91' title='bbox 1338 1294 1613 1348; x_wconf 80' lang='lat' dir='ltr'><strong>Cherubim</strong></span> <span class='ocrx_word' id='word_1_92' title='bbox 1652 1294 1766 1348; x_wconf 85' lang='lat' dir='ltr'><strong>alas</strong></span> <span class='ocrx_word' id='word_1_93' title='bbox 1790 1311 1934 1360; x_wconf 88' lang='lat' dir='ltr'><strong>suas,</strong></span> <span class='ocrx_word' id='word_1_94' title='bbox 1962 1292 2105 1348; x_wconf 69' lang='lat' dir='ltr'><strong>exal-</strong></span> 
     </span>
    </p>
   </div>
   <div class='ocr_carea' id='block_1_13' title="bbox 505 1376 2104 1460">
    <p class='ocr_par' dir='ltr' id='par_1_13' title="bbox 505 1376 2104 1460">
     <span class='ocr_line' id='line_1_13' title="bbox 505 1376 2104 1460; baseline 0.001 -20"><span class='ocrx_word' id='word_1_95' title='bbox 505 1387 599 1442; x_wconf 88' lang='lat' dir='ltr'><strong>tati</strong></span> <span class='ocrx_word' id='word_1_96' title='bbox 621 1398 739 1442; x_wconf 88' lang='lat' dir='ltr'><strong>sunt</strong></span> <span class='ocrx_word' id='word_1_97' title='bbox 761 1405 793 1441; x_wconf 91' lang='lat' dir='ltr'><strong>a</strong></span> <span class='ocrx_word' id='word_1_98' title='bbox 816 1376 956 1443; x_wconf 86' lang='lat' dir='ltr'><strong>terra</strong></span> <span class='ocrx_word' id='word_1_99' title='bbox 984 1404 1156 1443; x_wconf 88' lang='lat' dir='ltr'><strong>coram</strong></span> <span class='ocrx_word' id='word_1_100' title='bbox 1179 1405 1273 1443; x_wconf 79' lang='lat' dir='ltr'><strong>me.</strong></span> <span class='ocrx_word' id='word_1_101' title='bbox 1311 1386 1380 1443; x_wconf 87' lang='lat' dir='ltr'><strong>Et</strong></span> <span class='ocrx_word' id='word_1_102' title='bbox 1402 1389 1513 1444; x_wconf 91' lang='lat' dir='ltr'><strong>illis</strong></span> <span class='ocrx_word' id='word_1_103' title='bbox 1535 1387 1938 1460; x_wconf 77' lang='lat' dir='ltr'><strong>egredientibus,</strong></span> <span class='ocrx_word' id='word_1_104' title='bbox 1978 1398 2104 1443; x_wconf 73' lang='lat' dir='ltr'><strong>rotm</strong></span> 
     </span>
    </p>
   </div>
   <div class='ocr_carea' id='block_1_14' title="bbox 503 1480 2103 1553">
    <p class='ocr_par' dir='ltr' id='par_1_14' title="bbox 503 1480 2103 1553">
     <span class='ocr_line' id='line_1_14' title="bbox 503 1480 2103 1553; baseline 0.001 -18"><span class='ocrx_word' id='word_1_105' title='bbox 503 1496 702 1552; x_wconf 87' lang='lat' dir='ltr'><strong>quoque</strong></span> <span class='ocrx_word' id='word_1_106' title='bbox 732 1480 1018 1537; x_wconf 71' lang='lat' dir='ltr'><strong>subsecuta:</strong></span> <span class='ocrx_word' id='word_1_107' title='bbox 1049 1494 1191 1537; x_wconf 89' lang='lat' dir='ltr'><strong>sunt.</strong></span> <span class='ocrx_word' id='word_1_108' title='bbox 1218 1480 1287 1534; x_wconf 87' lang='lat' dir='ltr'><strong>Et</strong></span> <span class='ocrx_word' id='word_1_109' title='bbox 1315 1482 1450 1536; x_wconf 80' lang='lat' dir='ltr'><strong>stetit</strong></span> <span class='ocrx_word' id='word_1_110' title='bbox 1475 1483 1529 1535; x_wconf 91' lang='lat' dir='ltr'><strong>in</strong></span> <span class='ocrx_word' id='word_1_111' title='bbox 1552 1482 1775 1541; x_wconf 78' lang='lat' dir='ltr'><strong>introitu</strong></span> <span class='ocrx_word' id='word_1_112' title='bbox 1811 1491 1975 1553; x_wconf 68' lang='lat' dir='ltr'><strong>portae</strong></span> <span class='ocrx_word' id='word_1_113' title='bbox 2010 1481 2103 1536; x_wconf 90' lang='lat' dir='ltr'><strong>do-</strong></span> 
     </span>
    </p>
   </div>
   <div class='ocr_carea' id='block_1_15' title="bbox 504 1571 2106 1644">
    <p class='ocr_par' dir='ltr' id='par_1_15' title="bbox 504 1571 2106 1644">
     <span class='ocr_line' id='line_1_15' title="bbox 504 1571 2106 1644; baseline 0.001 -17"><span class='ocrx_word' id='word_1_114' title='bbox 504 1589 619 1628; x_wconf 88' lang='lat' dir='ltr'><strong>mus</strong></span> <span class='ocrx_word' id='word_1_115' title='bbox 652 1571 863 1629; x_wconf 84' lang='lat' dir='ltr'><strong>Domini</strong></span> <span class='ocrx_word' id='word_1_116' title='bbox 889 1574 1189 1641; x_wconf 79' lang='lat' dir='ltr'><strong>Orientalis,</strong></span> <span class='ocrx_word' id='word_1_117' title='bbox 1214 1584 1263 1628; x_wconf 88' lang='lat' dir='ltr'><strong>et</strong></span> <span class='ocrx_word' id='word_1_118' title='bbox 1285 1575 1451 1644; x_wconf 86' lang='lat' dir='ltr'><strong>gloria</strong></span> <span class='ocrx_word' id='word_1_119' title='bbox 1492 1573 1589 1629; x_wconf 87' lang='lat' dir='ltr'><strong>Dei</strong></span> <span class='ocrx_word' id='word_1_120' title='bbox 1616 1574 1790 1629; x_wconf 78' lang='lat' dir='ltr'><strong>Israel</strong></span> <span class='ocrx_word' id='word_1_121' title='bbox 1814 1584 1922 1629; x_wconf 85' lang='lat' dir='ltr'><strong>erat</strong></span> <span class='ocrx_word' id='word_1_122' title='bbox 1951 1593 2106 1644; x_wconf 81' lang='lat' dir='ltr'><strong>super</strong></span> 
     </span>
    </p>
   </div>
   <div class='ocr_carea' id='block_1_16' title="bbox 505 1663 2103 1738">
    <p class='ocr_par' dir='ltr' id='par_1_16' title="bbox 505 1663 2103 1738">
     <span class='ocr_line' id='line_1_16' title="bbox 505 1663 2103 1738; baseline 0.001 -19"><span class='ocrx_word' id='word_1_123' title='bbox 505 1682 589 1719; x_wconf 90' lang='lat' dir='ltr'><strong>eos</strong></span> <span class='ocrx_word' id='word_1_124' title='bbox 613 1663 731 1737; x_wconf 78' lang='lat' dir='ltr'><strong>[AL</strong></span> <span class='ocrx_word' id='word_1_125' title='bbox 757 1664 866 1738; x_wconf 89' lang='lat' dir='ltr'><strong>ea].</strong></span> <span class='ocrx_word' id='word_1_126' title='bbox 895 1666 1078 1737; x_wconf 78' lang='lat' dir='ltr'><strong>Ipsum</strong></span> <span class='ocrx_word' id='word_1_127' title='bbox 1103 1674 1176 1721; x_wconf 86' lang='lat' dir='ltr'><strong>est</strong></span> <span class='ocrx_word' id='word_1_128' title='bbox 1200 1666 1417 1730; x_wconf 84' lang='lat' dir='ltr'><strong>animal,</strong></span> <span class='ocrx_word' id='word_1_129' title='bbox 1446 1667 1585 1737; x_wconf 87' lang='lat' dir='ltr'><strong>quod</strong></span> <span class='ocrx_word' id='word_1_130' title='bbox 1610 1668 1717 1722; x_wconf 87' lang='lat' dir='ltr'><strong>vidi</strong></span> <span class='ocrx_word' id='word_1_131' title='bbox 1739 1669 1910 1722; x_wconf 81' lang='lat' dir='ltr'><strong>subter</strong></span> <span class='ocrx_word' id='word_1_132' title='bbox 1937 1666 2103 1721; x_wconf 88' lang='lat' dir='ltr'><strong>Deum</strong></span> 
     </span>
    </p>
   </div>
   <div class='ocr_carea' id='block_1_17' title="bbox 2205 441 3811 514">
    <p class='ocr_par' dir='ltr' id='par_1_17' title="bbox 2205 441 3811 514">
     <span class='ocr_line' id='line_1_17' title="bbox 2205 441 3811 514; baseline -0.002 -12"><span class='ocrx_word' id='word_1_133' title='bbox 2205 455 2323 513; x_wconf 88' lang='lat' dir='ltr'><strong>est,</strong></span> <span class='ocrx_word' id='word_1_134' title='bbox 2352 455 2407 502; x_wconf 89' lang='lat' dir='ltr'><strong>et</strong></span> <span class='ocrx_word' id='word_1_135' title='bbox 2436 445 2635 501; x_wconf 90' lang='lat' dir='ltr'><strong>ductus</strong></span> <span class='ocrx_word' id='word_1_136' title='bbox 2684 444 2750 499; x_wconf 91' lang='lat' dir='ltr'><strong>ad</strong></span> <span class='ocrx_word' id='word_1_137' title='bbox 2793 442 3041 498; x_wconf 87' lang='lat' dir='ltr'><strong>eamdem</strong></span> <span class='ocrx_word' id='word_1_138' title='bbox 3089 450 3303 514; x_wconf 90' lang='lat' dir='ltr'><strong>portam</strong></span> <span class='ocrx_word' id='word_1_139' title='bbox 3353 442 3551 497; x_wconf 85' lang='lat' dir='ltr'><strong>domus</strong></span> <span class='ocrx_word' id='word_1_140' title='bbox 3593 441 3811 498; x_wconf 90' lang='lat' dir='ltr'><strong>Domini</strong></span> 
     </span>
    </p>
   </div>
   <div class='ocr_carea' id='block_1_18' title="bbox 2204 534 3812 610">
    <p class='ocr_par' dir='ltr' id='par_1_18' title="bbox 2204 534 3812 610">
     <span class='ocr_line' id='line_1_18' title="bbox 2204 534 3812 610; baseline -0.002 -15"><span class='ocrx_word' id='word_1_141' title='bbox 2204 538 2581 607; x_wconf 89' lang='lat' dir='ltr'><strong>Orientalem,</strong></span> <span class='ocrx_word' id='word_1_142' title='bbox 2630 554 2752 610; x_wconf 75' lang='lat' dir='ltr'><strong>quae</strong></span> <span class='ocrx_word' id='word_1_143' title='bbox 2800 537 3028 605; x_wconf 80' lang='lat' dir='ltr'><strong>reSpicit</strong></span> <span class='ocrx_word' id='word_1_144' title='bbox 3075 537 3250 593; x_wconf 88' lang='lat' dir='ltr'><strong>solem</strong></span> <span class='ocrx_word' id='word_1_145' title='bbox 3292 536 3556 606; x_wconf 64' lang='lat' dir='ltr'><strong>justitiw,</strong></span> <span class='ocrx_word' id='word_1_146' title='bbox 3595 534 3663 590; x_wconf 90' lang='lat' dir='ltr'><strong>de</strong></span> <span class='ocrx_word' id='word_1_147' title='bbox 3703 549 3812 606; x_wconf 89' lang='lat' dir='ltr'><strong>quo</strong></span> 
     </span>
    </p>
   </div>
   <div class='ocr_carea' id='block_1_19' title="bbox 2206 626 3809 702">
    <p class='ocr_par' dir='ltr' id='par_1_19' title="bbox 2206 626 3809 702">
     <span class='ocr_line' id='line_1_19' title="bbox 2206 626 3809 702; baseline -0.002 -16"><span class='ocrx_word' id='word_1_148' title='bbox 2206 632 2470 702; x_wconf 86' lang='lat' dir='ltr'><strong>scriptum</strong></span> <span class='ocrx_word' id='word_1_149' title='bbox 2501 639 2617 686; x_wconf 88' lang='lat' dir='ltr'><strong>est:</strong></span> <span class='ocrx_word' id='word_1_150' title='bbox 2645 628 2777 685; x_wconf 85' lang='lat' dir='ltr'><strong>Ecce</strong></span> <span class='ocrx_word' id='word_1_151' title='bbox 2804 630 2918 685; x_wconf 82' lang='lat' dir='ltr'><strong>vir:</strong></span> <span class='ocrx_word' id='word_1_152' title='bbox 2948 629 3131 685; x_wconf 87' lang='lat' dir='ltr'><strong>Oriens</strong></span> <span class='ocrx_word' id='word_1_153' title='bbox 3163 644 3348 683; x_wconf 82' lang='lat' dir='ltr'><strong>nomen</strong></span> <span class='ocrx_word' id='word_1_154' title='bbox 3378 632 3493 701; x_wconf 85' lang='lat' dir='ltr'><strong>ejus</strong></span> <span class='ocrx_word' id='word_1_155' title='bbox 3516 626 3703 701; x_wconf 80' lang='lat' dir='ltr'><strong>(Zacli.</strong></span> <span class='ocrx_word' id='word_1_156' title='bbox 3728 642 3809 694; x_wconf 75' lang='lat' dir='ltr'><strong>vr,</strong></span> 
     </span>
    </p>
   </div>
   <div class='ocr_carea' id='block_1_20' title="bbox 2209 721 3811 795">
    <p class='ocr_par' dir='ltr' id='par_1_20' title="bbox 2209 721 3811 795">
     <span class='ocr_line' id='line_1_20' title="bbox 2209 721 3811 795; baseline 0 -18"><span class='ocrx_word' id='word_1_157' title='bbox 2209 724 2332 795; x_wconf 76' lang='lat'><strong>1:2):</strong></span> <span class='ocrx_word' id='word_1_158' title='bbox 2363 734 2423 779; x_wconf 89' lang='lat' dir='ltr'><strong>ut</strong></span> <span class='ocrx_word' id='word_1_159' title='bbox 2453 739 2797 795; x_wconf 80' lang='lat' dir='ltr'><strong>nequaquam</strong></span> <span class='ocrx_word' id='word_1_160' title='bbox 2831 732 3149 778; x_wconf 87' lang='lat' dir='ltr'><strong>remaneret</strong></span> <span class='ocrx_word' id='word_1_161' title='bbox 3170 722 3222 777; x_wconf 91' lang='lat' dir='ltr'><strong>in</strong></span> <span class='ocrx_word' id='word_1_162' title='bbox 3257 723 3485 792; x_wconf 87' lang='lat' dir='ltr'><strong>templo,</strong></span> <span class='ocrx_word' id='word_1_163' title='bbox 3519 721 3662 791; x_wconf 89' lang='lat' dir='ltr'><strong>quod</strong></span> <span class='ocrx_word' id='word_1_164' title='bbox 3689 730 3811 777; x_wconf 87' lang='lat' dir='ltr'><strong>erat</strong></span> 
     </span>
    </p>
   </div>
   <div class='ocr_carea' id='block_1_21' title="bbox 2207 813 3807 887">
    <p class='ocr_par' dir='ltr' id='par_1_21' title="bbox 2207 813 3807 887">
     <span class='ocr_line' id='line_1_21' title="bbox 2207 813 3807 887; baseline 0 -18"><span class='ocrx_word' id='word_1_165' title='bbox 2207 816 2527 887; x_wconf 64' lang='lat' dir='ltr'><strong>ignorantiae</strong></span> <span class='ocrx_word' id='word_1_166' title='bbox 2558 815 2701 872; x_wconf 90' lang='lat' dir='ltr'><strong>nube</strong></span> <span class='ocrx_word' id='word_1_167' title='bbox 2729 814 3053 882; x_wconf 87' lang='lat' dir='ltr'><strong>confusum;</strong></span> <span class='ocrx_word' id='word_1_168' title='bbox 3084 814 3180 871; x_wconf 85' lang='lat' dir='ltr'><strong>sed</strong></span> <span class='ocrx_word' id='word_1_169' title='bbox 3230 822 3384 870; x_wconf 88' lang='lat' dir='ltr'><strong>stans</strong></span> <span class='ocrx_word' id='word_1_170' title='bbox 3417 815 3470 869; x_wconf 92' lang='lat' dir='ltr'><strong>in</strong></span> <span class='ocrx_word' id='word_1_171' title='bbox 3519 823 3675 884; x_wconf 87' lang='lat' dir='ltr'><strong>porta</strong></span> <span class='ocrx_word' id='word_1_172' title='bbox 3711 813 3807 869; x_wconf 87' lang='lat' dir='ltr'><strong>do-</strong></span> 
     </span>
    </p>
   </div>
   <div class='ocr_carea' id='block_1_22' title="bbox 2208 907 3810 979">
    <p class='ocr_par' dir='ltr' id='par_1_22' title="bbox 2208 907 3810 979">
     <span class='ocr_line' id='line_1_22' title="bbox 2208 907 3810 979; baseline -0.002 -15"><span class='ocrx_word' id='word_1_173' title='bbox 2208 925 2326 964; x_wconf 91' lang='lat' dir='ltr'><strong>mus</strong></span> <span class='ocrx_word' id='word_1_174' title='bbox 2362 908 2579 964; x_wconf 89' lang='lat' dir='ltr'><strong>Domini</strong></span> <span class='ocrx_word' id='word_1_175' title='bbox 2633 907 2952 974; x_wconf 85' lang='lat' dir='ltr'><strong>Orientalis,</strong></span> <span class='ocrx_word' id='word_1_176' title='bbox 2983 924 3103 979; x_wconf 79' lang='lat' dir='ltr'><strong>qua:</strong></span> <span class='ocrx_word' id='word_1_177' title='bbox 3133 917 3441 979; x_wconf 87' lang='lat' dir='ltr'><strong>sequuntur</strong></span> <span class='ocrx_word' id='word_1_178' title='bbox 3463 916 3810 963; x_wconf 81' lang='lat' dir='ltr'><strong>Sacramenta</strong></span> 
     </span>
    </p>
   </div>
   <div class='ocr_carea' id='block_1_23' title="bbox 2205 1011 2581 1074">
    <p class='ocr_par' dir='ltr' id='par_1_23' title="bbox 2205 1011 2581 1074">
     <span class='ocr_line' id='line_1_23' title="bbox 2205 1011 2581 1074; baseline -0.003 -16"><span class='ocrx_word' id='word_1_179' title='bbox 2205 1011 2581 1074; x_wconf 85' lang='lat' dir='ltr'><strong>cognosceret.</strong></span> 
     </span>
    </p>
   </div>
   <div class='ocr_carea' id='block_1_24' title="bbox 2278 1093 3814 1170">
    <p class='ocr_par' dir='ltr' id='par_1_24' title="bbox 2278 1093 3814 1170">
     <span class='ocr_line' id='line_1_24' title="bbox 2278 1093 3814 1170; baseline -0.002 -20"><span class='ocrx_word' id='word_1_180' title='bbox 2278 1095 2460 1170; x_wconf 89' lang='lat' dir='ltr'><strong>(Vers.</strong></span> <span class='ocrx_word' id='word_1_181' title='bbox 2489 1097 2524 1150; x_wconf 69' lang='lat'><strong>2</strong></span> <span class='ocrx_word' id='word_1_182' title='bbox 2550 1096 2734 1166; x_wconf 85' lang='lat' dir='ltr'><strong>seqq.)</strong></span> <span class='ocrx_word' id='word_1_183' title='bbox 2769 1094 2840 1148; x_wconf 87' lang='lat' dir='ltr'><strong>Et</strong></span> <span class='ocrx_word' id='word_1_184' title='bbox 2873 1110 2990 1150; x_wconf 90' lang='lat' dir='ltr'><strong>ecce</strong></span> <span class='ocrx_word' id='word_1_185' title='bbox 3032 1094 3084 1148; x_wconf 90' lang='lat' dir='ltr'><strong>in</strong></span> <span class='ocrx_word' id='word_1_186' title='bbox 3111 1094 3331 1148; x_wconf 84' lang='lat' dir='ltr'><strong>introitu</strong></span> <span class='ocrx_word' id='word_1_187' title='bbox 3363 1102 3529 1166; x_wconf 75' lang='lat' dir='ltr'><strong>porta:</strong></span> <span class='ocrx_word' id='word_1_188' title='bbox 3553 1093 3736 1163; x_wconf 84' lang='lat' dir='ltr'><strong>viginti</strong></span> <span class='ocrx_word' id='word_1_189' title='bbox 3760 1102 3814 1149; x_wconf 83' lang='lat' dir='ltr'><strong>et</strong></span> 
     </span>
    </p>
   </div>
   <div class='ocr_carea' id='block_1_25' title="bbox 2205 1185 3815 1261">
    <p class='ocr_par' dir='ltr' id='par_1_25' title="bbox 2205 1185 3815 1261">
     <span class='ocr_line' id='line_1_25' title="bbox 2205 1185 3815 1261; baseline -0.002 -17"><span class='ocrx_word' id='word_1_190' title='bbox 2205 1192 2429 1261; x_wconf 88' lang='lat' dir='ltr'><strong>quinque</strong></span> <span class='ocrx_word' id='word_1_191' title='bbox 2456 1190 2549 1243; x_wconf 84' lang='lat' dir='ltr'><strong>viri</strong></span> <span class='ocrx_word' id='word_1_192' title='bbox 2574 1230 2589 1255; x_wconf 93' lang='lat'><strong>,</strong></span> <span class='ocrx_word' id='word_1_193' title='bbox 2620 1198 2669 1243; x_wconf 89' lang='lat' dir='ltr'><strong>et</strong></span> <span class='ocrx_word' id='word_1_194' title='bbox 2689 1189 2795 1243; x_wconf 87' lang='lat' dir='ltr'><strong>vidi</strong></span> <span class='ocrx_word' id='word_1_195' title='bbox 2834 1190 2888 1243; x_wconf 89' lang='lat' dir='ltr'><strong>in</strong></span> <span class='ocrx_word' id='word_1_196' title='bbox 2925 1188 3098 1242; x_wconf 91' lang='lat' dir='ltr'><strong>medio</strong></span> <span class='ocrx_word' id='word_1_197' title='bbox 3139 1204 3317 1243; x_wconf 88' lang='lat' dir='ltr'><strong>eorum</strong></span> <span class='ocrx_word' id='word_1_198' title='bbox 3346 1185 3618 1241; x_wconf 74' lang='lat' dir='ltr'><strong>Jezoniam</strong></span> <span class='ocrx_word' id='word_1_199' title='bbox 3643 1185 3815 1256; x_wconf 88' lang='lat' dir='ltr'><strong>ﬁlium</strong></span> 
     </span>
    </p>
   </div>
   <div class='ocr_carea' id='block_1_26' title="bbox 2207 1279 3810 1354">
    <p class='ocr_par' dir='ltr' id='par_1_26' title="bbox 2207 1279 3810 1354">
     <span class='ocr_line' id='line_1_26' title="bbox 2207 1279 3810 1354; baseline -0.001 -19"><span class='ocrx_word' id='word_1_200' title='bbox 2207 1284 2451 1345; x_wconf 78' lang='lat' dir='ltr'><strong>Aziu&#39;,et</strong></span> <span class='ocrx_word' id='word_1_201' title='bbox 2497 1281 2765 1335; x_wconf 86' lang='lat' dir='ltr'><strong>Phaltiam</strong></span> <span class='ocrx_word' id='word_1_202' title='bbox 2808 1280 2978 1350; x_wconf 89' lang='lat' dir='ltr'><strong>ﬁlium</strong></span> <span class='ocrx_word' id='word_1_203' title='bbox 3026 1279 3245 1354; x_wconf 76' lang='lat' dir='ltr'><strong>Banajw</strong></span> <span class='ocrx_word' id='word_1_204' title='bbox 3294 1281 3554 1352; x_wconf 88' lang='lat' dir='ltr'><strong>principes</strong></span> <span class='ocrx_word' id='word_1_205' title='bbox 3604 1281 3810 1350; x_wconf 81' lang='lat' dir='ltr'><strong>pepuli.</strong></span> 
     </span>
    </p>
   </div>
   <div class='ocr_carea' id='block_1_27' title="bbox 2208 1372 3818 1447">
    <p class='ocr_par' dir='ltr' id='par_1_27' title="bbox 2208 1372 3818 1447">
     <span class='ocr_line' id='line_1_27' title="bbox 2208 1372 3818 1447; baseline -0.002 -17"><span class='ocrx_word' id='word_1_206' title='bbox 2208 1374 2452 1447; x_wconf 78' lang='lat' dir='ltr'><strong>Dixitque</strong></span> <span class='ocrx_word' id='word_1_207' title='bbox 2473 1375 2541 1429; x_wconf 87' lang='lat' dir='ltr'><strong>ad</strong></span> <span class='ocrx_word' id='word_1_208' title='bbox 2564 1390 2644 1429; x_wconf 89' lang='lat' dir='ltr'><strong>me</strong></span> <span class='ocrx_word' id='word_1_209' title='bbox 2666 1391 2683 1430; x_wconf 90' lang='lat'><strong><em>:</em></strong></span> <span class='ocrx_word' id='word_1_210' title='bbox 2717 1373 2827 1427; x_wconf 84' lang='lat' dir='ltr'><strong>Fili</strong></span> <span class='ocrx_word' id='word_1_211' title='bbox 2847 1372 3094 1439; x_wconf 84' lang='lat' dir='ltr'><strong>hominis,</strong></span> <span class='ocrx_word' id='word_1_212' title='bbox 3120 1372 3175 1426; x_wconf 87' lang='lat' dir='ltr'><strong>hi</strong></span> <span class='ocrx_word' id='word_1_213' title='bbox 3206 1373 3325 1439; x_wconf 84' lang='lat' dir='ltr'><strong>viri,</strong></span> <span class='ocrx_word' id='word_1_214' title='bbox 3348 1374 3438 1444; x_wconf 87' lang='lat' dir='ltr'><strong>qui</strong></span> <span class='ocrx_word' id='word_1_215' title='bbox 3463 1372 3688 1445; x_wconf 87' lang='lat' dir='ltr'><strong>cogitant</strong></span> <span class='ocrx_word' id='word_1_216' title='bbox 3710 1372 3818 1426; x_wconf 64' lang='lat' dir='ltr'><strong>ini«</strong></span> 
     </span>
    </p>
   </div>
   <div class='ocr_carea' id='block_1_28' title="bbox 2206 1463 3811 1538">
    <p class='ocr_par' dir='ltr' id='par_1_28' title="bbox 2206 1463 3811 1538">
     <span class='ocr_line' id='line_1_28' title="bbox 2206 1463 3811 1538; baseline -0.003 -17"><span class='ocrx_word' id='word_1_217' title='bbox 2206 1469 2477 1538; x_wconf 84' lang='lat' dir='ltr'><strong>quitatem,</strong></span> <span class='ocrx_word' id='word_1_218' title='bbox 2496 1477 2545 1521; x_wconf 90' lang='lat' dir='ltr'><strong>et</strong></span> <span class='ocrx_word' id='word_1_219' title='bbox 2576 1475 2801 1519; x_wconf 88' lang='lat' dir='ltr'><strong>tractant</strong></span> <span class='ocrx_word' id='word_1_220' title='bbox 2846 1463 3125 1519; x_wconf 77' lang='lat' dir='ltr'><strong>consilium</strong></span> <span class='ocrx_word' id='word_1_221' title='bbox 3156 1464 3434 1535; x_wconf 85' lang='lat' dir='ltr'><strong>pessimum</strong></span> <span class='ocrx_word' id='word_1_222' title='bbox 3452 1464 3505 1517; x_wconf 88' lang='lat' dir='ltr'><strong>in</strong></span> <span class='ocrx_word' id='word_1_223' title='bbox 3530 1464 3652 1518; x_wconf 84' lang='lat' dir='ltr'><strong>urbe</strong></span> <span class='ocrx_word' id='word_1_224' title='bbox 3682 1464 3811 1531; x_wconf 88' lang='lat' dir='ltr'><strong>ista,</strong></span> 
     </span>
    </p>
   </div>
   <div class='ocr_carea' id='block_1_29' title="bbox 2208 1556 3817 1627">
    <p class='ocr_par' dir='ltr' id='par_1_29' title="bbox 2208 1556 3817 1627">
     <span class='ocr_line' id='line_1_29' title="bbox 2208 1556 3817 1627; baseline -0.003 -11"><span class='ocrx_word' id='word_1_225' title='bbox 2208 1563 2435 1616; x_wconf 86' lang='lat' dir='ltr'><strong>dicentes</strong></span> <span class='ocrx_word' id='word_1_226' title='bbox 2456 1576 2475 1615; x_wconf 90' lang='lat'><strong><em>:</em></strong></span> <span class='ocrx_word' id='word_1_227' title='bbox 2506 1559 2697 1615; x_wconf 88' lang='lat' dir='ltr'><strong>Nonne</strong></span> <span class='ocrx_word' id='word_1_228' title='bbox 2742 1559 2942 1613; x_wconf 87' lang='lat' dir='ltr'><strong>dudum</strong></span> <span class='ocrx_word' id='word_1_229' title='bbox 2971 1560 3248 1627; x_wconf 74' lang='lat' dir='ltr'><strong>eediﬁcata:</strong></span> <span class='ocrx_word' id='word_1_230' title='bbox 3277 1567 3397 1613; x_wconf 87' lang='lat' dir='ltr'><strong>sunt</strong></span> <span class='ocrx_word' id='word_1_231' title='bbox 3425 1559 3610 1613; x_wconf 89' lang='lat' dir='ltr'><strong>domus</strong></span> <span class='ocrx_word' id='word_1_232' title='bbox 3631 1558 3657 1611; x_wconf 86' lang='lat'><strong><em>?</em></strong></span> <span class='ocrx_word' id='word_1_233' title='bbox 3679 1556 3817 1613; x_wconf 61' lang='lat' dir='ltr'><strong>Haec</strong></span> 
     </span>
    </p>
   </div>
   <div class='ocr_carea' id='block_1_30' title="bbox 2206 1650 3815 1723">
    <p class='ocr_par' dir='ltr' id='par_1_30' title="bbox 2206 1650 3815 1723">
     <span class='ocr_line' id='line_1_30' title="bbox 2206 1650 3815 1723; baseline -0.004 -12"><span class='ocrx_word' id='word_1_234' title='bbox 2206 1668 2282 1712; x_wconf 89' lang='lat' dir='ltr'><strong>est</strong></span> <span class='ocrx_word' id='word_1_235' title='bbox 2310 1656 2444 1711; x_wconf 87' lang='lat' dir='ltr'><strong>lebes</strong></span> <span class='ocrx_word' id='word_1_236' title='bbox 2465 1700 2478 1723; x_wconf 90' lang='lat'><strong>,</strong></span> <span class='ocrx_word' id='word_1_237' title='bbox 2511 1672 2603 1709; x_wconf 90' lang='lat' dir='ltr'><strong>nos</strong></span> <span class='ocrx_word' id='word_1_238' title='bbox 2632 1664 2803 1709; x_wconf 84' lang='lat' dir='ltr'><strong>autent</strong></span> <span class='ocrx_word' id='word_1_239' title='bbox 2835 1669 3036 1708; x_wconf 72' lang='lat' dir='ltr'><strong>carnes.</strong></span> <span class='ocrx_word' id='word_1_240' title='bbox 3066 1650 3276 1706; x_wconf 81' lang='lat' dir='ltr'><strong>Idcirco</strong></span> <span class='ocrx_word' id='word_1_241' title='bbox 3296 1652 3582 1706; x_wconf 88' lang='lat' dir='ltr'><strong>vaticinare</strong></span> <span class='ocrx_word' id='word_1_242' title='bbox 3607 1652 3670 1706; x_wconf 90' lang='lat' dir='ltr'><strong>de</strong></span> <span class='ocrx_word' id='word_1_243' title='bbox 3696 1652 3769 1705; x_wconf 87' lang='lat' dir='ltr'><strong>eis</strong></span> <span class='ocrx_word' id='word_1_244' title='bbox 3796 1692 3815 1718; x_wconf 88' lang='lat'><strong>,</strong></span> 
     </span>
    </p>
   </div>
   <div class='ocr_carea' id='block_1_31' title="bbox 507 1742 3819 1830">
    <p class='ocr_par' dir='ltr' id='par_1_31' title="bbox 507 1742 3819 1830">
     <span class='ocr_line' id='line_1_31' title="bbox 507 1742 3819 1830; baseline -0.005 -18"><span class='ocrx_word' id='word_1_245' title='bbox 507 1755 698 1823; x_wconf 82' lang='lat' dir='ltr'><strong>Israel,</strong></span> <span class='ocrx_word' id='word_1_246' title='bbox 722 1758 878 1829; x_wconf 71' lang='lat' dir='ltr'><strong>juxta</strong></span> <span class='ocrx_word' id='word_1_247' title='bbox 912 1758 1129 1829; x_wconf 86' lang='lat' dir='ltr'><strong>ﬂuvium</strong></span> <span class='ocrx_word' id='word_1_248' title='bbox 1166 1757 1372 1813; x_wconf 84' lang='lat' dir='ltr'><strong>Chobar</strong></span> <span class='ocrx_word' id='word_1_249' title='bbox 1401 1769 1486 1813; x_wconf 91' lang='lat' dir='ltr'><strong>:et</strong></span> <span class='ocrx_word' id='word_1_250' title='bbox 1516 1760 1770 1826; x_wconf 74' lang='lat' dir='ltr'><strong>intellexi,</strong></span> <span class='ocrx_word' id='word_1_251' title='bbox 1810 1759 1937 1830; x_wconf 87' lang='lat' dir='ltr'><strong>quia</strong></span> <span class='ocrx_word' id='word_1_252' title='bbox 1972 1758 2104 1814; x_wconf 72' lang='lat' dir='ltr'><strong>Clie-</strong></span> <span class='ocrx_word' id='word_1_253' title='bbox 2136 1752 2183 1812; x_wconf 92' lang='lat' dir='ltr'><strong>B</strong></span> <span class='ocrx_word' id='word_1_254' title='bbox 2210 1749 2522 1813; x_wconf 79' lang='lat' dir='ltr'><strong>raticinare,</strong></span> <span class='ocrx_word' id='word_1_255' title='bbox 2553 1747 2633 1817; x_wconf 90' lang='lat' dir='ltr'><strong>ﬁli</strong></span> <span class='ocrx_word' id='word_1_256' title='bbox 2670 1745 2917 1801; x_wconf 76' lang='lat' dir='ltr'><strong>hominis.</strong></span> <span class='ocrx_word' id='word_1_257' title='bbox 2946 1744 3013 1798; x_wconf 87' lang='lat' dir='ltr'><strong>Et</strong></span> <span class='ocrx_word' id='word_1_258' title='bbox 3056 1746 3212 1799; x_wconf 86' lang='lat' dir='ltr'><strong>irruit</strong></span> <span class='ocrx_word' id='word_1_259' title='bbox 3256 1746 3307 1798; x_wconf 91' lang='lat' dir='ltr'><strong>in</strong></span> <span class='ocrx_word' id='word_1_260' title='bbox 3348 1761 3430 1799; x_wconf 88' lang='lat' dir='ltr'><strong>me</strong></span> <span class='ocrx_word' id='word_1_261' title='bbox 3461 1744 3675 1811; x_wconf 87' lang='lat' dir='ltr'><strong>spiritus</strong></span> <span class='ocrx_word' id='word_1_262' title='bbox 3704 1742 3819 1797; x_wconf 76' lang='lat' dir='ltr'><strong>Do-</strong></span> 
     </span>
    </p>
   </div>
   <div class='ocr_carea' id='block_1_32' title="bbox 504 1851 2106 1924">
    <p class='ocr_par' dir='ltr' id='par_1_32' title="bbox 504 1851 2106 1924">
     <span class='ocr_line' id='line_1_32' title="bbox 504 1851 2106 1924; baseline 0.002 -18"><span class='ocrx_word' id='word_1_263' title='bbox 504 1851 675 1913; x_wconf 83' lang='lat' dir='ltr'><strong>rubim</strong></span> <span class='ocrx_word' id='word_1_264' title='bbox 715 1861 901 1907; x_wconf 88' lang='lat' dir='ltr'><strong>essent.</strong></span> <span class='ocrx_word' id='word_1_265' title='bbox 952 1853 1209 1920; x_wconf 85' lang='lat' dir='ltr'><strong>Quatuor,</strong></span> <span class='ocrx_word' id='word_1_266' title='bbox 1260 1869 1351 1924; x_wconf 90' lang='lat' dir='ltr'><strong>per</strong></span> <span class='ocrx_word' id='word_1_267' title='bbox 1396 1862 1621 1924; x_wconf 89' lang='lat' dir='ltr'><strong>quatuor</strong></span> <span class='ocrx_word' id='word_1_268' title='bbox 1667 1855 1839 1909; x_wconf 88' lang='lat' dir='ltr'><strong>vultus</strong></span> <span class='ocrx_word' id='word_1_269' title='bbox 1879 1855 1971 1909; x_wconf 89' lang='lat' dir='ltr'><strong>uni</strong></span> <span class='ocrx_word' id='word_1_270' title='bbox 2004 1871 2023 1908; x_wconf 88' lang='lat'><em>:</em></span> <span class='ocrx_word' id='word_1_271' title='bbox 2059 1866 2106 1910; x_wconf 87' lang='lat' dir='ltr'><strong>et</strong></span> 
     </span>
    </p>
   </div>
   <div class='ocr_carea' id='block_1_33' title="bbox 504 1945 2106 2015">
    <p class='ocr_par' dir='ltr' id='par_1_33' title="bbox 504 1945 2106 2015">
     <span class='ocr_line' id='line_1_33' title="bbox 504 1945 2106 2015; baseline 0.002 -17"><span class='ocrx_word' id='word_1_272' title='bbox 504 1954 728 2015; x_wconf 86' lang='lat' dir='ltr'><strong>quatuor</strong></span> <span class='ocrx_word' id='word_1_273' title='bbox 752 1945 853 2000; x_wconf 76' lang='lat' dir='ltr'><strong>ala:</strong></span> <span class='ocrx_word' id='word_1_274' title='bbox 882 1945 994 2011; x_wconf 89' lang='lat' dir='ltr'><strong>uni,</strong></span> <span class='ocrx_word' id='word_1_275' title='bbox 1027 1956 1072 2000; x_wconf 90' lang='lat' dir='ltr'><strong>et</strong></span> <span class='ocrx_word' id='word_1_276' title='bbox 1098 1946 1386 2000; x_wconf 80' lang='lat' dir='ltr'><strong>similitudo</strong></span> <span class='ocrx_word' id='word_1_277' title='bbox 1414 1964 1596 2001; x_wconf 85' lang='lat' dir='ltr'><strong>manus</strong></span> <span class='ocrx_word' id='word_1_278' title='bbox 1630 1949 1851 2002; x_wconf 88' lang='lat' dir='ltr'><strong>hominis</strong></span> <span class='ocrx_word' id='word_1_279' title='bbox 1877 1951 1968 2002; x_wconf 89' lang='lat' dir='ltr'><strong>sub</strong></span> <span class='ocrx_word' id='word_1_280' title='bbox 2006 1947 2106 2002; x_wconf 82' lang='lat' dir='ltr'><strong>alis</strong></span> 
     </span>
    </p>
   </div>
   <div class='ocr_carea' id='block_1_34' title="bbox 506 2040 2105 2116">
    <p class='ocr_par' dir='ltr' id='par_1_34' title="bbox 506 2040 2105 2116">
     <span class='ocr_line' id='line_1_34' title="bbox 506 2040 2105 2116; baseline 0.003 -22"><span class='ocrx_word' id='word_1_281' title='bbox 506 2054 683 2094; x_wconf 83' lang='lat' dir='ltr'><strong>eorum</strong></span> <span class='ocrx_word' id='word_1_282' title='bbox 706 2056 725 2093; x_wconf 92' lang='lat'><strong><em>:</em></strong></span> <span class='ocrx_word' id='word_1_283' title='bbox 749 2047 795 2092; x_wconf 87' lang='lat' dir='ltr'><strong>et</strong></span> <span class='ocrx_word' id='word_1_284' title='bbox 828 2040 1117 2095; x_wconf 72' lang='lat' dir='ltr'><strong>similitudo</strong></span> <span class='ocrx_word' id='word_1_285' title='bbox 1153 2043 1387 2096; x_wconf 82' lang='lat' dir='ltr'><strong>vultuum</strong></span> <span class='ocrx_word' id='word_1_286' title='bbox 1419 2059 1617 2111; x_wconf 88' lang='lat' dir='ltr'><strong>eorum,</strong></span> <span class='ocrx_word' id='word_1_287' title='bbox 1657 2044 1756 2116; x_wconf 86' lang='lat' dir='ltr'><strong>ipsi</strong></span> <span class='ocrx_word' id='word_1_288' title='bbox 1779 2045 1955 2098; x_wconf 88' lang='lat' dir='ltr'><strong>vultus</strong></span> <span class='ocrx_word' id='word_1_289' title='bbox 1976 2061 2105 2115; x_wconf 86' lang='lat' dir='ltr'><strong>quos</strong></span> 
     </span>
    </p>
   </div>
   <div class='ocr_carea' id='block_1_35' title="bbox 504 2131 2104 2206">
    <p class='ocr_par' dir='ltr' id='par_1_35' title="bbox 504 2131 2104 2206">
     <span class='ocr_line' id='line_1_35' title="bbox 504 2131 2104 2206; baseline 0.004 -21"><span class='ocrx_word' id='word_1_290' title='bbox 504 2131 735 2187; x_wconf 86' lang='lat' dir='ltr'><strong>viderant</strong></span> <span class='ocrx_word' id='word_1_291' title='bbox 754 2136 915 2206; x_wconf 68' lang='lat' dir='ltr'><strong>juxta</strong></span> <span class='ocrx_word' id='word_1_292' title='bbox 956 2135 1175 2205; x_wconf 83' lang='lat' dir='ltr'><strong>ﬂuvium</strong></span> <span class='ocrx_word' id='word_1_293' title='bbox 1221 2134 1445 2202; x_wconf 86' lang='lat' dir='ltr'><strong>Chobar,</strong></span> <span class='ocrx_word' id='word_1_294' title='bbox 1486 2147 1532 2191; x_wconf 91' lang='lat' dir='ltr'><strong>et</strong></span> <span class='ocrx_word' id='word_1_295' title='bbox 1574 2138 1795 2192; x_wconf 85' lang='lat' dir='ltr'><strong>intuitus</strong></span> <span class='ocrx_word' id='word_1_296' title='bbox 1836 2155 2013 2192; x_wconf 85' lang='lat' dir='ltr'><strong>eorum</strong></span> <span class='ocrx_word' id='word_1_297' title='bbox 2058 2149 2104 2193; x_wconf 86' lang='lat' dir='ltr'><strong>et</strong></span> 
     </span>
    </p>
   </div>
   <div class='ocr_carea' id='block_1_36' title="bbox 503 2224 2103 2305">
    <p class='ocr_par' dir='ltr' id='par_1_36' title="bbox 503 2224 2103 2305">
     <span class='ocr_line' id='line_1_36' title="bbox 503 2224 2103 2305; baseline 0.004 -26"><span class='ocrx_word' id='word_1_298' title='bbox 503 2224 726 2295; x_wconf 83' lang='lat' dir='ltr'><strong>impetus</strong></span> <span class='ocrx_word' id='word_1_299' title='bbox 757 2225 1078 2299; x_wconf 86' lang='lat' dir='ltr'><strong>singulorum</strong></span> <span class='ocrx_word' id='word_1_300' title='bbox 1110 2238 1229 2283; x_wconf 88' lang='lat' dir='ltr'><strong>ante</strong></span> <span class='ocrx_word' id='word_1_301' title='bbox 1258 2230 1445 2301; x_wconf 76' lang='lat' dir='ltr'><strong>facient</strong></span> <span class='ocrx_word' id='word_1_302' title='bbox 1486 2247 1634 2285; x_wconf 90' lang='lat' dir='ltr'><strong>suam</strong></span> <span class='ocrx_word' id='word_1_303' title='bbox 1664 2232 1890 2305; x_wconf 86' lang='lat' dir='ltr'><strong>ingredi.</strong></span> <span class='ocrx_word' id='word_1_304' title='bbox 1919 2232 2103 2288; x_wconf 80' lang='lat' dir='ltr'><strong>Gloria</strong></span> 
     </span>
    </p>
   </div>
   <div class='ocr_carea' id='block_1_37' title="bbox 508 2315 2101 2396">
    <p class='ocr_par' dir='ltr' id='par_1_37' title="bbox 508 2315 2101 2396">
     <span class='ocr_line' id='line_1_37' title="bbox 508 2315 2101 2396; baseline 0.007 -26"><span class='ocrx_word' id='word_1_305' title='bbox 508 2315 744 2384; x_wconf 88' lang='lat' dir='ltr'><strong>Domini,</strong></span> <span class='ocrx_word' id='word_1_306' title='bbox 771 2318 887 2375; x_wconf 87' lang='lat' dir='ltr'><strong>sive</strong></span> <span class='ocrx_word' id='word_1_307' title='bbox 910 2324 1186 2392; x_wconf 74' lang='lat' dir='ltr'><strong>maiestas,</strong></span> <span class='ocrx_word' id='word_1_308' title='bbox 1210 2338 1331 2393; x_wconf 73' lang='lat' dir='ltr'><strong>qua:</strong></span> <span class='ocrx_word' id='word_1_309' title='bbox 1352 2331 1584 2379; x_wconf 86' lang='lat' dir='ltr'><strong>steterat</strong></span> <span class='ocrx_word' id='word_1_310' title='bbox 1605 2323 1660 2379; x_wconf 93' lang='lat' dir='ltr'><strong>in</strong></span> <span class='ocrx_word' id='word_1_311' title='bbox 1677 2326 1867 2396; x_wconf 87' lang='lat' dir='ltr'><strong>templi</strong></span> <span class='ocrx_word' id='word_1_312' title='bbox 1892 2325 2101 2393; x_wconf 89' lang='lat' dir='ltr'><strong>limine,</strong></span> 
     </span>
    </p>
   </div>
   <div class='ocr_carea' id='block_1_38' title="bbox 507 2406 2102 2490">
    <p class='ocr_par' dir='ltr' id='par_1_38' title="bbox 507 2406 2102 2490">
     <span class='ocr_line' id='line_1_38' title="bbox 507 2406 2102 2490; baseline 0.008 -27"><span class='ocrx_word' id='word_1_313' title='bbox 507 2406 659 2465; x_wconf 83' lang='lat' dir='ltr'><strong>stetit</strong></span> <span class='ocrx_word' id='word_1_314' title='bbox 684 2425 850 2482; x_wconf 87' lang='lat' dir='ltr'><strong>super</strong></span> <span class='ocrx_word' id='word_1_315' title='bbox 877 2410 1196 2470; x_wconf 88' lang='lat' dir='ltr'><strong>Cherubim.</strong></span> <span class='ocrx_word' id='word_1_316' title='bbox 1223 2414 1327 2484; x_wconf 91' lang='lat' dir='ltr'><strong>Qui</strong></span> <span class='ocrx_word' id='word_1_317' title='bbox 1359 2416 1637 2473; x_wconf 91' lang='lat' dir='ltr'><strong>elevantes</strong></span> <span class='ocrx_word' id='word_1_318' title='bbox 1668 2416 1792 2490; x_wconf 79' lang='grc' dir='ltr'><strong>[ΑΙ.</strong></span> <span class='ocrx_word' id='word_1_319' title='bbox 1823 2420 1956 2487; x_wconf 62' lang='lat' dir='ltr'><strong>Quae</strong></span> <span class='ocrx_word' id='word_1_320' title='bbox 1986 2419 2102 2475; x_wconf 76' lang='lat' dir='ltr'><strong>ele-</strong></span> 
     </span>
    </p>
   </div>
   <div class='ocr_carea' id='block_1_39' title="bbox 508 2504 2100 2582">
    <p class='ocr_par' dir='ltr' id='par_1_39' title="bbox 508 2504 2100 2582">
     <span class='ocr_line' id='line_1_39' title="bbox 508 2504 2100 2582; baseline 0.007 -26"><span class='ocrx_word' id='word_1_321' title='bbox 508 2504 696 2558; x_wconf 80' lang='lat' dir='ltr'><strong>vantia</strong></span> <span class='ocrx_word' id='word_1_322' title='bbox 733 2514 783 2559; x_wconf 88' lang='lat' dir='ltr'><strong>et</strong></span> <span class='ocrx_word' id='word_1_323' title='bbox 832 2505 1116 2580; x_wconf 76' lang='lat' dir='ltr'><strong>exaltata]</strong></span> <span class='ocrx_word' id='word_1_324' title='bbox 1154 2508 1268 2562; x_wconf 87' lang='lat' dir='ltr'><strong>alas</strong></span> <span class='ocrx_word' id='word_1_325' title='bbox 1314 2524 1466 2577; x_wconf 90' lang='lat' dir='ltr'><strong>suas,</strong></span> <span class='ocrx_word' id='word_1_326' title='bbox 1509 2510 1776 2582; x_wconf 83' lang='lat' dir='ltr'><strong>pr0pheta</strong></span> <span class='ocrx_word' id='word_1_327' title='bbox 1820 2522 2100 2580; x_wconf 88' lang='lat' dir='ltr'><strong>cernente,</strong></span> 
     </span>
    </p>
   </div>
   <div class='ocr_carea' id='block_1_40' title="bbox 508 2596 2102 2675">
    <p class='ocr_par' dir='ltr' id='par_1_40' title="bbox 508 2596 2102 2675">
     <span class='ocr_line' id='line_1_40' title="bbox 508 2596 2102 2675; baseline 0.006 -22"><span class='ocrx_word' id='word_1_328' title='bbox 508 2596 737 2653; x_wconf 82' lang='lat' dir='ltr'><strong>cxaltati</strong></span> <span class='ocrx_word' id='word_1_329' title='bbox 765 2609 913 2668; x_wconf 87' lang='lat' dir='ltr'><strong>sunt,</strong></span> <span class='ocrx_word' id='word_1_330' title='bbox 943 2600 1082 2655; x_wconf 88' lang='lat' dir='ltr'><strong>rotis</strong></span> <span class='ocrx_word' id='word_1_331' title='bbox 1115 2602 1322 2671; x_wconf 87' lang='lat' dir='ltr'><strong>pariter</strong></span> <span class='ocrx_word' id='word_1_332' title='bbox 1350 2605 1725 2675; x_wconf 74' lang='lat' dir='ltr'><strong>sequentibus,</strong></span> <span class='ocrx_word' id='word_1_333' title='bbox 1768 2615 1824 2661; x_wconf 88' lang='lat' dir='ltr'><strong>et</strong></span> <span class='ocrx_word' id='word_1_334' title='bbox 1858 2608 2009 2662; x_wconf 88' lang='lat' dir='ltr'><strong>stetit</strong></span> <span class='ocrx_word' id='word_1_335' title='bbox 2049 2607 2102 2662; x_wconf 91' lang='lat' dir='ltr'><strong>in</strong></span> 
     </span>
    </p>
   </div>
   <div class='ocr_carea' id='block_1_41' title="bbox 506 2689 2106 2770">
    <p class='ocr_par' dir='ltr' id='par_1_41' title="bbox 506 2689 2106 2770">
     <span class='ocr_line' id='line_1_41' title="bbox 506 2689 2106 2770; baseline 0.007 -26"><span class='ocrx_word' id='word_1_336' title='bbox 506 2689 738 2746; x_wconf 88' lang='lat' dir='ltr'><strong>introitu</strong></span> <span class='ocrx_word' id='word_1_337' title='bbox 769 2700 943 2762; x_wconf 71' lang='lat' dir='ltr'><strong>porta:</strong></span> <span class='ocrx_word' id='word_1_338' title='bbox 973 2693 1168 2748; x_wconf 91' lang='lat' dir='ltr'><strong>domus</strong></span> <span class='ocrx_word' id='word_1_339' title='bbox 1216 2696 1427 2751; x_wconf 87' lang='lat' dir='ltr'><strong>Domini</strong></span> <span class='ocrx_word' id='word_1_340' title='bbox 1460 2696 1778 2768; x_wconf 86' lang='lat' dir='ltr'><strong>Orientalis,</strong></span> <span class='ocrx_word' id='word_1_341' title='bbox 1814 2701 2106 2770; x_wconf 89' lang='lat' dir='ltr'><strong>paulatim-</strong></span> 
     </span>
    </p>
   </div>
   <div class='ocr_carea' id='block_1_42' title="bbox 506 2785 2101 2859">
    <p class='ocr_par' dir='ltr' id='par_1_42' title="bbox 506 2785 2101 2859">
     <span class='ocr_line' id='line_1_42' title="bbox 506 2785 2101 2859; baseline 0.007 -22"><span class='ocrx_word' id='word_1_342' title='bbox 506 2796 613 2853; x_wconf 90' lang='lat' dir='ltr'><strong>que</strong></span> <span class='ocrx_word' id='word_1_343' title='bbox 654 2785 928 2853; x_wconf 88' lang='lat' dir='ltr'><strong>proteetio</strong></span> <span class='ocrx_word' id='word_1_344' title='bbox 974 2785 1069 2841; x_wconf 87' lang='lat' dir='ltr'><strong>Dei</strong></span> <span class='ocrx_word' id='word_1_345' title='bbox 1103 2786 1322 2859; x_wconf 88' lang='lat' dir='ltr'><strong>reliquit</strong></span> <span class='ocrx_word' id='word_1_346' title='bbox 1372 2788 1561 2845; x_wconf 82' lang='lat' dir='ltr'><strong>Israel.</strong></span> <span class='ocrx_word' id='word_1_347' title='bbox 1615 2792 1857 2847; x_wconf 82' lang='lat' dir='ltr'><strong>Primum</strong></span> <span class='ocrx_word' id='word_1_348' title='bbox 1908 2793 2008 2848; x_wconf 84' lang='lat' dir='ltr'><strong>fuit</strong></span> <span class='ocrx_word' id='word_1_349' title='bbox 2050 2796 2101 2848; x_wconf 90' lang='lat' dir='ltr'><strong>in</strong></span> 
     </span>
    </p>
   </div>
   <div class='ocr_carea' id='block_1_43' title="bbox 502 2873 2099 2953">
    <p class='ocr_par' dir='ltr' id='par_1_43' title="bbox 502 2873 2099 2953">
     <span class='ocr_line' id='line_1_43' title="bbox 502 2873 2099 2953; baseline 0.008 -26"><span class='ocrx_word' id='word_1_350' title='bbox 502 2873 735 2945; x_wconf 87' lang='lat' dir='ltr'><strong>templo,</strong></span> <span class='ocrx_word' id='word_1_351' title='bbox 783 2874 983 2932; x_wconf 90' lang='lat' dir='ltr'><strong>deinde</strong></span> <span class='ocrx_word' id='word_1_352' title='bbox 1013 2879 1167 2934; x_wconf 84' lang='lat' dir='ltr'><strong>stetit</strong></span> <span class='ocrx_word' id='word_1_353' title='bbox 1211 2878 1264 2933; x_wconf 91' lang='lat' dir='ltr'><strong>in</strong></span> <span class='ocrx_word' id='word_1_354' title='bbox 1311 2881 1455 2935; x_wconf 90' lang='lat' dir='ltr'><strong>atrio</strong></span> <span class='ocrx_word' id='word_1_355' title='bbox 1496 2883 1687 2953; x_wconf 88' lang='lat' dir='ltr'><strong>templi</strong></span> <span class='ocrx_word' id='word_1_356' title='bbox 1718 2885 1832 2940; x_wconf 87' lang='lat' dir='ltr'><strong>sive</strong></span> <span class='ocrx_word' id='word_1_357' title='bbox 1871 2886 2099 2941; x_wconf 90' lang='lat' dir='ltr'><strong>limine:</strong></span> 
     </span>
    </p>
   </div>
   <div class='ocr_carea' id='block_1_44' title="bbox 500 2966 2105 3047">
    <p class='ocr_par' dir='ltr' id='par_1_44' title="bbox 500 2966 2105 3047">
     <span class='ocr_line' id='line_1_44' title="bbox 500 2966 2105 3047; baseline 0.008 -27"><span class='ocrx_word' id='word_1_358' title='bbox 500 2980 607 3037; x_wconf 88' lang='lat' dir='ltr'><strong>qua</strong></span> <span class='ocrx_word' id='word_1_359' title='bbox 653 2966 953 3024; x_wconf 88' lang='lat' dir='ltr'><strong>recedente</strong></span> <span class='ocrx_word' id='word_1_360' title='bbox 984 2968 1055 3025; x_wconf 91' lang='lat' dir='ltr'><strong>de</strong></span> <span class='ocrx_word' id='word_1_361' title='bbox 1086 2972 1308 3042; x_wconf 88' lang='lat' dir='ltr'><strong>templo,</strong></span> <span class='ocrx_word' id='word_1_362' title='bbox 1341 2974 1511 3029; x_wconf 88' lang='lat' dir='ltr'><strong>nubes</strong></span> <span class='ocrx_word' id='word_1_363' title='bbox 1548 2986 1602 3030; x_wconf 90' lang='lat' dir='ltr'><strong>et</strong></span> <span class='ocrx_word' id='word_1_364' title='bbox 1645 2976 1824 3046; x_wconf 85' lang='lat' dir='ltr'><strong>caligo</strong></span> <span class='ocrx_word' id='word_1_365' title='bbox 1853 2978 2105 3047; x_wconf 74' lang='lat' dir='ltr'><strong>implevit</strong></span> 
     </span>
    </p>
   </div>
   <div class='ocr_carea' id='block_1_45' title="bbox 500 3059 2101 3140">
    <p class='ocr_par' dir='ltr' id='par_1_45' title="bbox 500 3059 2101 3140">
     <span class='ocr_line' id='line_1_45' title="bbox 500 3059 2101 3140; baseline 0.009 -27"><span class='ocrx_word' id='word_1_366' title='bbox 500 3059 692 3130; x_wconf 87' lang='lat' dir='ltr'><strong>templi</strong></span> <span class='ocrx_word' id='word_1_367' title='bbox 736 3061 1064 3131; x_wconf 84' lang='lat' dir='ltr'><strong>penetralia.</strong></span> <span class='ocrx_word' id='word_1_368' title='bbox 1108 3064 1451 3138; x_wconf 81' lang='lat' dir='ltr'><strong>Rursumque</strong></span> <span class='ocrx_word' id='word_1_369' title='bbox 1484 3067 1604 3138; x_wconf 89' lang='lat' dir='ltr'><strong>ipsa</strong></span> <span class='ocrx_word' id='word_1_370' title='bbox 1639 3071 1811 3140; x_wconf 82' lang='lat' dir='ltr'><strong>gloria</strong></span> <span class='ocrx_word' id='word_1_371' title='bbox 1840 3072 1981 3129; x_wconf 88' lang='lat' dir='ltr'><strong>sedit</strong></span> <span class='ocrx_word' id='word_1_372' title='bbox 2007 3090 2101 3128; x_wconf 83' lang='lat' dir='ltr'><strong>sn-</strong></span> 
     </span>
    </p>
   </div>
   <div class='ocr_carea' id='block_1_46' title="bbox 2210 1834 3819 1909">
    <p class='ocr_par' dir='ltr' id='par_1_46' title="bbox 2210 1834 3819 1909">
     <span class='ocr_line' id='line_1_46' title="bbox 2210 1834 3819 1909; baseline -0.002 -14"><span class='ocrx_word' id='word_1_373' title='bbox 2210 1842 2375 1909; x_wconf 87' lang='lat' dir='ltr'><strong>mini,</strong></span> <span class='ocrx_word' id='word_1_374' title='bbox 2403 1850 2452 1893; x_wconf 91' lang='lat' dir='ltr'><strong>et</strong></span> <span class='ocrx_word' id='word_1_375' title='bbox 2482 1840 2614 1894; x_wconf 67' lang='lat' dir='ltr'><strong>dixit</strong></span> <span class='ocrx_word' id='word_1_376' title='bbox 2640 1840 2709 1893; x_wconf 90' lang='lat' dir='ltr'><strong>ad</strong></span> <span class='ocrx_word' id='word_1_377' title='bbox 2736 1856 2851 1905; x_wconf 90' lang='lat' dir='ltr'><strong>me,</strong></span> <span class='ocrx_word' id='word_1_378' title='bbox 2885 1839 3133 1909; x_wconf 87' lang='lat' dir='ltr'><strong>loquere:</strong></span> <span class='ocrx_word' id='word_1_379' title='bbox 3169 1836 3298 1892; x_wconf 80' lang='grc' dir='ltr'><strong>Ηωο</strong></span> <span class='ocrx_word' id='word_1_380' title='bbox 3342 1836 3462 1890; x_wconf 85' lang='lat' dir='ltr'><strong>dicit</strong></span> <span class='ocrx_word' id='word_1_381' title='bbox 3509 1834 3770 1891; x_wconf 79' lang='lat' dir='ltr'><strong>Dominus</strong></span> <span class='ocrx_word' id='word_1_382' title='bbox 3795 1850 3819 1890; x_wconf 89' lang='lat'><strong><em>:</em></strong></span> 
     </span>
    </p>
   </div>
   <div class='ocr_carea' id='block_1_47' title="bbox 2148 1930 3823 2002">
    <p class='ocr_par' dir='ltr' id='par_1_47' title="bbox 2148 1930 3823 2002">
     <span class='ocr_line' id='line_1_47' title="bbox 2148 1930 3823 2002; baseline -0.005 -11"><span class='ocrx_word' id='word_1_383' title='bbox 2148 1937 2172 1947; x_wconf 74' lang='grc'><em>”</em></span> <span class='ocrx_word' id='word_1_384' title='bbox 2210 1935 2302 1991; x_wconf 88' lang='lat' dir='ltr'><strong>Sic</strong></span> <span class='ocrx_word' id='word_1_385' title='bbox 2330 1933 2487 1989; x_wconf 89' lang='lat' dir='ltr'><strong>locuti</strong></span> <span class='ocrx_word' id='word_1_386' title='bbox 2509 1934 2629 1989; x_wconf 83' lang='lat' dir='ltr'><strong>estis</strong></span> <span class='ocrx_word' id='word_1_387' title='bbox 2651 1934 2837 1987; x_wconf 89' lang='lat' dir='ltr'><strong>domus</strong></span> <span class='ocrx_word' id='word_1_388' title='bbox 2859 1930 3030 1987; x_wconf 88' lang='lat' dir='ltr'><strong>Israel</strong></span> <span class='ocrx_word' id='word_1_389' title='bbox 3052 1973 3067 1996; x_wconf 92' lang='lat'><strong>,</strong></span> <span class='ocrx_word' id='word_1_390' title='bbox 3095 1941 3139 1986; x_wconf 91' lang='lat' dir='ltr'><strong>et</strong></span> <span class='ocrx_word' id='word_1_391' title='bbox 3161 1930 3500 2002; x_wconf 85' lang='lat' dir='ltr'><strong>cogitationes</strong></span> <span class='ocrx_word' id='word_1_392' title='bbox 3533 1930 3704 1984; x_wconf 86' lang='lat' dir='ltr'><strong>cordis</strong></span> <span class='ocrx_word' id='word_1_393' title='bbox 3731 1944 3823 1983; x_wconf 80' lang='lat' dir='ltr'><strong>ve-</strong></span> 
     </span>
    </p>
   </div>
   <div class='ocr_carea' id='block_1_48' title="bbox 2207 2024 3822 2102">
    <p class='ocr_par' dir='ltr' id='par_1_48' title="bbox 2207 2024 3822 2102">
     <span class='ocr_line' id='line_1_48' title="bbox 2207 2024 3822 2102; baseline -0.003 -19"><span class='ocrx_word' id='word_1_394' title='bbox 2207 2031 2303 2084; x_wconf 88' lang='lat' dir='ltr'><strong>stri</strong></span> <span class='ocrx_word' id='word_1_395' title='bbox 2344 2044 2437 2102; x_wconf 84' lang='lat' dir='ltr'><strong>ego</strong></span> <span class='ocrx_word' id='word_1_396' title='bbox 2459 2029 2597 2083; x_wconf 88' lang='lat' dir='ltr'><strong>novi.</strong></span> <span class='ocrx_word' id='word_1_397' title='bbox 2632 2025 2901 2081; x_wconf 87' lang='lat' dir='ltr'><strong>Plurimos</strong></span> <span class='ocrx_word' id='word_1_398' title='bbox 2926 2026 3190 2081; x_wconf 87' lang='lat' dir='ltr'><strong>occidistis</strong></span> <span class='ocrx_word' id='word_1_399' title='bbox 3218 2026 3272 2080; x_wconf 85' lang='lat' dir='ltr'><strong>in</strong></span> <span class='ocrx_word' id='word_1_400' title='bbox 3303 2025 3429 2080; x_wconf 87' lang='lat' dir='ltr'><strong>urbe</strong></span> <span class='ocrx_word' id='word_1_401' title='bbox 3459 2025 3556 2079; x_wconf 87' lang='lat' dir='ltr'><strong>hac</strong></span> <span class='ocrx_word' id='word_1_402' title='bbox 3580 2065 3596 2091; x_wconf 88' lang='lat'><strong>,</strong></span> <span class='ocrx_word' id='word_1_403' title='bbox 3638 2034 3685 2079; x_wconf 91' lang='lat' dir='ltr'><strong>et</strong></span> <span class='ocrx_word' id='word_1_404' title='bbox 3717 2024 3822 2078; x_wconf 85' lang='lat' dir='ltr'><strong>int-</strong></span> 
     </span>
    </p>
   </div>
   <div class='ocr_carea' id='block_1_49' title="bbox 2207 2119 3820 2196">
    <p class='ocr_par' dir='ltr' id='par_1_49' title="bbox 2207 2119 3820 2196">
     <span class='ocr_line' id='line_1_49' title="bbox 2207 2119 3820 2196; baseline -0.001 -19"><span class='ocrx_word' id='word_1_405' title='bbox 2207 2124 2383 2196; x_wconf 87' lang='lat' dir='ltr'><strong>plestis</strong></span> <span class='ocrx_word' id='word_1_406' title='bbox 2410 2125 2517 2177; x_wconf 79' lang='lat' dir='ltr'><strong>vias</strong></span> <span class='ocrx_word' id='word_1_407' title='bbox 2548 2126 2663 2195; x_wconf 90' lang='lat' dir='ltr'><strong>ejus</strong></span> <span class='ocrx_word' id='word_1_408' title='bbox 2685 2122 2987 2193; x_wconf 75' lang='lat' dir='ltr'><strong>interfectis.</strong></span> <span class='ocrx_word' id='word_1_409' title='bbox 3019 2120 3311 2189; x_wconf 83' lang='lat' dir='ltr'><strong>Propterea</strong></span> <span class='ocrx_word' id='word_1_410' title='bbox 3338 2122 3450 2176; x_wconf 64' lang='lat' dir='ltr'><strong>haec</strong></span> <span class='ocrx_word' id='word_1_411' title='bbox 3471 2122 3595 2175; x_wconf 87' lang='lat' dir='ltr'><strong>dicit</strong></span> <span class='ocrx_word' id='word_1_412' title='bbox 3627 2119 3820 2175; x_wconf 85' lang='lat' dir='ltr'><strong>Domi-</strong></span> 
     </span>
    </p>
   </div>
   <div class='ocr_carea' id='block_1_50' title="bbox 2209 2215 3817 2288">
    <p class='ocr_par' dir='ltr' id='par_1_50' title="bbox 2209 2215 3817 2288">
     <span class='ocr_line' id='line_1_50' title="bbox 2209 2215 3817 2288; baseline -0.002 -15"><span class='ocrx_word' id='word_1_413' title='bbox 2209 2236 2303 2273; x_wconf 89' lang='lat' dir='ltr'><strong>nus</strong></span> <span class='ocrx_word' id='word_1_414' title='bbox 2344 2215 2526 2273; x_wconf 90' lang='lat' dir='ltr'><strong>Deus:</strong></span> <span class='ocrx_word' id='word_1_415' title='bbox 2556 2216 2824 2288; x_wconf 77' lang='lat' dir='ltr'><strong>lnterfecti</strong></span> <span class='ocrx_word' id='word_1_416' title='bbox 2848 2217 2999 2271; x_wconf 82' lang='lat' dir='ltr'><strong>vestri</strong></span> <span class='ocrx_word' id='word_1_417' title='bbox 3026 2261 3039 2284; x_wconf 93' lang='lat'><strong>,</strong></span> <span class='ocrx_word' id='word_1_418' title='bbox 3070 2231 3197 2287; x_wconf 86' lang='lat' dir='ltr'><strong>quos</strong></span> <span class='ocrx_word' id='word_1_419' title='bbox 3246 2215 3493 2286; x_wconf 83' lang='lat' dir='ltr'><strong>posuistis</strong></span> <span class='ocrx_word' id='word_1_420' title='bbox 3532 2216 3585 2269; x_wconf 90' lang='lat' dir='ltr'><strong>in</strong></span> <span class='ocrx_word' id='word_1_421' title='bbox 3637 2216 3817 2269; x_wconf 89' lang='lat' dir='ltr'><strong>medio</strong></span> 
     </span>
    </p>
   </div>
   <div class='ocr_carea' id='block_1_51' title="bbox 2206 2309 3811 2387">
    <p class='ocr_par' dir='ltr' id='par_1_51' title="bbox 2206 2309 3811 2387">
     <span class='ocr_line' id='line_1_51' title="bbox 2206 2309 3811 2387; baseline -0.001 -21"><span class='ocrx_word' id='word_1_422' title='bbox 2206 2316 2342 2387; x_wconf 88' lang='lat' dir='ltr'><strong>ejus,</strong></span> <span class='ocrx_word' id='word_1_423' title='bbox 2369 2314 2421 2367; x_wconf 87' lang='lat' dir='ltr'><strong>hi</strong></span> <span class='ocrx_word' id='word_1_424' title='bbox 2451 2322 2566 2367; x_wconf 89' lang='lat' dir='ltr'><strong>sunt</strong></span> <span class='ocrx_word' id='word_1_425' title='bbox 2597 2328 2801 2378; x_wconf 85' lang='lat' dir='ltr'><strong>carnes,</strong></span> <span class='ocrx_word' id='word_1_426' title='bbox 2827 2321 2875 2367; x_wconf 89' lang='lat' dir='ltr'><strong>et</strong></span> <span class='ocrx_word' id='word_1_427' title='bbox 2899 2309 3009 2365; x_wconf 80' lang='lat' dir='ltr'><strong>hcec</strong></span> <span class='ocrx_word' id='word_1_428' title='bbox 3034 2319 3109 2364; x_wconf 91' lang='lat' dir='ltr'><strong>est</strong></span> <span class='ocrx_word' id='word_1_429' title='bbox 3132 2311 3291 2377; x_wconf 88' lang='lat' dir='ltr'><strong>lebes,</strong></span> <span class='ocrx_word' id='word_1_430' title='bbox 3309 2319 3354 2369; x_wconf 86' lang='lat' dir='ltr'><strong>et</strong></span> <span class='ocrx_word' id='word_1_431' title='bbox 3383 2310 3603 2364; x_wconf 89' lang='lat' dir='ltr'><strong>educam</strong></span> <span class='ocrx_word' id='word_1_432' title='bbox 3630 2325 3719 2364; x_wconf 85' lang='lat' dir='ltr'><strong>vos</strong></span> <span class='ocrx_word' id='word_1_433' title='bbox 3742 2310 3811 2365; x_wconf 84' lang='lat' dir='ltr'><strong>da</strong></span> 
     </span>
    </p>
   </div>
   <div class='ocr_carea' id='block_1_52' title="bbox 2205 2404 3819 2479">
    <p class='ocr_par' dir='ltr' id='par_1_52' title="bbox 2205 2404 3819 2479">
     <span class='ocr_line' id='line_1_52' title="bbox 2205 2404 3819 2479; baseline -0.003 -17"><span class='ocrx_word' id='word_1_434' title='bbox 2205 2409 2375 2462; x_wconf 90' lang='lat' dir='ltr'><strong>medio</strong></span> <span class='ocrx_word' id='word_1_435' title='bbox 2419 2408 2533 2479; x_wconf 87' lang='lat' dir='ltr'><strong>ejus</strong></span> <span class='ocrx_word' id='word_1_436' title='bbox 2560 2448 2572 2460; x_wconf 96' lang='lat'><strong>.</strong></span> <span class='ocrx_word' id='word_1_437' title='bbox 2601 2405 2851 2461; x_wconf 82' lang='lat' dir='ltr'><strong>Gladium</strong></span> <span class='ocrx_word' id='word_1_438' title='bbox 2889 2406 3144 2460; x_wconf 88' lang='lat' dir='ltr'><strong>metuistis</strong></span> <span class='ocrx_word' id='word_1_439' title='bbox 3168 2446 3183 2473; x_wconf 89' lang='lat'><strong>,</strong></span> <span class='ocrx_word' id='word_1_440' title='bbox 3213 2415 3263 2460; x_wconf 92' lang='lat' dir='ltr'><strong>et</strong></span> <span class='ocrx_word' id='word_1_441' title='bbox 3287 2404 3522 2478; x_wconf 79' lang='lat' dir='ltr'><strong>gladium</strong></span> <span class='ocrx_word' id='word_1_442' title='bbox 3566 2404 3819 2459; x_wconf 87' lang='lat' dir='ltr'><strong>inducam</strong></span> 
     </span>
    </p>
   </div>
   <div class='ocr_carea' id='block_1_53' title="bbox 2206 2499 3819 2574">
    <p class='ocr_par' dir='ltr' id='par_1_53' title="bbox 2206 2499 3819 2574">
     <span class='ocr_line' id='line_1_53' title="bbox 2206 2499 3819 2574; baseline -0.004 -16"><span class='ocrx_word' id='word_1_443' title='bbox 2206 2520 2364 2574; x_wconf 87' lang='lat' dir='ltr'><strong>super</strong></span> <span class='ocrx_word' id='word_1_444' title='bbox 2395 2519 2482 2557; x_wconf 87' lang='lat' dir='ltr'><strong>vos</strong></span> <span class='ocrx_word' id='word_1_445' title='bbox 2507 2543 2521 2569; x_wconf 90' lang='lat'><strong>,</strong></span> <span class='ocrx_word' id='word_1_446' title='bbox 2548 2502 2621 2556; x_wconf 89' lang='lat' dir='ltr'><strong>ait</strong></span> <span class='ocrx_word' id='word_1_447' title='bbox 2645 2501 2904 2556; x_wconf 89' lang='lat' dir='ltr'><strong>Dominus</strong></span> <span class='ocrx_word' id='word_1_448' title='bbox 2922 2500 3060 2556; x_wconf 89' lang='lat' dir='ltr'><strong>Deus</strong></span> <span class='ocrx_word' id='word_1_449' title='bbox 3080 2542 3097 2568; x_wconf 90' lang='lat'><strong>,</strong></span> <span class='ocrx_word' id='word_1_450' title='bbox 3127 2510 3173 2554; x_wconf 88' lang='lat' dir='ltr'><strong>et</strong></span> <span class='ocrx_word' id='word_1_451' title='bbox 3202 2502 3410 2568; x_wconf 78' lang='lat' dir='ltr'><strong>eiiciam</strong></span> <span class='ocrx_word' id='word_1_452' title='bbox 3434 2516 3522 2554; x_wconf 83' lang='lat' dir='ltr'><strong>vos</strong></span> <span class='ocrx_word' id='word_1_453' title='bbox 3553 2499 3618 2553; x_wconf 90' lang='lat' dir='ltr'><strong>de</strong></span> <span class='ocrx_word' id='word_1_454' title='bbox 3641 2499 3819 2553; x_wconf 87' lang='lat' dir='ltr'><strong>medio</strong></span> 
     </span>
    </p>
   </div>
   <div class='ocr_carea' id='block_1_54' title="bbox 2205 2592 3819 2669">
    <p class='ocr_par' dir='ltr' id='par_1_54' title="bbox 2205 2592 3819 2669">
     <span class='ocr_line' id='line_1_54' title="bbox 2205 2592 3819 2669; baseline -0.004 -16"><span class='ocrx_word' id='word_1_455' title='bbox 2205 2601 2321 2669; x_wconf 89' lang='lat' dir='ltr'><strong>ejus</strong></span> <span class='ocrx_word' id='word_1_456' title='bbox 2348 2613 2366 2651; x_wconf 93' lang='lat'><strong><em>:</em></strong></span> <span class='ocrx_word' id='word_1_457' title='bbox 2394 2598 2629 2667; x_wconf 90' lang='lat' dir='ltr'><strong>daboque</strong></span> <span class='ocrx_word' id='word_1_458' title='bbox 2651 2611 2738 2650; x_wconf 81' lang='lat' dir='ltr'><strong>vos</strong></span> <span class='ocrx_word' id='word_1_459' title='bbox 2762 2596 2814 2649; x_wconf 89' lang='lat' dir='ltr'><strong>in</strong></span> <span class='ocrx_word' id='word_1_460' title='bbox 2836 2612 2995 2649; x_wconf 86' lang='lat' dir='ltr'><strong>manu</strong></span> <span class='ocrx_word' id='word_1_461' title='bbox 3018 2595 3270 2660; x_wconf 85' lang='lat' dir='ltr'><strong>hostium,</strong></span> <span class='ocrx_word' id='word_1_462' title='bbox 3293 2602 3342 2647; x_wconf 88' lang='lat' dir='ltr'><strong>et</strong></span> <span class='ocrx_word' id='word_1_463' title='bbox 3369 2593 3560 2663; x_wconf 79' lang='lat' dir='ltr'><strong>faciam</strong></span> <span class='ocrx_word' id='word_1_464' title='bbox 3586 2592 3639 2646; x_wconf 88' lang='lat' dir='ltr'><strong>in</strong></span> <span class='ocrx_word' id='word_1_465' title='bbox 3670 2592 3819 2646; x_wconf 85' lang='lat' dir='ltr'><strong>vobis</strong></span> 
     </span>
    </p>
   </div>
   <div class='ocr_carea' id='block_1_55' title="bbox 2198 2683 3813 2764">
    <p class='ocr_par' dir='ltr' id='par_1_55' title="bbox 2198 2683 3813 2764">
     <span class='ocr_line' id='line_1_55' title="bbox 2198 2683 3813 2764; baseline -0.004 -19"><span class='ocrx_word' id='word_1_466' title='bbox 2198 2690 2424 2764; x_wconf 87' lang='lat' dir='ltr'><strong>judicia.</strong></span> <span class='ocrx_word' id='word_1_467' title='bbox 2460 2683 2649 2743; x_wconf 79' lang='lat' dir='ltr'><strong>Gladio</strong></span> <span class='ocrx_word' id='word_1_468' title='bbox 2679 2688 2873 2742; x_wconf 84' lang='lat' dir='ltr'><strong>cadetis</strong></span> <span class='ocrx_word' id='word_1_469' title='bbox 2896 2704 2912 2741; x_wconf 89' lang='lat'><strong><em>:</em></strong></span> <span class='ocrx_word' id='word_1_470' title='bbox 2936 2689 2989 2741; x_wconf 88' lang='lat' dir='ltr'><strong>in</strong></span> <span class='ocrx_word' id='word_1_471' title='bbox 3008 2685 3198 2756; x_wconf 87' lang='lat' dir='ltr'><strong>ﬁnibus</strong></span> <span class='ocrx_word' id='word_1_472' title='bbox 3224 2685 3394 2741; x_wconf 88' lang='lat' dir='ltr'><strong>Israel</strong></span> <span class='ocrx_word' id='word_1_473' title='bbox 3410 2685 3666 2758; x_wconf 88' lang='lat' dir='ltr'><strong>judicabo</strong></span> <span class='ocrx_word' id='word_1_474' title='bbox 3699 2700 3813 2754; x_wconf 82' lang='lat' dir='ltr'><strong>vos,</strong></span> 
     </span>
    </p>
   </div>
   <div class='ocr_carea' id='block_1_56' title="bbox 2207 2780 3817 2857">
    <p class='ocr_par' dir='ltr' id='par_1_56' title="bbox 2207 2780 3817 2857">
     <span class='ocr_line' id='line_1_56' title="bbox 2207 2780 3817 2857; baseline -0.006 -16"><span class='ocrx_word' id='word_1_475' title='bbox 2207 2797 2255 2842; x_wconf 91' lang='lat' dir='ltr'><strong>et</strong></span> <span class='ocrx_word' id='word_1_476' title='bbox 2276 2787 2447 2841; x_wconf 86' lang='lat' dir='ltr'><strong>scietis</strong></span> <span class='ocrx_word' id='word_1_477' title='bbox 2468 2785 2589 2855; x_wconf 84' lang='lat' dir='ltr'><strong>quia</strong></span> <span class='ocrx_word' id='word_1_478' title='bbox 2622 2784 2781 2857; x_wconf 76' lang='lat'><strong>106</strong></span> <span class='ocrx_word' id='word_1_479' title='bbox 2809 2800 2900 2854; x_wconf 82' lang='lat' dir='ltr'><strong>ego</strong></span> <span class='ocrx_word' id='word_1_480' title='bbox 2931 2782 3205 2837; x_wconf 87' lang='lat' dir='ltr'><strong>Dominus.</strong></span> <span class='ocrx_word' id='word_1_481' title='bbox 3242 2780 3370 2837; x_wconf 77' lang='lat' dir='ltr'><strong>Htec</strong></span> <span class='ocrx_word' id='word_1_482' title='bbox 3416 2798 3521 2836; x_wconf 90' lang='lat' dir='ltr'><strong>non</strong></span> <span class='ocrx_word' id='word_1_483' title='bbox 3550 2781 3646 2835; x_wconf 88' lang='lat' dir='ltr'><strong>erit</strong></span> <span class='ocrx_word' id='word_1_484' title='bbox 3668 2780 3817 2836; x_wconf 79' lang='lat' dir='ltr'><strong>vobis</strong></span> 
     </span>
    </p>
   </div>
   <div class='ocr_carea' id='block_1_57' title="bbox 2207 2877 3815 2947">
    <p class='ocr_par' dir='ltr' id='par_1_57' title="bbox 2207 2877 3815 2947">
     <span class='ocr_line' id='line_1_57' title="bbox 2207 2877 3815 2947; baseline -0.006 -11"><span class='ocrx_word' id='word_1_485' title='bbox 2207 2885 2259 2936; x_wconf 87' lang='lat' dir='ltr'><strong>in</strong></span> <span class='ocrx_word' id='word_1_486' title='bbox 2293 2882 2505 2935; x_wconf 86' lang='lat' dir='ltr'><strong>lebetem</strong></span> <span class='ocrx_word' id='word_1_487' title='bbox 2531 2922 2546 2947; x_wconf 95' lang='lat'><strong>,</strong></span> <span class='ocrx_word' id='word_1_488' title='bbox 2578 2888 2622 2933; x_wconf 90' lang='lat' dir='ltr'><strong>et</strong></span> <span class='ocrx_word' id='word_1_489' title='bbox 2650 2895 2737 2932; x_wconf 88' lang='lat' dir='ltr'><strong>vos</strong></span> <span class='ocrx_word' id='word_1_490' title='bbox 2782 2895 2886 2932; x_wconf 89' lang='lat' dir='ltr'><strong>non</strong></span> <span class='ocrx_word' id='word_1_491' title='bbox 2918 2878 3067 2932; x_wconf 89' lang='lat' dir='ltr'><strong>eritis</strong></span> <span class='ocrx_word' id='word_1_492' title='bbox 3092 2878 3145 2931; x_wconf 89' lang='lat' dir='ltr'><strong>in</strong></span> <span class='ocrx_word' id='word_1_493' title='bbox 3169 2877 3342 2931; x_wconf 86' lang='lat' dir='ltr'><strong>medio</strong></span> <span class='ocrx_word' id='word_1_494' title='bbox 3369 2877 3484 2947; x_wconf 89' lang='lat' dir='ltr'><strong>ejus</strong></span> <span class='ocrx_word' id='word_1_495' title='bbox 3510 2877 3563 2930; x_wconf 92' lang='lat' dir='ltr'><strong>in</strong></span> <span class='ocrx_word' id='word_1_496' title='bbox 3603 2891 3815 2928; x_wconf 86' lang='lat' dir='ltr'><strong>carnes.</strong></span> 
     </span>
    </p>
   </div>
   <div class='ocr_carea' id='block_1_58' title="bbox 2208 2969 3814 3046">
    <p class='ocr_par' dir='ltr' id='par_1_58' title="bbox 2208 2969 3814 3046">
     <span class='ocr_line' id='line_1_58' title="bbox 2208 2969 3814 3046; baseline -0.004 -17"><span class='ocrx_word' id='word_1_497' title='bbox 2208 2975 2273 3030; x_wconf 83' lang='lat' dir='ltr'><strong>In</strong></span> <span class='ocrx_word' id='word_1_498' title='bbox 2307 2975 2495 3046; x_wconf 90' lang='lat' dir='ltr'><strong>ﬁnibus</strong></span> <span class='ocrx_word' id='word_1_499' title='bbox 2525 2972 2693 3029; x_wconf 84' lang='lat' dir='ltr'><strong>Israel</strong></span> <span class='ocrx_word' id='word_1_500' title='bbox 2708 2972 2961 3046; x_wconf 80' lang='lat' dir='ltr'><strong>judicabo’</strong></span> <span class='ocrx_word' id='word_1_501' title='bbox 2991 2987 3078 3027; x_wconf 87' lang='lat' dir='ltr'><strong>vos</strong></span> <span class='ocrx_word' id='word_1_502' title='bbox 3105 3013 3119 3037; x_wconf 95' lang='lat'><strong>,</strong></span> <span class='ocrx_word' id='word_1_503' title='bbox 3158 2980 3205 3025; x_wconf 88' lang='lat' dir='ltr'><strong>et</strong></span> <span class='ocrx_word' id='word_1_504' title='bbox 3235 2971 3405 3025; x_wconf 86' lang='lat' dir='ltr'><strong>scietis</strong></span> <span class='ocrx_word' id='word_1_505' title='bbox 3430 2970 3553 3043; x_wconf 89' lang='lat' dir='ltr'><strong>quia</strong></span> <span class='ocrx_word' id='word_1_506' title='bbox 3579 2986 3669 3041; x_wconf 89' lang='lat' dir='ltr'><strong>ego</strong></span> <span class='ocrx_word' id='word_1_507' title='bbox 3694 2969 3814 3023; x_wconf 82' lang='lat' dir='ltr'><strong>Do-</strong></span> 
     </span>
    </p>
   </div>
   <div class='ocr_carea' id='block_1_59' title="bbox 2210 3062 3817 3137">
    <p class='ocr_par' dir='ltr' id='par_1_59' title="bbox 2210 3062 3817 3137">
     <span class='ocr_line' id='line_1_59' title="bbox 2210 3062 3817 3137; baseline -0.003 -13"><span class='ocrx_word' id='word_1_508' title='bbox 2210 3073 2401 3126; x_wconf 86' lang='lat' dir='ltr'><strong>minus.</strong></span> <span class='ocrx_word' id='word_1_509' title='bbox 2439 3078 2461 3105; x_wconf 71' lang='grc' dir='ltr'>α</span> <span class='ocrx_word' id='word_1_510' title='bbox 2491 3067 2646 3135; x_wconf 87' lang='lat' dir='ltr'><strong>Quod</strong></span> <span class='ocrx_word' id='word_1_511' title='bbox 2676 3068 2954 3137; x_wconf 82' lang='lat' dir='ltr'><strong>sequitur,</strong></span> <span class='ocrx_word' id='word_1_512' title='bbox 3000 3066 3053 3120; x_wconf 88' lang='lat' dir='ltr'><strong>in</strong></span> <span class='ocrx_word' id='word_1_513' title='bbox 3086 3065 3439 3135; x_wconf 81' lang='lat' dir='ltr'><strong>Septuaginta</strong></span> <span class='ocrx_word' id='word_1_514' title='bbox 3490 3081 3595 3118; x_wconf 78' lang='lat' dir='ltr'><strong>non</strong></span> <span class='ocrx_word' id='word_1_515' title='bbox 3641 3062 3817 3119; x_wconf 89' lang='lat' dir='ltr'><strong>habe-</strong></span> 
     </span>
    </p>
   </div>
   <div class='ocr_carea' id='block_1_60' title="bbox 501 3151 3816 3231">
    <p class='ocr_par' dir='ltr' id='par_1_60' title="bbox 501 3151 3816 3231">
     <span class='ocr_line' id='line_1_60' title="bbox 501 3151 3816 3231; baseline 0 -22"><span class='ocrx_word' id='word_1_516' title='bbox 501 3167 603 3224; x_wconf 89' lang='lat' dir='ltr'><strong>per</strong></span> <span class='ocrx_word' id='word_1_517' title='bbox 632 3151 956 3222; x_wconf 89' lang='lat' dir='ltr'><strong>Cherubim,</strong></span> <span class='ocrx_word' id='word_1_518' title='bbox 1000 3165 1056 3212; x_wconf 89' lang='lat' dir='ltr'><strong>et</strong></span> <span class='ocrx_word' id='word_1_519' title='bbox 1084 3158 1189 3213; x_wconf 90' lang='lat' dir='ltr'><strong>illis</strong></span> <span class='ocrx_word' id='word_1_520' title='bbox 1210 3161 1397 3231; x_wconf 83' lang='lat' dir='ltr'><strong>Statim</strong></span> <span class='ocrx_word' id='word_1_521' title='bbox 1431 3162 1799 3231; x_wconf 89' lang='lat' dir='ltr'><strong>avolantibus,</strong></span> <span class='ocrx_word' id='word_1_522' title='bbox 1831 3175 1886 3221; x_wconf 90' lang='lat' dir='ltr'><strong>et</strong></span> <span class='ocrx_word' id='word_1_523' title='bbox 1911 3166 1978 3220; x_wconf 88' lang='lat' dir='ltr'><strong>ad</strong></span> <span class='ocrx_word' id='word_1_524' title='bbox 2002 3172 2096 3221; x_wconf 72' lang='lat' dir='ltr'><strong>e‘x-</strong></span> <span class='ocrx_word' id='word_1_525' title='bbox 2130 3153 2175 3217; x_wconf 88' lang='lat' dir='ltr'>C</span> <span class='ocrx_word' id='word_1_526' title='bbox 2207 3172 2295 3219; x_wconf 89' lang='lat' dir='ltr'><strong>tur</strong></span> <span class='ocrx_word' id='word_1_527' title='bbox 2323 3205 2337 3229; x_wconf 92' lang='lat'><strong>,</strong></span> <span class='ocrx_word' id='word_1_528' title='bbox 2369 3162 2463 3218; x_wconf 87' lang='lat' dir='ltr'><strong>sed</strong></span> <span class='ocrx_word' id='word_1_529' title='bbox 2485 3161 2553 3216; x_wconf 90' lang='lat' dir='ltr'><strong>de</strong></span> <span class='ocrx_word' id='word_1_530' title='bbox 2587 3161 2818 3215; x_wconf 81' lang='lat' dir='ltr'><strong>Hebraeo</strong></span> <span class='ocrx_word' id='word_1_531' title='bbox 2847 3157 3092 3215; x_wconf 88' lang='lat' dir='ltr'><strong>additum</strong></span> <span class='ocrx_word' id='word_1_532' title='bbox 3121 3166 3205 3213; x_wconf 88' lang='lat' dir='ltr'><strong>est</strong></span> <span class='ocrx_word' id='word_1_533' title='bbox 3231 3176 3244 3212; x_wconf 87' lang='lat'><strong>:</strong></span> <span class='ocrx_word' id='word_1_534' title='bbox 3282 3158 3419 3224; x_wconf 83' lang='lat' dir='ltr'><strong>Quia</strong></span> <span class='ocrx_word' id='word_1_535' title='bbox 3440 3158 3493 3211; x_wconf 92' lang='lat' dir='ltr'><strong>in</strong></span> <span class='ocrx_word' id='word_1_536' title='bbox 3535 3157 3816 3229; x_wconf 70' lang='lat' dir='ltr'><strong>praeceptis</strong></span> 
     </span>
    </p>
   </div>
   <div class='ocr_carea' id='block_1_61' title="bbox 508 3244 2103 3330">
    <p class='ocr_par' dir='ltr' id='par_1_61' title="bbox 508 3244 2103 3330">
     <span class='ocr_line' id='line_1_61' title="bbox 508 3244 2103 3330; baseline 0.01 -30"><span class='ocrx_word' id='word_1_537' title='bbox 508 3244 708 3301; x_wconf 88' lang='lat' dir='ltr'><strong>teriora</strong></span> <span class='ocrx_word' id='word_1_538' title='bbox 733 3247 1086 3317; x_wconf 89' lang='lat' dir='ltr'><strong>abeuntibus,</strong></span> <span class='ocrx_word' id='word_1_539' title='bbox 1121 3262 1325 3308; x_wconf 65' lang='lat' dir='ltr'><strong>secutae</strong></span> <span class='ocrx_word' id='word_1_540' title='bbox 1356 3265 1485 3308; x_wconf 88' lang='lat' dir='ltr'><strong>sunt</strong></span> <span class='ocrx_word' id='word_1_541' title='bbox 1510 3265 1664 3312; x_wconf 70' lang='lat' dir='ltr'><strong>rotze.</strong></span> <span class='ocrx_word' id='word_1_542' title='bbox 1698 3258 1766 3313; x_wconf 86' lang='lat' dir='ltr'><strong>Et</strong></span> <span class='ocrx_word' id='word_1_543' title='bbox 1793 3259 1967 3330; x_wconf 77' lang='lat' dir='ltr'><strong>gloria</strong></span> <span class='ocrx_word' id='word_1_544' title='bbox 1993 3270 2103 3329; x_wconf 87' lang='lat' dir='ltr'><strong>stc-</strong></span> 
     </span>
    </p>
   </div>
   <div class='ocr_carea' id='block_1_62' title="bbox 501 3336 2101 3425">
    <p class='ocr_par' dir='ltr' id='par_1_62' title="bbox 501 3336 2101 3425">
     <span class='ocr_line' id='line_1_62' title="bbox 501 3336 2101 3425; baseline 0.011 -33"><span class='ocrx_word' id='word_1_545' title='bbox 501 3336 568 3393; x_wconf 89' lang='lat' dir='ltr'><strong>tit</strong></span> <span class='ocrx_word' id='word_1_546' title='bbox 593 3339 649 3395; x_wconf 91' lang='lat' dir='ltr'><strong>in</strong></span> <span class='ocrx_word' id='word_1_547' title='bbox 678 3351 832 3409; x_wconf 88' lang='lat' dir='ltr'><strong>porta</strong></span> <span class='ocrx_word' id='word_1_548' title='bbox 874 3341 1072 3398; x_wconf 89' lang='lat' dir='ltr'><strong>domus</strong></span> <span class='ocrx_word' id='word_1_549' title='bbox 1104 3344 1317 3401; x_wconf 90' lang='lat' dir='ltr'><strong>Domini</strong></span> <span class='ocrx_word' id='word_1_550' title='bbox 1360 3346 1675 3417; x_wconf 86' lang='lat' dir='ltr'><strong>Orientalis,</strong></span> <span class='ocrx_word' id='word_1_551' title='bbox 1719 3352 1907 3407; x_wconf 90' lang='lat' dir='ltr'><strong>nonin</strong></span> <span class='ocrx_word' id='word_1_552' title='bbox 1934 3352 2101 3425; x_wconf 88' lang='lat' dir='ltr'><strong>jauua</strong></span> 
     </span>
    </p>
   </div>
   <div class='ocr_carea' id='block_1_63' title="bbox 500 3434 2100 3518">
    <p class='ocr_par' dir='ltr' id='par_1_63' title="bbox 500 3434 2100 3518">
     <span class='ocr_line' id='line_1_63' title="bbox 500 3434 2100 3518; baseline 0.01 -30"><span class='ocrx_word' id='word_1_553' title='bbox 500 3434 721 3504; x_wconf 90' lang='lat' dir='ltr'><strong>templi,</strong></span> <span class='ocrx_word' id='word_1_554' title='bbox 756 3435 851 3492; x_wconf 91' lang='lat' dir='ltr'><strong>sed</strong></span> <span class='ocrx_word' id='word_1_555' title='bbox 880 3447 1008 3507; x_wconf 90' lang='lat' dir='ltr'><strong>post</strong></span> <span class='ocrx_word' id='word_1_556' title='bbox 1039 3439 1237 3494; x_wconf 92' lang='lat' dir='ltr'><strong>atrium</strong></span> <span class='ocrx_word' id='word_1_557' title='bbox 1273 3451 1327 3496; x_wconf 92' lang='lat' dir='ltr'><strong>et</strong></span> <span class='ocrx_word' id='word_1_558' title='bbox 1360 3441 1526 3498; x_wconf 87' lang='lat' dir='ltr'><strong>limen</strong></span> <span class='ocrx_word' id='word_1_559' title='bbox 1560 3444 1614 3499; x_wconf 92' lang='lat' dir='ltr'><strong>in</strong></span> <span class='ocrx_word' id='word_1_560' title='bbox 1657 3445 1884 3501; x_wconf 87' lang='lat' dir='ltr'><strong>introitu</strong></span> <span class='ocrx_word' id='word_1_561' title='bbox 1933 3458 2100 3518; x_wconf 66' lang='lat' dir='ltr'><strong>parite</strong></span> 
     </span>
    </p>
   </div>
   <div class='ocr_carea' id='block_1_64' title="bbox 499 3524 2101 3609">
    <p class='ocr_par' dir='ltr' id='par_1_64' title="bbox 499 3524 2101 3609">
     <span class='ocr_line' id='line_1_64' title="bbox 499 3524 2101 3609; baseline 0.01 -28"><span class='ocrx_word' id='word_1_562' title='bbox 499 3524 693 3582; x_wconf 90' lang='lat' dir='ltr'><strong>domus</strong></span> <span class='ocrx_word' id='word_1_563' title='bbox 716 3526 929 3584; x_wconf 89' lang='lat' dir='ltr'><strong>Domini</strong></span> <span class='ocrx_word' id='word_1_564' title='bbox 953 3530 1272 3588; x_wconf 89' lang='lat' dir='ltr'><strong>Orientalis.</strong></span> <span class='ocrx_word' id='word_1_565' title='bbox 1303 3534 1458 3603; x_wconf 90' lang='lat' dir='ltr'><strong>Quod</strong></span> <span class='ocrx_word' id='word_1_566' title='bbox 1483 3550 1608 3590; x_wconf 92' lang='lat' dir='ltr'><strong>cum</strong></span> <span class='ocrx_word' id='word_1_567' title='bbox 1643 3539 1906 3609; x_wconf 84' lang='lat' dir='ltr'><strong>prOpheta</strong></span> <span class='ocrx_word' id='word_1_568' title='bbox 1937 3541 2101 3597; x_wconf 74' lang='lat' dir='ltr'><strong>vidis-</strong></span> 
     </span>
    </p>
   </div>
   <div class='ocr_carea' id='block_1_65' title="bbox 500 3620 2100 3700">
    <p class='ocr_par' dir='ltr' id='par_1_65' title="bbox 500 3620 2100 3700">
     <span class='ocr_line' id='line_1_65' title="bbox 500 3620 2100 3700; baseline 0.008 -26"><span class='ocrx_word' id='word_1_569' title='bbox 500 3627 606 3685; x_wconf 88' lang='lat' dir='ltr'><strong>set,</strong></span> <span class='ocrx_word' id='word_1_570' title='bbox 664 3620 840 3691; x_wconf 91' lang='lat' dir='ltr'><strong>ipsum</strong></span> <span class='ocrx_word' id='word_1_571' title='bbox 881 3632 987 3690; x_wconf 90' lang='lat' dir='ltr'><strong>est,</strong></span> <span class='ocrx_word' id='word_1_572' title='bbox 1038 3624 1234 3694; x_wconf 86' lang='lat' dir='ltr'><strong>inquit,</strong></span> <span class='ocrx_word' id='word_1_573' title='bbox 1286 3627 1510 3695; x_wconf 82' lang='lat' dir='ltr'><strong>animal,</strong></span> <span class='ocrx_word' id='word_1_574' title='bbox 1559 3630 1706 3700; x_wconf 89' lang='lat' dir='ltr'><strong>quod</strong></span> <span class='ocrx_word' id='word_1_575' title='bbox 1753 3631 1861 3686; x_wconf 90' lang='lat' dir='ltr'><strong>vidi</strong></span> <span class='ocrx_word' id='word_1_576' title='bbox 1911 3632 2100 3688; x_wconf 87' lang='lat' dir='ltr'><strong>subter</strong></span> 
     </span>
    </p>
   </div>
   <div class='ocr_carea' id='block_1_66' title="bbox 498 3710 2093 3790">
    <p class='ocr_par' dir='ltr' id='par_1_66' title="bbox 498 3710 2093 3790">
     <span class='ocr_line' id='line_1_66' title="bbox 498 3710 2093 3790; baseline 0.007 -25"><span class='ocrx_word' id='word_1_577' title='bbox 498 3710 672 3768; x_wconf 88' lang='lat' dir='ltr'><strong>Deum</strong></span> <span class='ocrx_word' id='word_1_578' title='bbox 723 3712 913 3782; x_wconf 87' lang='lat' dir='ltr'><strong>Israel,</strong></span> <span class='ocrx_word' id='word_1_579' title='bbox 961 3715 1121 3785; x_wconf 78' lang='lat' dir='ltr'><strong>juxta</strong></span> <span class='ocrx_word' id='word_1_580' title='bbox 1168 3716 1389 3773; x_wconf 83' lang='lat' dir='ltr'><strong>ﬂuvium</strong></span> <span class='ocrx_word' id='word_1_581' title='bbox 1441 3719 1682 3785; x_wconf 86' lang='lat' dir='ltr'><strong>Chobar,</strong></span> <span class='ocrx_word' id='word_1_582' title='bbox 1734 3733 1787 3777; x_wconf 88' lang='lat' dir='ltr'><strong>et</strong></span> <span class='ocrx_word' id='word_1_583' title='bbox 1829 3722 2093 3790; x_wconf 76' lang='lat' dir='ltr'><strong>intellexi,</strong></span> 
     </span>
    </p>
   </div>
   <div class='ocr_carea' id='block_1_67' title="bbox 497 3804 2094 3885">
    <p class='ocr_par' dir='ltr' id='par_1_67' title="bbox 497 3804 2094 3885">
     <span class='ocr_line' id='line_1_67' title="bbox 497 3804 2094 3885; baseline 0.006 -26"><span class='ocrx_word' id='word_1_584' title='bbox 497 3805 621 3876; x_wconf 88' lang='lat' dir='ltr'><strong>quia</strong></span> <span class='ocrx_word' id='word_1_585' title='bbox 652 3804 950 3862; x_wconf 90' lang='lat' dir='ltr'><strong>Cherubim</strong></span> <span class='ocrx_word' id='word_1_586' title='bbox 975 3819 1181 3866; x_wconf 90' lang='lat' dir='ltr'><strong>essent.</strong></span> <span class='ocrx_word' id='word_1_587' title='bbox 1210 3810 1351 3878; x_wconf 89' lang='lat' dir='ltr'><strong>Quid</strong></span> <span class='ocrx_word' id='word_1_588' title='bbox 1374 3812 1517 3867; x_wconf 88' lang='lat' dir='ltr'><strong>enim</strong></span> <span class='ocrx_word' id='word_1_589' title='bbox 1542 3814 1666 3868; x_wconf 86' lang='lat' dir='ltr'><strong>novi</strong></span> <span class='ocrx_word' id='word_1_590' title='bbox 1694 3814 1926 3879; x_wconf 88' lang='lat' dir='ltr'><strong>viderat,</strong></span> <span class='ocrx_word' id='word_1_591' title='bbox 1951 3815 2094 3885; x_wconf 91' lang='lat' dir='ltr'><strong>quod</strong></span> 
     </span>
    </p>
   </div>
   <div class='ocr_carea' id='block_1_68' title="bbox 496 3896 2095 3977">
    <p class='ocr_par' dir='ltr' id='par_1_68' title="bbox 496 3896 2095 3977">
     <span class='ocr_line' id='line_1_68' title="bbox 496 3896 2095 3977; baseline 0.007 -25"><span class='ocrx_word' id='word_1_592' title='bbox 496 3896 829 3966; x_wconf 70' lang='lat' dir='ltr'><strong>intelligeret</strong></span> <span class='ocrx_word' id='word_1_593' title='bbox 854 3916 977 3957; x_wconf 85' lang='lat' dir='ltr'><strong>esse</strong></span> <span class='ocrx_word' id='word_1_594' title='bbox 997 3900 1318 3972; x_wconf 87' lang='lat' dir='ltr'><strong>Cherubim,</strong></span> <span class='ocrx_word' id='word_1_595' title='bbox 1348 3921 1469 3975; x_wconf 69' lang='lat' dir='ltr'><strong>qua:</strong></span> <span class='ocrx_word' id='word_1_596' title='bbox 1498 3907 1647 3977; x_wconf 89' lang='lat' dir='ltr'><strong>prius</strong></span> <span class='ocrx_word' id='word_1_597' title='bbox 1673 3924 1779 3963; x_wconf 92' lang='lat' dir='ltr'><strong>non</strong></span> <span class='ocrx_word' id='word_1_598' title='bbox 1813 3908 2095 3963; x_wconf 75' lang='lat' dir='ltr'><strong>intellexe-</strong></span> 
     </span>
    </p>
   </div>
   <div class='ocr_carea' id='block_1_69' title="bbox 497 3990 2095 4075">
    <p class='ocr_par' dir='ltr' id='par_1_69' title="bbox 497 3990 2095 4075">
     <span class='ocr_line' id='line_1_69' title="bbox 497 3990 2095 4075; baseline 0.006 -28"><span class='ocrx_word' id='word_1_599' title='bbox 497 3993 619 4048; x_wconf 85' lang='lat' dir='ltr'><strong>rat?</strong></span> <span class='ocrx_word' id='word_1_600' title='bbox 649 3990 924 4049; x_wconf 88' lang='lat' dir='ltr'><strong>Cherubim</strong></span> <span class='ocrx_word' id='word_1_601' title='bbox 948 3995 1003 4052; x_wconf 91' lang='lat' dir='ltr'><strong>in</strong></span> <span class='ocrx_word' id='word_1_602' title='bbox 1034 3997 1217 4067; x_wconf 75' lang='lat' dir='ltr'><strong>lingua</strong></span> <span class='ocrx_word' id='word_1_603' title='bbox 1248 4009 1433 4054; x_wconf 89' lang='lat' dir='ltr'><strong>nostra</strong></span> <span class='ocrx_word' id='word_1_604' title='bbox 1462 4002 1694 4055; x_wconf 75' lang='lat' dir='ltr'><strong>scientia:</strong></span> <span class='ocrx_word' id='word_1_605' title='bbox 1734 4003 1892 4075; x_wconf 78' lang='lat'><strong>105</strong></span> <span class='ocrx_word' id='word_1_606' title='bbox 1917 4003 2095 4057; x_wconf 85' lang='lat' dir='ltr'><strong>multi-</strong></span> 
     </span>
    </p>
   </div>
   <div class='ocr_carea' id='block_1_70' title="bbox 494 4087 2093 4160">
    <p class='ocr_par' dir='ltr' id='par_1_70' title="bbox 494 4087 2093 4160">
     <span class='ocr_line' id='line_1_70' title="bbox 494 4087 2093 4160; baseline 0.006 -19"><span class='ocrx_word' id='word_1_607' title='bbox 494 4087 620 4142; x_wconf 87' lang='lat' dir='ltr'><strong>tudo</strong></span> <span class='ocrx_word' id='word_1_608' title='bbox 658 4096 774 4144; x_wconf 89' lang='lat' dir='ltr'><strong>est:</strong></span> <span class='ocrx_word' id='word_1_609' title='bbox 823 4090 1018 4145; x_wconf 88' lang='lat' dir='ltr'><strong>notitia</strong></span> <span class='ocrx_word' id='word_1_610' title='bbox 1060 4103 1534 4148; x_wconf 87' lang='lat' dir='ltr'><strong>sacramentorum</strong></span> <span class='ocrx_word' id='word_1_611' title='bbox 1583 4094 1703 4160; x_wconf 89' lang='lat' dir='ltr'><strong>Dei,</strong></span> <span class='ocrx_word' id='word_1_612' title='bbox 1757 4104 1814 4150; x_wconf 90' lang='lat' dir='ltr'><strong>et</strong></span> <span class='ocrx_word' id='word_1_613' title='bbox 1863 4094 2093 4150; x_wconf 84' lang='lat' dir='ltr'><strong>thronus</strong></span> 
     </span>
    </p>
   </div>
   <div class='ocr_carea' id='block_1_71' title="bbox 495 4178 2093 4254">
    <p class='ocr_par' dir='ltr' id='par_1_71' title="bbox 495 4178 2093 4254">
     <span class='ocr_line' id='line_1_71' title="bbox 495 4178 2093 4254; baseline 0.004 -19"><span class='ocrx_word' id='word_1_614' title='bbox 495 4178 616 4250; x_wconf 86' lang='lat' dir='ltr'><strong>ejus</strong></span> <span class='ocrx_word' id='word_1_615' title='bbox 637 4193 702 4234; x_wconf 90' lang='lat' dir='ltr'><strong>ac</strong></span> <span class='ocrx_word' id='word_1_616' title='bbox 723 4181 961 4252; x_wconf 89' lang='lat' dir='ltr'><strong>requies.</strong></span> <span class='ocrx_word' id='word_1_617' title='bbox 998 4181 1155 4240; x_wconf 88' lang='lat' dir='ltr'><strong>Unde</strong></span> <span class='ocrx_word' id='word_1_618' title='bbox 1183 4194 1238 4238; x_wconf 89' lang='lat' dir='ltr'><strong>et</strong></span> <span class='ocrx_word' id='word_1_619' title='bbox 1266 4186 1318 4238; x_wconf 91' lang='lat' dir='ltr'><strong>in</strong></span> <span class='ocrx_word' id='word_1_620' title='bbox 1354 4185 1564 4254; x_wconf 84' lang='lat' dir='ltr'><strong>psalmo</strong></span> <span class='ocrx_word' id='word_1_621' title='bbox 1594 4186 1793 4241; x_wconf 88' lang='lat' dir='ltr'><strong>dicitur</strong></span> <span class='ocrx_word' id='word_1_622' title='bbox 1825 4204 1839 4241; x_wconf 89' lang='lat'><strong>:</strong></span> <span class='ocrx_word' id='word_1_623' title='bbox 1878 4188 1981 4253; x_wconf 82' lang='lat' dir='ltr'><strong>Qui</strong></span> <span class='ocrx_word' id='word_1_624' title='bbox 2013 4204 2093 4242; x_wconf 84' lang='lat' dir='ltr'><strong>se—</strong></span> 
     </span>
    </p>
   </div>
   <div class='ocr_carea' id='block_1_72' title="bbox 496 4270 2092 4351">
    <p class='ocr_par' dir='ltr' id='par_1_72' title="bbox 496 4270 2092 4351">
     <span class='ocr_line' id='line_1_72' title="bbox 496 4270 2092 4351; baseline 0.004 -25"><span class='ocrx_word' id='word_1_625' title='bbox 496 4271 586 4327; x_wconf 86' lang='lat' dir='ltr'><strong>des</strong></span> <span class='ocrx_word' id='word_1_626' title='bbox 606 4288 761 4345; x_wconf 84' lang='lat' dir='ltr'><strong>super</strong></span> <span class='ocrx_word' id='word_1_627' title='bbox 782 4270 1085 4343; x_wconf 86' lang='lat' dir='ltr'><strong>Cherubim,</strong></span> <span class='ocrx_word' id='word_1_628' title='bbox 1110 4278 1443 4349; x_wconf 79' lang='lat' dir='ltr'><strong>manifestare</strong></span> <span class='ocrx_word' id='word_1_629' title='bbox 1465 4276 1595 4345; x_wconf 88' lang='lat' dir='ltr'><strong>(Ps.</strong></span> <span class='ocrx_word' id='word_1_630' title='bbox 1621 4295 1805 4347; x_wconf 77' lang='lat' dir='ltr'><strong>Lxxtx,</strong></span> <span class='ocrx_word' id='word_1_631' title='bbox 1822 4279 1911 4351; x_wconf 76' lang='grc'><strong>2).</strong></span> <span class='ocrx_word' id='word_1_632' title='bbox 1938 4280 2092 4337; x_wconf 87' lang='lat' dir='ltr'><strong>Sem-</strong></span> 
     </span>
    </p>
   </div>
   <div class='ocr_carea' id='block_1_73' title="bbox 492 4368 2086 4439">
    <p class='ocr_par' dir='ltr' id='par_1_73' title="bbox 492 4368 2086 4439">
     <span class='ocr_line' id='line_1_73' title="bbox 492 4368 2086 4439; baseline 0.004 -16"><span class='ocrx_word' id='word_1_633' title='bbox 492 4380 592 4437; x_wconf 86' lang='lat' dir='ltr'><strong>per</strong></span> <span class='ocrx_word' id='word_1_634' title='bbox 638 4368 784 4423; x_wconf 91' lang='lat' dir='ltr'><strong>enim</strong></span> <span class='ocrx_word' id='word_1_635' title='bbox 816 4368 990 4439; x_wconf 89' lang='lat' dir='ltr'><strong>gloria</strong></span> <span class='ocrx_word' id='word_1_636' title='bbox 1024 4369 1240 4425; x_wconf 88' lang='lat' dir='ltr'><strong>Domini</strong></span> <span class='ocrx_word' id='word_1_637' title='bbox 1272 4372 1428 4427; x_wconf 88' lang='lat' dir='ltr'><strong>sedet</strong></span> <span class='ocrx_word' id='word_1_638' title='bbox 1469 4373 1522 4427; x_wconf 91' lang='lat' dir='ltr'><strong>in</strong></span> <span class='ocrx_word' id='word_1_639' title='bbox 1564 4374 1809 4429; x_wconf 71' lang='lat' dir='ltr'><strong>scientim</strong></span> <span class='ocrx_word' id='word_1_640' title='bbox 1836 4375 2086 4429; x_wconf 87' lang='lat' dir='ltr'><strong>multitu-</strong></span> 
     </span>
    </p>
   </div>
   <div class='ocr_carea' id='block_1_74' title="bbox 491 4456 2087 4539">
    <p class='ocr_par' dir='ltr' id='par_1_74' title="bbox 491 4456 2087 4539">
     <span class='ocr_line' id='line_1_74' title="bbox 491 4456 2087 4539; baseline 0.005 -27"><span class='ocrx_word' id='word_1_641' title='bbox 491 4456 623 4515; x_wconf 90' lang='lat' dir='ltr'><strong>dine</strong></span> <span class='ocrx_word' id='word_1_642' title='bbox 671 4475 690 4514; x_wconf 94' lang='lat'><strong><em>:</em></strong></span> <span class='ocrx_word' id='word_1_643' title='bbox 733 4468 790 4516; x_wconf 90' lang='lat' dir='ltr'><strong>et</strong></span> <span class='ocrx_word' id='word_1_644' title='bbox 840 4470 967 4516; x_wconf 91' lang='lat' dir='ltr'><strong>tunc</strong></span> <span class='ocrx_word' id='word_1_645' title='bbox 1016 4462 1419 4529; x_wconf 82' lang='lat' dir='ltr'><strong>manifestatur,</strong></span> <span class='ocrx_word' id='word_1_646' title='bbox 1472 4466 1694 4536; x_wconf 88' lang='lat' dir='ltr'><strong>quando</strong></span> <span class='ocrx_word' id='word_1_647' title='bbox 1732 4478 1931 4521; x_wconf 91' lang='lat' dir='ltr'><strong>cuncta</strong></span> <span class='ocrx_word' id='word_1_648' title='bbox 1966 4468 2087 4539; x_wconf 86' lang='lat' dir='ltr'><strong>regi</strong></span> 
     </span>
    </p>
   </div>
   <div class='ocr_carea' id='block_1_75' title="bbox 2208 3248 3817 3324">
    <p class='ocr_par' dir='ltr' id='par_1_75' title="bbox 2208 3248 3817 3324">
     <span class='ocr_line' id='line_1_75' title="bbox 2208 3248 3817 3324; baseline -0.006 -12"><span class='ocrx_word' id='word_1_649' title='bbox 2208 3258 2333 3312; x_wconf 88' lang='lat' dir='ltr'><strong>meis</strong></span> <span class='ocrx_word' id='word_1_650' title='bbox 2356 3274 2458 3311; x_wconf 88' lang='lat' dir='ltr'><strong>non</strong></span> <span class='ocrx_word' id='word_1_651' title='bbox 2492 3254 2799 3309; x_wconf 85' lang='lat' dir='ltr'><strong>ambulastis</strong></span> <span class='ocrx_word' id='word_1_652' title='bbox 2824 3296 2839 3321; x_wconf 97' lang='lat'><strong>,</strong></span> <span class='ocrx_word' id='word_1_653' title='bbox 2876 3263 2923 3307; x_wconf 89' lang='lat' dir='ltr'><strong>et</strong></span> <span class='ocrx_word' id='word_1_654' title='bbox 2942 3251 3149 3324; x_wconf 82' lang='lat' dir='ltr'><strong>judicia</strong></span> <span class='ocrx_word' id='word_1_655' title='bbox 3173 3268 3286 3305; x_wconf 89' lang='lat' dir='ltr'><strong>mea</strong></span> <span class='ocrx_word' id='word_1_656' title='bbox 3332 3266 3433 3304; x_wconf 88' lang='lat' dir='ltr'><strong>non</strong></span> <span class='ocrx_word' id='word_1_657' title='bbox 3462 3249 3691 3321; x_wconf 83' lang='lat' dir='ltr'><strong>fecistis:</strong></span> <span class='ocrx_word' id='word_1_658' title='bbox 3718 3248 3817 3303; x_wconf 85' lang='lat' dir='ltr'><strong>sed</strong></span> 
     </span>
    </p>
   </div>
   <div class='ocr_carea' id='block_1_76' title="bbox 2194 3343 3817 3423">
    <p class='ocr_par' dir='ltr' id='par_1_76' title="bbox 2194 3343 3817 3423">
     <span class='ocr_line' id='line_1_76' title="bbox 2194 3343 3817 3423; baseline -0.007 -18"><span class='ocrx_word' id='word_1_659' title='bbox 2194 3356 2354 3423; x_wconf 75' lang='lat' dir='ltr'><strong>juxta</strong></span> <span class='ocrx_word' id='word_1_660' title='bbox 2377 3349 2582 3421; x_wconf 80' lang='lat' dir='ltr'><strong>judicia</strong></span> <span class='ocrx_word' id='word_1_661' title='bbox 2612 3347 2843 3418; x_wconf 88' lang='lat' dir='ltr'><strong>gentium</strong></span> <span class='ocrx_word' id='word_1_662' title='bbox 2871 3386 2885 3411; x_wconf 95' lang='lat'><strong>,</strong></span> <span class='ocrx_word' id='word_1_663' title='bbox 2914 3360 3028 3417; x_wconf 67' lang='lat' dir='ltr'><strong>quae</strong></span> <span class='ocrx_word' id='word_1_664' title='bbox 3049 3345 3104 3397; x_wconf 89' lang='lat' dir='ltr'><strong>in</strong></span> <span class='ocrx_word' id='word_1_665' title='bbox 3125 3343 3343 3397; x_wconf 88' lang='lat' dir='ltr'><strong>circuitu</strong></span> <span class='ocrx_word' id='word_1_666' title='bbox 3370 3354 3537 3397; x_wconf 79' lang='lat' dir='ltr'><strong>vestro</strong></span> <span class='ocrx_word' id='word_1_667' title='bbox 3559 3351 3700 3408; x_wconf 88' lang='lat' dir='ltr'><strong>sunt,</strong></span> <span class='ocrx_word' id='word_1_668' title='bbox 3726 3356 3817 3394; x_wconf 76' lang='lat' dir='ltr'><strong>es-</strong></span> 
     </span>
    </p>
   </div>
   <div class='ocr_carea' id='block_1_77' title="bbox 2204 3434 3813 3512">
    <p class='ocr_par' dir='ltr' id='par_1_77' title="bbox 2204 3434 3813 3512">
     <span class='ocr_line' id='line_1_77' title="bbox 2204 3434 3813 3512; baseline -0.006 -14"><span class='ocrx_word' id='word_1_669' title='bbox 2204 3444 2270 3498; x_wconf 88' lang='lat' dir='ltr'><strong>tis</strong></span> <span class='ocrx_word' id='word_1_670' title='bbox 2306 3442 2527 3512; x_wconf 83' lang='lat' dir='ltr'><strong>operati.</strong></span> <span class='ocrx_word' id='word_1_671' title='bbox 2581 3438 2899 3495; x_wconf 79' lang='lat' dir='ltr'><strong>Assumitur</strong></span> <span class='ocrx_word' id='word_1_672' title='bbox 2957 3434 3223 3507; x_wconf 86' lang='lat' dir='ltr'><strong>prOpheta</strong></span> <span class='ocrx_word' id='word_1_673' title='bbox 3269 3434 3418 3504; x_wconf 83' lang='lat' dir='ltr'><strong>juxta</strong></span> <span class='ocrx_word' id='word_1_674' title='bbox 3473 3434 3603 3488; x_wconf 92' lang='lat' dir='ltr'><strong>illud</strong></span> <span class='ocrx_word' id='word_1_675' title='bbox 3660 3434 3813 3503; x_wconf 81' lang='lat' dir='ltr'><strong>quod</strong></span> 
     </span>
    </p>
   </div>
   <div class='ocr_carea' id='block_1_78' title="bbox 2204 3525 3809 3606">
    <p class='ocr_par' dir='ltr' id='par_1_78' title="bbox 2204 3525 3809 3606">
     <span class='ocr_line' id='line_1_78' title="bbox 2204 3525 3809 3606; baseline -0.006 -13"><span class='ocrx_word' id='word_1_676' title='bbox 2204 3536 2466 3606; x_wconf 90' lang='lat' dir='ltr'><strong>scriptum</strong></span> <span class='ocrx_word' id='word_1_677' title='bbox 2518 3534 2950 3590; x_wconf 86' lang='lat' dir='ltr'><strong>est:Assumens</strong></span> <span class='ocrx_word' id='word_1_678' title='bbox 3015 3538 3307 3585; x_wconf 88' lang='lat' dir='ltr'><strong>mansuetos</strong></span> <span class='ocrx_word' id='word_1_679' title='bbox 3362 3528 3617 3583; x_wconf 88' lang='lat' dir='ltr'><strong>Dominus</strong></span> <span class='ocrx_word' id='word_1_680' title='bbox 3679 3525 3809 3599; x_wconf 87' lang='lat' dir='ltr'><strong>(Ps.</strong></span> 
     </span>
    </p>
   </div>
   <div class='ocr_carea' id='block_1_79' title="bbox 2203 3619 3809 3698">
    <p class='ocr_par' dir='ltr' id='par_1_79' title="bbox 2203 3619 3809 3698">
     <span class='ocr_line' id='line_1_79' title="bbox 2203 3619 3809 3698; baseline -0.007 -14"><span class='ocrx_word' id='word_1_681' title='bbox 2203 3644 2381 3697; x_wconf 65' lang='lat' dir='ltr'><strong>cxrvn,</strong></span> <span class='ocrx_word' id='word_1_682' title='bbox 2417 3626 2509 3698; x_wconf 89' lang='lat'><strong>6);</strong></span> <span class='ocrx_word' id='word_1_683' title='bbox 2542 3628 2657 3681; x_wconf 83' lang='lat' dir='ltr'><strong>sive</strong></span> <span class='ocrx_word' id='word_1_684' title='bbox 2694 3624 2942 3681; x_wconf 87' lang='lat' dir='ltr'><strong>elevatur</strong></span> <span class='ocrx_word' id='word_1_685' title='bbox 2967 3640 2998 3677; x_wconf 89' lang='lat' dir='ltr'><strong>a</strong></span> <span class='ocrx_word' id='word_1_686' title='bbox 3029 3632 3174 3678; x_wconf 86' lang='lat' dir='ltr'><strong>terra</strong></span> <span class='ocrx_word' id='word_1_687' title='bbox 3199 3664 3215 3690; x_wconf 90' lang='lat'><strong>,</strong></span> <span class='ocrx_word' id='word_1_688' title='bbox 3249 3633 3303 3676; x_wconf 90' lang='lat' dir='ltr'><strong>et</strong></span> <span class='ocrx_word' id='word_1_689' title='bbox 3348 3620 3708 3677; x_wconf 83' lang='lat' dir='ltr'><strong>introducitur</strong></span> <span class='ocrx_word' id='word_1_690' title='bbox 3738 3619 3809 3673; x_wconf 82' lang='lat' dir='ltr'><strong>ad</strong></span> 
     </span>
    </p>
   </div>
   <div class='ocr_carea' id='block_1_80' title="bbox 2200 3713 3806 3792">
    <p class='ocr_par' dir='ltr' id='par_1_80' title="bbox 2200 3713 3806 3792">
     <span class='ocr_line' id='line_1_80' title="bbox 2200 3713 3806 3792; baseline -0.004 -17"><span class='ocrx_word' id='word_1_691' title='bbox 2200 3731 2408 3792; x_wconf 84' lang='lat' dir='ltr'><strong>portam</strong></span> <span class='ocrx_word' id='word_1_692' title='bbox 2443 3721 2639 3774; x_wconf 82' lang='lat' dir='ltr'><strong>domus</strong></span> <span class='ocrx_word' id='word_1_693' title='bbox 2673 3716 3275 3780; x_wconf 87' lang='lat' dir='ltr'><strong>DominiOrientalem,</strong></span> <span class='ocrx_word' id='word_1_694' title='bbox 3304 3724 3366 3769; x_wconf 91' lang='lat' dir='ltr'><strong>ut</strong></span> <span class='ocrx_word' id='word_1_695' title='bbox 3398 3716 3573 3784; x_wconf 90' lang='lat' dir='ltr'><strong>possit</strong></span> <span class='ocrx_word' id='word_1_696' title='bbox 3606 3713 3806 3783; x_wconf 82' lang='lat' dir='ltr'><strong>viginti</strong></span> 
     </span>
    </p>
   </div>
   <div class='ocr_carea' id='block_1_81' title="bbox 2201 3805 3808 3885">
    <p class='ocr_par' dir='ltr' id='par_1_81' title="bbox 2201 3805 3808 3885">
     <span class='ocr_line' id='line_1_81' title="bbox 2201 3805 3808 3885; baseline -0.004 -18"><span class='ocrx_word' id='word_1_697' title='bbox 2201 3814 2444 3885; x_wconf 90' lang='lat' dir='ltr'><strong>quinque</strong></span> <span class='ocrx_word' id='word_1_698' title='bbox 2471 3812 2713 3866; x_wconf 85' lang='lat' dir='ltr'><strong>virorum</strong></span> <span class='ocrx_word' id='word_1_699' title='bbox 2742 3810 2834 3881; x_wconf 90' lang='lat' dir='ltr'><strong>qui</strong></span> <span class='ocrx_word' id='word_1_700' title='bbox 2866 3818 3025 3864; x_wconf 89' lang='lat' dir='ltr'><strong>erant</strong></span> <span class='ocrx_word' id='word_1_701' title='bbox 3053 3810 3104 3863; x_wconf 91' lang='lat' dir='ltr'><strong>in</strong></span> <span class='ocrx_word' id='word_1_702' title='bbox 3136 3806 3360 3862; x_wconf 83' lang='lat' dir='ltr'><strong>introitu</strong></span> <span class='ocrx_word' id='word_1_703' title='bbox 3392 3819 3596 3877; x_wconf 83' lang='lat' dir='ltr'><strong>portae,</strong></span> <span class='ocrx_word' id='word_1_704' title='bbox 3627 3813 3683 3861; x_wconf 87' lang='lat' dir='ltr'><strong>et</strong></span> <span class='ocrx_word' id='word_1_705' title='bbox 3708 3805 3808 3861; x_wconf 81' lang='lat' dir='ltr'><strong>.Ie-</strong></span> 
     </span>
    </p>
   </div>
   <div class='ocr_carea' id='block_1_82' title="bbox 2200 3897 3812 3971">
    <p class='ocr_par' dir='ltr' id='par_1_82' title="bbox 2200 3897 3812 3971">
     <span class='ocr_line' id='line_1_82' title="bbox 2200 3897 3812 3971; baseline -0.005 -10"><span class='ocrx_word' id='word_1_706' title='bbox 2200 3906 2373 3961; x_wconf 71' lang='lat' dir='ltr'><strong>zonize</strong></span> <span class='ocrx_word' id='word_1_707' title='bbox 2416 3905 2509 3958; x_wconf 86' lang='lat' dir='ltr'><strong>ﬁlii</strong></span> <span class='ocrx_word' id='word_1_708' title='bbox 2542 3903 2689 3959; x_wconf 87' lang='lat' dir='ltr'><strong>Azur</strong></span> <span class='ocrx_word' id='word_1_709' title='bbox 2709 3946 2723 3971; x_wconf 95' lang='lat'><strong>,</strong></span> <span class='ocrx_word' id='word_1_710' title='bbox 2757 3910 2919 3970; x_wconf 83' lang='lat' dir='ltr'><strong>atque</strong></span> <span class='ocrx_word' id='word_1_711' title='bbox 2949 3900 3176 3956; x_wconf 80' lang='lat' dir='ltr'><strong>Phaltiae</strong></span> <span class='ocrx_word' id='word_1_712' title='bbox 3206 3900 3300 3953; x_wconf 84' lang='lat' dir='ltr'><strong>lilii</strong></span> <span class='ocrx_word' id='word_1_713' title='bbox 3330 3899 3570 3969; x_wconf 83' lang='lat' dir='ltr'><strong>Banajae,</strong></span> <span class='ocrx_word' id='word_1_714' title='bbox 3598 3897 3812 3969; x_wconf 90' lang='lat' dir='ltr'><strong>princi—</strong></span> 
     </span>
    </p>
   </div>
   <div class='ocr_carea' id='block_1_83' title="bbox 2201 3992 3796 4071">
    <p class='ocr_par' dir='ltr' id='par_1_83' title="bbox 2201 3992 3796 4071">
     <span class='ocr_line' id='line_1_83' title="bbox 2201 3992 3796 4071; baseline -0.006 -16"><span class='ocrx_word' id='word_1_715' title='bbox 2201 4016 2327 4071; x_wconf 87' lang='lat' dir='ltr'><strong>pum</strong></span> <span class='ocrx_word' id='word_1_716' title='bbox 2371 3998 2554 4069; x_wconf 84' lang='lat' dir='ltr'><strong>populi</strong></span> <span class='ocrx_word' id='word_1_717' title='bbox 2597 4003 2945 4052; x_wconf 87' lang='lat' dir='ltr'><strong>sacrameuta</strong></span> <span class='ocrx_word' id='word_1_718' title='bbox 2994 4009 3351 4065; x_wconf 82' lang='lat' dir='ltr'><strong>cognoscere.</strong></span> <span class='ocrx_word' id='word_1_719' title='bbox 3402 3992 3465 4047; x_wconf 86' lang='lat' dir='ltr'><strong>lli</strong></span> <span class='ocrx_word' id='word_1_720' title='bbox 3514 3993 3675 4062; x_wconf 88' lang='lat' dir='ltr'><strong>igitur</strong></span> <span class='ocrx_word' id='word_1_721' title='bbox 3699 3993 3796 4062; x_wconf 87' lang='lat' dir='ltr'><strong>qui</strong></span> 
     </span>
    </p>
   </div>
   <div class='ocr_carea' id='block_1_84' title="bbox 2197 4084 3800 4160">
    <p class='ocr_par' dir='ltr' id='par_1_84' title="bbox 2197 4084 3800 4160">
     <span class='ocr_line' id='line_1_84' title="bbox 2197 4084 3800 4160; baseline -0.006 -12"><span class='ocrx_word' id='word_1_722' title='bbox 2197 4104 2355 4148; x_wconf 88' lang='lat' dir='ltr'><strong>erant</strong></span> <span class='ocrx_word' id='word_1_723' title='bbox 2397 4092 2451 4146; x_wconf 91' lang='lat' dir='ltr'><strong>in</strong></span> <span class='ocrx_word' id='word_1_724' title='bbox 2501 4090 2725 4145; x_wconf 85' lang='lat' dir='ltr'><strong>introitu</strong></span> <span class='ocrx_word' id='word_1_725' title='bbox 2774 4097 2950 4160; x_wconf 68' lang='lat' dir='ltr'><strong>porta:</strong></span> <span class='ocrx_word' id='word_1_726' title='bbox 2998 4088 3192 4143; x_wconf 88' lang='lat' dir='ltr'><strong>domus</strong></span> <span class='ocrx_word' id='word_1_727' title='bbox 3235 4086 3451 4141; x_wconf 89' lang='lat' dir='ltr'><strong>Domini</strong></span> <span class='ocrx_word' id='word_1_728' title='bbox 3477 4084 3800 4153; x_wconf 89' lang='lat' dir='ltr'><strong>Orientalis,</strong></span> 
     </span>
    </p>
   </div>
   <div class='ocr_carea' id='block_1_85' title="bbox 2195 4180 3802 4255">
    <p class='ocr_par' dir='ltr' id='par_1_85' title="bbox 2195 4180 3802 4255">
     <span class='ocr_line' id='line_1_85' title="bbox 2195 4180 3802 4255; baseline -0.006 -12"><span class='ocrx_word' id='word_1_729' title='bbox 2195 4186 2555 4255; x_wconf 89' lang='lat' dir='ltr'><strong>desperantes</strong></span> <span class='ocrx_word' id='word_1_730' title='bbox 2580 4185 2835 4252; x_wconf 90' lang='lat' dir='ltr'><strong>salutem,</strong></span> <span class='ocrx_word' id='word_1_731' title='bbox 2861 4192 2915 4237; x_wconf 91' lang='lat' dir='ltr'><strong>et</strong></span> <span class='ocrx_word' id='word_1_732' title='bbox 2941 4182 3212 4238; x_wconf 88' lang='lat' dir='ltr'><strong>scelerum</strong></span> <span class='ocrx_word' id='word_1_733' title='bbox 3243 4180 3582 4237; x_wconf 89' lang='lat' dir='ltr'><strong>conscientia</strong></span> <span class='ocrx_word' id='word_1_734' title='bbox 3623 4180 3802 4251; x_wconf 89' lang='lat' dir='ltr'><strong>parati</strong></span> 
     </span>
    </p>
   </div>
   <div class='ocr_carea' id='block_1_86' title="bbox 2183 4276 3802 4349">
    <p class='ocr_par' dir='ltr' id='par_1_86' title="bbox 2183 4276 3802 4349">
     <span class='ocr_line' id='line_1_86' title="bbox 2183 4276 3802 4349; baseline -0.003 -14"><span class='ocrx_word' id='word_1_735' title='bbox 2183 4280 2260 4336; x_wconf 75' lang='lat' dir='ltr'><strong>&#39;ad</strong></span> <span class='ocrx_word' id='word_1_736' title='bbox 2290 4280 2593 4343; x_wconf 89' lang='lat' dir='ltr'><strong>interitum,</strong></span> <span class='ocrx_word' id='word_1_737' title='bbox 2628 4294 2730 4333; x_wconf 92' lang='lat' dir='ltr'><strong>nec</strong></span> <span class='ocrx_word' id='word_1_738' title='bbox 2758 4277 3005 4333; x_wconf 89' lang='lat' dir='ltr'><strong>volentes</strong></span> <span class='ocrx_word' id='word_1_739' title='bbox 3025 4293 3123 4349; x_wconf 91' lang='lat' dir='ltr'><strong>per</strong></span> <span class='ocrx_word' id='word_1_740' title='bbox 3146 4276 3542 4348; x_wconf 72' lang='lat' dir='ltr'><strong>paenitudinem</strong></span> <span class='ocrx_word' id='word_1_741' title='bbox 3571 4284 3802 4346; x_wconf 86' lang='lat' dir='ltr'><strong>peccata</strong></span> 
     </span>
    </p>
   </div>
   <div class='ocr_carea' id='block_1_87' title="bbox 2191 4367 3806 4443">
    <p class='ocr_par' dir='ltr' id='par_1_87' title="bbox 2191 4367 3806 4443">
     <span class='ocr_line' id='line_1_87' title="bbox 2191 4367 3806 4443; baseline -0.004 -15"><span class='ocrx_word' id='word_1_742' title='bbox 2191 4372 2491 4443; x_wconf 87' lang='lat' dir='ltr'><strong>corrigere,</strong></span> <span class='ocrx_word' id='word_1_743' title='bbox 2522 4372 2749 4426; x_wconf 89' lang='lat' dir='ltr'><strong>dicunt:</strong></span> <span class='ocrx_word' id='word_1_744' title='bbox 2783 4369 2941 4426; x_wconf 81' lang='lat' dir='ltr'><strong>Licet</strong></span> <span class='ocrx_word' id='word_1_745' title='bbox 2970 4385 3144 4439; x_wconf 89' lang='lat' dir='ltr'><strong>nuper</strong></span> <span class='ocrx_word' id='word_1_746' title='bbox 3171 4379 3290 4440; x_wconf 91' lang='lat' dir='ltr'><strong>post</strong></span> <span class='ocrx_word' id='word_1_747' title='bbox 3317 4369 3548 4440; x_wconf 88' lang='lat' dir='ltr'><strong>primam</strong></span> <span class='ocrx_word' id='word_1_748' title='bbox 3577 4367 3806 4437; x_wconf 75' lang='lat' dir='ltr'><strong>captivi-</strong></span> 
     </span>
    </p>
   </div>
   <div class='ocr_carea' id='block_1_88' title="bbox 2194 4466 3804 4535">
    <p class='ocr_par' dir='ltr' id='par_1_88' title="bbox 2194 4466 3804 4535">
     <span class='ocr_line' id='line_1_88' title="bbox 2194 4466 3804 4535; baseline -0.004 -11"><span class='ocrx_word' id='word_1_749' title='bbox 2194 4478 2358 4525; x_wconf 90' lang='lat' dir='ltr'><strong>tatem</strong></span> <span class='ocrx_word' id='word_1_750' title='bbox 2405 4467 2688 4523; x_wconf 66' lang='lat' dir='ltr'><strong>mdilicatte</strong></span> <span class='ocrx_word' id='word_1_751' title='bbox 2718 4467 2830 4521; x_wconf 90' lang='lat' dir='ltr'><strong>sint</strong></span> <span class='ocrx_word' id='word_1_752' title='bbox 2876 4466 3075 4521; x_wconf 85' lang='lat' dir='ltr'><strong>domus</strong></span> <span class='ocrx_word' id='word_1_753' title='bbox 3125 4479 3246 4535; x_wconf 76' lang='lat' dir='ltr'><strong>qua:</strong></span> <span class='ocrx_word' id='word_1_754' title='bbox 3277 4474 3404 4519; x_wconf 88' lang='lat' dir='ltr'><strong>ante</strong></span> <span class='ocrx_word' id='word_1_755' title='bbox 3431 4470 3761 4518; x_wconf 88' lang='lat' dir='ltr'><strong>corruerant</strong></span> <span class='ocrx_word' id='word_1_756' title='bbox 3786 4502 3804 4531; x_wconf 87' lang='lat'><strong>,</strong></span> 
     </span>
    </p>
   </div>
   <div class='ocr_carea' id='block_1_89' title="bbox 488 4551 3805 4632">
    <p class='ocr_par' dir='ltr' id='par_1_89' title="bbox 488 4551 3805 4632">
     <span class='ocr_line' id='line_1_89' title="bbox 488 4551 3805 4632; baseline 0.001 -26"><span class='ocrx_word' id='word_1_757' title='bbox 488 4551 826 4621; x_wconf 79' lang='lat' dir='ltr'><strong>providentia</strong></span> <span class='ocrx_word' id='word_1_758' title='bbox 858 4555 1339 4623; x_wconf 88' lang='lat' dir='ltr'><strong>demonstrantur;</strong></span> <span class='ocrx_word' id='word_1_759' title='bbox 1388 4574 1489 4615; x_wconf 91' lang='lat' dir='ltr'><strong>nec</strong></span> <span class='ocrx_word' id='word_1_760' title='bbox 1521 4559 1749 4616; x_wconf 77' lang='lat' dir='ltr'><strong>fortuitu</strong></span> <span class='ocrx_word' id='word_1_761' title='bbox 1782 4561 1910 4632; x_wconf 91' lang='lat' dir='ltr'><strong>quid</strong></span> <span class='ocrx_word' id='word_1_762' title='bbox 1938 4561 2077 4629; x_wconf 83' lang='lat' dir='ltr'><strong>ﬁeri,</strong></span> <span class='ocrx_word' id='word_1_763' title='bbox 2111 4554 2165 4614; x_wconf 93' lang='lat' dir='ltr'><strong>D</strong></span> <span class='ocrx_word' id='word_1_764' title='bbox 2190 4571 2372 4619; x_wconf 89' lang='lat' dir='ltr'><strong>tamen</strong></span> <span class='ocrx_word' id='word_1_765' title='bbox 2422 4563 2628 4617; x_wconf 89' lang='lat' dir='ltr'><strong>scimus</strong></span> <span class='ocrx_word' id='word_1_766' title='bbox 2675 4560 2817 4615; x_wconf 92' lang='lat' dir='ltr'><strong>hanc</strong></span> <span class='ocrx_word' id='word_1_767' title='bbox 2862 4559 3150 4614; x_wconf 90' lang='lat' dir='ltr'><strong>civitatem</strong></span> <span class='ocrx_word' id='word_1_768' title='bbox 3194 4572 3319 4613; x_wconf 85' lang='lat' dir='ltr'><strong>esse</strong></span> <span class='ocrx_word' id='word_1_769' title='bbox 3360 4558 3533 4611; x_wconf 88' lang='lat' dir='ltr'><strong>instar</strong></span> <span class='ocrx_word' id='word_1_770' title='bbox 3560 4554 3761 4610; x_wconf 85' lang='lat' dir='ltr'><strong>lebetis</strong></span> <span class='ocrx_word' id='word_1_771' title='bbox 3785 4595 3805 4624; x_wconf 84' lang='lat'><strong>,</strong></span> 
     </span>
    </p>
   </div>
   <div class='ocr_carea' id='block_1_90' title="bbox 485 4644 2081 4723">
    <p class='ocr_par' dir='ltr' id='par_1_90' title="bbox 485 4644 2081 4723">
     <span class='ocr_line' id='line_1_90' title="bbox 485 4644 2081 4723; baseline 0.007 -25"><span class='ocrx_word' id='word_1_772' title='bbox 485 4658 587 4699; x_wconf 88' lang='lat' dir='ltr'><strong>nec</strong></span> <span class='ocrx_word' id='word_1_773' title='bbox 628 4644 813 4702; x_wconf 88' lang='lat' dir='ltr'><strong>dicere</strong></span> <span class='ocrx_word' id='word_1_774' title='bbox 843 4653 1152 4717; x_wconf 90' lang='lat' dir='ltr'><strong>quempiam</strong></span> <span class='ocrx_word' id='word_1_775' title='bbox 1189 4667 1202 4704; x_wconf 90' lang='lat'><strong>:</strong></span> <span class='ocrx_word' id='word_1_776' title='bbox 1241 4648 1531 4723; x_wconf 88' lang='lat' dir='ltr'><strong>Dereliquit</strong></span> <span class='ocrx_word' id='word_1_777' title='bbox 1576 4652 1831 4709; x_wconf 87' lang='lat' dir='ltr'><strong>Dominus</strong></span> <span class='ocrx_word' id='word_1_778' title='bbox 1867 4666 2081 4723; x_wconf 87' lang='lat' dir='ltr'><strong>terram,</strong></span> 
     </span>
    </p>
   </div>
   <div class='ocr_carea' id='block_1_91' title="bbox 484 4734 2086 4817">
    <p class='ocr_par' dir='ltr' id='par_1_91' title="bbox 484 4734 2086 4817">
     <span class='ocr_line' id='line_1_91' title="bbox 484 4734 2086 4817; baseline 0.008 -29"><span class='ocrx_word' id='word_1_779' title='bbox 484 4744 534 4788; x_wconf 90' lang='lat' dir='ltr'><strong>et</strong></span> <span class='ocrx_word' id='word_1_780' title='bbox 564 4734 816 4793; x_wconf 90' lang='lat' dir='ltr'><strong>Dominus</strong></span> <span class='ocrx_word' id='word_1_781' title='bbox 847 4755 947 4793; x_wconf 90' lang='lat' dir='ltr'><strong>non</strong></span> <span class='ocrx_word' id='word_1_782' title='bbox 976 4740 1113 4795; x_wconf 90' lang='lat' dir='ltr'><strong>videt</strong></span> <span class='ocrx_word' id='word_1_783' title='bbox 1144 4741 1354 4813; x_wconf 85' lang='lat' dir='ltr'><strong>(Supra</strong></span> <span class='ocrx_word' id='word_1_784' title='bbox 1396 4759 1474 4811; x_wconf 87' lang='lat' dir='ltr'><strong>tx,</strong></span> <span class='ocrx_word' id='word_1_785' title='bbox 1507 4745 1596 4817; x_wconf 82' lang='grc'><strong>9).</strong></span> <span class='ocrx_word' id='word_1_786' title='bbox 1635 4744 1801 4803; x_wconf 88' lang='lat' dir='ltr'><strong>Unde</strong></span> <span class='ocrx_word' id='word_1_787' title='bbox 1833 4757 1888 4803; x_wconf 92' lang='lat' dir='ltr'><strong>et</strong></span> <span class='ocrx_word' id='word_1_788' title='bbox 1919 4748 2086 4803; x_wconf 80' lang='lat' dir='ltr'><strong>intui-</strong></span> 
     </span>
    </p>
   </div>
   <div class='ocr_carea' id='block_1_92' title="bbox 488 4829 2085 4915">
    <p class='ocr_par' dir='ltr' id='par_1_92' title="bbox 488 4829 2085 4915">
     <span class='ocr_line' id='line_1_92' title="bbox 488 4829 2085 4915; baseline 0.01 -32"><span class='ocrx_word' id='word_1_789' title='bbox 488 4838 573 4884; x_wconf 90' lang='lat' dir='ltr'><strong>tus</strong></span> <span class='ocrx_word' id='word_1_790' title='bbox 601 4829 900 4890; x_wconf 87' lang='lat' dir='ltr'><strong>Cherubim</strong></span> <span class='ocrx_word' id='word_1_791' title='bbox 928 4847 985 4891; x_wconf 88' lang='lat' dir='ltr'><strong>et</strong></span> <span class='ocrx_word' id='word_1_792' title='bbox 1010 4838 1283 4907; x_wconf 88' lang='lat' dir='ltr'><strong>appetitus</strong></span> <span class='ocrx_word' id='word_1_793' title='bbox 1311 4854 1524 4909; x_wconf 91' lang='lat' dir='ltr'><strong>eorum,</strong></span> <span class='ocrx_word' id='word_1_794' title='bbox 1549 4851 1635 4898; x_wconf 90' lang='lat' dir='ltr'><strong>est</strong></span> <span class='ocrx_word' id='word_1_795' title='bbox 1664 4844 1910 4901; x_wconf 81' lang='lat' dir='ltr'><strong>oblivisci</strong></span> <span class='ocrx_word' id='word_1_796' title='bbox 1946 4860 2085 4915; x_wconf 65' lang='lat' dir='ltr'><strong>pra:—</strong></span> 
     </span>
    </p>
   </div>
   <div class='ocr_carea' id='block_1_93' title="bbox 488 4923 2008 5009">
    <p class='ocr_par' dir='ltr' id='par_1_93' title="bbox 488 4923 2008 5009">
     <span class='ocr_line' id='line_1_93' title="bbox 488 4923 2008 5009; baseline 0.007 -31"><span class='ocrx_word' id='word_1_797' title='bbox 488 4923 796 4984; x_wconf 89' lang='lat' dir='ltr'><strong>teritorum.</strong></span> <span class='ocrx_word' id='word_1_798' title='bbox 830 4927 959 4982; x_wconf 88' lang='lat' dir='ltr'><strong>etin</strong></span> <span class='ocrx_word' id='word_1_799' title='bbox 992 4926 1172 4984; x_wconf 82' lang='lat' dir='ltr'><strong>futura</strong></span> <span class='ocrx_word' id='word_1_800' title='bbox 1203 4945 1262 4985; x_wconf 91' lang='lat' dir='ltr'><strong>se</strong></span> <span class='ocrx_word' id='word_1_801' title='bbox 1289 4933 1590 4990; x_wconf 83' lang='lat' dir='ltr'><strong>extendere</strong></span> <span class='ocrx_word' id='word_1_802' title='bbox 1618 4933 1876 5007; x_wconf 85' lang='lat' dir='ltr'><strong>(Philipp.</strong></span> <span class='ocrx_word' id='word_1_803' title='bbox 1905 4935 2008 5009; x_wconf 85' lang='grc' dir='ltr'><strong>ιιι).</strong></span> 
     </span>
    </p>
   </div>
   <div class='ocr_carea' id='block_1_94' title="bbox 555 5016 2083 5098">
    <p class='ocr_par' dir='ltr' id='par_1_94' title="bbox 555 5016 2083 5098">
     <span class='ocr_line' id='line_1_94' title="bbox 555 5016 2083 5098; baseline 0.006 -26"><span class='ocrx_word' id='word_1_804' title='bbox 555 5017 708 5087; x_wconf 88' lang='lat' dir='ltr'><strong>(Cap.</strong></span> <span class='ocrx_word' id='word_1_805' title='bbox 742 5016 835 5072; x_wconf 83' lang='lat' dir='ltr'><strong>XI.</strong></span> <span class='ocrx_word' id='word_1_806' title='bbox 860 5049 932 5059; x_wconf 94' lang='lat'><strong><em>—</em></strong></span> <span class='ocrx_word' id='word_1_807' title='bbox 957 5019 1114 5076; x_wconf 85' lang='lat' dir='ltr'><strong>Vers.</strong></span> <span class='ocrx_word' id='word_1_808' title='bbox 1145 5021 1224 5093; x_wconf 83' lang='lat' dir='ltr'><strong>I.)</strong></span> <span class='ocrx_word' id='word_1_809' title='bbox 1250 5020 1320 5077; x_wconf 89' lang='lat' dir='ltr'><strong>Et</strong></span> <span class='ocrx_word' id='word_1_810' title='bbox 1350 5022 1563 5079; x_wconf 86' lang='lat' dir='ltr'><strong>elevavit</strong></span> <span class='ocrx_word' id='word_1_811' title='bbox 1585 5043 1665 5080; x_wconf 88' lang='lat' dir='ltr'><strong>me</strong></span> <span class='ocrx_word' id='word_1_812' title='bbox 1692 5028 1921 5098; x_wconf 86' lang='lat' dir='ltr'><strong>spiritus,</strong></span> <span class='ocrx_word' id='word_1_813' title='bbox 1939 5037 1983 5081; x_wconf 89' lang='lat' dir='ltr'><strong>et</strong></span> <span class='ocrx_word' id='word_1_814' title='bbox 2004 5027 2083 5081; x_wconf 89' lang='lat' dir='ltr'><strong>in-</strong></span> 
     </span>
    </p>
   </div>
   <div class='ocr_carea' id='block_1_95' title="bbox 484 5111 2084 5191">
    <p class='ocr_par' dir='ltr' id='par_1_95' title="bbox 484 5111 2084 5191">
     <span class='ocr_line' id='line_1_95' title="bbox 484 5111 2084 5191; baseline 0.008 -27"><span class='ocrx_word' id='word_1_815' title='bbox 484 5111 716 5165; x_wconf 71' lang='lat' dir='ltr'><strong>troduxit</strong></span> <span class='ocrx_word' id='word_1_816' title='bbox 740 5128 822 5165; x_wconf 89' lang='lat' dir='ltr'><strong>me</strong></span> <span class='ocrx_word' id='word_1_817' title='bbox 845 5113 914 5167; x_wconf 86' lang='lat' dir='ltr'><strong>ad</strong></span> <span class='ocrx_word' id='word_1_818' title='bbox 939 5125 1139 5186; x_wconf 89' lang='lat' dir='ltr'><strong>portam</strong></span> <span class='ocrx_word' id='word_1_819' title='bbox 1170 5117 1352 5173; x_wconf 88' lang='lat' dir='ltr'><strong>domus</strong></span> <span class='ocrx_word' id='word_1_820' title='bbox 1376 5116 1588 5174; x_wconf 89' lang='lat' dir='ltr'><strong>Domini</strong></span> <span class='ocrx_word' id='word_1_821' title='bbox 1622 5118 1941 5175; x_wconf 86' lang='lat' dir='ltr'><strong>Orientalem</strong></span> <span class='ocrx_word' id='word_1_822' title='bbox 1969 5136 2084 5191; x_wconf 78' lang='lat' dir='ltr'><strong>gnte</strong></span> 
     </span>
    </p>
   </div>
   <div class='ocr_carea' id='block_1_96' title="bbox 481 5204 2083 5285">
    <p class='ocr_par' dir='ltr' id='par_1_96' title="bbox 481 5204 2083 5285">
     <span class='ocr_line' id='line_1_96' title="bbox 481 5204 2083 5285; baseline 0.008 -30"><span class='ocrx_word' id='word_1_823' title='bbox 481 5204 691 5277; x_wconf 81' lang='lat' dir='ltr'><strong>respicit</strong></span> <span class='ocrx_word' id='word_1_824' title='bbox 717 5205 844 5261; x_wconf 88' lang='lat' dir='ltr'><strong>solis</strong></span> <span class='ocrx_word' id='word_1_825' title='bbox 873 5214 1065 5263; x_wconf 88' lang='lat' dir='ltr'><strong>ortum.</strong></span> <span class='ocrx_word' id='word_1_826' title='bbox 1089 5210 1224 5278; x_wconf 85' lang='lat' dir='ltr'><strong>Quia</strong></span> <span class='ocrx_word' id='word_1_827' title='bbox 1254 5225 1476 5282; x_wconf 87' lang='lat' dir='ltr'><strong>egressa</strong></span> <span class='ocrx_word' id='word_1_828' title='bbox 1499 5222 1585 5268; x_wconf 87' lang='lat' dir='ltr'><strong>est</strong></span> <span class='ocrx_word' id='word_1_829' title='bbox 1610 5214 1782 5285; x_wconf 83' lang='lat' dir='ltr'><strong>gloria</strong></span> <span class='ocrx_word' id='word_1_830' title='bbox 1810 5213 2028 5268; x_wconf 91' lang='lat' dir='ltr'><strong>Domini</strong></span> <span class='ocrx_word' id='word_1_831' title='bbox 2053 5228 2083 5268; x_wconf 90' lang='lat' dir='ltr'><strong>a</strong></span> 
     </span>
    </p>
   </div>
   <div class='ocr_carea' id='block_1_97' title="bbox 479 5296 2085 5379">
    <p class='ocr_par' dir='ltr' id='par_1_97' title="bbox 479 5296 2085 5379">
     <span class='ocr_line' id='line_1_97' title="bbox 479 5296 2085 5379; baseline 0.007 -27"><span class='ocrx_word' id='word_1_832' title='bbox 479 5296 671 5355; x_wconf 90' lang='lat' dir='ltr'><strong>limine</strong></span> <span class='ocrx_word' id='word_1_833' title='bbox 697 5300 914 5370; x_wconf 90' lang='lat' dir='ltr'><strong>templi,</strong></span> <span class='ocrx_word' id='word_1_834' title='bbox 947 5310 1004 5357; x_wconf 91' lang='lat' dir='ltr'><strong>et</strong></span> <span class='ocrx_word' id='word_1_835' title='bbox 1028 5306 1183 5370; x_wconf 77' lang='lat' dir='ltr'><strong>stetit</strong></span> <span class='ocrx_word' id='word_1_836' title='bbox 1220 5319 1384 5376; x_wconf 90' lang='lat' dir='ltr'><strong>super</strong></span> <span class='ocrx_word' id='word_1_837' title='bbox 1423 5304 1757 5374; x_wconf 88' lang='lat' dir='ltr'><strong>Cherubim;</strong></span> <span class='ocrx_word' id='word_1_838' title='bbox 1788 5319 2085 5379; x_wconf 90' lang='lat' dir='ltr'><strong>posteaque</strong></span> 
     </span>
    </p>
   </div>
   <div class='ocr_carea' id='block_1_98' title="bbox 481 5393 2085 5474">
    <p class='ocr_par' dir='ltr' id='par_1_98' title="bbox 481 5393 2085 5474">
     <span class='ocr_line' id='line_1_98' title="bbox 481 5393 2085 5474; baseline 0.007 -27"><span class='ocrx_word' id='word_1_839' title='bbox 481 5393 830 5451; x_wconf 87' lang='lat' dir='ltr'><strong>avolantibus</strong></span> <span class='ocrx_word' id='word_1_840' title='bbox 857 5394 1156 5452; x_wconf 89' lang='lat' dir='ltr'><strong>Cherubim</strong></span> <span class='ocrx_word' id='word_1_841' title='bbox 1176 5443 1189 5467; x_wconf 98' lang='lat'><strong>,</strong></span> <span class='ocrx_word' id='word_1_842' title='bbox 1221 5400 1378 5455; x_wconf 90' lang='lat' dir='ltr'><strong>stetit</strong></span> <span class='ocrx_word' id='word_1_843' title='bbox 1415 5401 1530 5472; x_wconf 90' lang='lat' dir='ltr'><strong>ipsa</strong></span> <span class='ocrx_word' id='word_1_844' title='bbox 1561 5402 1736 5474; x_wconf 85' lang='lat' dir='ltr'><strong>gloria</strong></span> <span class='ocrx_word' id='word_1_845' title='bbox 1774 5402 1827 5457; x_wconf 92' lang='lat' dir='ltr'><strong>in</strong></span> <span class='ocrx_word' id='word_1_846' title='bbox 1860 5402 2085 5458; x_wconf 90' lang='lat' dir='ltr'><strong>introitu</strong></span> 
     </span>
    </p>
   </div>
   <div class='ocr_carea' id='block_1_99' title="bbox 481 5487 2086 5566">
    <p class='ocr_par' dir='ltr' id='par_1_99' title="bbox 481 5487 2086 5566">
     <span class='ocr_line' id='line_1_99' title="bbox 481 5487 2086 5566; baseline 0.006 -25"><span class='ocrx_word' id='word_1_847' title='bbox 481 5497 654 5559; x_wconf 78' lang='lat' dir='ltr'><strong>porta:</strong></span> <span class='ocrx_word' id='word_1_848' title='bbox 683 5487 881 5547; x_wconf 90' lang='lat' dir='ltr'><strong>domus</strong></span> <span class='ocrx_word' id='word_1_849' title='bbox 928 5490 1145 5549; x_wconf 90' lang='lat' dir='ltr'><strong>Domini</strong></span> <span class='ocrx_word' id='word_1_850' title='bbox 1168 5491 1503 5563; x_wconf 88' lang='lat' dir='ltr'><strong>Orientalis,</strong></span> <span class='ocrx_word' id='word_1_851' title='bbox 1542 5503 1599 5551; x_wconf 89' lang='lat' dir='ltr'><strong>et</strong></span> <span class='ocrx_word' id='word_1_852' title='bbox 1644 5494 1910 5566; x_wconf 87' lang='lat' dir='ltr'><strong>propheta</strong></span> <span class='ocrx_word' id='word_1_853' title='bbox 1960 5494 2086 5566; x_wconf 90' lang='lat' dir='ltr'><strong>quia</strong></span> 
     </span>
    </p>
   </div>
   <div class='ocr_carea' id='block_1_100' title="bbox 562 5620 2080 5701">
    <p class='ocr_par' dir='ltr' id='par_1_100' title="bbox 562 5620 2080 5701">
     <span class='ocr_line' id='line_1_100' title="bbox 562 5620 2080 5701; baseline 0.007 -26"><span class='ocrx_word' id='word_1_854' title='bbox 562 5631 588 5658; x_wconf 73' lang='grc' dir='ltr'>η</span> <span class='ocrx_word' id='word_1_855' title='bbox 617 5620 994 5701; x_wconf 55' lang='grc' dir='ltr'><strong>Εεριιιιιιᾷιηιιε</strong></span> <span class='ocrx_word' id='word_1_856' title='bbox 1036 5643 1166 5684; x_wconf 88' lang='lat' dir='ltr'><strong>mss.</strong></span> <span class='ocrx_word' id='word_1_857' title='bbox 1208 5645 1314 5699; x_wconf 90' lang='lat' dir='ltr'><strong>ope</strong></span> <span class='ocrx_word' id='word_1_858' title='bbox 1358 5629 1782 5701; x_wconf 86' lang='lat' dir='ltr'><strong>subsequentem</strong></span> <span class='ocrx_word' id='word_1_859' title='bbox 1836 5631 2080 5686; x_wconf 87' lang='lat' dir='ltr'><strong>versicu-</strong></span> 
     </span>
    </p>
   </div>
   <div class='ocr_carea' id='block_1_101' title="bbox 490 5694 2076 5777">
    <p class='ocr_par' dir='ltr' id='par_1_101' title="bbox 490 5694 2076 5777">
     <span class='ocr_line' id='line_1_101' title="bbox 490 5694 2076 5777; baseline 0.003 -26"><span class='ocrx_word' id='word_1_860' title='bbox 490 5694 601 5777; x_wconf 79' lang='lat' dir='ltr'><strong>lum</strong></span> <span class='ocrx_word' id='word_1_861' title='bbox 622 5736 637 5760; x_wconf 89' lang='lat'><strong>,</strong></span> <span class='ocrx_word' id='word_1_862' title='bbox 665 5694 803 5777; x_wconf 67' lang='lat' dir='ltr'><strong>Quia</strong></span> <span class='ocrx_word' id='word_1_863' title='bbox 842 5698 899 5777; x_wconf 77' lang='lat' dir='ltr'><strong>in</strong></span> <span class='ocrx_word' id='word_1_864' title='bbox 945 5702 1231 5777; x_wconf 60' lang='lat' dir='ltr'><strong>praeceptis</strong></span> <span class='ocrx_word' id='word_1_865' title='bbox 1249 5694 1376 5758; x_wconf 78' lang='lat' dir='ltr'><strong>meis</strong></span> <span class='ocrx_word' id='word_1_866' title='bbox 1406 5717 1508 5777; x_wconf 83' lang='lat' dir='ltr'><strong>non</strong></span> <span class='ocrx_word' id='word_1_867' title='bbox 1543 5694 1890 5777; x_wconf 61' lang='lat' dir='ltr'><strong>&#39;ambulastis,</strong></span> <span class='ocrx_word' id='word_1_868' title='bbox 1922 5711 2029 5757; x_wconf 89' lang='lat' dir='ltr'><strong>etc.</strong></span> <span class='ocrx_word' id='word_1_869' title='bbox 2059 5743 2076 5770; x_wconf 92' lang='lat'><strong>,</strong></span> 
     </span>
    </p>
   </div>
   <div class='ocr_carea' id='block_1_102' title="bbox 490 5767 2078 5841">
    <p class='ocr_par' dir='ltr' id='par_1_102' title="bbox 490 5767 2078 5841">
     <span class='ocr_line' id='line_1_102' title="bbox 490 5767 2078 5841; baseline 0.004 -19"><span class='ocrx_word' id='word_1_870' title='bbox 490 5767 616 5839; x_wconf 85' lang='lat' dir='ltr'><strong>quia</strong></span> <span class='ocrx_word' id='word_1_871' title='bbox 662 5767 765 5840; x_wconf 79' lang='lat' dir='ltr'><strong>hic</strong></span> <span class='ocrx_word' id='word_1_872' title='bbox 797 5767 998 5825; x_wconf 83' lang='lat' dir='ltr'><strong>nedum</strong></span> <span class='ocrx_word' id='word_1_873' title='bbox 1031 5773 1339 5841; x_wconf 81' lang='lat' dir='ltr'><strong>superﬂuo,</strong></span> <span class='ocrx_word' id='word_1_874' title='bbox 1365 5773 1461 5830; x_wconf 87' lang='lat' dir='ltr'><strong>sed</strong></span> <span class='ocrx_word' id='word_1_875' title='bbox 1501 5784 1553 5831; x_wconf 85' lang='lat' dir='ltr'><strong>et</strong></span> <span class='ocrx_word' id='word_1_876' title='bbox 1580 5774 1923 5830; x_wconf 87' lang='lat' dir='ltr'><strong>incommoda</strong></span> <span class='ocrx_word' id='word_1_877' title='bbox 1947 5767 2078 5831; x_wconf 44' lang='lat' dir='ltr'><strong>con;</strong></span> 
     </span>
    </p>
   </div>
   <div class='ocr_carea' id='block_1_103' title="bbox 2191 4652 3889 4727">
    <p class='ocr_par' dir='ltr' id='par_1_103' title="bbox 2191 4652 3889 4727">
     <span class='ocr_line' id='line_1_103' title="bbox 2191 4652 3889 4727; baseline -0.006 -15"><span class='ocrx_word' id='word_1_878' title='bbox 2191 4671 2399 4727; x_wconf 89' lang='lat' dir='ltr'><strong>nosque</strong></span> <span class='ocrx_word' id='word_1_879' title='bbox 2428 4671 2526 4725; x_wconf 94' lang='lat' dir='ltr'><strong>pro</strong></span> <span class='ocrx_word' id='word_1_880' title='bbox 2551 4653 2844 4721; x_wconf 89' lang='lat' dir='ltr'><strong>carnibus,</strong></span> <span class='ocrx_word' id='word_1_881' title='bbox 2877 4659 2938 4707; x_wconf 89' lang='lat' dir='ltr'><strong>ut</strong></span> <span class='ocrx_word' id='word_1_882' title='bbox 2980 4652 3033 4706; x_wconf 91' lang='lat' dir='ltr'><strong>in</strong></span> <span class='ocrx_word' id='word_1_883' title='bbox 3076 4666 3138 4707; x_wconf 89' lang='lat' dir='ltr'><strong>ea</strong></span> <span class='ocrx_word' id='word_1_884' title='bbox 3172 4664 3560 4705; x_wconf 88' lang='lat' dir='ltr'><strong>consumamur</strong></span> <span class='ocrx_word' id='word_1_885' title='bbox 3581 4656 3635 4703; x_wconf 92' lang='lat' dir='ltr'><strong>et</strong></span> <span class='ocrx_word' id='word_1_886' title='bbox 3662 4662 3805 4702; x_wconf 82' lang='lat' dir='ltr'><strong>con-</strong></span> <span class='ocrx_word' id='word_1_887' title='bbox 3884 4716 3889 4721; x_wconf 28' lang='grc' dir='ltr'><strong>η</strong></span> 
     </span>
    </p>
   </div>
   <div class='ocr_carea' id='block_1_104' title="bbox 2189 4741 3798 4818">
    <p class='ocr_par' dir='ltr' id='par_1_104' title="bbox 2189 4741 3798 4818">
     <span class='ocr_line' id='line_1_104' title="bbox 2189 4741 3798 4818; baseline -0.006 -13"><span class='ocrx_word' id='word_1_888' title='bbox 2189 4764 2526 4813; x_wconf 87' lang='lat' dir='ltr'><strong>crememur,</strong></span> <span class='ocrx_word' id='word_1_889' title='bbox 2556 4748 2716 4818; x_wconf 79' lang='lat' dir='ltr'><strong>juxta</strong></span> <span class='ocrx_word' id='word_1_890' title='bbox 2750 4744 2883 4800; x_wconf 90' lang='lat' dir='ltr'><strong>illud</strong></span> <span class='ocrx_word' id='word_1_891' title='bbox 2915 4743 3061 4815; x_wconf 93' lang='lat' dir='ltr'><strong>quod</strong></span> <span class='ocrx_word' id='word_1_892' title='bbox 3103 4745 3156 4797; x_wconf 90' lang='lat' dir='ltr'><strong>in</strong></span> <span class='ocrx_word' id='word_1_893' title='bbox 3190 4742 3328 4797; x_wconf 89' lang='lat' dir='ltr'><strong>Isaia</strong></span> <span class='ocrx_word' id='word_1_894' title='bbox 3370 4741 3631 4810; x_wconf 89' lang='lat' dir='ltr'><strong>scriptum</strong></span> <span class='ocrx_word' id='word_1_895' title='bbox 3662 4748 3798 4796; x_wconf 87' lang='lat' dir='ltr'><strong>est:</strong></span> 
     </span>
    </p>
   </div>
   <div class='ocr_carea' id='block_1_105' title="bbox 2193 4832 3797 4911">
    <p class='ocr_par' dir='ltr' id='par_1_105' title="bbox 2193 4832 3797 4911">
     <span class='ocr_line' id='line_1_105' title="bbox 2193 4832 3797 4911; baseline -0.006 -14"><span class='ocrx_word' id='word_1_896' title='bbox 2193 4842 2495 4911; x_wconf 87' lang='lat' dir='ltr'><strong>Tempestas</strong></span> <span class='ocrx_word' id='word_1_897' title='bbox 2525 4843 2570 4895; x_wconf 93' lang='lat' dir='ltr'><strong>si</strong></span> <span class='ocrx_word' id='word_1_898' title='bbox 2600 4839 2888 4901; x_wconf 83' lang='lat' dir='ltr'><strong>transierit,</strong></span> <span class='ocrx_word' id='word_1_899' title='bbox 2914 4853 3017 4891; x_wconf 88' lang='lat' dir='ltr'><strong>non</strong></span> <span class='ocrx_word' id='word_1_900' title='bbox 3049 4845 3273 4890; x_wconf 85' lang='lat' dir='ltr'><strong>assumet</strong></span> <span class='ocrx_word' id='word_1_901' title='bbox 3297 4851 3390 4889; x_wconf 90' lang='lat' dir='ltr'><strong>nos</strong></span> <span class='ocrx_word' id='word_1_902' title='bbox 3415 4832 3574 4905; x_wconf 88' lang='lat' dir='ltr'><strong>(Isai.</strong></span> <span class='ocrx_word' id='word_1_903' title='bbox 3594 4848 3797 4903; x_wconf 78' lang='lat' dir='ltr'><strong>xxvnt,</strong></span> 
     </span>
    </p>
   </div>
   <div class='ocr_carea' id='block_1_106' title="bbox 2191 4927 3800 5007">
    <p class='ocr_par' dir='ltr' id='par_1_106' title="bbox 2191 4927 3800 5007">
     <span class='ocr_line' id='line_1_106' title="bbox 2191 4927 3800 5007; baseline -0.005 -16"><span class='ocrx_word' id='word_1_904' title='bbox 2191 4936 2305 5007; x_wconf 79' lang='grc'><strong>15).</strong></span> <span class='ocrx_word' id='word_1_905' title='bbox 2340 4934 2450 4989; x_wconf 92' lang='lat' dir='ltr'><strong>Illis</strong></span> <span class='ocrx_word' id='word_1_906' title='bbox 2482 4935 2584 4989; x_wconf 87' lang='lat' dir='ltr'><strong>ista</strong></span> <span class='ocrx_word' id='word_1_907' title='bbox 2627 4930 2938 4988; x_wconf 88' lang='lat' dir='ltr'><strong>dicentibus</strong></span> <span class='ocrx_word' id='word_1_908' title='bbox 2961 4972 2975 4998; x_wconf 97' lang='lat'><strong>,</strong></span> <span class='ocrx_word' id='word_1_909' title='bbox 3007 4930 3168 4985; x_wconf 90' lang='lat' dir='ltr'><strong>irruit</strong></span> <span class='ocrx_word' id='word_1_910' title='bbox 3196 4930 3251 4983; x_wconf 91' lang='lat' dir='ltr'><strong>in</strong></span> <span class='ocrx_word' id='word_1_911' title='bbox 3281 4927 3601 4999; x_wconf 88' lang='lat' dir='ltr'><strong>prophetam</strong></span> <span class='ocrx_word' id='word_1_912' title='bbox 3630 4928 3800 4998; x_wconf 82' lang='lat' dir='ltr'><strong>spiri-</strong></span> 
     </span>
    </p>
   </div>
   <div class='ocr_carea' id='block_1_107' title="bbox 2191 5020 3795 5092">
    <p class='ocr_par' dir='ltr' id='par_1_107' title="bbox 2191 5020 3795 5092">
     <span class='ocr_line' id='line_1_107' title="bbox 2191 5020 3795 5092; baseline -0.003 -12"><span class='ocrx_word' id='word_1_913' title='bbox 2191 5034 2274 5080; x_wconf 90' lang='lat' dir='ltr'><strong>tus</strong></span> <span class='ocrx_word' id='word_1_914' title='bbox 2305 5025 2553 5089; x_wconf 90' lang='lat' dir='ltr'><strong>Domini;</strong></span> <span class='ocrx_word' id='word_1_915' title='bbox 2581 5035 2637 5080; x_wconf 90' lang='lat' dir='ltr'><strong>et</strong></span> <span class='ocrx_word' id='word_1_916' title='bbox 2679 5022 2923 5080; x_wconf 87' lang='lat' dir='ltr'><strong>secundo</strong></span> <span class='ocrx_word' id='word_1_917' title='bbox 2964 5020 3211 5092; x_wconf 70' lang='lat' dir='ltr'><strong>prmeipit</strong></span> <span class='ocrx_word' id='word_1_918' title='bbox 3255 5030 3312 5075; x_wconf 94' lang='lat' dir='ltr'><strong>ut</strong></span> <span class='ocrx_word' id='word_1_919' title='bbox 3358 5020 3707 5084; x_wconf 88' lang='lat' dir='ltr'><strong>vaticinetur,</strong></span> <span class='ocrx_word' id='word_1_920' title='bbox 3736 5028 3795 5075; x_wconf 85' lang='lat' dir='ltr'><strong>et</strong></span> 
     </span>
    </p>
   </div>
   <div class='ocr_carea' id='block_1_108' title="bbox 2178 5111 3788 5185">
    <p class='ocr_par' dir='ltr' id='par_1_108' title="bbox 2178 5111 3788 5185">
     <span class='ocr_line' id='line_1_108' title="bbox 2178 5111 3788 5185; baseline -0.004 -11"><span class='ocrx_word' id='word_1_921' title='bbox 2178 5119 2357 5175; x_wconf 89' lang='lat' dir='ltr'><strong>dicat:</strong></span> <span class='ocrx_word' id='word_1_922' title='bbox 2387 5117 2651 5185; x_wconf 88' lang='lat' dir='ltr'><strong>Quoniam</strong></span> <span class='ocrx_word' id='word_1_923' title='bbox 2685 5117 2784 5169; x_wconf 92' lang='lat' dir='ltr'><strong>ista</strong></span> <span class='ocrx_word' id='word_1_924' title='bbox 2812 5115 3136 5184; x_wconf 43' lang='lat' dir='ltr'><strong>dixistis,&#39;et</strong></span> <span class='ocrx_word' id='word_1_925' title='bbox 3182 5111 3433 5169; x_wconf 89' lang='lat' dir='ltr'><strong>cordium</strong></span> <span class='ocrx_word' id='word_1_926' title='bbox 3465 5122 3788 5168; x_wconf 89' lang='lat' dir='ltr'><strong>vestrorum</strong></span> 
     </span>
    </p>
   </div>
   <div class='ocr_carea' id='block_1_109' title="bbox 2188 5205 3789 5278">
    <p class='ocr_par' dir='ltr' id='par_1_109' title="bbox 2188 5205 3789 5278">
     <span class='ocr_line' id='line_1_109' title="bbox 2188 5205 3789 5278; baseline -0.005 -12"><span class='ocrx_word' id='word_1_927' title='bbox 2188 5226 2275 5266; x_wconf 89' lang='lat' dir='ltr'><strong>me</strong></span> <span class='ocrx_word' id='word_1_928' title='bbox 2298 5218 2507 5266; x_wconf 89' lang='lat' dir='ltr'><strong>secreta</strong></span> <span class='ocrx_word' id='word_1_929' title='bbox 2539 5223 2646 5263; x_wconf 91' lang='lat' dir='ltr'><strong>non</strong></span> <span class='ocrx_word' id='word_1_930' title='bbox 2670 5207 2890 5272; x_wconf 81' lang='lat' dir='ltr'><strong>fallunt,</strong></span> <span class='ocrx_word' id='word_1_931' title='bbox 2914 5220 3018 5278; x_wconf 88' lang='lat' dir='ltr'><strong>ego</strong></span> <span class='ocrx_word' id='word_1_932' title='bbox 3043 5205 3198 5260; x_wconf 92' lang='lat' dir='ltr'><strong>vobis</strong></span> <span class='ocrx_word' id='word_1_933' title='bbox 3224 5205 3626 5275; x_wconf 88' lang='lat' dir='ltr'><strong>interpretabor</strong></span> <span class='ocrx_word' id='word_1_934' title='bbox 3647 5218 3789 5273; x_wconf 87' lang='lat' dir='ltr'><strong>quo-</strong></span> 
     </span>
    </p>
   </div>
   <div class='ocr_carea' id='block_1_110' title="bbox 2189 5298 3794 5366">
    <p class='ocr_par' dir='ltr' id='par_1_110' title="bbox 2189 5298 3794 5366">
     <span class='ocr_line' id='line_1_110' title="bbox 2189 5298 3794 5366; baseline -0.004 -8"><span class='ocrx_word' id='word_1_935' title='bbox 2189 5306 2352 5359; x_wconf 89' lang='lat' dir='ltr'><strong>modo</strong></span> <span class='ocrx_word' id='word_1_936' title='bbox 2400 5300 2593 5357; x_wconf 89' lang='lat' dir='ltr'><strong>civitas</strong></span> <span class='ocrx_word' id='word_1_937' title='bbox 2627 5300 2680 5355; x_wconf 92' lang='lat' dir='ltr'><strong>in</strong></span> <span class='ocrx_word' id='word_1_938' title='bbox 2723 5299 2993 5364; x_wconf 88' lang='lat' dir='ltr'><strong>lebetem,</strong></span> <span class='ocrx_word' id='word_1_939' title='bbox 3023 5309 3079 5353; x_wconf 91' lang='lat' dir='ltr'><strong>et</strong></span> <span class='ocrx_word' id='word_1_940' title='bbox 3108 5312 3210 5352; x_wconf 91' lang='lat' dir='ltr'><strong>vos</strong></span> <span class='ocrx_word' id='word_1_941' title='bbox 3251 5298 3304 5353; x_wconf 91' lang='lat' dir='ltr'><strong>in</strong></span> <span class='ocrx_word' id='word_1_942' title='bbox 3336 5311 3533 5352; x_wconf 84' lang='lat' dir='ltr'><strong>carnes</strong></span> <span class='ocrx_word' id='word_1_943' title='bbox 3573 5306 3794 5366; x_wconf 89' lang='lat' dir='ltr'><strong>repute-</strong></span> 
     </span>
    </p>
   </div>
   <div class='ocr_carea' id='block_1_111' title="bbox 2191 5390 3788 5465">
    <p class='ocr_par' dir='ltr' id='par_1_111' title="bbox 2191 5390 3788 5465">
     <span class='ocr_line' id='line_1_111' title="bbox 2191 5390 3788 5465; baseline -0.004 -12"><span class='ocrx_word' id='word_1_944' title='bbox 2191 5397 2363 5454; x_wconf 90' lang='lat' dir='ltr'><strong>mini:</strong></span> <span class='ocrx_word' id='word_1_945' title='bbox 2398 5412 2505 5451; x_wconf 89' lang='lat' dir='ltr'><strong>non</strong></span> <span class='ocrx_word' id='word_1_946' title='bbox 2548 5395 2702 5465; x_wconf 84' lang='lat' dir='ltr'><strong>juxta</strong></span> <span class='ocrx_word' id='word_1_947' title='bbox 2746 5394 2902 5449; x_wconf 90' lang='lat' dir='ltr'><strong>illum</strong></span> <span class='ocrx_word' id='word_1_948' title='bbox 2943 5408 3169 5448; x_wconf 89' lang='lat' dir='ltr'><strong>sensum</strong></span> <span class='ocrx_word' id='word_1_949' title='bbox 3214 5406 3378 5463; x_wconf 90' lang='lat' dir='ltr'><strong>quem</strong></span> <span class='ocrx_word' id='word_1_950' title='bbox 3423 5390 3586 5447; x_wconf 90' lang='lat' dir='ltr'><strong>locuti</strong></span> <span class='ocrx_word' id='word_1_951' title='bbox 3615 5390 3788 5457; x_wconf 89' lang='lat' dir='ltr'><strong>estis;</strong></span> 
     </span>
    </p>
   </div>
   <div class='ocr_carea' id='block_1_112' title="bbox 2192 5485 3792 5563">
    <p class='ocr_par' dir='ltr' id='par_1_112' title="bbox 2192 5485 3792 5563">
     <span class='ocr_line' id='line_1_112' title="bbox 2192 5485 3792 5563; baseline -0.006 -13"><span class='ocrx_word' id='word_1_952' title='bbox 2192 5492 2289 5550; x_wconf 86' lang='lat' dir='ltr'><strong>sed</strong></span> <span class='ocrx_word' id='word_1_953' title='bbox 2316 5492 2473 5563; x_wconf 81' lang='lat' dir='ltr'><strong>juxta</strong></span> <span class='ocrx_word' id='word_1_954' title='bbox 2502 5489 2736 5546; x_wconf 88' lang='lat' dir='ltr'><strong>alterum</strong></span> <span class='ocrx_word' id='word_1_955' title='bbox 2762 5503 2923 5561; x_wconf 90' lang='lat' dir='ltr'><strong>quem</strong></span> <span class='ocrx_word' id='word_1_956' title='bbox 2952 5503 3060 5544; x_wconf 93' lang='lat' dir='ltr'><strong>non</strong></span> <span class='ocrx_word' id='word_1_957' title='bbox 3086 5487 3306 5544; x_wconf 87' lang='lat' dir='ltr'><strong>timetis.</strong></span> <span class='ocrx_word' id='word_1_958' title='bbox 3344 5485 3441 5542; x_wconf 86' lang='lat' dir='ltr'><strong>Est</strong></span> <span class='ocrx_word' id='word_1_959' title='bbox 3460 5486 3683 5558; x_wconf 87' lang='lat' dir='ltr'><strong>quidem</strong></span> <span class='ocrx_word' id='word_1_960' title='bbox 3712 5486 3792 5541; x_wconf 84' lang='lat' dir='ltr'><strong>ci-</strong></span> 
     </span>
    </p>
   </div>
   <div class='ocr_carea' id='block_1_113' title="bbox 2192 5622 3786 5713">
    <p class='ocr_par' dir='ltr' id='par_1_113' title="bbox 2192 5622 3786 5713">
     <span class='ocr_line' id='line_1_113' title="bbox 2192 5622 3786 5713; baseline -0.003 -29"><span class='ocrx_word' id='word_1_961' title='bbox 2192 5638 2369 5713; x_wconf 79' lang='lat' dir='ltr'><strong>textus</strong></span> <span class='ocrx_word' id='word_1_962' title='bbox 2399 5627 2544 5685; x_wconf 87' lang='lat' dir='ltr'><strong>serie</strong></span> <span class='ocrx_word' id='word_1_963' title='bbox 2575 5626 2931 5698; x_wconf 87' lang='lat' dir='ltr'><strong>recitabatur,</strong></span> <span class='ocrx_word' id='word_1_964' title='bbox 2962 5640 3087 5686; x_wconf 89' lang='lat' dir='ltr'><strong>cum</strong></span> <span class='ocrx_word' id='word_1_965' title='bbox 3122 5638 3246 5683; x_wconf 83' lang='lat' dir='ltr'><strong>mox</strong></span> <span class='ocrx_word' id='word_1_966' title='bbox 3278 5637 3381 5681; x_wconf 86' lang='lat' dir='ltr'><strong>suo</strong></span> <span class='ocrx_word' id='word_1_967' title='bbox 3419 5624 3540 5681; x_wconf 91' lang='lat' dir='ltr'><strong>loco</strong></span> <span class='ocrx_word' id='word_1_968' title='bbox 3573 5622 3786 5695; x_wconf 89' lang='lat' dir='ltr'><strong>positus</strong></span> 
     </span>
    </p>
   </div>
   <div class='ocr_carea' id='block_1_114' title="bbox 2185 5713 2278 5757">
    <p class='ocr_par' dir='ltr' id='par_1_114' title="bbox 2185 5713 2278 5757">
     <span class='ocr_line' id='line_1_114' title="bbox 2185 5713 2278 5757; baseline -0.011 0"><span class='ocrx_word' id='word_1_969' title='bbox 2185 5713 2278 5757; x_wconf 79' lang='grc' dir='ltr'><strong>ειι.</strong></span> 
     </span>
    </p>
   </div>
  </div>
