3996 6322
3064 306 3124 314 συη-

228 336 291 392 97
922 332 1571 394 COMMENTARIORUII
1615 332 1680 391 IN
1721 329 2161 393 EZECIIIELEM
2202 329 2333 390 LIB.
2375 331 2464 392 III.
2505 332 2662 392 CAP.
2706 331 2800 392 XI.
3436 333 3523 393 '98

226 452 353 506 vitas
380 452 431 503 in
473 447 677 505 lebetis
711 450 1135 509 similitudinem
1159 495 1173 515 ,
1196 453 1289 507 sed
1322 466 1429 506 non
1478 454 1676 507 vestris
1726 451 1826 505 iut-
1851 458 1904 516 Α
1932 462 2118 520 pterea
2144 450 2407 517 audiunt,
2439 451 2582 522 quod
2615 467 2722 507 non
2749 449 2849 522 ipsi
2880 450 2988 505 sint
3017 460 3210 506 carnes
3235 449 3531 519 praeteritae

228 544 447 615 plebitur
472 545 780 609 carnibus;
808 563 996 602 verum
1035 562 1223 602 eorum
1268 561 1406 617 quos
1452 544 1824 601 iuterfecistis.

226 635 329 691 Vos
352 644 527 691 autem
560 638 654 707 qui
686 638 1041 694 arbitramini
1072 653 1169 692 vos
1209 638 1263 693 in
1296 637 1398 693 hac
1427 637 1563 693 urbe
1602 637 1830 692 moritu-

222 743 345 793 ros,
371 729 600 784 educam
633 729 708 785 de
741 731 931 787 medio
958 730 1198 786 civitatis
1218 775 1232 799 ,
1257 738 1313 786 et
1348 729 1559 785 tradam
1589 728 1826 785 hostium

225 823 502 878 manibus:
520 822 842 895 faciamque
869 825 923 880 in
950 824 1104 880 vobis
1116 824 1350 894 judicia;
1378 833 1436 879 ut
1463 839 1587 880 cum
1614 822 1832 880 cecide-

220 913 341 971 ritis
363 915 572 987 gladio,
607 932 959 989 nequaquam
993 918 1046 972 itt
1071 917 1227 983 urbe,
1261 933 1362 973 nec
1384 926 1535 972 extra
1562 917 1828 972 terminos

221 1006 413 1073 Israel,
448 1009 546 1065 sed
599 1010 657 1065 in
708 1010 912 1068 ﬁnibus
938 1021 1133 1066 vestra:
1181 1011 1510 1079 provinciae,
1564 1020 1690 1066 tunc
1736 1024 1829 1065 co-

217 1102 497 1172 gnoscatis
526 1101 675 1173 quod
706 1117 810 1173 ego
838 1103 942 1158 sim
971 1102 1249 1158 Dominus.
1284 1100 1651 1170 Secundoque
1691 1100 1829 1157 dici-

221 1205 311 1251 tur
335 1215 348 1250 :
380 1194 448 1250 In
471 1195 671 1266 finibus
700 1195 874 1251 Israel
896 1195 1143 1266 iudicabo
1175 1212 1285 1261 vos,
1315 1205 1365 1250 et
1391 1195 1562 1249 scietis
1589 1194 1712 1265 quia
1735 1210 1829 1265 ego

216 1307 331 1345 sum
365 1289 645 1344 Dominus.
673 1289 800 1345 Haec
835 1302 1015 1346 autem
1063 1290 1319 1345 universa
1359 1287 1674 1360 patiemini,
1704 1287 1828 1358 quia

216 1384 269 1439 in
324 1386 614 1454 prteceptis
646 1384 788 1439 meis
818 1400 926 1439 non
976 1381 1330 1446 ambulastis;
1363 1390 1419 1436 et
1457 1381 1660 1451 judicia
1710 1395 1828 1436 mea

212 1494 327 1533 non
360 1479 515 1551 107
541 1478 787 1547 fecistis,
820 1478 917 1533 sed
949 1488 1275 1533 eseterarum
1325 1475 1380 1531 in
1421 1476 1651 1531 circuitu
1696 1492 1829 1546 gett-

216 1574 351 1629 tium
380 1580 594 1630 scelera
621 1576 757 1631 estis
782 1575 1020 1645 operati.
1049 1574 1301 1644 Cumque
1342 1573 1646 1630 secundum
1683 1574 1828 1630 litte-

212 1682 334 1722 ram
365 1667 725 1723 manifestum
758 1669 836 1722 sit
865 1667 1008 1739 quod
1032 1667 1256 1733 dicitur,
1290 1667 1511 1722 omissis
1535 1681 1830 1737 parumper

211 1759 460 1817 Jewnim
484 1769 543 1816 et
570 1763 735 1825 Azur,
768 1760 997 1816 Phaltizc
1021 1770 1078 1815 et
1104 1761 1320 1830 Banaja:
1351 1760 1677 1825 nominibus,
1707 1774 1827 1829 qua:

1932 555 1987 600 et
2020 548 2245 618 perdita:
2290 549 2563 614 civitatis,
2590 550 2685 605 sed
2721 549 2773 602 hi
2816 562 2952 619 quos
3001 543 3526 613 scandalizaverint,

1932 648 1986 696 et
2011 656 2150 712 quos
2180 641 2583 698 interfecerint.
2616 631 2937 713 Idcircoque
2977 656 3145 710 super
3191 655 3289 697 eos
3317 639 3529 712 gladius

1931 733 2222 802 inducitur,
2257 746 2314 790 ut
2341 744 2624 807 postquam
2658 734 2711 790 in
2742 734 2939 790 finibus
2967 733 3137 791 Israel
3184 747 3526 805 nequaquam

1930 827 2074 884 inter
2103 838 2328 900 gentes,
2352 828 2450 885 sed
2474 830 2621 884 inter
2641 826 2981 884 Christianos
3020 826 3223 883 fuerint
3258 825 3484 897 judicati
3510 863 3529 892 ,

1932 929 2063 976 tunc
2089 931 2452 992 cognoscant,
2482 920 2633 993 quod
2679 921 2796 992 ipse
2841 921 2913 976 sit
2938 920 3203 975 Dominus
3230 917 3527 975 secundum

1932 1014 2064 1069 illud
2106 1015 2247 1085 quod
2279 1016 2331 1069 in
2359 1014 2593 1070 Psalmis
2635 1014 2829 1086 legitur
2857 1033 2870 1070 :
2899 1013 3029 1069 Cum
3057 1014 3369 1082 interﬁceret
3398 1029 3485 1068 eos
3508 1051 3527 1080 ,

1931 1108 2258 1180 requirebant
2284 1107 2435 1162 illum
2460 1106 2636 1181 (Psal.
2663 1123 2867 1174 Lxxvtt,
2887 1106 2982 1179 54)
3003 1124 3016 1162 :
3040 1115 3100 1161 ut
3126 1121 3288 1176 quem
3309 1121 3405 1176 per
3434 1105 3530 1162 be-

1932 1200 2125 1256 neficia
2160 1216 2268 1256 non
2300 1210 2620 1266 senserant,
2656 1216 2753 1271 per
2779 1208 3048 1255 tormenta
3074 1205 3430 1269 cognoscant.

2003 1296 2023 1367 (
2050 1294 2205 1350 Vers.
2242 1296 2364 1364 15.)
2388 1293 2456 1348 Et
2476 1296 2669 1369 factum
2700 1305 2774 1349 est
2801 1311 2915 1349 cum
2936 1293 3325 1365 prophetarem,
3353 1290 3524 1347 Phal-

1930 1388 2029 1442 tias
2066 1388 2210 1458 ﬁlius
2254 1386 2477 1457 Banajte
2514 1397 2745 1443 mortuus
2775 1398 2851 1442 est
2892 1404 2909 1440 :
2959 1396 3007 1442 et
3033 1388 3195 1442 cecidi
3234 1387 3290 1441 in
3340 1386 3530 1457 faciem

1931 1498 2119 1548 meam,
2152 1482 2381 1536 clamans
2410 1497 2530 1535 voce
2562 1498 2775 1555 magna,
2804 1491 2851 1536 et
2876 1481 2987 1536 dixi
3017 1497 3034 1536 :
3064 1480 3205 1549 Heu,
3236 1482 3361 1547 heu,
3388 1480 3488 1535 heu
3513 1524 3530 1551 ,

1930 1571 2151 1629 Domine
2198 1573 2338 1628 Deus
2362 1590 2381 1628 :
2407 1574 2902 1628 consummationem
2931 1584 2987 1627 tu
3026 1574 3158 1645 facis
3188 1572 3531 1644 reliquiarum

1932 1663 2510 1722 Israel?Vaticinante
2550 1665 2852 1737 propheta,
2884 1681 3023 1721 unus
3069 1682 3101 1723 e
3132 1666 3347 1721 duobus
3379 1666 3533 1737 prin-

1930 1758 2142 1828 cipibus
2174 1758 2413 1814 Phaltias
2441 1761 2583 1815 ﬁlius
2609 1760 2827 1830 Banajaz
2853 1759 3109 1828 moritur,
3139 1761 3229 1833 qui
3256 1755 3531 1832 interpre-

214 1855 271 1911 in
332 1864 551 1924 tempus
610 1854 758 1909 aliud
812 1868 1187 1920 reservamus,
1222 1853 1324 1908 hoc
1369 1851 1660 1908 dicendum
1706 1861 1821 1917 est,
1855 1849 1903 1910 B
1931 1860 2075 1907 tatur
2106 1854 2257 1906 ruina
2279 1854 2569 1920 declinans,
2597 1863 2652 1908 et
2683 1862 2768 1909 est
2797 1853 2945 1909 filius
2972 1855 3264 1920 structoris,
3295 1854 3410 1911 sive
3429 1869 3531 1910 ca:-

213 1950 358 2021 qnod
387 1964 566 2021 usque
612 1949 778 2005 hodie
808 1951 862 2005 in
897 1949 1139 2005 Ecclesia
1164 1990 1178 2014 ,
1211 1964 1332 2018 quae
1360 1959 1445 2004 est
1485 1947 1680 2004 domus
1712 1948 1820 2002 Do-

210 2044 379 2109 mini,
421 2053 479 2098 et
516 2054 649 2099 ante
692 2053 938 2112 portam,
964 2052 1019 2098 ct
1068 2044 1121 2098 in
1170 2043 1439 2111 introitu,
1490 2042 1606 2098 sive
1653 2042 1705 2097 itt
1740 2042 1824 2097 via

210 2145 415 2207 portzc,
449 2152 575 2207 quae
604 2135 885 2207 signiﬁcat
914 2136 1253 2193 Salvatorem
1272 2178 1289 2202 ,
1320 2152 1420 2208 per
1439 2151 1602 2208 quem
1645 2136 1825 2204 ingre-

207 2231 393 2287 dimur
415 2233 483 2287 ad
518 2232 740 2288 Patrem
761 2273 776 2297 ,
810 2242 937 2287 sunt
962 2232 1153 2304 viginti
1187 2232 1425 2303 quinque
1448 2230 1581 2297 viri,
1605 2230 1673 2285 ad
1701 2245 1825 2286 scn-

210 2340 311 2380 sus
341 2335 535 2380 cuncta
569 2324 894 2381 referentes.
932 2323 1001 2380 Et
1040 2333 1305 2396 quantum
1353 2340 1461 2379 non
1501 2322 1827 2394 subterfugit

209 2421 538 2476 memoriam
568 2434 775 2486 meam,
807 2434 1106 2490 numquam
1134 2418 1190 2474 in
1216 2419 1412 2474 bonam
1439 2427 1648 2489 partem
1679 2417 1826 2473 hunc

207 2531 499 2571 numerum
552 2515 705 2586 potui
757 2514 1035 2585 reperire:
1063 2514 1191 2570 licet
1215 2514 1268 2568 in
1293 2523 1318 2550 ιι
1346 2512 1594 2568 Levitico
1622 2512 1687 2566 ad
1736 2527 1824 2566 sa-

205 2609 491 2665 cerdotale
534 2608 907 2665 ministerium
952 2623 981 2662 a
1009 2608 1200 2679 viginti
1251 2606 1489 2679 quinque
1537 2605 1696 2661 annis
1726 2604 1826 2659 eli-

205 2711 439 2772 gantur;
464 2702 518 2755 in
552 2701 787 2757 Hebraeo
817 2699 966 2757 enim
1001 2716 1107 2755 non
1134 2700 1297 2755 habet
1326 2700 1471 2754 hunc
1503 2713 1817 2766 numerum,

206 2798 305 2869 qui
337 2799 387 2850 iu
416 2796 783 2868 Septuaginta
831 2796 1052 2861 dicitur,
1084 2795 1179 2850 sed
1216 2794 1596 2860 trieenarium,
1627 2793 1719 2863 qui
1768 2792 1820 2846 in

207 2893 447 2950 exordio
477 2893 643 2963 hujus
668 2893 970 2963 propheta,
993 2900 1049 2948 et
1072 2889 1287 2946 Domini
1311 2889 1621 2945 continetur
1636 2896 1819 2953 astate,

208 2990 432 3062 quando
462 2992 616 3044 venit
659 2987 726 3043 ad
756 2985 961 3043 ﬂuenta
990 2985 1282 3051 Iordanis,
1316 2993 1369 3040 et
1399 2999 1428 3038 a
1452 2982 1662 3039 Joanne
1690 2982 1821 3051 bap-

212 3083 417 3139 tizatus
446 3091 533 3137 est
562 3079 723 3149 (Luc.
757 3082 862 3150 ιιι).
886 3077 982 3135 Sin
1029 3087 1211 3134 autem
1243 3076 1295 3131 in
1340 3074 1634 3147 Evangelio
1664 3073 1824 3144 quiu-

209 3192 321 3249 que
354 3177 595 3248 virgines
622 3175 944 3247 prudentes,
975 3183 1028 3231 et
1057 3174 1299 3245 quinque
1322 3173 1501 3228 stulta:
1536 3169 1821 3240 reperiun-

1928 1943 2500 2017 ntentariimixodépo;
2526 1947 2668 1999 enim
2719 1945 2868 1999 aliud
2919 1945 2971 2000 in
3020 1946 3254 2017 linguam
3282 1955 3527 2003 nostram

1930 2038 2065 2093 verti
2114 2051 2223 2092 non
2257 2047 2456 2106 p0test.
2490 2037 2644 2093 Alter
2675 2037 2980 2108 principum
3022 2048 3276 2093 servatur
3317 2038 3531 2095 incolu-

1929 2131 2032 2186 mis
2054 2173 2068 2197 ,
2097 2129 2341 2185 Jezonias
2372 2130 2516 2184 filius
2539 2131 2705 2186 Azur.
2727 2130 2979 2187 Iezonias
3005 2147 3158 2186 aures
3182 2133 3299 2198 eius
3321 2140 3482 2188 sonat
3507 2175 3523 2201 ,

1928 2222 2074 2294 quod
2103 2222 2426 2278 subauditur
2450 2224 2670 2278 animae.
2702 2224 2842 2276 Azur
2865 2238 2996 2278 vero
3018 2222 3267 2293 fulcrum,
3291 2224 3414 2281 sive
3432 2225 3530 2279 ad-

1920 2315 2195 2386 julorium.
2231 2314 2332 2383 Qui
2364 2315 2525 2385 igitur
2568 2313 2814 2370 cadendo
2844 2329 2874 2369 a
2917 2313 3151 2372 Domino
3192 2315 3531 2385 declinarat,

1928 2417 1985 2463 et
2008 2416 2128 2463 erat
2155 2406 2535 2463 aedificationis
2562 2408 2818 2478 pessima:
2838 2452 2853 2477 ,
2879 2419 3029 2464 recte
3059 2407 3245 2476 cadit,
3289 2411 3528 2481 prophe-

1928 2508 2081 2556 tante
2112 2516 2209 2567 eo,
2255 2515 2419 2572 quem
2467 2501 2793 2556 confortavit
2824 2500 2990 2557 Deus.
3036 2501 3140 2569 Qui
3178 2512 3358 2558 autem
3389 2518 3529 2574 pra:-

1926 2594 2100 2665 ceptis
2121 2593 2412 2650 obediebat
2441 2592 2576 2660 Dei,
2607 2604 2662 2648 et
2692 2593 2839 2649 illius
2879 2594 3285 2651 sustentabatur
3312 2610 3378 2651 ac
3422 2595 3530 2651 ful-

1927 2687 2173 2743 eiebatur
2198 2686 2401 2742 auxilio
2422 2727 2437 2751 ,
2468 2694 2617 2742 recte
2660 2686 2714 2741 in
2742 2686 2972 2759 imperio
3005 2687 3189 2759 populi
3222 2696 3528 2758 permanet.

1926 2779 2184 2851 Legimus
2216 2781 2267 2835 in
2298 2778 2487 2835 Exodo
2515 2779 2670 2850 (Cap.
2698 2782 2758 2850 ιι)
2789 2820 2805 2846 ,
2837 2788 3055 2835 mortuo
3082 2779 3369 2837 Pharaone
3398 2795 3527 2853 rege

1929 2873 2173 2945 Egypti,
2194 2873 2526 2942 ingemuisse
2552 2872 2696 2928 filios
2720 2872 2884 2929 Israel
2912 2873 2984 2927 ab
3009 2873 3265 2944 operibus
3290 2873 3409 2939 luti,
3432 2887 3532 2945 pa-

1926 2967 2132 3022 learum
2158 2982 2223 3022 ac
2248 2967 2502 3033 laterum,
2527 2973 2584 3021 et
2611 2965 2881 3022 clamasse
2910 2964 2977 3020 ad
3009 2964 3523 3036 Dominum,quem,

1928 3060 2023 3115 illo
2058 3060 2305 3122 vivente.
2342 3059 2641 3114 inclamare
2668 3073 2774 3115 non
2808 3067 3082 3129 poterant.
3117 3058 3284 3115 Isaias
3308 3074 3527 3131 quoque

1928 3154 2079 3227 (Cap.
2104 3153 2202 3226 vt),
2231 3165 2444 3209 mortuo
2465 3153 2589 3210 Osia
2616 3169 2743 3225 rege
2778 3153 3026 3224 leproso,
3061 3153 3194 3210 vidit
3233 3154 3523 3210 Dominum

211 3240 301 3325 {ut
327 3240 543 3342 (καῖιη,
581 3240 738 3341 xiv),
772 3240 1013 3325 sciamus
1043 3240 1187 3322 h'unc
1214 3240 1517 3321 ’,ιυηιετυιη
1553 3265 1608 3319 in
1640 3262 1820 3318 medio
1848 3240 1893 3305 C
1925 3247 2205 3303 sedentem
2239 3263 2406 3317 super
2438 3247 2689 3303 thronum
2720 3247 2999 3305 excelsum
3033 3257 3088 3304 et
3130 3248 3440 3317 elevatum,
3468 3257 3526 3306 et

209 3363 483 3433 positum,
509 3372 567 3417 et
597 3376 698 3433 pro
736 3360 1000 3431 qualitate
1045 3358 1345 3424 utentium,
1381 3356 1467 3412 vel
1510 3356 1576 3411 ad
1624 3355 1817 3410 bonam

210 3457 298 3513 vel
327 3457 395 3511 ad
418 3457 619 3512 malam
645 3466 859 3526 partem
900 3470 1057 3525 posse
1085 3453 1347 3509 conferri.
1380 3452 1443 3507 Hi
1485 3451 1650 3523 igitur
1676 3450 1774 3505 viri
1802 3490 1819 3517 ,

210 3551 301 3621 qui
336 3560 531 3605 cuneta
557 3549 626 3603 ad
654 3562 852 3605 sensus
880 3548 1159 3614 referunt,
1188 3554 1244 3601 et
1277 3546 1475 3601 habent
1499 3543 1637 3599 duos
1666 3541 1821 3615 prin-

213 3641 398 3714 cipes,
426 3643 496 3699 de
541 3643 740 3712 quibus
771 3656 937 3712 supra
964 3641 1237 3705 diximus,
1260 3639 1402 3695 duali
1434 3652 1660 3694 numero
1691 3652 1822 3693 con-

216 3736 485 3799 tinentur,
514 3736 607 3806 qui
650 3735 855 3792 scindit
901 3733 1198 3801 unitatem,
1244 3733 1383 3789 etin
1416 3730 1669 3787 secunda:
1710 3729 1821 3786 diei

214 3846 449 3886 numero
472 3846 585 3886 non
614 3829 833 3886 videtur
862 3844 889 3884 a
922 3827 1172 3893 Domino,
1198 3828 1349 3899 juxta
1381 3826 1698 3883 Hebraieam
1731 3840 1821 3881 ve-

213 3924 457 3980 ritatem.
490 3923 643 3981 Unde
674 3934 730 3978 et
758 3923 814 3978 in
842 3924 981 3979 Area
1012 3920 1150 3991 Noe,
1182 3920 1304 3976 bina
1328 3928 1385 3977 et
1414 3920 1538 3976 bina
1566 3918 1819 3975 introdu-

213 4027 411 4073 cuntur
432 4017 715 4072 immunda
742 4014 956 4088 (Cenes.
983 4014 1081 4086 vt).
1113 4013 1374 4069 Dominus
1395 4019 1575 4067 autem
1604 4010 1822 4067 scissioc

216 4126 345 4167 nem
374 4112 429 4167 in
475 4128 641 4167 unum
678 4120 998 4177 coarctans,
1036 4108 1165 4166 fecit
1194 4118 1486 4179 utrumque
1533 4123 1730 4174 unum,
1765 4116 1821 4164 et

218 4206 381 4263 solvit
422 4207 663 4263 medium
706 4206 1007 4277 parietem,
1061 4204 1373 4259 inimicitias
1424 4202 1478 4257 in
1505 4216 1603 4257 sua
1648 4216 1819 4257 carne

218 4308 589 4365 eondemnans
622 4306 843 4380 (Ephes.
878 4307 961 4377 ιι).
997 4303 1157 4362 Unde
1183 4311 1239 4359 et
1265 4302 1545 4374 augustius
1576 4300 1705 4371 quid
1733 4301 1818 4355 lo-

221 4402 402 4473 quitur
429 4412 593 4473 atque
629 4400 952 4455 sublimius:
987 4396 1103 4470 Ego
1147 4406 1194 4452 et
1224 4394 1387 4451 Pater
1434 4410 1595 4448 unum
1643 4409 1818 4447 sumus

225 4493 405 4565 (Joan.
440 4511 471 4549 x
495 4540 508 4562 ,
543 4493 625 4563 3),
656 4500 718 4547 ut
767 4506 798 4547 a
840 4489 1064 4547 Iudaica
1107 4489 1407 4553 dualitate,
1453 4487 1507 4542 in
1557 4486 1816 4542 unioncm

226 4601 325 4643 nos
359 4596 581 4644 revocet
622 4585 747 4641 fidei
781 4583 1127 4640 Christianae.
1179 4581 1456 4652 Denique,
1499 4578 1814 4650 pontificatu

1926 3343 2212 3413 Serapltim
2237 3343 2432 3397 stantia
2456 3344 2597 3398 circa
2620 3358 2743 3398 eum
2767 3360 2781 3411 ;
2804 3342 3219 3413 intelligensque
3242 3343 3524 3401 immunda

1926 3437 2125 3493 habere
2148 3453 2207 3493 se
2235 3437 2471 3502 Iabia,et
2499 3437 2743 3494 habitare
2765 3438 2819 3493 in
2851 3438 3049 3509 populo
3080 3439 3357 3494 immunda
3380 3438 3522 3495 labia

1925 3529 2192 3597 habente,
2225 3539 2468 3586 meretur
2497 3539 2552 3585 ut
2580 3531 2649 3586 de
2677 3531 2837 3586 altari
2864 3530 3028 3587 carbo
3056 3531 3328 3599 mittatur,
3358 3542 3413 3587 et
3437 3530 3522 3586 la-

1925 3623 2009 3678 bia
2031 3623 2151 3692 ejus
2200 3633 2395 3694 purget
2447 3624 2743 3679 immunda.
2779 3624 2877 3679 Hic
2910 3633 3129 3690 autem,
3160 3622 3523 3695 prophetante

1924 3718 2244 3775 fortitudine
2283 3719 2410 3787 Dei,
2455 3719 2707 3790 princeps
2756 3720 2903 3792 quia
2958 3720 3169 3776 Domini
3212 3720 3524 3778 declinave-

1924 3823 2005 3867 rat
2020 3811 2459 3880 servitute,cadit
2485 3822 2541 3867 ut
2554 3812 2841 3869 elevetura
2858 3811 3170 3872 Christo.Si
3183 3813 3327 3869 enim
3343 3828 3524 3870 resur-

1924 3905 2098 3961 rectio
2124 3906 2403 3971 Dominus,
2433 3908 2590 3961 ruina
2612 3907 2867 3963 diabolus
2888 3917 2990 3963 est.
3021 3907 3077 3962 In
3092 3924 3200 3978 quo
3231 3908 3518 3980 quaeritur,

1929 4001 2087 4074 109
2107 4001 2380 4073 quomodo
2408 4001 2476 4057 de
2502 4002 2790 4058 Salvatore
2820 4001 3053 4058 dicatur.
3083 4003 3219 4058 Ecce
3262 4003 3345 4058 hic
3380 4004 3523 4074 posi-

1925 4106 2008 4151 tus
2028 4104 2103 4150 est
2130 4098 2183 4151 in
2223 4097 2453 4163 ruinam,
2476 4106 2526 4152 et
2556 4098 2986 4153 resurrectionem
3026 4098 3310 4153 multorum
3351 4099 3406 4153 in
3436 4096 3522 4154 Is-

1923 4190 2032 4247 rael
2065 4188 2221 4261 (Luc.
2251 4208 2318 4259 ιι,
2352 4190 2469 4262 54).
2523 4191 2580 4247 ln
2626 4193 2842 4248 ruinam
2888 4207 3079 4248 eorum
3108 4236 3123 4260 ,
3157 4192 3249 4264 qui
3304 4192 3521 4249 stabant

1924 4282 2159 4354 pessime
2185 4327 2198 4351 ,
2234 4292 2289 4339 et
2316 4285 2778 4340 resurrectionem
2807 4298 2999 4341 eorum
3020 4326 3034 4351 ,
3066 4284 3158 4356 qui
3186 4284 3519 4342 ceciderant.

1922 4374 2077 4443 Quod
2100 4392 2223 4431 cum
2248 4374 2511 4447 propheta
2534 4376 2784 4445 vidisset,
2814 4376 3081 4433 ceciditin
3105 4376 3297 4433 faciem
3323 4391 3477 4434 suam
3500 4394 3517 4434 :

1923 4484 2031 4524 non
2089 4471 2366 4539 peccantis
2410 4470 2643 4538 merito,
2676 4469 2769 4525 sed
2817 4470 3126 4541 plangentis
3174 4470 3407 4537 affectu;
3465 4481 3523 4529 et

1924 4579 2057 4620 voce
2087 4580 2275 4635 magna
2301 4609 2315 4633 ,
2351 4580 2471 4635 qua:
2496 4564 2565 4621 de
2609 4579 2806 4633 magno
2850 4564 2972 4621 fidei
3003 4564 3201 4622 ardore
3227 4565 3519 4636 veniebat,

228 4679 433 4749 perdito
456 4676 796 4743 Iudaeorum,
823 4676 1087 4731 Dominus
1118 4643 1687 4745 patitur-nequaquam
1715 4671 1817 4727 sub

1930 4657 2082 4712 tertio
2113 4657 2363 4712 clamavit
2390 4698 2404 4724 ,
2434 4666 2491 4712 et
2516 4656 2695 4725 dixit,
2726 4656 2846 4713 Heu
2867 4700 2880 4725 ,
2924 4658 3024 4714 heu
3050 4702 3063 4726 ,
3113 4658 3213 4714 heu
3238 4702 3252 4726 ,
3296 4656 3523 4715 Domine

228 4783 333 4824 uno
360 4769 639 4841 principe,
684 4767 780 4823 sed
807 4767 910 4823 sub
934 4765 1146 4822 duobus
1168 4807 1183 4830 ,
1225 4766 1381 4820 Anna
1412 4779 1466 4821 et
1492 4761 1694 4835 Caipha
1722 4781 1735 4818 :
1761 4772 1820 4818 ut

230 4864 506 4932 religionis
553 4877 747 4919 eorum
794 4860 1027 4917 scissum
1077 4857 1187 4933 [AL
1218 4855 1437 4930 falsum]
1488 4865 1822 4913 monstraret

230 4971 486 5013 errorem.
511 4955 654 5013 Sunt
674 4955 829 5009 multi
855 4952 908 5009 in
933 4953 1092 5024 hujus
1118 4962 1284 5023 porta:
1310 4949 1535 5006 introitu
1563 4958 1690 5005 ante
1718 4948 1818 5005 do-

232 5067 370 5108 mum
405 5051 626 5107 Domini
672 5049 1006 5108 Orientalem
1027 5091 1041 5114 ,
1071 5046 1165 5120 qui
1195 5047 1341 5103 vitiis
1371 5046 1483 5102 suis
1510 5045 1822 5101 nationibus

230 5156 635 5216 comparantur,
669 5152 725 5199 et
778 5154 1122 5213 peccatorum
1167 5139 1501 5195 conscientia
1529 5137 1824 5209 desperant

234 5238 452 5294 salutem
472 5280 486 5303 ,
522 5246 582 5293 et
624 5235 850 5293 dicunt:
878 5234 1087 5291 Civitas
1117 5235 1168 5289 in
1198 5248 1303 5302 qua
1343 5247 1647 5299 versamur,
1676 5231 1824 5287 Iebes

236 5342 329 5397 εει,
349 5342 401 5387 et
429 5346 531 5386 nos
552 5345 746 5386 omnes
777 5343 993 5398 carnes,
1022 5337 1079 5385 et
1108 5327 1409 5400 Babylonio
1436 5340 1823 5383 consumemur

241 5423 388 5496 ιω
433 5423 665 5491 ardore,
708 5421 866 5489 cuius
915 5421 1096 5493 jacula
1153 5422 1320 5491 ignita
1375 5428 1540 5476 sunt:
1575 5421 1822 5477 nolentes

236 5528 386 5588 agere
426 5516 810 5589 pmnitentiam
834 5558 848 5583 ,
889 5525 947 5572 et
986 5515 1343 5587 desperantes
1386 5514 1650 5579 salutem;
1697 5529 1823 5586 pro-

299 5692 323 5721 ⁸
351 5684 455 5739 Pro
486 5680 720 5740 Levitici
758 5679 903 5735 libro
956 5677 1166 5733 Victor.
1216 5674 1412 5729 librum
1446 5672 1812 5730 Numerorum

234 5754 533 5812 substituit:
552 5754 650 5813 Est
675 5752 821 5810 enim
844 5792 860 5816 ,
884 5750 1077 5821 inquit,
1109 5747 1482 5821 testimonium
1520 5748 1635 5821 hoc_
1658 5745 1818 5821 Num.

235 5842 311 5893 tv,
349 5828 443 5883 ubi
469 5828 646 5898 juxta
668 5816 995 5898 Hebraicam
1039 5816 1603 5898 veritatemﬂYulgata.
1619 5818 1674 5873 in
1709 5819 1826 5898 edi-

236 5886 374 5958 tione
404 5886 512 5957 nos
544 5896 777 5969 legimus
802 5912 817 5950 :
851 5890 999 5950 Tolle
1023 5907 1275 5950 summam
1303 5886 1530 5960 ﬁliorum
1561 5886 1734 5948 Caath
1763 5891 1825 5946 de

1922 4749 2059 4805 Deus
2089 4790 2104 4817 ,
2136 4750 2631 4805 consummationem
2658 4758 2713 4803 tu
2755 4750 2886 4820 facis
2925 4749 3265 4822 reliquiarum
3309 4747 3525 4807 Israel?

1922 4845 1991 4902 Et
2019 4856 2100 4901 cst
2132 4860 2326 4902 sensus
2351 4863 2364 4900 :
2402 4844 2576 4901 Etiam
2607 4845 2738 4916 ipsa:
2768 4844 3049 4917 reliquias,
3076 4861 3197 4917 quae
3220 4860 3343 4902 esse
3371 4845 3524 4903 vide-

1922 4939 2118 4996 bantur
2148 4940 2199 4994 in
2234 4939 2437 5011 populo
2457 4984 2471 5007 ,
2503 4950 2555 4995 te
2583 4939 2901 5011 indignante
2923 4980 2939 5007 ,
2970 4939 3250 4996 delentur.

1996 5031 2178 5106 (Vers.
2212 5031 2279 5087 l4
2307 5030 2487 5103 seqq.)
2518 5029 2587 5086 Et
2618 5034 2815 5104 factum
2844 5042 2922 5087 est
2965 5032 3174 5088 verbum
3213 5032 3424 5089 Domini
3452 5035 3522 5090 ad

1925 5141 2026 5192 me,
2060 5124 2233 5179 dicens
2260 5140 2279 5179 :
2309 5120 2421 5178 Fili
2472 5123 2694 5178 hominis
2726 5168 2741 5193 ,
2776 5126 2967 5195 fratres
3025 5126 3122 5192 tui,
3159 5126 3347 5198 fratres
3393 5128 3471 5181 tui
3498 5143 3518 5184 :

1926 5223 2023 5277 viri
2054 5223 2330 5294 propinqui
2375 5222 2476 5289 tui,
2505 5233 2553 5277 et
2602 5224 2773 5280 omnis
2822 5225 3005 5281 domus
3054 5224 3223 5283 Israel
3272 5227 3520 5298 universi,

1926 5320 2106 5393 quibus
2137 5318 2378 5374 dixerunt
2404 5317 2723 5374 habitatores
2740 5317 3037 5376 Jerusalem
3068 5320 3279 5394 :Longe
3302 5322 3531 5378 recedite

1926 5436 1959 5473 α
1987 5419 2210 5476 Domino
2234 5437 2253 5476 :
2282 5419 2426 5475 nobis
2460 5419 2585 5475 data
2611 5429 2685 5476 est
2714 5429 2853 5476 terra
2876 5420 2932 5476 in
2965 5419 3358 5491 possessionem.
3387 5418 3528 5477 Pro-

1928 5522 2101 5586 pterea
2130 5512 2242 5568 huic
2270 5512 2399 5568 dicit
2424 5511 2683 5569 Dominus
2728 5512 2872 5569 Deus
2900 5529 2920 5569 :
2949 5510 3071 5584 quia
3118 5512 3269 5587 longe
3317 5515 3416 5584 feci
3438 5532 3528 5573 eos

1925 5676 2096 5730 medio
2143 5675 2439 5731 Levitarum
2484 5694 2574 5747 per
2601 5676 2786 5732 domos
2812 5684 2861 5730 et
2905 5675 3135 5747 familias
3164 5692 3283 5734 suas
3313 5696 3346 5734 a
3375 5681 3530 5739 trice—

1931 5749 2063 5803 simo
2090 5764 2225 5803 anno
2253 5757 2303 5804 et
2329 5766 2489 5814 supra
2517 5764 2675 5817 usque
2698 5748 2769 5801 ad
2795 5748 3285 5818 quinquagesimum
3309 5767 3521 5809 annum.

1931 5819 2052 5902 Quo
2074 5820 2130 5902 in
2160 5820 2282 5902 loco
2299 5819 2445 5875 LXX
2474 5820 2676 5902 legunt.
2707 5820 2813 5879 ἀπὸ
2840 5817 3005 5877 εἴκοσι
3029 5825 3115 5878 καὶ
3137 5824 3313 5892 πέντε,
3342 5823 3397 5882 id
3418 5836 3505 5883 est

1933 5908 1965 5945 a
1995 5891 2401 5963 vigintiquinque
2427 5891 2599 5946 annis.
3086 5962 3089 5963 ν
3298 5891 3303 5892 ί
3522 5892 3526 5899 ’
