4018 6322
462 320 533 380 eo
970 296 971 299 γ
1712 318 1770 375 s.
1816 316 2090 375 EUSEBII
2119 316 2506 374 lllEltONYMl

3660 314 3760 369 100

458 438 512 492 in
536 436 791 509 gentibus,
813 443 859 488 et
884 434 1006 505 quia
1037 410 1287 505 dissipavi
1318 447 1405 486 eos
1431 432 1486 486 in
1522 440 1669 489 terra
1702 430 1811 505 [ΑΙ.
1840 431 2065 502 dispersi
2094 434 2138 491 Λ
2173 431 2238 483 de
2269 430 2441 491 terris,
2466 430 2522 483 in
2552 429 2736 493 quibus
2779 427 2999 500 dispersi
3030 427 3168 493 estis,
3203 426 3438 492 daboque
3468 425 3607 480 vobis
3663 426 3763 479 ltu-

463 548 549 586 eos
576 532 628 584 in
661 528 854 601 terris].
887 543 977 581 ero
1017 526 1090 581 eis
1121 527 1177 580 in
1225 526 1685 596 sanctiﬁcationem
1726 526 1979 579 modicam
2008 524 2063 575 in

463 623 632 689 terris,
684 620 753 674 ad
783 635 911 690 quas
941 620 1167 671 venerint
1217 606 1401 687 [Vulgi
1452 616 1742 686 veneruutl.
1778 612 1921 671 LXX
1950 633 1960 668 :
1992 613 2061 668 Et

466 718 632 786 factus
658 722 736 767 est
765 728 932 766 sermo
964 709 1177 763 Domini
1199 709 1267 762 ad
1299 726 1393 771 me.
1426 709 1603 763 dicens
1629 725 1646 762 :
1677 706 1785 761 Fili
1813 706 2058 773 hominis,

463 809 651 877 fratres
685 806 760 859 tui
801 813 848 857 et
892 804 987 857 viri
1020 802 1333 873 captivitatis
1365 813 1466 856 tute
1498 844 1513 867 ,
1566 812 1613 854 et
1670 801 1835 854 omnis
1881 800 2064 853 domus

467 903 634 958 Israel
684 914 1046 957 consummata
1073 912 1148 958 est
1180 920 1199 969 ;
1228 901 1413 965 quibus
1444 898 1687 953 dixerunt
1741 894 2061 949 habitatores

463 998 796 1053 Jerusalem:
828 998 1005 1072 Longe
1051 996 1337 1051 recessistis
1385 1012 1415 1047 a
1461 992 1681 1045 Domino
1712 1007 1731 1045 :
1765 990 1909 1043 nobis
1938 989 2063 1042 data

465 1100 541 1146 est
574 1101 716 1144 terra
749 1091 802 1143 in
852 1089 1222 1144 btereditatem.
1282 1085 1564 1155 Propterea
1618 1084 1734 1137 ait:
1768 1081 1893 1136 Ha'c
1938 1083 2065 1135 dicit

466 1180 671 1234 Adonai
700 1179 979 1245 Dominus,
1006 1181 1127 1251 quia
1150 1179 1405 1251 repellam
1426 1193 1513 1231 eos
1532 1177 1589 1230 in
1609 1185 1802 1246 gentes,
1829 1184 1873 1228 et
1900 1173 2064 1230 disse-

466 1274 785 1330 minaboieos
806 1276 859 1329 in
886 1291 1089 1330 omnem
1133 1284 1347 1337 terram,
1376 1281 1426 1326 et
1465 1287 1549 1326 ero
1574 1271 1647 1324 eis
1678 1270 1730 1323 in
1761 1268 2063 1335 sanctiﬁca-

468 1370 608 1423 tione
627 1388 654 1420 ,υ
686 1370 960 1441 parvulam
980 1369 1034 1423 in
1059 1367 1377 1439 regionibus,
1394 1366 1461 1420 ad
1482 1382 1608 1434 quas
1630 1364 1848 1435 ingressi
1872 1362 2064 1434 fuerint

468 1464 612 1519 illuc.
650 1463 891 1519 Primum
947 1464 1014 1520 de
1046 1460 1524 1531 interpretationis
1579 1458 1847 1516 varietate
1877 1456 2061 1511 dicen-

465 1554 594 1609 dum
625 1567 728 1609 est.
758 1555 860 1609 Pro
887 1569 952 1610 eo
993 1553 1135 1623 quod
1170 1554 1222 1605 in
1256 1552 1487 1606 Hebraeo
1517 1550 1769 1609 habetur,
1810 1546 1910 1599 viri
1942 1562 2066 1612 pro-

463 1651 646 1719 pinqui
674 1651 750 1702 tui
781 1649 800 1723 (
834 1650 935 1704 hoc
966 1650 1113 1704 enim
1143 1646 1414 1717 significat
1449 1657 1811 1701 oonuruacu
1837 1624 2065 1722 ἰη’-Νι)

467 1740 613 1796 LXX
644 1742 1068 1806 transtulerunt,
1096 1742 1189 1793 viri
1218 1738 1541 1808 captivitatis
1570 1748 1691 1790 tute.
1724 1734 1935 1789 Deinde
1975 1733 2063 1786 ubi

2166 541 2312 578 munt
2340 524 2526 579 Israel.
2555 523 2623 578 Et
2651 523 3007 597 ingrediantur
3045 522 3195 585 illuc,
3223 533 3272 577 et
3300 524 3539 591 auferent
3586 539 3763 577 omnes

2167 618 2499 685 offensiones,
2534 628 2845 685 cunctasque
2873 616 3279 670 abominationes
3336 620 3399 669 de
3455 616 3549 669 illa
3580 614 3763 686 [Vulg.

2163 710 2318 764 addit
2342 710 2498 783 ejus].
2547 709 2613 763 Et
2643 711 2777 765 dabo
2809 712 2885 764 eis
2933 726 3023 764 cor
3073 727 3231 763 unum
3268 708 3405 779 (sive
3444 709 3685 780 alterum)
3713 718 3765 763 et

2112 872 2118 877 ﬁ
2165 805 2404 875 spiritum
2465 822 2653 858 novum
2687 804 2909 857 tribuam
2940 804 2994 857 in
3040 803 3314 857 visceribus
3347 816 3545 858 eorum.
3579 801 3646 859 Et
3669 818 3768 854 au-

2166 898 2330 966 feram
2353 912 2443 949 eor
2469 896 2733 965 lapideum
2777 895 2841 949 de
2886 912 3042 949 carne
3083 911 3284 956 eorum,
3330 904 3378 947 et
3411 894 3548 948 dabo
3575 894 3649 949 eis
3677 910 3769 948 cor

2166 1005 2435 1056 corneum,
2470 997 2523 1043 ut
2549 989 2602 1042 in
2622 989 2894 1060 praeceptis
2920 989 3046 1042 meis
3068 988 3329 1042 ambulent
3350 997 3395 1041 et
3418 988 3627 1059 judicia
3650 1004 3770 1042 mea

2167 1082 2481 1151 custodiant,
2515 1083 2812 1152 faciantque
2835 1099 2917 1149 ea,
2948 1091 2995 1136 et
3025 1083 3129 1136 sint
3159 1081 3283 1135 mihi
3314 1088 3366 1135 tu
3416 1081 3685 1153 papulum,
3718 1093 3767 1138 et

2165 1193 2261 1249 ego
2289 1178 2385 1230 sint
2420 1178 2496 1231 eis
2526 1177 2581 1231 iu
2616 1177 2802 1230 Deum.
2822 1178 3053 1243 Quorum
3086 1186 3255 1231 autem
3279 1193 3368 1230 cor
3398 1186 3512 1244 post
3542 1177 3767 1244 offendi-

2166 1273 2287 1325 cula
2316 1280 2363 1325 et
2386 1272 2804 1326 abominationes
2847 1288 2969 1325 suas
3015 1270 3247 1325 ambulat
3279 1288 3297 1326 :
3326 1271 3509 1325 lterum
3556 1272 3687 1325 viam
3715 1273 3769 1326 in

2165 1364 2333 1433 capite
2391 1380 2487 1417 suo
2542 1380 2753 1427 ponam,
2807 1363 2934 1417 dicit
2982 1362 3236 1417 Dominus
3290 1362 3455 1417 Deus.
3509 1363 3769 1433 Loquitur

2168 1474 2349 1513 sermo
2378 1459 2596 1513 divinus
2624 1459 2688 1511 ad
2714 1474 2829 1525 eos,
2865 1460 2954 1529 qui
2988 1459 3187 1528 captivi
3219 1458 3453 1514 erantin
3491 1468 3633 1515 terra
3667 1458 3769 1514 Ba-

2168 1550 2402 1617 byluttis,
2432 1550 2496 1605 ad
2531 1550 2888 1622 lllt‘ratres
2920 1550 3233 1606 Ezechielis
3290 1550 3590 1619 prephetat,
3617 1559 3672 1605 et
3702 1550 3768 1605 ad

2171 1645 2505 1713 propinquos
2533 1645 2728 1712 quibus
2758 1644 3019 1698 dixerunt
3071 1644 3408 1697 habitatores
3466 1642 3769 1698 Jerusalem

2168 1734 2276 1806 [AL
2312 1735 2500 1806 Israel]
2534 1754 2545 1788 :
2572 1736 2757 1806 Longe
2781 1737 3086 1791 recessistis
3117 1752 3145 1790 a
3178 1736 3431 1801 Domino,
3464 1737 3621 1792 nobis
3645 1737 3771 1792 data

471 1836 717 1905 acquitur
742 1852 757 1888 :
778 1834 1001 1887 universi
1034 1832 1220 1904 quibus
1247 1829 1821 1885 dixerunthabitatores
1850 1825 2067 1880 Jerusa-
2103 1818 2144 1877 Β
2175 1836 2258 1882 est
2286 1837 2425 1881 terra
2452 1828 2505 1881 in
2531 1828 2958 1896 possessionem.
2984 1828 3249 1898 Loquitur
3269 1838 3449 1882 autem
3486 1828 3604 1883 hsce
3648 1846 3772 1898 qua:

467 1926 569 1981 lem
601 1945 620 1993 ;
655 1943 751 1995 pro
780 1927 1058 1992 universis,
1114 1925 1195 1979 illi
1226 1933 1545 1995 posuerunt,
1581 1928 1939 1975 consummata
1970 1928 2064 1980 est,

467 2032 690 2093 propter
714 2023 1018 2076 litterarum
1049 2030 1105 2075 et
1130 2020 1282 2075 verbi
1306 2019 1719 2087 ambiguitatem
1754 2034 1767 2070 :
1796 2023 1822 2052 ει
1854 2028 2068 2069 caeno

467 2098 616 2186 (n5:
643 2116 660 2182 )
688 2115 831 2168 enim
866 2112 1008 2183 quod
1059 2113 1253 2181 Aquila
1292 2120 1348 2165 et
1394 2110 1754 2180 Synnnar-hus
1804 2116 1857 2160 et
1886 2106 2068 2160 'l‘heo-

469 2207 623 2261 dotio
649 2208 908 2260 universos
935 2204 1276 2271 interpretati
1310 2208 1437 2255 sunt
1467 2218 1482 2264 ;
1509 2200 1582 2253 illi
1609 2207 1918 2263 verterunt,
1943 2212 2067 2251 con-

468 2310 723 2355 summata
752 2309 848 2365 est,
882 2298 1025 2369 quod
1053 2299 1206 2365 juxta
1257 2311 1478 2350 sensum
1510 2294 1738 2350 omnino
1782 2308 1886 2346 non
1919 2306 2070 2347 reso-

469 2402 583 2447 nat.
615 2391 813 2446 Factus
840 2401 925 2446 est
952 2392 1116 2462 igitur
1136 2406 1318 2445 sermo
1354 2389 1563 2443 Domini
1598 2387 1663 2442 ad
1695 2386 2068 2450 Ezechielem,

470 2486 561 2555 qui
585 2484 802 2539 dixerat
829 2502 841 2535 :
877 2482 1019 2548 Heu,
1049 2481 1172 2547 Iteu,
1202 2481 1326 2547 heu,
1353 2479 1575 2534 Domine
1616 2479 1781 2549 Deus,
1821 2493 2068 2532 consum-

470 2576 751 2634 mationem
781 2585 838 2629 tu
866 2575 999 2645 facis
1027 2573 1367 2643 reliquiarum
1398 2571 1571 2625 Israel
1596 2573 1620 2625 ?
1651 2571 1707 2625 In
1739 2570 1963 2624 Phania:
1987 2570 2070 2624 vi-

474 2672 668 2726 delicet
705 2683 905 2737 morte,
936 2682 989 2726 et
1024 2685 1213 2724 eorum
1241 2669 1331 2737 qui
1361 2682 1485 2722 cum
1519 2681 1585 2721 eo
1617 2664 1895 2719 interfecti
1919 2673 2066 2727 sunt,

477 2762 621 2833 quod
678 2776 1017 2832 nequaquam
1070 2760 1176 2814 illae
1209 2760 1319 2813 sint
1354 2758 1623 2828 reliquias,
1657 2771 1793 2826 quas
1818 2754 1874 2809 in
1912 2753 2070 2809 Jeru-

472 2855 641 2911 salem
674 2854 898 2923 putabat
949 2853 1109 2924 ιιο
1135 2853 1425 2922 propheta,
1458 2851 1555 2905 sed
1609 2850 1663 2904 hi
1689 2848 1780 2919 qui
1809 2848 1862 2904 in
1898 2848 2072 2915 Baby-

475 2950 602 3004 lone
626 2948 961 3003 videbantur
1012 2960 1134 3001 esse
1169 2947 1394 3015 captivi.
1430 2944 1494 2998 Et
1541 2952 1628 2998 est
1656 2956 1851 2998 sensvs
1885 2940 1968 2995 :0
1996 2941 2071 2995 ftli

476 3041 740 3107 hominis,
778 3040 977 3094 fratres
1004 3041 1081 3094 tui
1120 3039 1190 3093 de
1219 3042 1411 3092 eadem
1465 3046 1642 3091 tecum
1675 3035 1845 3103 stirpe
1901 3049 2067 3104 gene-

473 3137 600 3196 rati.
628 3134 848 3203 fratres,
886 3133 1105 3203 inquam
1139 3134 1236 3199 tui,
1271 3131 1466 3201 quibus
1496 3130 1760 3185 dixerunt
1798 3127 2069 3182 habitato-

2170 1933 2472 1991 sequuntur
2503 1939 2514 1973 :
2545 1920 2900 1990 Cougregabo
2950 1935 3047 1976 vos
3077 1921 3144 1975 de
3180 1921 3409 1992 populis,
3440 1930 3496 1977 et
3544 1922 3769 1977 reddant

2169 2014 2326 2069 vobis
2351 2025 2545 2070 terram
2580 2014 2768 2070 Israel.
2804 2015 3046 2084 Cumque
3082 2014 3309 2084 ingressi
3354 2014 3586 2080 fueritis,
3615 2014 3773 2070 aufe-

2170 2108 2304 2164 retis
2334 2121 2528 2164 euncta
2558 2109 2723 2174 idola,
2759 2119 2981 2178 propter
3011 2124 3135 2178 qua:
3185 2108 3538 2163 ollenderatis
3571 2110 3768 2173 Deum,

2170 2211 2222 2256 et
2254 2202 2396 2256 dabo
2438 2202 2589 2258 vobis
2639 2217 2736 2257 cor
2779 2218 2943 2257 unum
2978 2199 3211 2266 timoris,
3248 2213 3299 2255 et
3342 2201 3620 2257 servitutis
3651 2200 3771 2269 Dei,

2171 2307 2227 2350 ut
2263 2311 2603 2368 nequaquam
2637 2297 2875 2351 diversis
2906 2295 3070 2351 idolis
3092 2296 3366 2363 servistis,
3393 2295 3509 2351 sive
3535 2296 3773 2351 alterum

2170 2403 2331 2456 quam
2368 2388 2518 2456 prius
2551 2388 2839 2443 habuistis.
2872 2386 2938 2443 Et
2994 2389 3247 2456 spiritmn
3284 2402 3479 2443 novum
3537 2388 3771 2442 tribuam

2171 2482 2226 2537 in
2249 2483 2553 2538 visceribus
2580 2484 2797 2546 vestris,
2819 2484 2971 2551 juxta
3006 2482 3139 2537 illud
3172 2482 3317 2551 quod
3344 2483 3603 2550 scriptum
3637 2493 3717 2537 est
3755 2498 3769 2535 :

2173 2576 2276 2631 Cor
2332 2575 2585 2631 mundum
2618 2593 2733 2630 creo
2764 2577 2815 2629 in
2872 2592 2973 2641 me,
3009 2574 3173 2641 Deus,
3210 2586 3258 2629 et
3299 2576 3544 2643 spiritum
3575 2586 3771 2629 rectum

2170 2671 2359 2725 innova
2390 2670 2445 2723 in
2472 2669 2752 2724 visceribus
2811 2670 2936 2723 meis
2976 2666 3095 2740 (Ps.
3144 2685 3193 2730 ι,
3231 2668 3342 2739 12).
3378 2668 3442 2723 Et
3466 2666 3711 2723 auferam
3741 2683 3771 2721 a

2175 2763 2333 2817 vobis
2378 2777 2474 2816 cor
2507 2761 2807 2828 lapideum,
2841 2760 2892 2814 id
2924 2771 3028 2825 est,
3055 2775 3151 2816 cor
3207 2760 3434 2823 durum,
3467 2759 3771 2815 secundum

2174 2854 2305 2909 illud
2351 2853 2494 2922 quod
2552 2852 2794 2923 loquitur
2846 2852 3160 2922 Stephanus
3212 2854 3421 2922 primus
3464 2863 3669 2923 martyr
3717 2852 3771 2907 in

2171 2945 2392 3003 Christo
2417 2964 2428 2998 :
2456 2944 2607 2999 Dura
2627 2946 2847 3012 cervice,
2867 2955 2913 2999 et
2945 2946 3297 3001 incircumcisi
3327 2946 3481 3000 corde
3511 2945 3647 3015 (Act.
3670 2960 3771 3012 vlt,

2174 3041 2289 3113 fit).
2325 3043 2390 3094 lit
2438 3042 2727 3096 inducatur
2757 3056 2852 3095 cor
2882 3040 3206 3106 Pharaonis,
3243 3056 3307 3095 ne
3336 3040 3580 3095 dimittat
3604 3056 3775 3111 popu-

2175 3135 2284 3189 lum
2327 3134 2491 3190 Israel
2528 3134 2729 3207 (Exod.
2765 3135 2880 3203 vn).
2911 3135 2976 3190 ιςι
3016 3136 3185 3201 dabo,
3246 3133 3441 3205 inquit,
3489 3134 3644 3188 Vt-ltlS
3673 3149 3774 3191 cor

471 3243 562 3282 res
595 3226 936 3292 Jerusalem,
972 3241 1069 3280 vos
1109 3224 1419 3279 recessistis
1443 3239 1473 3277 a
1517 3223 1775 3287 Domino,
1801 3223 1927 3293 quia
1973 3235 2067 3274 ea-
2096 3216 2141 3279 C
2174 3241 2455 3294 carncum,
2489 3227 2673 3293 molle,
2732 3237 2785 3281 et
2830 3237 3099 3294 tenerum,
3148 3237 3207 3283 et
3245 3226 3388 3296 quod
3448 3225 3622 3295 possit
3678 3226 3774 3282 Dei

469 3320 786 3391 ptiviestis,
817 3328 1027 3374 etcum
1067 3316 1334 3373 Jechoiiia
1383 3332 1480 3372 γωδ
1538 3313 1865 3383 tradidistis,
1916 3313 2072 3368 nobis

473 3425 657 3468 autem
706 3423 851 3468 terra
904 3411 1071 3466 Israel
1100 3412 1221 3466 data
1279 3422 1360 3466 est
1394 3412 1444 3465 in
1479 3422 1737 3465 retentant
1769 3410 2075 3479 possessio-

477 3524 622 3563 nem.
654 3508 747 3562 Dic
776 3522 908 3578 ergo
929 3506 1034 3576 eis,
1066 3506 1212 3577 quod
1240 3506 1400 3576 longe
1422 3504 1642 3576 quidem
1675 3520 1772 3561 eos
1799 3504 2073 3560 fecerima

479 3610 621 3657 terra
652 3602 846 3665 Israel,
899 3609 954 3656 et
981 3601 1335 3671 disperserim
1380 3600 1434 3654 in
1483 3601 1754 3663 nationes,
1785 3608 1838 3653 ct
1869 3598 1922 3653 in
1945 3599 2076 3653 alic-

485 3696 568 3748 nis
600 3698 761 3748 terris
791 3706 914 3748 esse
957 3691 1351 3761 praeceperim;
1377 3691 1471 3745 sed
1511 3690 1640 3761 quia
1674 3707 1807 3744 mete
1848 3689 2076 3744 obedie-

481 3785 590 3840 riut
615 3784 876 3854 iussioni,
902 3783 1007 3838 sim
1041 3784 1094 3837 in
1127 3784 1209 3838 eis
1250 3784 1470 3838 futurus
1499 3784 1666 3837 etiam
1693 3784 1744 3837 in
1772 3783 2077 3853 peregrinis

479 3886 534 3933 et
557 3876 853 3932 hostilibus
885 3876 1018 3931 locis
1046 3877 1101 3930 in
1137 3892 1354 3945 parvam
1378 3876 1871 3931 sanetiticatiowm
1904 3892 1918 3928 :
1946 3877 2076 3931 dum

481 3969 729 4038 plerique
759 3966 1110 4024 inveniantur
1143 3982 1210 4024 ex
1240 3969 1342 4033 eis,
1370 3971 1461 4038 qui
1504 3967 1833 4022 idololatriae
1865 3982 2073 4039 nequa-

474 4078 641 4133 quam
690 4062 831 4118 eolla
863 4062 1227 4127 submittant;
1260 4061 1357 4118 sed
1410 4078 1682 4119 memores
1711 4063 1817 4119 sint
1853 4065 2076 4119 manda-

481 4152 657 4209 tdrum
687 4153 805 4222 Dei,
838 4155 977 4209 sicut
999 4152 1218 4208 fuerunt
1248 4153 1437 4209 Daniel
1465 4163 1518 4209 et
1543 4163 1653 4209 tres
1680 4155 1855 4221 pueri,
1887 4163 1942 4209 et
1960 4169 2071 4209 ere-

480 4256 628 4303 teros
658 4246 823 4302 fuisse
848 4246 1180 4302 credendum
1213 4257 1316 4312 est,
1351 4246 1402 4300 in
1432 4246 1847 4301 similitudinem
1899 4257 2076 4302 tauto-

482 4355 599 4397 rum
634 4341 936 4412 principum
988 4352 1126 4409 quos
1168 4338 1445 4408 Scriptura
1498 4354 1637 4394 nunc
1684 4349 2077 4395 commemorat

484 4432 648 4503 (Dan.
683 4433 791 4502 tu).
822 4434 900 4488 Ex
959 4431 1156 4501 quibus
1190 4431 1457 4487 universis
1507 4431 1784 4497 discimus,
1816 4447 1920 4486 non
1954 4447 2077 4487 esse

483 4526 847 4583 insultantium
880 4526 985 4592 his,
1019 4525 1110 4595 qui
1133 4525 1231 4579 Dei
1254 4523 1462 4594 judicio
1494 4525 1667 4592 prunis
1701 4524 1878 4580 traditi
1911 4534 2072 4591 sunt;

2175 3318 2427 3373 mandata
2458 3319 2759 3387 suscipere,
2791 3329 2851 3373 ut
2901 3318 3213 3375 scribantur
3262 3321 3313 3372 in
3348 3318 3543 3373 tabulis
3592 3319 3776 3373 cordis

2174 3410 2503 3466 cm-nalibus.
2536 3410 2746 3466 Idcirco
2796 3422 2979 3467 autem
3025 3411 3186 3468 datur
3217 3427 3311 3467 cor
3362 3413 3543 3477 melle,
3578 3423 3633 3466 et
3678 3428 3776 3467 au-

2176 3502 2346 3558 fertur
2390 3518 2487 3558 cor
2516 3503 2736 3570 durum,
2769 3513 2828 3559 ut
2882 3506 2933 3559 in
2962 3507 3252 3574 pra-ceptis
3303 3506 3443 3560 meis
3468 3505 3774 3572 auibulent,

2172 3594 2486 3666 judiciath
2511 3597 2848 3661 custodiant,
2883 3606 2938 3652 et
2963 3598 3074 3652 sint
3105 3598 3157 3652 in
3192 3598 3396 3668 populo
3422 3598 3517 3654 Dei
3544 3616 3556 3651 :
3594 3598 3779 3653 Domi-

2177 3705 2408 3760 nusque,
2424 3690 2512 3760 qui
2541 3690 2690 3760 prius
2715 3690 2889 3746 fuerat
2910 3690 3369 3759 adversarius,sit
3392 3693 3474 3748 eis
3504 3691 3557 3746 in
3578 3691 3776 3747 Deum.

2176 3783 2277 3849 Qui
2311 3794 2489 3839 autem
2549 3799 2887 3854 nequaquam
2938 3786 3256 3853 [-mttitentia
3304 3787 3483 3856 priora
3553 3795 3777 3856 peccata

2177 3876 2538 3941 correxerint,
2575 3876 2673 3931 sed
2704 3876 3112 3932 ambulaverint
3165 3889 3290 3947 post
3339 3878 3780 3936 abominatiouea

2177 3983 2306 4024 suas
2350 3968 2672 4034 retribuam,
2697 3970 2795 4037 ait,
2825 3970 2926 4035 eis,
2954 3971 3100 4042 quod
3142 3983 3442 4038 merentur,
3479 3984 3535 4029 ut
3556 3973 3655 4028 vite
3677 3990 3778 4031 eo-

2179 4077 2295 4115 rum
2348 4068 2618 4131 pouantur
2651 4064 2703 4117 in
2750 4064 3024 4133 capitibus
3056 4080 3273 4121 eorum.
3318 4067 3446 4123 lla-c
3476 4068 3576 4122 sub
3604 4067 3780 4123 Zoro-

2177 4153 2337 4209 babel
2367 4154 2481 4210 ﬁlio
2510 4155 2802 4222 Salatbiel,
2836 4164 2893 4212 et
2923 4158 3023 4212 sub
3075 4160 3210 4215 Jesu
3265 4159 3380 4215 lilio
3433 4161 3665 4218 Josedec
3686 4177 3781 4218 sa-

2178 4245 2398 4301 cerdote
2423 4263 2643 4319 magno,
2669 4260 2719 4305 et
2744 4250 2844 4305 sub
2867 4251 3003 4306 Ezra
3040 4267 3104 4307 ac
3133 4252 3357 4309 Neemia
3385 4256 3650 4312 accidisse
3681 4259 3780 4314 tri-

2180 4337 2270 4391 bui
2292 4336 2469 4401 Judze.
2508 4349 2565 4395 et
2595 4341 2677 4398 his
2718 4344 2806 4412 qui
2839 4358 2962 4398 cum
2993 4344 3077 4401 eis
3108 4347 3309 4402 reversi
3345 4357 3496 4415 sunt,
3531 4349 3782 4420 plerique

2180 4430 2473 4486 aestimant.
2516 4431 2862 4489 llahitatores
2913 4450 3131 4505 quoque
3178 4438 3504 4503 Jerusalem,
3537 4439 3630 4510 qui
3670 4441 3782 4496 sub

2181 4522 2406 4578 Sedeeia
2438 4540 2564 4594 rege
2594 4524 2748 4580 Juda:
2776 4529 2919 4595 capti
2945 4538 3092 4596 sunt,
3123 4529 3208 4584 vel
3244 4529 3336 4602 qui
3369 4528 3621 4602 fugerunt
3651 4547 3781 4591 cum

485 4632 587 4674 nec
617 4618 1059 4687 exprobrandum
1084 4617 1290 4672 homini
1318 4632 1582 4671 converso
1604 4633 1630 4669 ει
1663 4617 1898 4686 peccatis
1922 4618 2070 4682 suis;
2105 4611 2152 4672 D
2177 4615 2416 4673 Jeremia
2445 4619 2496 4673 in
2526 4616 2853 4691 Aﬁgyptum,
2880 4619 2937 4675 in
2969 4637 3161 4678 OIIIIICS
3212 4632 3387 4678 terras
3413 4638 3537 4679 esse
3565 4624 3783 4694 disper-

486 4725 587 4767 nec
637 4709 1025 4780 penitentibus
1054 4717 1109 4765 et
1131 4709 1364 4779 egressis
1414 4706 1484 4763 de
1517 4708 1755 4763 Ecclesia
1788 4707 2078 4778 aliquando

486 4804 775 4860 dicendum
804 4822 818 4856 :
854 4802 1033 4874 Longe
1088 4802 1375 4858 recessistis
1404 4817 1437 4853 a
1466 4799 1692 4854 Domino
1722 4817 1739 4867 ;
1772 4802 1914 4855 nobis
1958 4800 2080 4856 data

481 4906 559 4952 est
585 4908 721 4952 terra
752 4898 805 4951 in
833 4896 1229 4967 possessionem.
1264 4895 1400 4964 Quia
1456 4894 1575 4949 ιλιι-ο
1605 4895 1735 4950 dicit
1767 4893 2026 4949 Dominus
2061 4912 2076 4950 :

481 4993 744 5050 Liceteos
770 5007 1061 5063 parumper
1091 5006 1122 5047 a
1154 5005 1271 5045 mea
1308 4989 1546 5045 Ecclesia
1576 4991 1945 5061 separaveriut
1976 5032 1989 5053 ,
2022 4999 2077 5046 et

483 5089 626 5142 inter
646 5094 840 5157 gentes
868 5082 1224 5152 disperserim
1258 5096 1270 5132 :
1300 5089 1481 5137 tamen
1503 5096 1598 5138 ere
1637 5083 1716 5137 eis
1748 5081 1799 5134 in
1832 5080 2074 5136 sanctiﬁ-

480 5183 746 5236 cationem
793 5176 1086 5243 modicam,
1145 5175 1277 5230 dum
1335 5175 1683 5229 itterninerint
1731 5183 2072 5244 peccatorum

475 5289 719 5340 suorum,
776 5269 948 5340 utqui
1004 5280 1225 5340 propter
1283 5268 1412 5323 vitia
1469 5280 1811 5324 recesserunt
1854 5267 2072 5323 deloco

478 5379 580 5421 suo
622 5362 730 5436 [ΑΙ.
776 5374 917 5419 terra
950 5359 1090 5432 sua],
1126 5370 1345 5431 propter
1392 5360 1762 5430 ptenitentiam
1812 5360 1878 5414 ad
1913 5360 2071 5416 sedes

481 5458 742 5531 pristinas
765 5456 944 5513 redire
975 5456 1251 5511 festinent.

550 5549 734 5621 (Vcrs.
772 5548 833 5601 l7
866 5548 1044 5615 seqq.)
1076 5544 1361 5617 PrOpterea
1392 5544 1637 5614 loquere:
1659 5544 1789 5599 [late
1818 5547 1939 5599 dicit
1965 5544 2072 5599 Do-

477 5646 645 5701 minus
675 5641 816 5697 Deus
844 5657 861 5696 :
893 5641 1230 5713 Congregabo
1262 5656 1351 5695 vos
1397 5639 1462 5693 de
1491 5638 1722 5709 papulis,
1754 5650 1801 5695 et
1832 5639 2072 5695 adunabo

2179 4724 2294 4773 sos,
2329 4717 2384 4766 et
2414 4726 2757 4782 nequaquam
2789 4728 2910 4768 esse
2942 4728 3195 4770 reversos
3223 4714 3277 4770 in
3308 4716 3503 4771 urbem
3551 4715 3782 4773 Jerusa-

2181 4802 2306 4858 lem.
2370 4802 2530 4858 Plena
2579 4813 2760 4858 autcm
2812 4804 3101 4862 conversio
3162 4822 3374 4874 eorum,
3436 4807 3526 4876 qui
3574 4806 3779 4877 Captivi

2179 4905 2360 4961 erant,
2387 4906 2444 4952 et
2472 4898 2825 4967 reliquiarum
2863 4899 3028 4955 Israel
3079 4900 3403 4972 intelligitur
3433 4900 3491 4957 in
3532 4899 3777 4970 Christo,

2176 4990 2398 5062 quando
2430 4991 2672 5062 reliquis:
2701 4993 2866 5048 salva:
2900 4992 3056 5051 facta)
3088 5003 3235 5062 sum,
3262 5004 3316 5050 et
3347 5010 3451 5049 una
3472 4996 3563 5050 die
3593 4994 3777 5051 credi-

2177 5084 2381 5141 derunt
2422 5086 2523 5140 tria
2556 5087 2746 5156 millia,
2795 5097 2850 5143 et
2902 5088 3102 5145 iterum
3135 5088 3381 5160 quinque
3439 5086 3600 5143 millia
3631 5088 3776 5161 (Act.

2179 5180 2236 5247 ιι)
2270 5194 2284 5243 ;
2310 5188 2363 5233 et
2391 5178 2482 5234 alii
2514 5176 2580 5235 de
2610 5179 2805 5250 quibus
2832 5181 3071 5252 loquitur
3102 5180 3339 5239 Jacobus
3374 5182 3441 5237 ad
3468 5182 3777 5251 apostolum

2182 5270 2445 5326 Paulum:
2488 5270 2660 5343 Vides,
2711 5275 2893 5346 frater,
2945 5285 3090 5332 tanta
3137 5276 3302 5331 millia
3328 5277 3643 5331 credentium
3672 5276 3777 5332 Ju-

2177 5362 2410 5419 dceorum
2435 5368 2457 5417 ?
2482 5364 2537 5418 lii
2572 5383 2746 5423 omnes
2789 5367 3122 5425 aemulatores
3151 5367 3306 5442 Legis
3336 5380 3451 5425 sunt
3481 5369 3621 5441 (Act.
3652 5386 3778 5439 ut,

2177 5455 2289 5528 20).
2323 5456 2428 5512 Sed
2458 5467 2513 5513 et
2533 5459 2774 5528 quotidie
2811 5462 3031 5531 superbi
3073 5464 3231 5534 112
3257 5461 3591 5518 habitatores
3620 5461 3777 5520 urbis

2177 5548 2509 5617 Jerusalem,
2561 5566 2790 5621 quorum
2846 5567 2942 5606 cor
2977 5564 3096 5620 post
3126 5554 3452 5608 otfendicula
3484 5563 3540 5608 et
3568 5553 3776 5609 abomi-

2180 5643 2431 5699 nationes
2477 5659 2605 5700 suas
2644 5644 2909 5711 authulat,
2949 5645 3039 5700 Dei
3080 5656 3364 5703 merentur
3393 5646 3685 5715 oll‘ensam,
3718 5659 3776 5703 et

538 5842 563 5872 ι
625 5831 777 5890 Unus
825 5829 996 5887 Vatic.
1071 5844 1173 5883 ms.
1228 5842 1351 5884 cum
1406 5829 1685 5887 vetustiss.
1739 5826 2199 5901 Sangermaueusi
2236 5842 2406 5901 penes
2427 5825 3172 5899 Mentfauconium,cum.r.o.
