4018 6322
202 295 301 351 ibi

891 288 1552 351 COMMENTARIORUM
1594 284 1662 347 IN
1705 286 2148 347 EZECHIELEM
2189 289 2317 347 LIB.
2358 290 2448 350 111.
2490 287 2645 349 CAP.
2690 287 2805 349 XII.

3409 286 3511 345 1οἒ

204 409 255 462 bi
289 410 381 481 qui
420 409 557 465 foris
586 414 769 476 erant,
796 408 979 463 ablato
1032 409 1199 464 corde
1240 408 1476 478 lapideo,
1503 416 1558 462 et
1584 415 1811 478 accepto
1838 405 1893 466 Α
1919 416 2041 478 post
2068 407 2507 463 altominationes
2564 420 2714 468 suas,
2751 402 3030 475 recipiunt
3081 415 3202 471 qum
3249 399 3514 457 fecerunt.

201 504 371 560 corde
424 505 775 569 mollissimo,
810 518 906 572 per
959 504 1337 572 pmttitentiam
1373 513 1725 557 revertuntur
1746 500 1815 556 ad

206 597 556 659 Ecclesiam;
590 608 645 652 et
674 596 953 652 ambulant
990 596 1043 649 in
1078 595 1374 666 prmceptis
1404 595 1644 661 Domini,
1671 592 1817 663 judi-

205 690 405 759 ciaque
436 690 558 758 ejus
589 688 934 753 custodiunt,
962 688 1207 758 ﬁuntque
1238 686 1457 742 Domini
1486 686 1740 755 populus,
1764 694 1820 741 et

208 784 503 847 Dominus,
524 798 688 854 quem
712 783 865 851 prius
888 780 1255 845 otl'euderant,
1283 780 1341 834 ill
1366 780 1450 835 eis
1479 779 1639 834 Deus.

279 876 474 939 (νοτε.
494 875 589 940 93,
617 874 739 941 9.3.)
773 872 842 927 Et
863 873 1191 928 elevaverunt
1224 870 1505 927 Cherubim
1530 871 1646 924 alas
1675 885 1818 934 snas,

209 979 254 1024 et
286 978 423 1023 rem
474 985 591 1020 cum
623 968 720 1028 eis.
754 976 801 1021 et
829 965 998 1038 gloria
1033 963 1131 1018 Dei
1181 963 1349 1019 Israel
1398 973 1507 1017 erat
1554 980 1712 1035 super
1734 980 1822 1018 eos

212 1060 325 1134 [AL
356 1058 468 1132 ea].
502 1057 573 1113 Et
602 1059 838 1113 ascendit
869 1058 1037 1130 gloria
1086 1056 1300 1111 Domini
1339 1056 1403 1110 de
1446 1055 1615 1110 medio
1639 1055 1823 1109 civita-

214 1156 279 1209 tis
302 1171 323 1208 :
354 1153 601 1222 stetitque
632 1168 790 1222 super
822 1160 1069 1214 montem,
1096 1150 1185 1215 qui
1233 1157 1307 1201 est
1355 1148 1422 1200 ad
1455 1146 1717 1201 Orientem
1736 1163 1827 1200 ur-

216 1248 315 1301 bis.
344 1247 618 1301 Paulatim
665 1247 841 1314 gloria
878 1244 1092 1299 Domini
1126 1242 1335 1298 recedit
1380 1241 1452 1298 de
1500 1238 1821 1297 Jerusalem.

220 1340 471 1396 Primum
523 1337 788 1407 templum
818 1336 1100 1403 deserens,
1135 1342 1239 1390 stat
1276 1335 1329 1390 in
1371 1334 1509 1390 atrio
1536 1333 1618 1387 vel
1670 1332 1722 1385 in
1757 1330 1826 1384 li-

216 1436 369 1489 mine
398 1432 626 1496 domus,
651 1437 710 1483 ct
733 1439 919 1499 postea
949 1428 1005 1483 in
1030 1427 1259 1483 introitu
1283 1438 1455 1497 porta:
1486 1422 1779 1481 Orientalis
1810 1438 1824 1487 ;

219 1524 546 1587 novissime,
578 1520 810 1576 sublatis
834 1520 1034 1589 pennis
1052 1518 1299 1588 rotisque
1321 1516 1696 1588 sequentibus,
1722 1506 1830 1569 stat

218 1632 386 1686 super
417 1623 691 1672 montem.
719 1612 810 1682 qui
834 1622 920 1666 est
948 1612 1014 1665 ad
1038 1611 1318 1666 Orientem
1352 1612 1525 1674 urbis,
1556 1607 1700 1664 haud
1730 1607 1832 1663 du-

220 1706 373 1762 bium
404 1709 545 1779 quin
574 1716 817 1762 montem
846 1706 1120 1775 signiticet
1146 1705 1371 1770 Oliveti,
1406 1705 1554 1761 unde
1579 1702 1833 1759 Salvator

1919 499 2098 554 Verba
2148 508 2330 554 autem
2384 498 2435 553 in
2481 497 2782 567 Scripturis
2812 497 3015 551 sanctis
3057 509 3153 565 pro
3184 494 3347 547 rebus
3406 492 3515 547 dici

1919 607 2064 662 smpe
2095 591 2500 646 admonuimus.

1993 681 2157 755 (Car.
2190 682 2552 738 XlL—Vers.
2592 681 2612 735 l
2649 680 2829 750 seqq.)
2891 679 2959 733 Et
3011 680 3180 750 {actus
3227 687 3303 732 est
3352 693 3521 732 sermo

1924 777 2139 835 Domini
2166 778 2233 832 ad
2280 794 2380 839 me,
2413 778 2629 830 dicens:
2658 773 2770 828 Fili
2796 774 3035 836 hominis,
3068 776 3119 827 in
3150 774 3321 827 medio
3339 773 3520 826 domus

1925 871 2275 941 exasperantis
2321 880 2374 924 tu
2404 870 2608 923 habitas
2635 884 2654 922 :
2677 868 2766 939 qni
2800 866 2974 921 oculos
3023 865 3207 919 habent
3248 866 3318 919 ad
3346 864 3525 918 riden-

1926 962 2070 1029 dum,
2103 973 2152 1017 et
2182 979 2283 1017 non
2314 961 2483 1016 rident
2515 978 2533 1016 :
2564 973 2612 1014 et
2641 977 2792 1014 aures
2835 960 2906 1014 ad
2949 959 3286 1023 audiendum,
3327 968 3373 1012 et
3424 975 3526 1012 non

1926 1056 2149 1110 audiunt
2167 1072 2185 1109 :
2208 1058 2329 1126 quia
2359 1057 2545 1109 domus
2570 1070 2885 1123 exasperatis
2914 1063 3012 1108 est.
3037 1053 3140 1106 Pro
3168 1067 3235 1106 eo
3257 1052 3397 1121 quod
3424 1066 3526 1107 nos

1930 1149 2196 1204 vvrtimus
2225 1168 2236 1203 :
2266 1148 2331 1205 In
2360 1148 2532 1204 medio
2570 1149 2752 1203 domus
2797 1146 3156 1217 exasperantis
3202 1157 3254 1198 tu
3304 1144 3529 1209 habitas,

1930 1242 2074 1299 LXX
2106 1251 2404 1313 posuerunt
2433 1261 2445 1296 :
2483 1242 2545 1296 In
2578 1243 2749 1296 medio
2776 1241 3110 1311 iniquitatum
3132 1256 3309 1293 eorum
3344 1247 3400 1291 tu
3437 1239 3530 1290 ha-

1932 1338 2084 1394 bitas.
2117 1336 2225 1394 Sed
2278 1356 2340 1392 ex
2378 1354 2443 1391 eo
2485 1336 2630 1408 quod
2677 1337 2948 1407 sequitur,
3003 1336 3137 1402 Quia
3180 1335 3361 1388 domus
3413 1350 3535 1387 exa-

1926 1450 2149 1505 speratis
2180 1442 2277 1498 est,
2313 1432 2672 1504 intelligimus
2701 1431 2935 1498 priorcm
2968 1445 3187 1501 quoque
3205 1427 3535 1484 sontentiam

1934 1528 2058 1583 huic
2083 1527 2351 1583 versiculo
2372 1528 2686 1583 convenire.
2718 1526 2823 1579 Pro
2848 1522 3273 1593 eanpcratione
3296 1537 3536 1591 quoque,

1934 1621 2039 1676 dici
2072 1621 2514 1684 amaritudinem,
2550 1619 2743 1675 crebro
2774 1619 3085 1683 docuimus,
3122 1627 3179 1671 ιιι
3208 1617 3279 1671 sil.
3309 1630 3538 1670 sensus:

1937 1715 1991 1768 in
2025 1714 2204 1768 medio
2248 1715 2443 1769 domus
2474 1713 2538 1766 ad
2572 1713 2995 1767 amaritudinem
3038 1711 3435 1773 eonverlentis,
3486 1718 3539 1762 tu

218 1798 477 1854 δοεηάῖῑ
505 1798 577 1853 ad
610 1797 852 1854 Ρθῑτθιη·
886 1798 1183 1867 Statimque
1213 1797 1386 1867 Βιοτίθ
1439 1794 1676 1860 Domi“:
1708 1807 1830 1864 (ΙυίΒ
1861 1793 1910 1857 Β
1938 1805 2170 1871 habitas,
2201 1822 2320 1877 qua:
2348 1807 2514 1860 Detnn
2545 1815 2730 1860 natura
2759 1805 2975 1859 dulcem
3004 1818 3166 1872 atque
3189 1805 3538 1865 clementem,

221 1889 291 1943 de
319 1890 643 1946 Jerusalem
688 1890 822 1945 urbe
872 1889 1208 1945 discesserat
1250 1905 1418 1959 super
1452 1898 1696 1945 montem
1725 1887 1839 1942 Oli-

224 1985 360 2049 vcti,
416 1985 472 2039 in
520 1984 741 2053 signum
794 1984 1217 2040 resurrectionis
1268 1994 1321 2038 ot
1351 1983 1598 2044 luminis.
1634 1992 1689 2037 ut
1711 1980 1839 2036 inde

222 2078 531 2147 perituram
555 2091 921 2145 arsuramque
945 2076 1197 2130 cerneret
1220 2074 1548 2131 Jerusalem.
1572 2073 1841 2143 Quodque

227 2171 397 2226 dicit:
424 2171 674 2224 Ascendit
698 2171 869 2244 gloria
886 2170 950 2223 de
973 2171 1141 2223 medio
1154 2169 1377 2223 civitatis
1397 2167 1575 2239 (Joan.
1604 2165 1837 2237 stv,‘5l),

227 2264 353 2318 aliis
379 2263 568 2320 verbis
592 2263 837 2333 loquitur
860 2263 1117 2317 Dominus
1147 2262 1215 2318 ad
1237 2261 1536 2331 discipulos
1562 2278 1575 2313 :
1603 2260 1839 2331 Surgite,

230 2356 477 2411 abeamus
494 2356 620 2409 hinc
646 2355 803 2428 (Luc.
829 2370 946 2419 aut,
967 2355 1083 2423 55).
1102 2356 1165 2409 Et
1195 2354 1261 2409 ad
1284 2354 1532 2411 Judaeos:
1567 2353 1843 2423 Relinque-

234 2460 321 2503 tur
344 2450 484 2502 robis
501 2449 685 2502 domas
720 2458 885 2503 rastra
908 2450 1109 2501 dcscrla
1126 2446 1343 2518 (Matth.
1372 2446 1548 2514 mit).
1570 2444 1845 2515 Iosephus

234 2559 453 2614 quoque
474 2552 499 2579 ⁸
526 2544 694 2599 refert
718 2543 966 2599 auditam
992 2557 1182 2597 vocem
1212 2543 1266 2596 iu
1294 2541 1497 2610 templo
1525 2541 1842 2611 angelorum

236 2648 291 2695 et
322 2638 714 2693 tortitudinum
740 2638 1086 2703 cmlestium,
1107 2653 1227 2707 quae
1261 2636 1415 2707 prius
1441 2638 1495 2690 in
1525 2635 1678 2691 urbis
1709 2649 1849 2703 prae-

244 2731 389 2789 sidio
427 2739 628 2787 erant:
663 2732 925 2786 abeamus
951 2746 1017 2787 ex
1039 2730 1122 2785 bis
1144 2730 1368 2785 sedibus
1387 2728 1631 2800 (Ioseph.
1666 2727 1845 2798 Antiq.

237 2825 371 2880 Jud.
402 2826 449 2897 ).
496 2827 805 2895 Mirumque
853 2826 907 2879 iu
959 2825 1179 2881 modum
1218 2838 1390 2895 usque
1435 2823 1491 2879 in
1523 2831 1849 2891 praesentem

239 2918 387 2973 diem
409 2918 591 2988 gloria
619 2918 860 2985 Domini,
885 2934 1009 2988 quae
1041 2917 1291 2973 deseruit
1313 2916 1601 2986 templum,
1624 2922 1734 2970 stat
1759 2930 1854 2968 su-

244 3028 345 3082 per
403 3023 653 3068 montem
710 3011 911 3067 Oliveti
943 3054 960 3079 ,
997 3023 1048 3068 et
1099 3013 1153 3067 in
1189 3009 1370 3067 crucis
1397 3009 1555 3081 signo
1596 3009 1849 3071 rutilans,

244 3113 459 3177 spectat
489 3105 753 3175 templum
777 3103 1374 3175 quondamludaicuut,
1402 3104 1455 3157 in
1477 3101 1681 3158 favillas
1701 3114 1753 3157 et
1776 3099 1856 3155 ci-

245 3212 409 3252 neres
432 3196 787 3251 dissolutum.

321 3289 510 3360 (\‘ers.
542 3288 639 3354 24,
669 3288 789 3361 25.)
821 3287 890 3343 Et
919 3289 1134 3361 spiritus
1177 3287 1365 3343 levavit
1394 3303 1495 3350 me,
1535 3284 1856 3355 adduxitque

254 3384 311 3435 in
344 3380 653 3435 Chaldatam
690 3381 758 3435 ad
792 3379 1306 3451 transmigrationem
1346 3380 1403 3431 in
1445 3377 1645 3433 visione
1668 3379 1723 3430 in
1748 3378 1857 3447 spi—

249 3474 355 3526 ritu
375 3470 498 3540 Dei,
522 3481 571 3527 et
600 3470 808 3526 sublata
839 3481 913 3525 est
939 3488 971 3525 a
1001 3487 1083 3527 me
1120 3471 1271 3535 visio,
1313 3484 1469 3541 quant
1512 3469 1763 3524 uideram.
1790 3466 1860 3521 Et

252 3564 466 3618 locutus
507 3581 625 3618 sum
654 3566 722 3616 ad
750 3564 1264 3636 traesmigrationem
1317 3562 1493 3616 omnia
1545 3560 1698 3617 verba
1744 3560 1859 3616 Do-

256 3658 409 3728 mini,
434 3674 555 3729 qum
586 3658 880 3712 ostenderat
908 3658 1058 3711 mihi.
1092 3656 1201 3712 Pro
1241 3672 1307 3713 eo
1335 3655 1477 3725 quod
1530 3670 1628 3713 nos
1655 3671 1723 3711 ex
1759 3655 1863 3709 lle-

256 3753 438 3808 braica
470 3758 708 3810 veritate
740 3755 1125 3809 transtulimus
1160 3771 1173 3807 :
1206 3753 1277 3809 Et
1300 3754 1504 3809 sublata
1530 3763 1603 3807 est
1633 3771 1665 3807 a
1687 3769 1765 3809 me
1789 3752 1863 3806 ui-

256 3849 360 3911 sio,
389 3865 551 3918 quant
574 3849 826 3914 videram,
853 3846 997 3903 LXX
1025 3848 1470 3904 transtulerunt:
1510 3847 1581 3903 Et
1604 3849 1809 3904 ascendi
1831 3865 1866 3904 a

254 3941 480 4006 risione,
500 3958 658 4011 quam
683 3941 937 3996 uideram.
959 3940 1118 4009 Quod
1147 3951 1437 4011 utrumque
1457 3941 1725 4012 signiﬁcat
1754 3957 1863 3996 non

258 4031 317 4085 in
361 4046 597 4102 corpore
645 4033 968 4104 prophetam
1013 4033 1066 4089 in
1122 4033 1428 4089 Jerusalem
1485 4032 1554 4089 de
1591 4032 1867 4104 Babylone

258 4127 619 4192 translatum,
649 4126 748 4183 sed
782 4128 834 4183 in
875 4127 1031 4201 113
1052 4128 1279 4198 Spiritu,
1311 4127 1632 4196 sublataque
1655 4127 1869 4183 visione

262 4240 387 4293 qua:
419 4239 546 4279 eum
580 4225 633 4278 in
664 4225 860 4295 spiritu
904 4224 1139 4280 duxerat
1166 4223 1493 4289 Jerusalem,
1525 4233 1580 4277 et
1614 4224 1867 4278 universa

262 4326 699 4384 monstraverat,
727 4334 848 4389 qua:
878 4318 1135 4390 superior
1173 4331 1359 4373 sermo
1388 4317 1649 4381 narravit,
1678 4330 1869 4371 rever-

1940 1900 2199 1955 vitiorum
2232 1915 2453 1954 suorum
2484 1898 2872 1963 amaritudine,
2912 1913 3155 1951 amarum
3208 1896 3334 1950 fatit
3380 1903 3545 1964 atque

1939 1991 2246 2047 crudelem.
2273 1991 2530 2062 AliOquin
2562 1992 2628 2046 de
2662 1991 2773 2045 Deo
2807 1991 3032 2060 legimus
3066 2007 3078 2042 :
3111 1987 3324 2043 Gustata
3380 1996 3427 2040 et
3472 1986 3545 2038 ri-

1941 2086 2077 2149 dete,
2109 2086 2356 2156 quoniam
2388 2086 2581 2151 suavis,
2607 2086 2722 2138 sive
2760 2084 2931 2137 dulcis
2959 2092 3032 2135 est
3068 2081 3319 2134 Dominus
3370 2077 3544 2148 (I’sal.

1944 2195 2133 2247 xxxttt,
2188 2178 2266 2250 9).
2323 2178 2545 2234 Habitat
2587 2188 2766 2233 autent
2822 2176 3088 2248 prOpheta
3140 2175 3191 2228 in
3240 2172 3419 2228 medio
3452 2185 3547 2239 po-

1945 2273 2058 2345 puli
2089 2273 2256 2328 Dcum
2290 2272 2354 2325 ad
2386 2271 2806 2326 amaritudinem
2869 2267 3240 2337 provocantis,
3268 2266 3355 2332 qui
3389 2264 3553 2318 habet

1944 2367 2154 2433 oeulos,
2206 2376 2261 2420 et
2290 2380 2396 2418 non
2423 2364 2570 2418 videt
2595 2382 2606 2416 :
2636 2378 2818 2429 aures,
2846 2371 2901 2417 et
2928 2377 3033 2417 nou
3064 2358 3236 2423 audit,
3268 2374 3376 2412 non
3418 2356 3550 2410 vitio

1945 2473 2231 2521 sensuum,
2257 2458 2352 2511 sed
2378 2458 2674 2527 pertinacia
2699 2455 3005 2527 pravitatis.
3034 2454 3191 2510 Unde
3214 2462 3266 2508 ct
3293 2453 3554 2506 Dominus

1948 2551 2015 2604 ad
2046 2548 2266 2605 Jttdreos
2294 2566 2307 2603 :
2332 2548 2392 2604 Si
2415 2549 2560 2611 θανά,
2579 2549 2771 2612 inquit,
2799 2549 2995 2613 essetis,
3030 2557 3295 2617 peccatum
3326 2562 3428 2598 non
3456 2546 3551 2596 ha-

1950 2646 2138 2699 heretia
2195 2642 2374 2715 (Joan.
2423 2659 2475 2698 Ix
2512 2686 2525 2708 ,
2584 2643 2721 2710 il):
2758 2642 3123 2696 voluntariam
3172 2641 3471 2693 cmeilatcm
3503 2637 3556 2690 in

1954 2736 2061 2791 illis
2089 2748 2323 2807 arguens
2354 2744 2522 2802 atque
2578 2728 2977 2788 condemnans.
3010 2730 3149 2800 Quia
3198 2745 3329 2800 ergo
3363 2743 3429 2785 cc
3455 2729 3555 2782 tios

1956 2828 2159 2883 habent
2201 2826 2267 2881 ad
2309 2825 2623 2892 videndum,
2654 2836 2706 2880 et
2737 2840 2844 2879 non
2879 2823 3067 2877 vident
3099 2840 3112 2876 :
3156 2836 3317 2877 aures
3344 2820 3408 2875 ad
3461 2837 3557 2873 au-

1955 2921 2235 2983 diendum.
2291 2930 2342 2975 et
2380 2917 2540 2993 ιιι
2567 2934 2672 2974 non
2696 2918 2948 2982 audiunt,
3010 2927 3064 2971 et
3113 2925 3199 2971 tua
3231 2918 3398 2969 verba
3430 2930 3558 2969 con-

1957 3025 2231 3081 temnunt,
2265 3014 2404 3070 doce
2434 3029 2532 3069 eos
2584 3028 2683 3084 per
2716 3012 3005 3083 imaginem
3034 3020 3200 3081 atque
3254 3010 3558 3078 picturam;

1958 3119 2013 3164 et
2042 3108 2416 3164 schematibus
2436 3108 2670 3162 ostende
2701 3106 3004 3175 corporeis,
3060 3115 3113 3159 ut
3142 3112 3427 3159 venturam
3463 3119 3553 3156 ca-

1882 3175 1931 3239 C
1962 3201 2265 3272 ptivitatem
2301 3214 2408 3255 non
2439 3199 2615 3255 solum
2644 3199 2853 3263 auditu,
2884 3197 2979 3253 sed
3009 3206 3063 3253 ct
3093 3197 3269 3253 oculis
3297 3211 3565 3267 recogno-

1960 3301 2137 3346 $03M.

2034 3385 2219 3453 (Vers.
2246 3385 2325 3455 3.)
2356 3383 2435 3437 Tn
2456 3400 2598 3458 ergo,
2629 3384 2709 3453 ﬁli
2729 3382 2978 3447 hominis,
3004 3383 3088 3451 [ac
3117 3383 3212 3436 tibi
3240 3398 3362 3435 vasa
3392 3391 3565 3436 trans-

1960 3479 2290 3551 migrationis
2318 3494 2337 3533 :
2367 3488 2418 3533 et
2468 3478 2715 3551 migrabis
2762 3476 2951 3549 [Vulg.
3006 3474 3424 3547 transmigrabis]
3474 3491 3582 3545 per.

1963 3572 2097 3625 diem
2129 3586 2307 3625 coram
2329 3571 2421 3625 eis.
2458 3570 2714 3641 Migrabis
2736 3579 2905 3623 autent
2936 3570 2999 3622 de
3020 3570 3133 3622 loco
3161 3579 3271 3631 tuo,
3301 3575 3368 3622 ad
3395 3569 3566 3622 locum

1964 3665 2187 3719 alterum
2230 3666 2285 3717 in
2309 3673 2584 3733 conspectu
2627 3678 2824 3727 eorum,
2874 3663 2920 3716 si
2947 3665 3081 3731 forte
3125 3661 3415 3731 aspiciant:
3445 3659 3569 3730 quia

1965 3758 2151 3810 domus
2176 3772 2492 3827 exasperans
2536 3765 2629 3810 est.
2660 3754 2805 3810 LXX
2839 3764 2852 3810 ξ
2891 3754 2955 3808 Et
2983 3765 3058 3818 tu,
3094 3754 3171 3823 ﬁli
3200 3754 3444 3817 hominis,
3479 3754 3564 3822 fac

1967 3850 2057 3904 tibi
2086 3866 2210 3911 vasa
2231 3849 2546 3918 captiuitatis
2570 3865 2588 3913 ;
2617 3859 2663 3902 et
2688 3849 2951 3917 captivare
2979 3862 3068 3919 per
3088 3847 3222 3900 diem
3254 3862 3427 3899 coram
3450 3845 3522 3897 eis
3548 3860 3569 3899 :

1967 3952 2015 3998 et
2044 3944 2308 4008 captivare
2342 3943 2406 3996 de
2431 3941 2546 3997 loco
2575 3951 2665 3995 tuo
2686 3943 2743 3995 in
2763 3942 2931 3996 locum
2956 3942 3182 3996 alterum
3214 3942 3266 3995 in
3297 3949 3571 4010 consprctu

1970 4052 2168 4103 eorum,
2193 4045 2247 4088 ut
2271 4036 2480 4091 videant
2498 4035 2621 4107 quia
2641 4036 2826 4090 domus
2857 4052 3171 4104 cxaspcrans
3194 4045 3286 4089 est.
3313 4034 3450 4091 Nulli
3476 4035 3573 4091 du-

1975 4129 2122 4183 biant
2149 4129 2279 4197 quin
2312 4129 2565 4184 universa
2595 4129 2698 4183 loci
2741 4128 2902 4199 hujus
2932 4130 3293 4195 continentia,
3331 4129 3570 4183 futuram

1971 4222 2346 4291 Captivitatem
2381 4224 2585 4278 indicet
2614 4224 2758 4293 regis
2787 4223 3033 4280 Sedeciaz
3066 4225 3243 4279 tribus
3273 4223 3451 4287 Judae,
3479 4222 3573 4292 qui

1974 4324 2168 4384 captus
2210 4324 2296 4370 est
2347 4330 2471 4371 cum
2503 4314 2833 4371 Jerusalem.
2883 4315 2991 4371 Sed
3041 4317 3299 4386 quoniam
3351 4316 3573 4385 quidam

262 4424 360 4464 sus
390 4409 552 4464 estin
583 4410 961 4480 semetipsum,
991 4420 1044 4465 et
1074 4410 1293 4466 locutus
1319 4417 1406 4465 est
1432 4409 1501 4465 ad
1522 4408 1874 4479 transmigra—
1977 4408 2170 4464 volunt
2195 4408 2572 4479 captivitatem
2621 4409 2887 4475 Sedecizu,
2920 4412 3010 4480 qui
3043 4410 3438 4480 interpretatur
3485 4411 3578 4481 ju-

262 4502 474 4557 tionem
497 4503 686 4557 omnia
712 4518 832 4573 qua:
862 4504 910 4558 ei
970 4502 1187 4558 fuerant
1232 4502 1632 4568 demonstrata,
1656 4501 1725 4557 ad
1776 4516 1873 4557 eos
1901 4570 1951 4588 ﬁ
1978 4512 2087 4557 stus
2107 4500 2385 4567 Dominus,
2408 4503 2460 4557 in
2486 4512 2669 4588 txpum
2701 4504 3015 4573 praecedere
3042 4504 3374 4570 Salvatoris,
3399 4506 3490 4577 qui
3514 4505 3582 4561 de

265 4595 551 4664 videlicet,
585 4595 656 4652 de
700 4570 897 4665 quibus
934 4611 1097 4666 supra
1125 4597 1389 4666 scriptum
1420 4602 1507 4661 est
1538 4592 1693 4666 :Ego
1721 4594 1873 4650 sede-
1901 4570 1956 4635 Β
1980 4594 2300 4650 cmlestibus
2354 4595 2421 4649 ad
2459 4570 2675 4649 tein-cna
2702 4570 3069 4658 descendens,
3129 4570 3432 4652 humanum
3460 4612 3589 4653 cor-

276 4689 395 4743 bant
418 4691 476 4742 in
518 4689 676 4744 domo
722 4707 854 4755 mea,
890 4701 934 4744 et
980 4706 1126 4745 senes
1161 4686 1305 4744 Juda
1326 4687 1567 4743 sedebant
1585 4689 1745 4758 juxta
1775 4703 1876 4754 me,
1981 4703 2082 4757 pus
2103 4687 2488 4758 assump~erit,
2513 4698 2567 4743 et
2595 4687 2713 4742 bmc
2740 4703 2864 4743 esse
2912 4705 3038 4744 vasa
3064 4691 3436 4759 captivitatis:
3463 4689 3588 4747 ideo

268 4790 315 4833 et
343 4780 529 4835 cecidit
558 4797 718 4851 super
748 4798 827 4835 me
847 4782 919 4836 ibi
948 4798 1131 4837 manus
1163 4780 1382 4837 Domini
1405 4780 1525 4848 Dei,
1554 4791 1601 4835 ct
1620 4781 1724 4835 vidi
1750 4779 1849 4851 (Su

1981 4780 2434 4850 prmmonendum
2484 4790 2617 4849 pulo
2650 4780 2979 4851 prudentem
3028 4792 3360 4853 cautumque
3414 4785 3584 4838 lecto-

270 4891 366 4943 pra
384 4889 510 4939 vni,
545 4874 624 4944 1).
662 4874 965 4946 Mirumque
988 4876 1040 4929 in
1076 4873 1296 4930 modum
1323 4875 1645 4931 sedentibus
1674 4874 1757 4930 his
1786 4862 1880 4945 qui
1984 4888 2124 4939 rem,
2152 4882 2208 4930 et
2234 4872 2351 4928 haec
2373 4873 2595 4941 quidem
2623 4889 2722 4929 nos
2775 4889 3000 4942 ponere,
3047 4891 3115 4930 ne
3141 4876 3271 4945 quid
3303 4877 3592 4946 praeterire

268 4964 343 5019 ad
372 4980 434 5020 se
464 4977 736 5021 venerant
790 4965 1147 5034 visitandum,
1199 4967 1442 5022 visiones
1473 4966 1731 5037 mysticas
1760 4981 1885 5037 pro-
1985 4967 2291 5034 videamur,
2321 4967 2417 5023 sed
2452 4983 2562 5022 non
2588 4967 2845 5038 probare.
2879 4968 3065 5040 Neque
3092 4970 3239 5024 enim
3271 4987 3363 5026 rex
3393 4970 3592 5042 impius

268 5055 435 5127 pheta
469 5057 758 5122 cernebat,
787 5066 844 5113 et
895 5058 1095 5114 absens
1124 5068 1244 5115 erat
1270 5058 1340 5115 ab
1369 5058 1456 5114 bis
1485 5060 1576 5132 qui
1605 5076 1788 5115 coram
1819 5075 1881 5116 se
1992 5061 2045 5116 in
2076 5061 2302 5132 figuram
2351 5069 2535 5133 potest
2585 5062 2904 5133 praecedere
2955 5064 3127 5129 illius,
3158 5065 3248 5133 qtti
3281 5065 3445 5119 totius
3478 5065 3595 5135 pic-

270 5148 560 5217 sederant,
596 5149 802 5220 absque
830 5149 1053 5221 Spiritu,
1086 5166 1327 5221 praesens
1356 5167 1610 5219 corpore.
1661 5151 1873 5207 Omnia-

273 5255 384 5310 que
430 5243 597 5305 ﬁunt,
629 5252 689 5296 ut
727 5244 1162 5298 consolationem
1214 5244 1483 5314 recipiant
1538 5244 1631 5315 qui
1687 5243 1887 5314 captivi

276 5346 462 5399 erant,
495 5333 644 5405 quod
672 5334 969 5390 reducendi
1012 5336 1121 5391 sint
1152 5337 1205 5391 in
1252 5344 1456 5393 terram
1488 5336 1747 5400 lsrael,et
1769 5352 1887 5391 am-

278 5423 519 5481 bulaturi
544 5426 603 5481 in
636 5429 927 5501 praeceptis
956 5428 1201 5498 Domini,
1237 5429 1519 5501 futurique
1547 5431 1600 5488 ei
1636 5431 1691 5487 in
1720 5445 1892 5502 popu-

282 5515 420 5581 lum,
446 5527 504 5573 et
533 5518 627 5573 ille
653 5518 867 5575 futurus
902 5521 971 5575 sit
998 5520 1079 5576 eis
1103 5524 1155 5575 in
1192 5522 1384 5577 Deum.
1414 5523 1514 5591 Qui
1546 5535 1729 5579 autem
1781 5540 1888 5579 non

284 5608 491 5666 iuerint
516 5613 772 5668 conversi
805 5615 871 5669 ad
906 5616 1310 5685 paenitentiam,
1345 5617 1440 5671 sed
1490 5617 1893 5673 ambulaverint

1991 5154 2119 5209 tatis
2148 5152 2460 5223 exemplum
2483 5154 2851 5225 est.,Captum
2881 5164 3067 5211 autem
3093 5172 3217 5213 esse
3251 5158 3531 5213 Sedeciam
3560 5173 3590 5213 ιι

1989 5243 2304 5316 Babyloniis
2333 5257 2496 5317 atque
2533 5246 2825 5313 Chaldaeis,
2863 5259 2916 5304 et
2944 5250 3209 5307 Jeremias
3243 5252 3510 5321 propheta
3544 5262 3599 5308 ct

1989 5338 2199 5411 Regum
2231 5351 2419 5398 narrat
2448 5343 2703 5409 historia,
2737 5352 2795 5400 et
2823 5345 3046 5402 ductum
3077 5348 3145 5401 de
3192 5348 3314 5403 loco
3336 5348 3389 5402 in
3416 5349 3592 5405 locum

1995 5434 2216 5505 (lentu.
2240 5453 2432 5501 uxts,
2460 5438 2592 5495 etIV
2608 5439 2734 5511 Reg.
2766 5440 2916 5513 xxv),
2936 5441 3041 5497 hoc
3068 5451 3173 5505 est,
3194 5443 3264 5499 de
3284 5444 3590 5500 Jerusalem

1998 5528 2049 5581 in
2086 5528 2435 5600 Babylonem,
2479 5539 2535 5587 et
2565 5541 2760 5587 caetera
2813 5550 2933 5603 qua:
2996 5536 3245 5591 Ezechiel
3309 5535 3362 5591 in
3394 5554 3593 5594 conse—

1998 5621 2288 5691 quentibus
2312 5622 2571 5695 loquitur.
2602 5624 2701 5692 Qui
2735 5634 2915 5683 autem
2943 5628 3279 5686 reieruutad
3308 5630 3599 5705 Dominum

363 5802 392 5832 ι
427 5793 563 5852 Vide
592 5808 713 5868 quae
737 5804 849 5851 tum
875 5796 1005 5853 alibi
1028 5812 1199 5869 sape.
1229 5809 1354 5853 cum
1392 5795 1671 5867 praecipue
1704 5804 1837 5853 tom.
1862 5793 1907 5868 l,
1936 5796 2006 5856 ad
2031 5799 2195 5873 epist.
2221 5803 2313 5870 18,
2340 5817 2494 5861 nunt.
2537 5802 2595 5871 9,
2623 5801 2999 5863 observamus.
