4018 6322
465 267 571 326 105

1700 258 1756 319 S.
1799 252 2067 319 EUSEBII
2109 253 2495 316 HIERONYMI

3654 253 3759 312 1οι

461 382 647 440 Jesum
678 376 1367 450 Cliristum,captivitatem
1390 376 1511 449 ejus
1533 383 1590 433 et
1614 377 2056 448 transmigratio-
2083 380 2131 438 Α
2162 376 2441 429 multorum
2474 416 2489 440 ,
2543 384 2589 427 et
2641 375 2695 428 in
2735 374 2937 455 signum
3004 373 3087 428 cui
3151 369 3537 428 contradicetur
3572 368 3593 443 (
3622 368 3754 424 Luc.

467 491 590 533 ncm
615 475 683 530 de
716 475 835 529 loco
866 472 933 528 ad
962 473 1166 539 locum,
1198 470 1615 527 descensionem
1647 485 1713 526 ex
1738 468 2058 525 coelestibus

465 567 533 624 ad
567 579 780 623 terrena
813 565 1107 637 signiﬁcari
1147 572 1362 636 putant.

538 660 724 735 (Vers.
747 660 780 715 4
811 658 987 732 seqq.)
1014 650 1083 713 Et
1108 658 1293 727 efferes
1324 659 1464 731 foras
1504 674 1625 713 vasa
1648 666 1736 711 tua
1766 655 1914 728 quasi
1938 670 2060 708 vasa

466 753 882 824 transmigrantis
903 769 993 826 per
1013 752 1148 808 diem
1172 755 1224 808 in
1242 761 1522 822 conspectu
1550 768 1749 808 eorum.
1788 749 1864 804 Tu
1890 758 2061 803 autem

467 847 743 920 egredieris
789 863 992 920 respere
1018 864 1191 901 coram
1232 848 1328 914 eis,
1353 848 1489 901 sicut
1513 845 1777 915 egreditur
1832 844 2062 915 migrans

465 951 583 997 ante
602 942 778 996 oculos
800 957 995 995 eorum.
1042 939 1267 1012 Perfode
1294 940 1384 994 tibi
1435 939 1721 1009 parietem:
1750 947 1795 991 et
1834 935 2063 1009 egredie-

464 1035 538 1088 ris
566 1050 655 1104 per
683 1050 797 1087 eum
822 1034 874 1087 in
904 1042 1183 1103 conspectu
1220 1049 1414 1087 eorum.
1458 1031 1523 1086 In
1574 1030 1802 1086 humeris
1833 1029 2061 1101 portabis

468 1126 650 1201 [Vulg.
680 1127 966 1198 portaberis
994 1126 1014 1201 ]
1046 1144 1059 1181 :
1085 1128 1140 1181 in
1182 1128 1403 1201 caligine
1427 1126 1641 1198 effugies
1667 1124 1852 1198 [Vulg.
1884 1124 2060 1192 effere-

464 1219 580 1293 ris].
609 1219 824 1275 Faciem
856 1232 998 1275 tuam
1025 1220 1240 1285 celabis,
1268 1230 1315 1274 et
1345 1236 1449 1274 non
1471 1218 1662 1274 videbis
1680 1229 1871 1273 terram
1900 1217 2063 1288 :quia

469 1324 768 1386 portentum
814 1312 936 1367 dedi
966 1322 1015 1368 te
1066 1313 1243 1367 domui
1286 1310 1476 1367 Israel.
1511 1311 1657 1366 LXX
1691 1330 1705 1366 :
1737 1308 1806 1363 Et
1835 1312 2063 1382 proferes

470 1424 593 1461 rasa
631 1418 721 1463 tua
755 1408 1071 1477 captivitatis
1100 1422 1192 1478 per
1222 1405 1360 1461 diem
1410 1406 1465 1460 in
1494 1406 1660 1460 oculis
1686 1420 1885 1460 eorum.
1916 1402 1979 1457 Et
2008 1412 2063 1457 tu

499 1500 749 1574 gredieris
770 1517 979 1570 respere
1017 1500 1071 1553 in
1099 1509 1374 1572 conspectu
1405 1515 1602 1564 eorum,
1626 1499 1757 1552 sicut
1808 1496 2068 1568 egreditur

502 1596 719 1666 aptivus.
757 1593 984 1666 Perfode
1004 1595 1094 1649 tibi
1120 1596 1385 1668 parietem,
1405 1602 1453 1647 et
1476 1592 1716 1647 transibis
1746 1608 1838 1664 per
1864 1606 1982 1644 cum
2012 1591 2066 1643 in

502 1699 751 1758 onspectu
771 1706 972 1744 eorum.
1016 1689 1083 1743 In
1105 1690 1333 1743 humeris
1379 1689 1688 1758 portaberis,
1718 1696 1765 1741 et
1794 1685 2068 1739 abscondi-

2163 485 2240 535 ll,
2288 468 2359 522 ΞΑ
2388 469 2430 541 ).

2236 561 2416 635 (Vers.
2441 562 2495 629 7,
2528 561 2608 633 8.)
2637 561 2762 617 Feci
2781 579 2900 633 ergo
2929 562 3060 617 sicut
3094 569 3405 633 praeceperat
3446 559 3614 615 mihi:
3637 575 3761 612 uasa

2165 673 2275 710 mea
2303 657 2497 727 protuli
2539 657 2689 727 quasi
2740 672 2863 711 vasa
2890 656 3165 727 migrantis
3197 654 3378 728 [Vulg.
3415 654 3763 724 transmigra-

2164 748 2341 822 tionis]
2361 767 2448 821 per
2468 751 2624 817 diem,
2647 761 2695 805 et
2706 767 2913 823 vespere
2939 750 3144 824 perfodi
3164 750 3290 804 mihi
3311 750 3557 822 parietem
3580 763 3758 803 manu.

2164 842 2231 897 In
2282 844 2501 915 caligine
2548 862 2782 917 egressus
2829 862 2982 914 sum,
3014 854 3061 899 et
3106 843 3335 899 humeris
3362 843 3522 917 116
3561 840 3762 915 portavi

2167 935 2368 1008 [Vulg.
2427 938 2481 991 in
2536 937 2762 992 humeris
2809 935 3087 1010 portatus]
3137 938 3191 990 in
3227 946 3499 1008 conspectu
3560 949 3760 988 eorunt.

2167 1028 2312 1083 LXX
2343 1047 2355 1082 :
2383 1028 2448 1082 Et
2478 1030 2575 1098 feci
2595 1031 2671 1084 sic
2686 1032 2845 1102 juxta
2864 1032 3058 1093 omnia,
3096 1047 3214 1100 quin
3238 1029 3569 1084 mandauerat
3592 1028 3721 1082 mihi
3745 1042 3765 1080 :

2166 1138 2389 1192 ausaque
2424 1123 2621 1193 protuli
2652 1126 2794 1180 sicut
2843 1142 2963 1179 vasa
3020 1125 3335 1192 captivitatis
3371 1138 3461 1195 per
3487 1124 3623 1179 diem
3655 1140 3675 1177 :
3712 1129 3765 1176 et

2166 1215 2235 1269 ad
2264 1230 2531 1285 vesperum
2560 1217 2765 1287 perfodi
2814 1217 2942 1271 mihi
2968 1220 3213 1288 parietem
3248 1234 3429 1287 manu,
3461 1227 3510 1273 et
3552 1216 3768 1271 abscon-

2168 1310 2311 1365 ditus
2352 1328 2589 1383 egressus
2617 1328 2731 1366 sum
2776 1328 2984 1383 :super
3025 1313 3264 1367 humeros
3307 1322 3607 1385 assumptus
3651 1327 3767 1365 sum

2166 1406 2221 1460 in
2242 1415 2520 1469 conspectu
2563 1424 2759 1461 eorum.
2790 1408 2923 1475 Qum
2972 1423 3136 1479 supra
3182 1407 3371 1478 jussus
3425 1417 3509 1463 est
3562 1406 3764 1473 facere,

2169 1516 2337 1569 Opere
2367 1516 2425 1555 se
2450 1503 2764 1572 complesse
2790 1510 3041 1571 testatur,
3076 1517 3178 1557 nec
3203 1501 3656 1572 interpretatione
3688 1499 3772 1555 in-

2170 1594 2318 1663 diget
2344 1595 2505 1664 juxta
2534 1604 2818 1666 utramque
2850 1596 3206 1663 sententiam,
3239 1593 3386 1666 quod
3417 1608 3581 1665 supra
3604 1608 3772 1663 expo-

2170 1689 2336 1744 situm
2365 1698 2470 1744 est.
2506 1688 2641 1744 Illud
2697 1698 2879 1743 autem
2942 1689 3256 1754 notandum,
3291 1686 3436 1759 quod
3464 1703 3577 1743 uno
3605 1696 3771 1759 atque

473 1799 555 1838 :ns
585 1784 887 1855 egredieris.
941 1782 1149 1838 Faciem
1196 1794 1336 1838 tuam
1372 1783 1595 1855 aperies,
1647 1789 1694 1835 et
1723 1798 1823 1835 non
1869 1779 2066 1834 videbis
2098 1784 2146 1844 B
2173 1784 2362 1839 eodem
2388 1794 2633 1853 tempore
2673 1783 2946 1839 Jeremias
2971 1782 3334 1855 prophetabat
3361 1781 3414 1835 in
3440 1780 3770 1847 Jerusalem,

471 1884 697 1930 terram:
721 1879 847 1949 quia
866 1886 1158 1949 portentum
1198 1876 1320 1931 dedi
1350 1886 1397 1930 te
1428 1875 1607 1929 domui
1638 1872 1831 1929 Israel.
1864 1872 2068 1928 Facere

480 1970 636 2043 115
657 1970 884 2040 jubetur
904 1969 1170 2041 propheta
1198 1970 1249 2023 in
1274 1969 1464 2041 ﬁgura,
1484 1984 1604 2039 qua:
1622 1967 1880 2025 Sedecias
1898 1967 2067 2020 lactu-

473 2079 567 2119 rus
603 2065 770 2120 estin
812 2063 1062 2121 veritate.
1112 2064 1345 2135 Collige,
1399 2063 1601 2133 inquit,
1657 2063 1901 2118 sarcinas
1952 2070 2071 2116 tuas

476 2156 618 2227 (lucc
640 2156 785 2212 enim
808 2174 934 2214 vasa
964 2166 1091 2212 sunt
1128 2156 1588 2227 transmigrantis)
1636 2156 1945 2211 videntibus
1963 2154 2069 2210 eis.

475 2247 542 2303 Et
574 2261 855 2321 pOStquam
905 2249 1146 2304 viderint
1199 2265 1319 2319 qua:
1350 2247 1597 2304 facturos
1652 2262 1737 2315 es,
1768 2245 2072 2316 egredieris

474 2356 707 2412 vespere
734 2342 786 2396 in
830 2342 1249 2398 similitudinem
1303 2340 1765 2412 transmigrautis.
1819 2339 2075 2410 Legimus

474 2431 761 2489 Scdeciam
791 2444 953 2490 nocte
1002 2450 1178 2503 muro,
1213 2434 1451 2490 suﬁ‘osso
1505 2433 1707 2504 fugisse
1753 2433 1819 2488 ad
1851 2432 2071 2489 deserta

471 2524 750 2595 Jordanis,
781 2527 962 2599 ibique
988 2542 1018 2583 a
1060 2527 1378 2601 Babyloniis
1410 2542 1535 2585 esse
1585 2527 2068 2599 comprehensum,

474 2628 531 2675 et
561 2619 668 2675 hoc
697 2620 1005 2689 signiﬁcare
1049 2623 1355 2692 perfossum
1388 2623 1677 2691 parietem.
1704 2620 1862 2688 Quod
1893 2629 2072 2675 autem

471 2711 638 2768 dicit:
670 2710 738 2766 In
766 2714 995 2768 humeris
1014 2714 1266 2784 portabis,
1298 2713 1631 2769 subauditur
1660 2714 1905 2768 sarcinas
1931 2724 2071 2780 tuas,

472 2816 529 2862 et
554 2806 819 2878 quidquid
844 2794 913 2862 ad
962 2808 1063 2862 viae
1090 2807 1346 2864 solatium
1398 2807 1667 2879 fugientes
1695 2819 1914 2877 portare
1943 2820 2075 2862 cou-

475 2911 796 2956 sueverunt.
851 2900 918 2954 In
961 2898 1184 2971 caligine
1236 2900 1452 2974 effugies
1479 2898 1589 2973 [AL
1622 2898 1858 2972 efferes];
1891 2914 1958 2953 ne
1987 2897 2072 2952 vi-

476 2992 660 3050 dearis
683 3009 712 3047 a
736 3007 1029 3064 quoquam.
1064 2990 1278 3047 Faciem
1308 3002 1452 3047 tuam
1476 2992 1692 3059 velabis,
1723 2993 1809 3047 vel
1831 2990 2076 3046 caecitate

472 3104 596 3158 quae.
652 3088 703 3143 ei
761 3086 984 3154 accidit,
1016 3086 1187 3142 erutis
1241 3085 1413 3142 oculis
1468 3102 1497 3140 a
1528 3084 2071 3149 Nabuchodonosor;

2172 1886 2223 1931 et
2250 1876 2502 1931 Ezechiel
2534 1876 2587 1931 in
2618 1875 2926 1948 Babylone,
2960 1886 3015 1932 ct
3044 1878 3192 1931 illius
3250 1874 3536 1948 prophetia
3583 1876 3772 1931 mitte—

2174 1972 2330 2026 batur
2359 1970 2425 2026 ad
2456 1971 2702 2043 captivos
2729 1987 2742 2038 ;
2778 1980 2834 2027 ct
2863 1970 3024 2041 hujus
3056 1970 3124 2025 ad
3179 1985 3297 2035 eos,
3332 1970 3421 2040 qui
3456 1969 3778 2024 habitabant

2173 2064 2226 2119 in
2259 2065 2570 2121 Jerusalem
2598 2081 2613 2131 ;
2644 2076 2703 2120 ut
2734 2065 2896 2120 unius
2936 2066 2988 2120 in
3021 2064 3259 2121 diversis
3305 2064 3627 2136 regionibus
3678 2062 3775 2119 Dei

2175 2158 2515 2229 providentia
2576 2158 2948 2229 probaretur,
3001 2168 3056 2213 et
3121 2158 3489 2227 intelligerent
3544 2156 3775 2211 audien-

2175 2262 2257 2308 tes
2290 2297 2304 2321 ,
2346 2267 2704 2323 qumcumque
2753 2252 3077 2307 accidebant
3121 2251 3323 2322 populo
3360 2291 3375 2316 ,
3421 2264 3767 2321 nequaquam

2174 2343 2447 2399 idolorum
2489 2352 2760 2414 potestate
2791 2384 2806 2409 ,
2868 2342 2960 2398 sed
3010 2342 3227 2397 Domini
3280 2341 3532 2412 jussione
3584 2340 3771 2397 consi-

2174 2449 2342 2493 Stcre.

2246 2529 2428 2603 (Vers.
2455 2529 2536 2599 9.)
2564 2526 2631 2582 Et
2655 2529 2821 2599 factus
2851 2537 2925 2581 est
2955 2544 3121 2583 sermo
3166 2526 3383 2583 Domini
3411 2543 3561 2582 mane
3595 2527 3665 2581 ad
3695 2540 3775 2582 me

2175 2623 2381 2678 dicens:
2406 2621 2511 2676 Fili
2539 2623 2786 2686 hominis,
2817 2621 3073 2692 numquid
3097 2638 3200 2675 non
3228 2622 3473 2677 dixerunt
3500 2620 3571 2675 ad
3598 2630 3647 2676 te
3672 2621 3775 2675 do-

2176 2732 2289 2769 ntus
2326 2714 2513 2778 Israel,
2549 2716 2735 2770 domus
2766 2731 3096 2783 exasperans,
3127 2715 3254 2786 quid
3284 2723 3340 2768 tu
3385 2714 3516 2785 facis
3536 2715 3562 2769 ?
3587 2712 3687 2768 Dic
3707 2714 3776 2769 ad

2176 2825 2263 2864 eos
2284 2825 2303 2864 :
2335 2808 2466 2864 Haec
2485 2810 2611 2863 dicit
2638 2809 2894 2863 Dominus
2928 2807 3090 2863 Deus.
3116 2807 3174 2865 Si
3218 2818 3293 2879 te,
3321 2810 3514 2880 inquit,
3539 2809 3778 2865 interro-

2174 2903 2380 2972 gaverit
2423 2902 2617 2958 domus
2672 2917 3053 2975 eanperansz
3088 2900 3269 2971 Quare
3325 2902 3428 2959 ista
3474 2886 3779 2960 facis?Vel

2177 2998 2475 3053 secundum
2503 2997 2865 3069 Septuaginta
2886 2998 3049 3051 etiam
3082 2997 3130 3051 si
3159 3013 3265 3051 non
3288 2997 3775 3070 interrogaverint,

2178 3103 2232 3146 tu
2263 3092 2577 3164 ingredere,
2602 3100 2662 3147 ιιι
2692 3094 2872 3148 sciant
2894 3109 2992 3148 cur
3016 3092 3117 3148 ista
3153 3093 3370 3149 ieceris.
3404 3092 3499 3148 Dic
3548 3093 3619 3148 ad
3648 3109 3735 3149 eos
3759 3109 3779 3148 :

473 3182 561 3237 vel
592 3196 661 3237 nc
688 3192 1053 3251 cognoscatur
1077 3180 1222 3251 quod
1266 3181 1384 3251 ipse
1423 3179 1495 3236 sit
1540 3194 1658 3245 rex,
1700 3187 1757 3235 et
1785 3178 1961 3248 major
1984 3176 2077 3233 ﬁat
2102 3178 2147 3242 C
2184 3186 2313 3242 "me
2334 3189 2459 3242 dicit
2478 3186 2732 3243 Dominus
2754 3186 2916 3243 Deus,

475 3292 608 3333 cura
639 3277 997 3333 servantium.
1023 3275 1286 3346 Quodque
1317 3274 1569 3347 sequitur
1601 3290 1615 3328 :
1643 3272 1711 3326 Et
1751 3291 1855 3329 non
1879 3273 2074 3327 videbis

477 3381 686 3439 terram,
720 3370 849 3427 illud
880 3370 1178 3443 signiﬁcat,
1205 3369 1351 3441 quod
1380 3384 1559 3425 caecus
1588 3369 1784 3425 ductus
1809 3369 1947 3422 sitio
1974 3367 2075 3422 Ba-

477 3465 756 3537 bylonem,
784 3479 1017 3535 eamque
1046 3480 1153 3520 non
1196 3464 1416 3520 viderit.
1474 3465 1608 3533 Quia
1636 3472 1931 3537 portentum
1958 3463 2075 3517 dedi

476 3565 544 3623 te,
579 3556 781 3628 inquit,
807 3556 986 3611 domui
1012 3556 1287 3612 Israel:in
1317 3558 1531 3628 signum
1562 3558 1707 3613 enim
1738 3566 1796 3612 et
1826 3558 2071 3626 ﬁguram,

478 3649 881 3720 prOphetarum
913 3658 1020 3704 tam
1061 3649 1206 3705 dicta
1247 3664 1408 3720 quam
1458 3647 1602 3704 facta
1646 3659 1794 3704 sunt.
1839 3648 1996 3705 Unde
2023 3656 2083 3704 et

478 3743 531 3798 in
565 3741 850 3809 Zacharia,
883 3742 985 3796 viri
1018 3742 1326 3813 portentosi
1385 3750 1673 3809 vocantur,
1704 3742 1848 3809 quod
1898 3741 2078 3797 futura

481 3836 815 3908 portendant
861 3834 1052 3909 (Zach.
1104 3835 1205 3907 ιιι).
1239 3837 1306 3892 Et
1337 3836 1391 3891 in
1421 3834 1561 3892 Osee
1614 3836 1855 3908 loquitur
1880 3836 2025 3891 Deus
2060 3852 2073 3889 :

480 3929 551 3985 In
578 3930 813 3985 manibus
855 3929 1232 4002 prophetarum
1274 3928 1597 3985 assimilatas
1623 3947 1739 3984 sum
1779 3930 1938 4001 (Osee
1979 3946 2075 3994 xu,

480 4024 594 4098 10).
628 4024 730 4093 Qui
758 4034 941 4083 autem
984 4025 1177 4081 volunt
1209 4026 1263 4080 in
1296 4025 1599 4081 Ezechielis
1649 4039 1880 4095 persona
1904 4023 2075 4081 Chri-

480 4130 623 4179 stum
654 4120 907 4192 intelligi,
951 4135 1078 4176 vasa
1130 4120 1485 4189 captivitatis,
1531 4119 1827 4174 humanum
1880 4134 2079 4190 corpus

481 4214 782 4286 accipiunt,
837 4221 894 4269 et
930 4214 1238 4285 perfossum
1270 4212 1564 4283 parietem,
1595 4226 1703 4283 quo
1735 4210 2078 4268 infernorum

483 4310 718 4365 claustra
768 4306 1054 4379 perfregit,
1085 4314 1142 4362 et
1170 4320 1466 4377 resurgens
1498 4320 1526 4360 a
1568 4306 1699 4360 solis
1728 4303 2081 4361 credentibus

484 4403 635 4459 visus
666 4410 751 4459 est
785 4420 799 4455 :
834 4411 1192 4473 portatusque
1222 4400 1277 4455 in
1301 4398 1567 4467 humeris,
1590 4400 1809 4471 quando
1830 4415 1950 4455 cum
1984 4415 2082 4454 an-

485 4496 677 4570 gelicis
714 4495 1073 4567 potestatibus
1121 4494 1188 4549 ad
1236 4495 1437 4551 catlum
1481 4494 1656 4548 victor
1698 4492 1992 4559 ascendit;
2025 4501 2081 4548 et

2248 3280 2437 3352 (Vers.
2467 3282 2534 3338 it)
2564 3279 2749 3352 seqq.)
2779 3280 2951 3350 Super
2974 3289 2999 3317 ει
3031 3280 3319 3351 principem
3338 3295 3469 3334 onus
3494 3279 3658 3345 istud,
3687 3280 3782 3350 qui

2178 3384 2250 3426 est
2280 3373 2336 3426 in
2360 3372 2649 3428 Jerusalem
2676 3390 2695 3439 ;
2735 3383 2782 3427 et
2819 3390 2973 3445 super
2998 3390 3206 3429 onmem
3232 3375 3444 3428 dontum
3476 3372 3645 3428 Israel
3664 3387 3781 3441 qua!

2178 3477 2252 3523 cst
2282 3468 2333 3521 in
2372 3468 2543 3521 medio
2592 3483 2794 3522 eorum.
2841 3465 2943 3521 Dic
2971 3484 2989 3521 :
3016 3465 3132 3541 Ego
3169 3477 3466 3536 portentum
3508 3477 3730 3522 uestrum
3760 3483 3782 3522 :

2177 3559 2436 3633 quomodo
2460 3561 2593 3632 feci,
2626 3562 2700 3615 sic
2737 3561 2823 3630 fiet
2850 3560 2979 3615 illis.
3014 3559 3081 3614 In
3110 3560 3614 3631 transmigrationem
3650 3567 3696 3613 et
3725 3559 3782 3613 in

2179 3654 2527 3725 captivitatem
2569 3653 2735 3707 ibunt.
2780 3651 3035 3724 Princeps
3064 3663 3275 3720 autem,
3313 3654 3399 3720 qui
3423 3661 3497 3706 est
3522 3652 3575 3705 in
3605 3651 3779 3705 media

2180 3762 2357 3801 eorum
2382 3789 2395 3811 ,
2432 3747 2487 3801 in
2525 3745 2751 3801 humeris
2777 3747 3090 3814 portabitur,
3120 3748 3173 3801 in
3196 3748 3420 3821 caligine
3449 3746 3781 3817 egredietur,-

2181 3839 2425 3910 parietem
2450 3840 2760 3910 perfodient,
2796 3848 2849 3892 ut
2880 3840 3098 3894 educant
3129 3856 3244 3893 eum
3271 3856 3290 3906 ;
3332 3840 3492 3910 facies
3524 3841 3637 3911 ejus
3660 3854 3784 3909 ope-

2183 3937 2364 4001 rietur,
2390 3946 2447 3989 ut
2487 3952 2589 3990 non
2618 3935 2786 3989 videat
2825 3937 2987 3990 oculis
3032 3934 3214 4007 [Vulg.
3249 3933 3424 4007 oculo]
3467 3942 3679 3989 terram.
3712 3932 3784 3988 Et

2183 4030 2455 4084 extendant
2486 4038 2588 4082 rete
2620 4044 2784 4082 meum
2814 4044 2967 4100 super
2995 4035 3146 4093 eum,
3171 4038 3217 4082 et
3254 4029 3489 4100 capietur
3510 4027 3563 4081 in
3589 4043 3786 4100 sugena

2183 4141 2315 4189 mea,
2343 4132 2390 4177 et
2437 4122 2700 4177 adducam
2729 4139 2845 4177 eum
2868 4124 2921 4177 in
2972 4122 3289 4195 Babylonem
3329 4124 3380 4177 iu
3405 4132 3593 4178 terram
3623 4120 3790 4177 Chal-

2184 4219 2434 4287 dworum,
2462 4230 2510 4273 et
2532 4220 2701 4290 ipsam
2728 4236 2831 4274 non
2851 4219 3044 4276 videbit
3073 4239 3092 4288 ;
3124 4222 3193 4275 ibi
3224 4222 3489 4276 ntorietur.
3517 4218 3587 4275 Et
3607 4236 3788 4275 omnes

2182 4312 2271 4380 qui
2287 4313 2425 4365 circa
2443 4327 2558 4365 eum
2578 4320 2714 4377 sunt,
2745 4313 3055 4381 praesidium
3084 4317 3196 4386 ejtts
3224 4322 3270 4367 et
3305 4314 3516 4386 agmina
3536 4312 3681 4368 illius
3708 4314 3790 4366 di-

2186 4419 2424 4476 spergam
2446 4403 2499 4458 in
2521 4419 2721 4458 omnem
2751 4414 2997 4471 ventum;
3038 4415 3085 4459 ct
3109 4404 3341 4477 gladium
3356 4407 3639 4478 cuaginabo
3668 4417 3791 4477 post

2186 4513 2290 4565 eos,
2316 4508 2363 4552 et
2383 4500 2546 4553 scient
2563 4499 2684 4570 quia
2707 4516 2799 4570 ego
2823 4498 3101 4566 Dominus,
3124 4503 3330 4571 quando
3352 4501 3407 4555 di
3416 4494 3645 4572 spersero
3663 4501 3790 4557 illos

488 4588 639 4662 quod
668 4587 1019 4645 absconditus
1046 4586 1351 4659 egreditur,
1383 4595 1441 4643 et
1469 4572 1618 4643 velat
1646 4585 1839 4641 faciem
1898 4600 2073 4651 suam,
2106 4578 2160 4640 D
2183 4590 2237 4644 in
2257 4591 2489 4662 gentibus
2511 4602 2558 4646 et
2580 4592 2982 4648 disseminavera
3013 4610 3097 4648 eos
3112 4594 3164 4647 in
3186 4603 3352 4648 terras
3378 4594 3559 4666 [Vulg.
3585 4593 3784 4667 terris].

487 4697 560 4739 ne
592 4683 643 4736 iu
675 4696 839 4737 carne
870 4679 1087 4735 mortali
1116 4679 1367 4736 videatur
1394 4678 1577 4734 divina
1601 4680 1949 4749 majestas,et
1969 4694 2077 4732 non

488 4774 637 4831 videt
667 4785 893 4840 terram,
926 4789 994 4829 ne
1032 4773 1205 4829 oculis
1263 4773 1408 4828 illius
1450 4773 1774 4841 illustretur,
1807 4787 1927 4844 quae
1962 4772 2082 4842 ejus

488 4883 597 4926 nou
629 4876 872 4925 meretur
892 4877 1195 4939 aspectum.
1231 4865 1381 4921 Oculi
1408 4867 1544 4920 enim
1584 4863 1794 4920 Domini
1821 4884 1975 4939 super
1988 4869 2083 4939 ju-

489 4972 595 5019 stos
618 4961 739 5035 (l’s.
758 4961 1074 5032 xxxnt,i6),
1094 4970 1151 5017 et
1175 4960 1372 5015 avertit
1398 4958 1586 5015 faciem
1606 4974 1758 5014 suam
1788 4960 1856 5015 ab
1881 4959 2078 5030 impiis.

490 5056 623 5114 Haec
642 5064 844 5119 autem,
869 5055 1143 5126 inquiunt,
1166 5053 1344 5109 omnia
1380 5053 1573 5110 lecisse
1596 5054 1873 5120 narratur,
1905 5064 1966 5108 ut
1988 5069 2084 5122 per

494 5149 912 5208 similitudinem
971 5147 1243 5215 hominis,
1293 5147 1429 5203 dura
1487 5146 1553 5201 ad
1586 5147 1746 5204 ﬁdem
1802 5146 2085 5204 lsraelitici

497 5244 681 5317 populi
737 5243 906 5302 corda
980 5252 1347 5300 converteret.
1403 5241 1473 5296 Et
1522 5241 1573 5295 in
1625 5252 1935 5311 portentum
1991 5242 2089 5297 da-

497 5346 587 5392 tur
612 5336 799 5392 domui
848 5335 1055 5401 lsrael;
1098 5335 1253 5406 juxta
1274 5333 1407 5389 illud
1446 5332 1591 5404 quod
1649 5335 1913 5405 scriptum
1952 5344 2036 5391 est
2071 5352 2086 5389 :

494 5427 630 5486 Ecce
678 5428 763 5484 hic
808 5429 1007 5501 positus
1055 5436 1130 5483 est
1191 5428 1246 5482 in
1299 5427 1505 5482 ruinam
1558 5435 1607 5481 et
1659 5430 2086 5485 resurrectionem

488 5664 591 5741 5‘8
620 5658 703 5716 Ad
738 5657 993 5741 Vulgata}.
1009 5654 1141 5740 edit.
1174 5652 1351 5741 ﬁdem.
1390 5654 1826 5741 mavultj'ic'tor.
1860 5655 2089 5741 liic_legi

497 5730 734 5798 Ducem;
762 5725 885 5787 nam
911 5729 1199 5801 principem
1219 5742 1285 5783 ex
1311 5726 1502 5801 Graeco
1527 5725 1921 5801 LXX_o’ipxom
1947 5725 2093 5787 deri-

497 5807 613 5865 vari
642 5804 830 5862 sentit.
854 5797 1052 5872 Sicque
1074 5797 1206 5871 legit
1225 5808 1281 5856 et
1296 5800 1461 5869 paulo
1491 5811 1634 5871 pom,
1659 5797 1983 5856 Duaj'autem
2002 5804 2094 5874 qui

2190 4684 2255 4739 Et
2286 4685 2576 4755 relinquam
2604 4705 2666 4741 ea:
2695 4688 2770 4741 eis
2802 4689 2939 4743 viros
2968 4704 3161 4760 paucos
3188 4706 3219 4743 a
3248 4686 3450 4759 gla.io,
3474 4698 3521 4743 et
3546 4692 3702 4760 fame,
3738 4696 3793 4743 et

2189 4782 2480 4854 pestilentia
2506 4798 2525 4849 ;
2547 4791 2601 4836 ut
2645 4792 2852 4837 narrent
2884 4784 3057 4837 omnia
3102 4782 3297 4837 scelera
3331 4799 3505 4837 eorum
3534 4783 3585 4836 in
3621 4781 3796 4853 genti-

2190 4874 2280 4930 bus
2313 4917 2327 4941 ,
2368 4876 2438 4930 ad
2476 4890 2602 4945 quas
2649 4876 3016 4948 ingredieutur,
3063 4886 3107 4931 et
3162 4879 3323 4931 scient
3362 4878 3485 4947 quia
3538 4894 3631 4951 ego
3681 4876 3797 4931 Do-

2192 4969 2384 5024 minus.
2444 4968 2680 5025 Primum
2751 4984 3086 5038 exponamus
3141 4970 3451 5025 historiam.
3510 4971 3651 5037 Dic,
3705 4971 3795 5027 in-

2193 5063 2341 5133 quit,
2384 5061 2451 5116 ad
2518 5075 2655 5129 eos,
2699 5076 2732 5116 ο
2797 5060 2874 5116 ﬁli
2935 5062 3214 5124 hominis,
3256 5062 3348 5134 qui
3409 5063 3488 5118 vel
3547 5062 3793 5119 interro-

2192 5165 2351 5227 gant,
2414 5155 2568 5229 ιιῚ
2633 5155 2723 5211 vel
2773 5171 2881 5211 non
2928 5157 3289 5227 interrogant.
3357 5155 3497 5222 Quid
3543 5166 3601 5212 tu
3656 5157 3793 5228 facis

2192 5248 2347 5304 haec?
2401 5251 2543 5321 quod
2578 5265 2745 5321 super
2791 5250 2987 5307 ducem
3030 5234 3171 5306 onus
3216 5250 3351 5306 illud
3398 5261 3455 5307 et
3502 5250 3641 5306 visio
3678 5251 3790 5322 sit,

2194 5344 2284 5415 qui
2342 5353 2426 5401 est
2491 5346 2544 5400 in
2598 5345 2932 5414 Jerusalem,
2987 5345 3185 5402 ducem
3246 5346 3564 5417 signiﬁcans
3619 5346 3796 5404 Sede-

2194 5437 2360 5493 ciam.
2415 5438 2484 5496 Et
2506 5438 2595 5495 dic
2629 5456 2644 5494 :
2678 5437 2793 5513 Ego
2820 5449 3111 5513 portentum
3143 5449 3365 5495 vestrum
3386 5480 3402 5507 ,
3435 5440 3554 5497 sive
3593 5448 3654 5496 ut
3690 5440 3795 5498 Se-

3066 5616 3080 5643 ο

2195 5670 2270 5742 est
2302 5660 2355 5742 in
2384 5662 2585 5742 medio,
2609 5669 2740 5729 etc.,
2772 5664 2916 5742 quod
2946 5679 3013 5721 ex
3044 5664 3159 5742 ipsa
3209 5667 3528 5742 Hieronymi
3557 5671 3791 5742 repetita

2200 5732 2432 5790 lectione
2461 5735 2514 5790 in
2544 5732 2953 5793 Commentario
2973 5732 3186 5795 asserit.
