4018 6322
227 347 327 405 105

909 340 1557 403 COMMENTARIORUM
1594 341 1665 399 IN
1704 334 2318 403 EZECHIELEMLIB.
2362 339 2451 395 lll.
2494 336 2649 399 CAP.
2690 342 2806 401 Xll.

3420 345 3521 402 106

216 464 505 535 ptnaginta
535 463 977 532 transtulerunt,
1008 463 1120 536 Ego
1148 464 1239 532 qui
1284 472 1521 531 portenta
1564 461 1733 533 facio;
1767 469 1822 514 ut
1851 466 1900 522 Α
1931 474 2028 529 per
2054 473 2150 514 eos
2173 458 2544 526 crediderant,
2588 461 2732 531 quod
2778 462 2893 531 ipse
2922 461 2994 517 sit
3027 461 3309 527 Dominus,
3340 469 3396 516 et
3443 462 3523 516 id-

215 573 281 613 ex
320 559 685 627 praesentibus
716 558 895 613 futura
925 567 1348 628 cognoscantur.
1390 555 1662 622 Quomodo
1692 554 1815 625 feci,

214 653 291 707 sic
321 653 411 720 ﬁet
434 652 578 721 illis,
611 652 735 708 duci
780 662 836 708 et
882 651 1094 708 cunctis
1139 654 1230 723 qui
1280 652 1335 705 in
1363 650 1623 706 comitatu
1665 646 1821 702 ducis

215 759 372 799 sunt.
406 745 470 801 In
511 747 1057 819 transmigrationem
1092 744 1448 816 Babyloniam
1492 741 1693 814 captivi
1722 739 1824 794 du-

214 849 437 905 centur,
473 850 531 894 et
558 840 669 895 dux
700 842 790 912 qui
828 849 914 896 est
951 839 1006 894 in
1050 837 1234 895 medio
1264 852 1456 893 eorum
1492 838 1546 890 in
1579 833 1820 890 humeris

216 934 562 1005 portabitur,
584 935 676 990 vel
703 935 1078 1004 junientorum
1102 975 1120 1001 ,
1152 932 1241 987 vel
1274 947 1462 987 eorum
1492 930 1581 1001 qui
1606 944 1731 984 cum
1757 942 1824 983 eo

216 1026 502 1100 fugerant.
537 1029 596 1084 In
627 1028 862 1100 caligine
882 1070 899 1096 ,
928 1028 1056 1085 etin
1089 1025 1270 1083 noctis
1303 1025 1543 1082 tenebris
1575 1021 1825 1095 egredie-

218 1130 308 1176 tur
351 1140 366 1178 :
415 1136 748 1193 murumque
795 1120 1096 1177 suffodient
1141 1120 1278 1176 socii
1318 1120 1435 1190 ejus
1479 1128 1541 1174 ut
1589 1117 1826 1173 educant

218 1230 368 1271 eum.
400 1214 602 1273 Facies
633 1215 783 1271 illius
824 1216 1119 1281 velabitur,
1152 1215 1242 1270 vel
1286 1214 1480 1269 timore
1526 1212 1821 1283 fugientis,

216 1309 301 1362 vel
334 1309 612 1363 caecitatis
634 1308 871 1379 injuria,
924 1318 985 1364 ut
1013 1321 1198 1364 caecus
1230 1317 1434 1363 terram
1484 1321 1591 1361 non
1642 1304 1828 1361 videat

216 1400 630 1472 Babylonis.Et
648 1416 749 1472 ego
777 1400 1067 1458 extendam
1101 1410 1220 1457 rete
1249 1416 1429 1456 meum
1449 1415 1616 1469 super
1646 1399 1823 1465 illum,

216 1503 272 1549 et
302 1495 560 1564 capietur
594 1496 646 1549 in
676 1510 881 1565 sagena
919 1510 1062 1550 mea.
1092 1494 1447 1550 Concedente
1485 1496 1689 1563 quippe
1719 1492 1824 1545 Do-

219 1589 404 1656 mino,
448 1604 481 1642 a
517 1588 843 1658 Babyloniis
870 1599 1062 1661 captus
1090 1598 1174 1644 est
1203 1606 1217 1642 :
1250 1599 1306 1644 et
1337 1589 1453 1643 haec
1475 1602 1599 1658 qua:
1628 1586 1698 1640 ab
1730 1584 1830 1639 ho-

218 1682 396 1738 stibus
422 1696 623 1752 passus
652 1691 736 1738 est
759 1683 902 1747 lleri,
924 1698 985 1739 se
1011 1682 1211 1738 fecisse
1238 1690 1490 1738 testatur.
1516 1682 1830 1749 Ductusque

219 1776 272 1830 in
316 1775 692 1847 Babylonem,
748 1786 952 1832 terram
995 1774 1380 1830 Chaldzeorum
1428 1788 1534 1829 non
1582 1771 1827 1836 videbit,

1921 554 2068 608 circo
2097 552 2418 620 disperserit
2446 568 2541 607 eos
2592 553 2644 607 iu
2688 554 2964 623 gentibus,
3020 564 3077 611 et
3117 554 3521 613 disseiuiuave-

1924 647 1995 702 rit
2025 648 2076 701 in
2104 657 2298 713 terras,
2348 655 2405 700 ut
2437 647 2663 701 multum
2698 646 2929 703 ΐιιιειιιειι
2964 649 3228 704 lacerent.
3277 648 3345 702 Et
3390 648 3522 702 reli-

1924 741 2041 812 quit
2071 757 2136 796 ex
2167 740 2245 795 eis
2275 755 2475 810 paucos
2503 742 2673 806 viros,
2705 740 2847 796 sicut
2875 741 3142 796 Joannem
3170 741 3519 811 Apostolum,

1925 842 1981 890 et
2006 843 2256 901 caeteros,
2290 833 2545 904 agladio,
2599 845 2652 887 et
2695 835 2859 900 tame,
2912 844 2965 890 et
2991 834 3299 903 pestilentia
3323 835 3524 889 libera-

1926 936 2029 997 tos,
2057 938 2111 983 et
2139 928 2578 998 persecutionum
2603 928 2869 997 impetum
2911 928 3273 995 declinantes,
3307 938 3364 983 ιιι
3391 946 3522 985 nar-

1926 1031 2046 1077 rent
2101 1022 2309 1078 scelera
2356 1021 2670 1077 Judaeorum
2726 1031 2781 1077 et
2830 1023 3146 1093 iniquitates
3195 1034 3520 1081 cunctarum

1927 1116 2169 1186 gentium
2203 1114 2269 1170 ad
2300 1130 2436 1186 quas
2469 1116 2697 1186 ingressi
2732 1126 2879 1180 sunt,
2922 1124 2981 1171 ut
3012 1129 3129 1171 acta
3162 1119 3482 1187 pmniteutia
3504 1163 3518 1185 ,

1928 1210 2133 1266 scirent
2158 1210 2301 1280 quod
2351 1211 2467 1279 ipse
2504 1218 2650 1265 esset
2681 1210 2961 1265 Dominus.
2992 1210 3119 1265 11ωο
3147 1212 3406 1279 diximus,
3447 1212 3527 1267 le-

1930 1301 2095 1356 ctoris
2119 1299 2629 1371 arbitriojudicium
2654 1300 3049 1368 relinquentes.
3074 1300 3349 1355 Caeterum
3376 1302 3525 1357 nulla

1931 1393 2198 1450 dubitatio
2214 1403 2316 1461 est,
2354 1393 2724 1462 periculosum
2773 1408 2896 1449 esse
2938 1396 3085 1465 regis
3112 1395 3262 1465 impii
3295 1396 3528 1465 captivi-

1933 1496 2095 1545 tatem
2127 1501 2178 1544 et
2216 1502 2429 1554 necem,
2462 1497 2805 1543 sacramento
2831 1487 3042 1543 Domini
3072 1502 3414 1559 comparare.

2006 1582 2187 1655 (Vers.
2228 1582 2291 1636 17
2314 1580 2493 1653 διιψι.)
2528 1580 2590 1635 Ει
2616 1581 2787 1653 factus
2810 1590 2881 1636 est
2906 1599 3074 1636 sermo
3090 1579 3303 1636 Domini
3324 1584 3393 1636 ad
3421 1600 3523 1651 me,

1934 1678 2109 1732 dicens
2139 1692 2157 1731 :
2188 1674 2301 1730 Fili
2332 1677 2554 1730 hominis
2581 1718 2594 1739 ,
2642 1693 2828 1747 panem
2876 1685 3020 1731 tuum
3045 1678 3099 1731 in
3126 1678 3527 1734 conturbatione

1933 1773 2140 1825 comede
2171 1769 2354 1842 [Vulg.
2386 1769 2538 1825 addit
2574 1768 2684 1842 sed]
2711 1786 2723 1835 ;
2755 1780 2802 1825 et
2830 1786 3017 1841 aquam
3062 1778 3206 1824 tuam
3238 1772 3291 1824 in
3314 1773 3535 1844 festina-

218 1868 403 1939 ibique
430 1870 688 1940 captivus
717 1869 1005 1925 morietur.
1029 1871 1231 1926 Omnes
1259 1879 1441 1925 autem
1474 1867 1651 1923 socios
1682 1866 1823 1937 ejus,
1860 1865 1905 1924 Β
1934 1864 2073 1918 tione
2099 1873 2146 1917 et
2179 1879 2393 1917 nnerore
2430 1862 2561 1916 bibe.
2608 1862 2670 1915 Et
2703 1864 2785 1915 dic
2815 1861 3010 1935 [Vulg
3046 1862 3219 1935 dices]
3268 1864 3337 1917 ad
3366 1880 3532 1937 papu-

222 1972 278 2019 et
303 1963 597 2033 adjutores
637 1974 694 2021 et
722 1965 955 2020 comites
987 1963 1124 2035 fugae
1146 2008 1161 2031 ,
1209 1979 1332 2019 cum
1364 1963 1459 2019 ille
1485 1963 1650 2018 fuerit
1679 1976 1828 2016 cont-

224 2056 571 2127 prehensus,
625 2059 729 2113 huc
758 2058 999 2127 illucque
1047 2057 1396 2127 dispergam,
1448 2071 1551 2110 nec
1599 2068 1827 2110 securos

221 2152 374 2206 abire
398 2152 718 2222 permittam
750 2168 763 2204 ;
797 2151 896 2206 sed
935 2152 988 2205 in
1016 2152 1269 2206 mamilius
1297 2149 1534 2204 hostium
1566 2149 1830 2229 evagina-

226 2244 569 2315 bogladium
623 2260 841 2311 meum;
894 2245 1192 2315 utquaudo
1238 2244 1474 2315 dispersi
1529 2242 1729 2297 fuerint
1778 2243 1832 2297 in

230 2339 527 2409 gentibus,
583 2338 894 2409 intelligant
946 2336 1092 2409 quod
1132 2351 1233 2407 ego
1264 2336 1369 2391 sint
1425 2335 1723 2401 Dominus,
1778 2343 1834 2389 et

228 2448 352 2488 mea
392 2445 598 2489 cuncta
644 2434 925 2489 voluntate
989 2430 1102 2487 sint
1146 2430 1314 2487 facta.
1367 2430 1437 2486 Et
1485 2429 1831 2501 relinquam,

231 2528 446 2598 inquit,
517 2543 584 2583 ex
642 2527 810 2582 sociis
876 2527 998 2597 ejus
1074 2525 1166 2597 qui
1236 2541 1359 2582 cum
1430 2540 1499 2582 eo
1565 2525 1831 2596 fugerint,

230 2632 286 2677 et
342 2621 436 2693 qui
490 2621 734 2678 evadere
782 2621 1081 2692 potuerint,
1116 2635 1358 2691 paucos,
1406 2618 1503 2690 qui
1549 2619 1831 2690 gladium,

232 2724 289 2769 et
348 2715 580 2780 lamem,
646 2723 704 2771 et
763 2715 1132 2785 pestilentiam
1192 2714 1506 2779 evaserint,
1586 2721 1644 2766 ut
1710 2726 1834 2766 cum

234 2808 319 2863 vel
372 2807 536 2880 luga,
567 2808 656 2863 vel
712 2810 1028 2879 captivitate
1079 2808 1146 2862 ad
1195 2808 1443 2862 diversns
1487 2806 1839 2876 pervenerint

236 2900 516 2971 regiones,
550 2910 777 2956 narrent
806 2902 990 2957 omnia
1032 2900 1244 2956 scelera
1285 2915 1383 2955 sua
1424 2900 1509 2955 vel
1556 2914 1834 2967 sermone,

240 2994 330 3048 vel
362 2995 648 3066 exemplo;
678 3002 911 3066 propter
958 3010 1080 3066 qua:
1131 3005 1279 3049 tanta
1328 2994 1630 3050 meruerint
1656 2994 1797 3050 mala
1821 3036 1836 3062 ,

240 3099 299 3142 et
342 3088 653 3159 intelligant
694 3089 839 3159 quod
879 3090 998 3158 ipse
1040 3088 1143 3143 sim
1187 3086 1471 3143 Dominus.
1524 3088 1625 3157 Qui
1656 3099 1838 3144 autem

238 3182 612 3252 trepologiam
636 3191 691 3237 et
716 3190 951 3252 emptam
979 3181 1424 3252 explanationem
1448 3196 1612 3251 super
1648 3179 1836 3236 Salva-

1936 1958 2045 2015 lum
2075 1966 2223 2012 terra:
2248 1973 2266 2011 :
2296 1956 2424 2011 Haec
2451 1956 2577 2010 dicit
2599 1954 2855 2011 Dominus
2880 1954 3023 2011 Deus
3050 1957 3119 2009 ad
3145 1972 3233 2010 eos
3259 1958 3344 2027 qui
3377 1958 3528 2012 habi-

1936 2058 2046 2105 tant
2067 2048 2383 2117 Jerusalem,
2416 2051 2468 2104 in
2500 2059 2637 2103 terra
2662 2047 2830 2104 Israel
2856 2063 2875 2103 :
2898 2048 3099 2103 Panem
3127 2066 3279 2103 suum
3308 2050 3365 2103 in
3392 2048 3542 2105 solli-

1937 2144 2167 2199 citudine
2203 2142 2493 2210 comedent,
2524 2151 2573 2196 et
2601 2160 2793 2210 aquam
2826 2159 2974 2197 suam
3005 2144 3055 2196 in
3087 2144 3409 2198 desolatione
3459 2146 3539 2201 bi-

1939 2240 2079 2309 bent,
2113 2247 2168 2292 ut
2197 2239 2463 2292 desoletur
2485 2246 2622 2291 terra
2649 2255 2680 2289 a
2706 2235 3043 2291 multitudine
3074 2256 3170 2292 sua
3191 2232 3405 2311 propter
3436 2240 3537 2293 ini-

1936 2334 2179 2404 quitatem
2206 2333 2433 2387 omnium
2473 2334 2561 2404 qui
2593 2332 2830 2386 habitant
2860 2333 2912 2386 in
2943 2349 3023 2388 ea.
3057 2331 3125 2386 Et
3164 2334 3399 2389 civitates
3424 2350 3539 2405 quae

1939 2443 2075 2481 nunc
2104 2427 2426 2493 habitantur,
2461 2425 2711 2480 desolata?
2743 2436 2912 2492 erunt,
2945 2435 3180 2496 terraque
3212 2427 3414 2481 deserta
3444 2444 3461 2479 :
3491 2437 3539 2480 et

1939 2528 2112 2580 scietis
2132 2526 2254 2596 quia
2277 2540 2371 2596 ego
2401 2523 2680 2580 Dominus.
2726 2525 2868 2581 LXX
2902 2544 2912 2581 :
2964 2524 3030 2579 Et
3055 2528 3221 2597 factus
3266 2539 3342 2583 est
3370 2545 3540 2583 sermo

1942 2618 2155 2674 Domini
2186 2621 2253 2673 ad
2302 2636 2399 2683 nte,
2433 2622 2614 2675 dicens
2648 2636 2665 2675 :
2717 2620 2830 2675 Fili
2862 2621 3115 2689 hominis,
3161 2640 3347 2693 panem
3392 2633 3537 2678 tuum

1946 2730 2063 2768 cum
2089 2715 2269 2770 dolore.
2298 2718 2555 2785 comedes,
2601 2725 2646 2770 et
2669 2733 2856 2788 aquam
2880 2726 3018 2770 luant
3050 2734 3165 2770 cum
3212 2728 3465 2773 tormento
3490 2728 3538 2773 et

1942 2809 2186 2881 angustia
2208 2808 2370 2863 bibes.
2403 2806 2471 2863 Et
2489 2808 2627 2863 dices
2649 2811 2717 2861 ad
2744 2808 2999 2881 populum
3026 2822 3179 2865 terra:
3205 2827 3222 2864 :
3255 2810 3383 2866 Hrec
3411 2812 3540 2867 dicit

1942 2902 2145 2956 Adonai
2171 2902 2419 2956 Dominus
2444 2900 2820 2957 habitatoribus
2840 2902 3142 2958 Jerusalem
3165 2922 3318 2976 super
3346 2915 3541 2960 terram

1944 2994 2115 3051 Israel
2147 3013 2165 3051 :
2208 2995 2378 3051 Panes
2406 3012 2528 3050 suos
2567 3014 2681 3051 cum
2714 3008 2936 3068 egestate
2975 3003 3261 3067 comedent,
3311 3001 3469 3071 119
3495 3011 3542 3053 et

1944 3106 2131 3161 aquam
2174 3106 2322 3143 suam
2368 3107 2483 3144 cum
2528 3089 2870 3162 dissipatione
2918 3090 3105 3157 bibent,
3159 3100 3214 3145 ut
3263 3091 3542 3163 dissipetur

1900 3216 1905 3221 -
1947 3192 2084 3238 terra
2112 3192 2160 3236 et
2182 3182 2453 3254 plenitudo
2479 3185 2612 3255 ejus.
2651 3180 2718 3237 In
2764 3184 3026 3253 impietate
3066 3184 3201 3238 enim
3231 3200 3403 3238 omnes
3453 3184 3544 3255 qui

239 3283 365 3330 tore
394 3286 628 3331 conatur
675 3290 959 3346 exponere
984 3316 1001 3341 ,
1052 3276 1247 3331 ducem
1287 3275 1377 3346 qui
1430 3284 1515 3331 est
1552 3274 1605 3328 in
1655 3272 1839 3328 medio
1867 3267 1914 3332 C
1945 3277 2176 3333 habitant
2196 3279 2251 3332 in
2282 3294 2360 3344 ea,
2400 3288 2446 3332 et
2471 3278 2699 3333 civitates
2725 3296 2899 3333 eorum
2948 3294 3065 3350 qua:
3111 3278 3432 3345 habitantur,
3486 3283 3541 3336 in

236 3369 575 3437 Jerusalem,
609 3369 785 3440 ipsum
815 3370 1233 3440 interpretatur,
1281 3367 1375 3440 qui
1415 3369 1468 3423 in
1516 3375 1835 3438 portentum

241 3462 573 3534 signumque
614 3462 990 3534 praecesserit,
1023 3461 1171 3533 quod
1216 3471 1271 3517 et
1313 3462 1431 3532 ipse
1462 3469 1518 3516 et
1563 3460 1699 3516 socii
1728 3458 1848 3529 ejus

242 3558 442 3627 captivi
476 3557 633 3612 istius
662 3555 849 3611 mundi
877 3556 1020 3623 sint,
1047 3566 1101 3610 et
1132 3555 1201 3610 ab
1233 3556 1421 3611 inferis
1448 3555 1623 3609 victor
1652 3566 1844 3608 ascen-

244 3651 419 3720 dens,
453 3652 509 3706 in
542 3652 789 3707 humeris
830 3661 1084 3723 portatus
1124 3652 1195 3707 sit
1226 3650 1546 3721 angelorum
1579 3666 1591 3702 :
1623 3648 1677 3703 in
1709 3646 1845 3702 cali-

242 3745 372 3814 gine
401 3759 668 3817 egressus
690 3786 705 3811 ,
735 3746 956 3817 ignotus
987 3744 1288 3801 incredulis
1307 3788 1321 3810 ,
1354 3743 1635 3799 destructo
1663 3741 1844 3798 medio

241 3840 482 3909 pariete,
514 3838 710 3896 fecerit
742 3850 1033 3910 utrumque
1048 3854 1213 3894 unum
1238 3855 1251 3892 :
1272 3836 1444 3893 iacies
1468 3837 1610 3892 illius
1628 3846 1842 3906 operta,

241 3943 301 3987 ut
332 3945 534 3989 terram
584 3949 694 3988 non
724 3933 986 4003 respiciat
1011 3932 1325 3989 Judaaorum
1348 3931 1569 4005 (Ep/tes.
1612 3927 1707 4002 tt).
1734 3929 1846 3986 Nec

238 4025 445 4081 mirum
493 4027 540 4082 si
595 4027 858 4083 Dominus
909 4026 1175 4083 celaverit
1220 4027 1417 4082 faciem
1470 4040 1657 4092 suam;
1718 4041 1843 4081 cum

237 4137 415 4193 usque
468 4122 638 4176 hodie
687 4132 814 4178 ante
846 4122 1056 4177 vultum
1107 4121 1277 4192 Moysi
1308 4120 1550 4175 velamen
1606 4119 1843 4189 positum

236 4216 311 4269 sit
344 4216 548 4286 populo
581 4231 693 4271 non
725 4215 999 4272 credenti.
1051 4215 1212 4287 118
1254 4214 1625 4283 Extenditque
1660 4213 1846 4268 Domi-

240 4325 352 4365 nus
397 4320 520 4367 rete
564 4327 726 4365 suum
760 4325 927 4382 super
984 4310 1135 4366 illum
1160 4353 1175 4377 ,
1212 4310 1367 4379 juxta
1396 4309 1449 4365 id
1483 4308 1624 4380 quod
1664 4309 1733 4364 de
1779 4323 1847 4364 eo

238 4420 455 4476 sponsa
503 4406 745 4475 loquitur
781 4406 834 4460 in
884 4403 1113 4460 Cantico
1142 4403 1492 4459 Canticorum
1531 4419 1543 4455 :
1579 4399 1714 4456 Ecce
1753 4403 1849 4455 iste

242 4511 361 4567 post
405 4502 661 4570 parietem
697 4508 930 4555 nostrum
958 4500 1281 4572 prospiciens
1309 4514 1399 4570 per
1428 4499 1712 4569 fenestras,
1750 4513 1846 4566 ap-

242 4607 436 4660 parens
478 4609 570 4663 per
599 4596 728 4648 retia
778 4591 961 4662 (Cant.
996 4609 1072 4661 ιι,
1109 4594 1188 4663 9).
1219 4593 1296 4648 De
1326 4606 1433 4663 quo
1457 4600 1511 4645 et
1530 4590 1798 4646 Jercmias
1832 4607 1846 4643 :

1946 3373 2315 3427 desolationem
2341 3381 2514 3440 erunt,
2534 3382 2582 3426 et
2613 3382 2748 3427 terra
2772 3373 3129 3445 dissipabitur,
3152 3384 3200 3427 et
3223 3377 3541 3447 wgnosretis

1947 3466 2067 3536 quia
2097 3481 2189 3537 ego
2214 3482 2326 3518 sum
2360 3463 2635 3519 Dominus.
2688 3465 2818 3520 Post
2864 3466 3127 3536 principis
3173 3476 3228 3521 et
3266 3467 3539 3522 sociorum

1948 3560 2067 3631 ejus
2096 3559 2471 3631 prophetiam,
2504 3574 2625 3631 qua:
2654 3560 2755 3615 sub
2785 3561 3059 3631 corporali
3110 3562 3352 3632 imagine
3385 3577 3541 3617 mon-

1950 3654 2245 3722 strabatur,
2283 3654 2519 3711 venitad
2550 3655 2808 3726 populum
2842 3672 2854 3707 :
2883 3667 2938 3711 et
2961 3656 3224 3726 quidquid
3257 3659 3540 3727 prophetae.

1951 3746 2173 3816 dicitur,
2198 3764 2292 3818 per
2325 3748 2643 3818 prophetam
2676 3748 2910 3804 refertur
2936 3748 3002 3804 ad
3029 3749 3366 3805 habitatores
3386 3750 3545 3806 Jeru-

1948 3839 2140 3907 salem,
2173 3838 2317 3911 quod
2343 3840 2394 3895 in
2419 3840 2725 3897 obsidionis
2753 3841 2918 3906 malo,
2948 3856 3140 3912 panem
3164 3858 3322 3897 suum
3352 3858 3537 3899 come-

1949 3934 2082 3989 dant
2109 3934 2162 3989 in
2183 3934 2431 4005 angustia
2464 3945 2519 3989 et
2538 3942 2810 4005 egestate,
2843 3945 2897 3989 et
2922 3950 3119 4003 aquam
3151 3950 3308 3991 suam
3340 3952 3543 4008 nequa-

1950 4044 2110 4100 quam
2144 4029 2195 4083 in
2235 4029 2565 4084 abundantia
2590 4072 2605 4094 ,
2639 4029 2735 4085 sed
2770 4044 2894 4085 cum
2922 4039 3194 4086 tormento
3221 4032 3451 4100 bibant,
3487 4043 3543 4087 et

1953 4122 2321 4178 tribulatione.
2354 4122 2481 4178 Hrec
2522 4134 2737 4187 autem,
2772 4123 2976 4195 inquit,
3029 4141 3063 4177 o
3092 4128 3391 4195 propheta,
3444 4127 3538 4181 tibi

1950 4218 2226 4283 dicuntur,
2268 4225 2325 4271 ut
2351 4225 2408 4269 tu
2441 4216 2683 4285 loquaris
2722 4216 2790 4271 ad
2826 4217 3086 4287 populum
3120 4229 3282 4273 terrm
3317 4228 3453 4287 tute,
3490 4230 3547 4275 et

1952 4310 2099 4365 dicas
2130 4327 2146 4366 :
2172 4310 2299 4365 Haec
2316 4307 2452 4365 'dicit
2482 4310 2743 4365 Dominus
2768 4310 3164 4365 habitatoribus
3203 4311 3542 4381 Jerusalem,

1953 4421 2072 4477 quae
2094 4405 2261 4461 estin
2297 4414 2438 4459 terra
2475 4403 2642 4460 Israel
2675 4422 2688 4459 :
2734 4403 2954 4460 Obsessi
2980 4420 3010 4458 a
3040 4404 3546 4463 Nabuchodonosor

1951 4514 2112 4574 atque
2143 4519 2172 4557 a
2200 4500 2491 4567 Chaldaeis,
2525 4500 2681 4556 famis
2705 4511 2760 4556 et
2790 4502 2916 4557 sitis
2946 4502 3282 4558 sustinebitis
3306 4505 3541 4569 malum;

1954 4605 2013 4650 ut
2032 4596 2210 4651 omnis
2236 4605 2380 4650 terra
2408 4610 2531 4649 cum
2550 4609 2645 4648 sua
2673 4594 3013 4662 plenitudine
3035 4595 3146 4664 (At.
3167 4596 3539 4662 multitudine)

245 4686 485 4755 Spiritus
511 4691 682 4744 vultus
708 4691 871 4745 nostri
901 4690 1137 4745 Christus
1166 4690 1449 4754 Dominus,
1475 4697 1659 4753 captus
1688 4697 1765 4743 est
1796 4688 1848 4741 in
1880 4675 1929 4735 Ι)
1955 4688 2218 4749 deleatur,
2254 4686 2586 4742 habitatores
2614 4686 2928 4756 signiﬁcans
2958 4701 3056 4755 per
3084 4702 3205 4742 eam
3238 4705 3358 4758 quae
3388 4690 3544 4745 inha-

244 4784 477 4849 peccatis
507 4782 700 4835 nostris
731 4782 959 4852 (Thren.
989 4798 1068 4851 IV,
1100 4782 1218 4852 20).
1253 4782 1320 4836 Ει
1350 4800 1365 4837 :
1406 4781 1535 4836 Cum
1564 4797 1665 4835 non
1698 4778 1853 4851 fecis-

242 4887 320 4929 set
349 4888 647 4946 peccatum,
669 4892 763 4945 pro
792 4876 935 4931 nobis
966 4885 1233 4948 peccatum
1265 4877 1435 4946 {actus
1458 4882 1530 4929 est
1558 4871 1625 4948 (ll
1647 4872 1767 4928 Cor.
1794 4888 1845 4941 ν,

244 4966 366 5036 21).
423 4968 494 5022 Et
530 4967 857 5033 adducetur,
891 4971 1003 5035 ait,
1057 4969 1112 5023 in
1148 4968 1481 5039 Babylonem
1513 5007 1528 5033 ,
1577 4966 1851 5021 conlusio-

245 5076 375 5115 nem
412 5061 572 5115 iStius
603 5061 825 5127 mundi,
870 5063 925 5116 in
970 5071 1170 5117 terram
1214 5062 1598 5117 Cltaldmorum
1645 5061 1736 5130 qui
1766 5061 1850 5114 in-

246 5161 655 5223 terpretantur,
687 5156 835 5225 quasi
865 5157 1145 5224 diemonia,
1170 5164 1229 5210 ut
1253 5171 1349 5212 eos
1375 5158 1466 5225 qui
1509 5155 1849 5210 daemonibus

247 5247 470 5304 inerant
494 5250 822 5319 mancipati,
852 5251 1161 5306 retraheret
1189 5249 1257 5305 ad
1286 5249 1541 5314 salutem;
1586 5257 1640 5303 et
1677 5247 1851 5316 capti-

250 5355 377 5395 vam
437 5341 668 5397 duceret
717 5340 1004 5412 pristinam
1063 5343 1457 5412 captivitatem.
1526 5341 1852 5411 lpsamque,

253 5436 453 5508 inquit,
521 5446 724 5492 terram
773 5435 1155 5492 Chaldaeorum
1202 5451 1311 5492 non
1380 5436 1623 5502 videbit,
1672 5444 1730 5490 et
1781 5434 1856 5489 ibi

255 5534 558 5597 morietur;
614 5539 675 5586 ut
694 5545 890 5586 omnes
922 5546 1024 5586 nos
1046 5546 1141 5586 sua
1194 5538 1373 5586 morte
1421 5528 1679 5584 vivilicet.
1712 5527 1857 5584 Cun-

260 5631 377 5675 clos
414 5634 601 5680 autem
631 5624 911 5694 adjutores
946 5623 1063 5693 ejus
1117 5632 1173 5679 et
1218 5623 1421 5689 socios,
1474 5623 1753 5694 apostolos
1803 5629 1860 5678 et

261 5716 595 5783 apostolicos
625 5716 772 5771 viros
801 5715 1064 5787 dispersit
1106 5715 1161 5771 in
1193 5716 1516 5771 universum
1544 5714 1759 5770 orbem.
1792 5714 1860 5769 Et

263 5809 575 5878 evaginavit
617 5809 856 5877 gladium
886 5794 1008 5879 post
1033 5824 1150 5875 eos,
1182 5818 1239 5864 ut
1263 5810 1430 5864 variis
1459 5815 1862 5864 coronarentur

269 5902 568 5973 martyriis,
601 5911 658 5956 et
701 5910 827 5959 tunc
874 5904 1241 5975 intelligerent
1291 5904 1376 5960 vel
1410 5904 1533 5975 ipsi,
1567 5903 1653 5959 vel
1686 5904 1741 5958 hi
1770 5905 1861 5974 qui

506 5996 639 6057 Par
653 6012 807 6057 non.
867 5997 915 6057 X
929 5997 1070 6057 XV.

1956 4782 2175 4837 bitatur.
2207 4781 2271 4836 Et
2292 4796 2360 4835 ne
2392 4787 2581 4850 putent
2617 4781 2721 4836 sibi
2764 4783 2866 4836 hoc
2906 4782 3131 4837 evenire
3170 4783 3291 4838 sine
3335 4800 3498 4841 causa
3528 4805 3541 4840 ε

1955 4876 2073 4940 Dic,
2102 4875 2293 4943 inquit,
2322 4873 2423 4939 eis,
2452 4875 2593 4944 quod
2624 4881 2848 4943 propter
2885 4874 3093 4930 scelera
3144 4891 3333 4932 eorum
3366 4889 3421 4935 et
3446 4883 3547 4936 im-

1958 4969 2209 5040 pietates,
2241 4980 2436 5022 omnes
2467 4966 2628 5021 urbes
2657 4965 2859 5021 Judaeae
2910 4965 2976 5020 ad
3009 4967 3359 5025 solitudinem
3404 4974 3549 5028 redi-

1957 5061 2148 5133 gendie
2175 5062 2300 5125 sint,
2335 5070 2389 5116 et
2412 5060 2667 5116 universa
2699 5071 2862 5116 terrae
2899 5062 3110 5115 cultura
3142 5062 3415 5134 dispereat
3440 5112 3454 5136 ,
3492 5079 3553 5124 ut

1954 5161 2289 5225 cognoscant
2343 5154 2509 5208 Deum
2568 5156 2924 5221 smvientem,
2983 5171 3141 5224 quem
3197 5158 3548 5217 miserantem

1961 5262 2294 5319 cognoscere
2351 5248 2660 5302 noluerunt.
2716 5248 3012 5304 Possumus
3060 5250 3217 5320 juxta
3272 5267 3551 5326 anagogen

1963 5341 2294 5397 habitatores
2316 5341 2616 5398 Jerusalem
2647 5341 2941 5399 credentes
2977 5341 3199 5399 Christo
3228 5346 3430 5413 dicere,
3463 5353 3553 5421 qui

1965 5436 2212 5493 habitant
2239 5437 2297 5513 in,
2330 5436 2594 5492 Ecclesia.
2622 5437 2692 5492 Et
2713 5438 2756 5491 si
2791 5453 2885 5506 per
2930 5446 3147 5508 peccata
3194 5438 3337 5494 illius
3380 5442 3558 5501 offen-

1965 5546 2083 5588 sam
2115 5534 2436 5597 meruerint,
2477 5531 2765 5587 comedaut
2793 5547 2987 5602 panem
3018 5545 3143 5587 cum
3182 5542 3460 5603 egestate,
3502 5552 3556 5596 et

1962 5626 2152 5681 bibant
2177 5640 2373 5695 aquam
2402 5641 2525 5681 cum
2568 5640 2804 5682 maerore
2834 5638 2884 5681 et
2909 5626 3158 5695 angustia
3189 5644 3201 5681 :
3238 5643 3343 5683 non
3375 5631 3554 5689 cibum

1966 5720 2122 5789 panis
2147 5761 2161 5783 ,
2206 5733 2308 5774 nec
2351 5726 2535 5790 potum
2572 5734 2759 5788 aquae,
2820 5716 2914 5772 sed
2951 5718 3148 5773 famem
3203 5726 3475 5780 sermonis
3502 5737 3559 5783 et

1966 5812 2227 5868 doctrina:
2264 5812 2360 5867 Dei
2396 5812 2724 5867 sustinentes
2764 5808 2942 5881 (Amos
2975 5819 3115 5881 vm).
3144 5811 3371 5880 Quando
3407 5817 3552 5873 enim

1966 5907 2052 5963 vel
2090 5906 2231 5962 vitio
2272 5907 2612 5977 principum,
2644 5906 2736 5976 qui
2769 5905 3021 5975 capiendi
3063 5914 3190 5961 sunt
3219 5917 3272 5961 et
3314 5911 3557 5968 tradendi

2995 6000 3031 6061 [ι
