4018 6322
483 313 588 382 l0?

1729 319 1787 374 S.
1834 316 2112 394 EUSEBII
2149 316 2538 380 HIERONYMI

2573 169 2602 212 ὃ

3689 323 3794 381 ΜΒ

487 434 822 508 Babyloniis,
855 431 939 490 vel
967 438 1152 494 nostra
1187 431 1411 504 duritia,
1447 431 1851 504 perdiderimus
1887 451 2096 495 sermo-
2121 445 2178 504 Α
2201 438 2345 510 quod
2371 453 2468 493 nos
2501 439 2798 510 aritbiguum
2828 439 3062 496 diximus
3081 481 3095 510 ,
3122 449 3184 498 ut
3209 442 3540 515 decipientia
3567 441 3800 497 audien-

492 547 618 588 nem
651 532 781 596 Dei,
811 543 1089 600 aquasque
1109 541 1217 584 non
1242 527 1604 585 meruerimus
1643 528 1846 586 habere
1889 532 2046 589 utiles
2081 551 2094 587 :

489 638 622 686 tunc
642 627 694 682 iu
717 625 910 682 dolore
940 632 994 680 et
1021 624 1267 694 penuria,
1300 631 1546 679 nostrum
1569 638 1848 681 sumemus
1867 625 2050 682 cibum
2077 669 2091 696 ,

493 728 550 779 et
563 729 704 778 terra
729 717 920 790 perdet
941 717 1343 775 multitudinem
1367 717 1736 785 credentium,
1752 726 1808 775 et
1823 720 2093 786 civitates,

491 833 616 888 qua:
637 815 689 872 in
723 823 835 871 toto
861 813 993 870 orbe
1021 813 1400 885 intelliguntur
1429 813 1692 868 Ecclesia:
1713 857 1727 882 ,
1761 814 2095 870 dcsolabun-

490 919 601 976 tur,
633 917 690 965 et
721 918 865 964 terra
896 906 1115 964 deserta
1147 906 1253 963 erit
1273 945 1290 974 ,
1318 914 1380 962 ut
1405 919 1596 962 omnes
1627 905 1807 962 sciant
1849 908 1977 978 quia
2008 907 2090 962 ol-

491 1005 645 1062 t‘ensa
675 1005 746 1060 sit
779 1003 1014 1060 Domini.
1049 1002 1207 1071 Quod
1240 1001 1463 1072 quidem
1499 1003 1556 1058 et
1586 1002 1643 1058 in
1689 1005 2095 1074 persecutionis

485 1110 737 1169 tempore
765 1097 1073 1170 intelligere
1115 1111 1434 1166 possumus.

489 1216 498 1231 -'
563 1195 748 1268 (Vers.
774 1193 841 1248 Si
866 1193 1046 1264 seqq.)
1079 1191 1143 1248 Et
1167 1194 1335 1264 {actus
1357 1201 1429 1249 est
1457 1208 1622 1249 sermo
1649 1193 1862 1250 Domini
1888 1196 1955 1250 ad
1977 1214 2056 1250 me
2074 1239 2089 1263 ,

489 1289 664 1344 dicens
696 1303 712 1340 .'
744 1285 852 1341 Fili
879 1285 1122 1354 hominis,
1149 1288 1288 1357 quod
1325 1297 1397 1341 est
1439 1289 1764 1359 proverbium
1791 1289 1929 1343 istud
1956 1290 2093 1344 vobis

483 1382 542 1435 in
571 1386 708 1436 terra
733 1376 900 1433 Israel
922 1378 1204 1433 dicentium
1234 1394 1252 1433 :
1285 1377 1350 1432 In
1383 1379 1596 1453 longum
1619 1381 1929 1452 differentiu-
1959 1383 2089 1448 dies,

487 1482 535 1529 et
565 1473 748 1546 peribit
771 1472 936 1526 omnis
957 1473 1124 1528 visio?
1157 1469 1284 1525 Ideo
1305 1472 1389 1525 die
1410 1473 1477 1526 ad
1509 1489 1594 1528 eos
1629 1489 1646 1530 :
1679 1472 1808 1528 Herc
1837 1474 1962 1528 dicit
1983 1473 2094 1528 Dos

489 1569 660 1624 minus
699 1565 841 1623 Deus
871 1583 890 1622 :
919 1567 1188 1634 Quiescere
1213 1567 1403 1637 faciant
1431 1567 1755 1639 proverbium
1781 1569 1923 1622 istud
1949 1584 1965 1621 :
1994 1585 2085 1624 ne-

483 1677 580 1734 que
609 1660 762 1732 vulgo
783 1661 980 1715 dicetur
1011 1661 1151 1714 ultra
1179 1661 1233 1714 in
1263 1658 1454 1716 Israel.
1493 1660 1652 1732 ιω
1684 1657 1748 1714 Et
1779 1661 1989 1733 (equore
2019 1664 2088 1716 ad

484 1757 594 1822 eos,
622 1754 761 1822 quod
781 1753 1302 1826 appropinquaverint
1324 1751 1433 1808 dies
1464 1761 1511 1806 et
1541 1767 1708 1808 sermo
1739 1755 1904 1807 omnis
1935 1753 2090 1807 visio-

2201 542 2282 589 tes
2304 546 2433 588 suos
2474 533 2862 604 prophetarum
2902 536 3066 591 verba
3096 551 3404 594 noscamus.
3456 537 3554 593 Est
3604 545 3788 590 autem

2197 640 2397 682 sensus
2424 628 2602 683 omnis
2625 629 2844 699 capituli
2869 629 2956 685 hic
2975 645 2988 682 :
3009 628 3190 701 Supra
3212 631 3639 702 propltetaverat
3659 641 3799 684 con-

2197 729 2280 775 tra
2309 720 2608 791 principem
2639 723 2730 792 qui
2755 732 2874 778 erat
2897 722 2951 778 in
2981 723 3287 780 Jerusalem
3308 761 3323 790 ,
3355 723 3558 778 deinde
3587 721 3800 792 populo

2198 815 2394 868 famem
2422 825 2477 870 et
2505 815 2755 871 ardorem
2786 816 2905 871 sitis
2933 817 3282 872 nuntiaverat
3306 831 3431 872 esse
3479 825 3794 870 venturum.

2195 907 2354 974 Quod
2383 909 2672 964 multitudo
2703 921 2811 964 non
2842 911 3073 966 credens
3095 949 3110 977 ,
3142 919 3300 965 vetus
3335 908 3652 965 assumch
3691 907 3797 962 tri-

2198 1011 2420 1074 tumque
2461 1005 2809 1073 proverbium
2850 1023 2861 1059 :
2914 1006 2968 1059 In
3015 1007 3240 1076 longum
3287 1015 3500 1074 tempus
3545 1003 3804 1059 diﬂ‘crtur

2195 1096 2550 1152 comminatio
2597 1098 3017 1168 prepbctarum,
3070 1103 3128 1153 et
3153 1099 3333 1152 omnis
3381 1098 3523 1152 visio
3555 1097 3798 1164 peribit,

2195 1191 2323 1246 dum
2365 1191 2565 1246 frustra
2597 1193 2892 1248 cernitur:
2937 1193 3020 1247 vel
3059 1193 3210 1261 juxta
3255 1191 3646 1262 Symmachum
3687 1189 3802 1247 δια-

2195 1282 2426 1353 πνεύσει,
2453 1285 2506 1340 id
2528 1295 2634 1354 est,
2657 1286 2712 1340 in
2733 1297 2934 1340 ventum
2955 1296 3012 1342 et
3033 1301 3220 1340 auram
3249 1295 3452 1340 tenuem
3467 1285 3799 1338 dissolvetur.

2195 1379 2291 1434 Dic
2319 1393 2451 1448 ergo
2478 1420 2493 1446 ,
2527 1380 2736 1451 inquit,
2769 1381 2851 1435 eis
2872 1421 2886 1444 ,
2921 1377 3064 1450 quod
3103 1393 3449 1450 nequaquam
3493 1392 3611 1432 mea
3643 1391 3795 1432 com-

2195 1473 2420 1528 minatio
2452 1473 2752 1540 dilferatur,
2787 1489 2890 1530 nec
2931 1474 3196 1528 divinatio
3241 1472 3377 1527 l'alsa
3421 1481 3585 1541 autne
3623 1471 3798 1524 anthi-

2196 1579 2301 1636 gua
2329 1565 2632 1635 proferatur
2663 1567 2715 1620 in
2751 1566 2982 1637 populos
3015 1581 3138 1636 qua:
3181 1565 3344 1618 linem
3383 1563 3580 1620 habeat
3621 1562 3803 1616 incer-

2194 1670 2310 1717 tum
2333 1701 2347 1727 ,
2383 1673 2443 1716 ut
2467 1661 2576 1717 alio
2608 1662 2818 1716 dicatur
2843 1671 3123 1732 tempore,
3175 1659 3283 1715 alio
3332 1661 3625 1729 impleatur
3659 1673 3671 1710 :
3703 1657 3799 1712 sed

2193 1768 2369 1820 nunc,
2397 1753 2616 1808 vivente
2642 1764 2724 1819 te,
2753 1753 2846 1824 qui
2876 1753 3120 1824 loqueris
3140 1791 3156 1817 ,
3202 1763 3256 1808 et
3287 1752 3374 1808 his
3404 1754 3495 1822 qui
3523 1749 3753 1805 audiunt
3782 1787 3796 1812 ,

486 1849 590 1906 nis.
619 1847 742 1904 Non
768 1848 902 1903 enim
924 1848 1019 1904 erit
1043 1847 1180 1901 ultra
1207 1848 1373 1902 omnis
1399 1847 1525 1901 visio
1548 1863 1697 1902 cassa
1718 1891 1731 1918 ,
1765 1864 1926 1918 neque
1955 1848 2088 1902 divi-
2123 1855 2169 1917 Β
2198 1848 2424 1904 verbum
2461 1849 2606 1920 quod
2633 1848 2848 1905 locutus
2887 1864 3006 1904 sum
3035 1890 3049 1916 ,
3098 1849 3462 1919 compleatur.
3509 1847 3799 1918 Signiﬁcat

483 1941 626 1998 natio
651 1940 894 2013 ambigua
919 1941 974 1996 in
1000 1940 1170 1994 medio
1193 1940 1424 2008 ﬁliorum
1455 1938 1646 2016 Israel.
1685 1941 1826 2007 Quia
1855 1957 1948 2009 ego
1981 1940 2089 1995 Do«

483 2039 657 2092 minus
681 2035 885 2108 loquar,
920 2036 1275 2106 quodcumque
1315 2035 1517 2091 locutus
1563 2041 1714 2106 {utero
1744 2036 1958 2091 verbum
1983 2075 1998 2104 ,
2043 2047 2088 2091 et

485 2130 592 2199 ﬁet.
626 2127 677 2183 Ν
684 2144 750 2184 οη
772 2127 1162 2200 prolongabitur
1189 2126 1442 2196 antpliur;
1464 2128 1552 2183 sed
1579 2128 1636 2182 in
1661 2127 1839 2182 diebus
1869 2129 2052 2182 vestris
2070 2167 2086 2194 ,

483 2224 669 2278 domus
691 2238 1025 2293 exasperans,
1051 2222 1233 2291 loquar
1261 2222 1500 2290 verbum,
1536 2233 1581 2276 et
1605 2223 1800 2294 faciam
1821 2221 1980 2286 illud,
2007 2224 2092 2277 di-

479 2319 548 2372 cit
575 2316 833 2372 Domiuus
863 2316 1026 2372 Deus.
1061 2317 1127 2370 Et
1149 2318 1320 2387 [dctus
1342 2327 1416 2373 est
1442 2334 1612 2373 sermo
1643 2319 1852 2373 Domini
1877 2321 1945 2373 ad
1975 2335 2080 2386 me,

482 2410 700 2466 dicens:
737 2409 843 2464 Fili
865 2411 1088 2465 hominis
1111 2451 1124 2475 ,
1169 2427 1286 2465 ecce
1327 2410 1511 2466 dentur
1548 2409 1718 2466 Israel
1759 2411 2089 2467 dicentium:

492 2503 640 2560 Visio
661 2523 816 2576 quant
832 2506 916 2560 hic
933 2506 1064 2561 videt
1091 2505 1144 2560 in
1171 2505 1277 2561 dies
1299 2506 1513 2571 multos,
1531 2515 1577 2562 et
1599 2507 1655 2562 in
1673 2515 1905 2579 tempora
1931 2509 2091 2579 longa

484 2599 580 2655 iste
607 2600 902 2674 prepltetat.
937 2598 1221 2670 Propterea
1252 2599 1335 2654 die
1353 2599 1419 2653 ad
1450 2614 1569 2656 eos:
1594 2599 1721 2655 Iltec
1752 2599 1874 2654 dicit
1906 2599 2090 2655 Domi-

482 2711 580 2750 nus
625 2692 764 2750 Deus
812 2710 830 2750 .'
883 2692 1008 2749 Non
1057 2692 1452 2764 prolongabitur
1507 2692 1650 2748 ultra
1700 2696 1868 2750 omnis
1921 2710 2088 2750 sermo

479 2804 622 2843 meus
651 2803 667 2840 .'
699 2788 906 2844 verbum
933 2787 1071 2855 quod
1099 2787 1303 2842 locutus
1333 2791 1507 2856 fuero,
1537 2787 1878 2859 contplebitur
1903 2805 1919 2841 :
1957 2789 2084 2842 dicit

481 2879 735 2935 Dominus
761 2879 922 2936 Deus.
953 2878 1110 2947 Quod
1135 2895 1232 2936 nos
1265 2878 1528 2946 diximus,
1552 2881 1902 2951 proverbium,
1927 2881 2086 2949 juxta

486 2973 902 3046 Symmachum,
954 2988 1150 3029 ornncs
1207 2974 1304 3030 alii
1357 2973 1716 3042 interpretes,
1781 2975 2088 3043 purabolam

495 3061 914 3135 transtulerunt,
936 3081 1057 3138 quae
1074 3065 1339 3123 Hebraice
1350 3067 1655 3136 appellatur
1666 3066 1854 3122 Mss“.
1882 3049 2082 3140 (ἣρω).

482 3159 718 3215 Rursum
746 3159 834 3214 ubi
864 3175 894 3214 a
917 3158 1075 3215 nobis
1103 3159 1307 3216 editum
1333 3168 1418 3216 est
1447 3177 1459 3213 :
1496 3157 1678 3230 Neque
1705 3160 1801 3214 erit
1833 3159 2084 3214 divinatio

2196 1955 2380 1998 autem
2415 1944 2648 1999 vicinam
2682 1944 3054 2014 captivitatem
3080 1943 3232 2000 urbis
3254 1943 3592 2007 Ierusalem,
3628 1940 3802 1997 etSe-

2192 2036 2403 2091 deciam
2452 2051 2574 2091 cum
2632 2037 2834 2108 populo
2871 2035 3007 2094 Juda
3054 2036 3392 2106 jatnjamque
3437 2033 3790 2104 capiendum.

2189 2129 2308 2186 Non
2339 2131 2521 2188 solum
2549 2141 2730 2187 autem
2790 2131 2886 2187 illo
2937 2142 3218 2201 tempore,
3270 2130 3367 2186 sed
3420 2141 3590 2199 usque
3633 2125 3800 2184 hodie

2198 2227 2393 2296 vulgus
2425 2225 2766 2282 incredulum
2787 2236 2843 2282 et
2866 2225 3000 2281 dura
3023 2225 3188 2280 corda
3221 2224 3538 2278 mortalium
3561 2220 3800 2292 prophe.

2193 2318 2326 2372 tiam
2359 2317 2456 2373 Dei
2497 2333 2603 2374 non
2642 2319 2838 2389 recipit
2879 2335 2894 2372 :
2937 2317 3034 2374 sed
3083 2316 3268 2372 omnia
3340 2330 3465 2388 qua:
3513 2313 3799 2386 prophetae

2189 2412 2615 2477 comminantur,
2650 2427 2771 2483 quae
2805 2412 3073 2482 praedicat
3122 2411 3516 2484 Evangelium,
3565 2411 3619 2465 in
3648 2409 3797 2464 aliud

2190 2515 2404 2577 tempus
2434 2507 2710 2562 aestimant
2755 2507 3144 2564 differendum.
3181 2509 3542 2578 Sciamnsqne
3575 2506 3666 2561 hic
3693 2521 3794 2578 pa.

2188 2601 2423 2656 rabolum
2441 2641 2454 2666 ,
2487 2613 2609 2671 qttaa
2636 2617 2664 2655 a
2689 2601 3044 2672 Septuaginta
3077 2603 3316 2672 ponitur,
3343 2601 3518 2671 accipi
3553 2614 3650 2672 pro
3674 2613 3796 2672 pros

2190 2693 2382 2758 vet'bio,
2429 2693 2585 2760 juxta
2621 2693 2756 2748 illud
2801 2694 2944 2763 quod
2977 2695 3030 2749 in
3075 2695 3290 2766 psalmo
3324 2695 3556 2766 legimus
3591 2711 3602 2746 :
3636 2701 3680 2746 et
3715 2694 3797 2764 fa-

2189 2794 2300 2839 ctus
2322 2801 2436 2840 sunt
2465 2787 2536 2840 eis
2571 2787 2622 2840 in
2654 2786 2957 2856 parabamus
3004 2785 3180 2861 (Psul.
3215 2801 3424 2853 uvm,
3470 2785 3584 2858 l2).
3631 2783 3697 2840 Et
3739 2788 3793 2840 in

2191 2876 2293 2932 hoc
2315 2877 2507 2932 eodem
2541 2877 2854 2947 propheta:
2905 2879 3044 2946 Quid
3089 2889 3164 2934 est
3203 2880 3346 2935 vobis
3393 2879 3643 2951 parabole
3693 2879 3795 2931 ista

2188 2971 2240 3024 in
2289 2970 2486 3042 populo
2533 2969 2734 3038 Israel,
2791 2973 3078 3034 dicentium
3126 2987 3142 3027 :
3231 2973 3414 3027 Patres
3464 2973 3796 3028 comederunt

2188 3079 2337 3119 uvam
2364 3067 2623 3135 acerbum,
2669 3073 2720 3120 et
2749 3066 2924 3121 dentes
2951 3066 3182 3137 ﬁliorum
3238 3066 3608 3138 obstupuerunt
3659 3063 3792 3137 (Iu-

2193 3159 2276 3227 [ra
2305 3169 2432 3212 xvm
2453 3197 2468 3222 ,
2503 3158 2595 3224 2)?
2625 3158 2919 3216 Manifesta
2953 3160 3398 3232 perstringimus,
3434 3169 3494 3224 ut
3522 3160 3576 3216 in
3601 3159 3798 3215 obscu‘

479 3253 742 3328 ambigua,
768 3261 986 3310 vertere
1006 3253 1386 3325 Septuaginta,
1411 3268 1500 3307 nec
1527 3253 1935 3324 divinamjuxta
1958 3267 2080 3322 θνα-
2110 3252 2157 3320 C
2187 3249 2427 3306 tioribus
2461 3250 2838 3310 immorentur.

478 3347 606 3402 tiam
637 3363 656 3402 :
684 3361 782 3418 pro
810 3361 919 3418 quo
951 3361 1143 3404 etnncs
1169 3389 1184 3416 ,
1241 3345 1496 3401 lubricum
1534 3345 1880 3415 interpretati
1912 3353 2077 3410 sunt,

513 3477 1394 3510 Μέμφει-υ-

1463 3627 1948 3736 LIBER
2035 3625 2464 3756 QUAE
2486 3625 2812 3738 TUS.

1929 3813 2340 3838 ———_-—‘-

564 3927 913 4004 lal-lﬂ
942 3927 1155 3983 Vellem
1178 3970 1191 3993 ,
1225 3927 1268 3982 si
1293 3926 1410 3982 ﬁeri
1435 3935 1628 3998 posset
1653 3971 1666 3997 ,
1702 3927 2081 3994 Eustochium,

484 4023 908 4093 etplauationes
961 4021 1016 4076 in
1071 4018 1416 4076 Ezechielem
1473 4033 1568 4089 per
1613 4019 1866 4089 singulos
1920 4021 2089 4078 libros

484 4116 722 4188 propriis
774 4124 964 4172 texere
1015 4114 1350 4186 prophetiis,
1397 4124 1450 4169 et
1501 4113 1645 4182 quod
1691 4115 2090 4174 vaticinatione

484 4211 840 4282 cenjunctum
867 4219 983 4276 est,
1030 4221 1378 4278 nequaquam
1417 4210 1762 4280 expositione
1790 4211 2038 4268 dividere
2075 4227 2085 4266 ε

487 4311 549 4362 ut
573 4303 785 4362 facilior
813 4309 964 4360 esset
989 4313 1184 4357 cursus
1208 4300 1468 4355 dictantis
1499 4302 1702 4370 pariter
1731 4295 1788 4358 et
1816 4303 2082 4375 legentis;

485 4397 822 4468 longumque
850 4403 908 4452 et
933 4394 1259 4449 immensum
1289 4392 1761 4463 interpretationis
1791 4398 1894 4453 iter
1919 4397 2088 4454 certis

487 4491 686 4563 spatiis
709 4503 1008 4560 separare,
1037 4496 1098 4541 ut
1119 4486 1274 4557 (μιιεὶ
1308 4486 1478 4542 titulis
1509 4495 1563 4542 et
1593 4487 1886 4556 indicibus,
1919 4501 1992 4557 ct,
2029 4501 2090 4546 ιη

487 4583 744 4654 proprius
783 4582 998 4651 loquar,
1047 4578 1384 4649 amumentis
1416 4580 1760 4638 ostenderem
1791 4583 1918 4652 quid
1960 4584 2084 4640 libri

489 4675 688 4747 singuli
744 4674 1110 4730 continerent.
1161 4669 1277 4728 Sed
1319 4672 1451 4743 quid
1505 4673 1733 4743 faciam,
1790 4691 1916 4734 cum
1963 4675 2086 4734 aliae

2261 3929 2418 4002 (Cap.
2449 3931 2590 3988 Xlll.
2621 3953 2694 3974 -'-'—
2718 3931 2870 3990 Vcrs.
2909 3935 2961 4003 l,
2995 3935 3077 4007 ‘2.)
3106 3933 3172 3991 Et
3201 3941 3370 4009 fartus
3393 3941 3464 3996 esl
3494 3957 3658 3996 sermo
3686 3937 3799 3995 Do-

2190 4024 2318 4077 mini
2344 4024 2413 4077 ad
2439 4041 2548 4091 me,
2581 4025 2756 4082 dicens
2788 4041 2808 4082 :
2836 4025 2950 4082 Fili
2975 4027 3204 4085 hominis
3223 4076 3236 4100 ,
3271 4031 3552 4086 valirinore
3582 4033 3652 4088 ad
3678 4050 3802 4102 pro-

2189 4117 2372 4189 pheta:
2399 4117 2572 4175 Israel
2598 4122 2691 4191 qui
2717 4120 3031 4192 prapltetant
3054 4166 3068 4190 ,
3104 4129 3150 4178 et
3183 4127 3323 4181 diros
3368 4127 3801 4199 praplirtantibus

2190 4210 2254 4264 de
2291 4212 2448 4266 corde
2489 4225 2583 4268 suo
2627 4229 2642 4265 :
2691 4213 2886 4269 Audite
2937 4216 3148 4273 verbum
3199 4215 3453 4274 Domini:
3499 4211 3631 4274 Πανί·
3672 4219 3802 4272 dicit

2193 4306 2454 4364 Dominus
2496 4307 2656 4366 Deus.
2708 4309 2822 4368 Hoc
2843 4311 2989 4383 quod
3035 4325 3136 4368 nos
3175 4315 3500 4383 posuimus:
3551 4311 3651 4378 Qui
3679 4328 3801 4382 pro-

2189 4399 2440 4473 phetarit,
2485 4411 2534 4456 et
2573 4403 2712 4459 dices
2750 4405 3178 4477 prepftetantibus
3210 4405 3273 4461 de
3300 4405 3454 4460 ror'de
3491 4413 3585 4459 suo
3610 4446 3626 4471 ,
3661 4403 3800 4458 omi-

2189 4509 2313 4552 sere
2347 4493 2525 4563 Lxx,
2560 4505 2614 4553 et
2657 4511 2755 4569 pro
2783 4513 2849 4556 eo
2880 4499 3024 4572 quod
3053 4507 3158 4557 non
3191 4500 3424 4572 habetur
3455 4502 3504 4556 in
3539 4499 3793 4559 llcbrwo,

2189 4589 2558 4657 addiderunt,
2591 4595 2639 4646 et
2675 4593 3006 4664 prophetubis
3028 4635 3041 4660 ,
3073 4603 3118 4648 et
3159 4593 3298 4649 dices
3328 4593 3398 4647 ad
3435 4609 3539 4648 eos.
3575 4591 3671 4644 Est
3702 4603 3804 4642 au-'

2191 4690 2298 4735 tem
2329 4693 2514 4737 sermo
2543 4691 2730 4738 contra
2755 4685 3264 4755 pseudoprnpbetas
3283 4727 3296 4750 ,
3322 4683 3414 4754 qui
3448 4679 3799 4752 decipiebant

488 4767 796 4840 prophetiae
826 4765 1020 4820 breves
1049 4764 1188 4839 sint,
1225 4764 1346 4820 alia:
1375 4766 1552 4838 leuga:
1579 4785 1593 4824 :
1625 4780 1680 4824 ut
1718 4783 1865 4841 sepe
1893 4783 2082 4828 neces-
2114 4765 2164 4825 D
2192 4773 2452 4845 populum
2475 4817 2490 4842 ,
2521 4783 2575 4832 et
2601 4817 2614 4840 ,
2647 4787 2836 4832 contra
2865 4775 2967 4834 Dei
2995 4775 3250 4833 mandata
3276 4818 3289 4840 ,
3322 4775 3469 4831 aliud
3502 4775 3800 4846 propheta-

485 4860 646 4917 sitate
674 4872 936 4928 cogamur
959 4865 1012 4912 et
1043 4856 1228 4925 plures
1255 4859 1308 4912 in
1342 4873 1510 4916 unum
1541 4861 1738 4917 librum
1769 4871 2085 4933 coarctare,

486 4962 542 5008 ct
571 4965 732 5008 unam
781 4949 836 5006 in
865 4948 1070 5006 multos
1095 4949 1381 5008 dividere?
1411 4952 1567 5008 Unde
1609 4965 1662 5010 et
1703 4971 1848 5012 nunc
1895 4965 2090 5014 contra

486 5044 786 5117 prophetas
812 5050 868 5099 et
896 5044 1214 5113 prephetias
1238 5085 1252 5111 ,
1281 5045 1348 5101 ad
1390 5047 1635 5104 seniores
1659 5063 1876 5121 quoque
1903 5052 2086 5123 populi

488 5138 658 5197 Israel
683 5148 740 5194 el
765 5136 833 5193 ad
878 5145 1078 5192 lemm
1109 5151 1276 5208 super
1305 5155 1464 5210 quam
1493 5141 1824 5199 inducuntur
1849 5155 2089 5216 quat-uer

487 5231 665 5304 plagae
697 5229 977 5301 possiem,
1011 5229 1164 5286 etde
1195 5231 1340 5302 ligno
1368 5233 1497 5289 vitis
1523 5275 1538 5300 ,
1579 5237 1722 5306 quod
1755 5249 1878 5292 cum
1923 5239 2088 5294 fuerit

488 5322 798 5389 abscisum,
855 5321 1047 5378 inutile
1087 5330 1174 5379 est
1200 5321 1344 5380 inter
1383 5330 1566 5381 omnia
1608 5329 1748 5399 ligna
1775 5331 2078 5398 silvarum,

486 5415 800 5487 catalogum
827 5416 990 5472 etiam
1015 5417 1274 5474 vitiorum
1296 5416 1602 5476 Jerusalem
1619 5423 1870 5477 volemus
1886 5432 2084 5494 quttrto

487 5512 630 5568 libro
672 5513 1162 5583 comprehendere.
1207 5497 1380 5580 Quem
1421 5515 1546 5584 quia
1589 5515 1748 5572 unius
1781 5521 2084 5577 voluminis

484 5620 594 5662 non
639 5606 842 5677 patitur
878 5605 1125 5676 angustia
1151 5647 1167 5677 ,
1207 5608 1436 5662 alteram
1483 5617 1691 5674 partem
1735 5611 1855 5678 eius
1885 5614 2080 5681 quinte

480 5699 749 5756 volumini
774 5713 1120 5754 reservamus
1153 5717 1166 5752 :
1195 5697 1604 5767 prudentissimi
1633 5701 1852 5758 lectoris
1875 5705 2076 5762 soltici-

474 5797 723 5853 tudinem
767 5802 1207 5864 praemonentes,
1247 5803 1302 5848 ut
1345 5795 1483 5850 sciat
1529 5796 1660 5864 quid
1701 5797 1859 5855 nobis
1885 5801 1942 5858 in
1973 5801 2074 5859 hoc

472 5886 874 5960 ex-plunandum
892 5921 910 5954 ,
933 5893 989 5942 et
1015 5884 1143 5955 quid
1171 5885 1276 5941 sibi
1305 5885 1596 5958 legendum
1621 5889 1712 5946 sit.

2191 4871 2350 4927 bant:
2373 4869 2482 4928 Nec
2509 4871 2820 4944 quempiam
2847 4881 3094 4940 moveat,
3125 4873 3269 4946 quod
3303 4872 3583 4944 propheta!
3607 4869 3801 4942 appel-

2188 4966 2370 5021 lantur
2401 4984 2412 5021 :
2447 4966 2592 5022 hanc
2629 4967 2778 5022 enim
2825 4963 2986 5024 habet
3026 4977 3216 5025 saneta
3244 4967 3522 5038 Scriptura
3563 4975 3796 5022 consuc-

2189 5057 2464 5124 tudinem,
2525 5065 2582 5112 ut
2633 5067 3078 5132 unumquemque
3130 5059 3534 5116 vaticinationis
3579 5069 3695 5114 sva:
3745 5065 3800 5112 et

2187 5150 2460 5204 sermonis
2490 5148 2812 5221 prophetam
2841 5159 3120 5224 nuneupet
3151 5169 3162 5207 :
3201 5152 3346 5208 sicut
3386 5149 3670 5222 propheta:
3701 5165 3800 5222 ap-

2190 5243 2468 5312 pellantur
2502 5242 2660 5310 ﬂaui,
2692 5251 2746 5299 et
2770 5245 3057 5317 prephe'tte
3085 5241 3390 5313 idolorum,
3432 5251 3484 5300 et
3511 5242 3798 5314 prdpheta‘:

2191 5338 2551 5393 confusionis.
2587 5339 2741 5396 Unde
2766 5347 2819 5395 et
2842 5342 3121 5409 apostolus
3161 5335 3361 5394 Paulus
3399 5343 3614 5408 poetam
3645 5336 3800 5393 Gre;-

2191 5439 2314 5486 cn'm
2339 5433 2666 5503 prophetam
2684 5441 2839 5488 vocnt
2869 5453 2879 5487 :
2911 5431 3059 5488 Dixit
3080 5431 3296 5502 quidam
3321 5430 3578 5503 prOprins
3603 5443 3798 5486 certam

2193 5525 2455 5596 prephma
2483 5541 2494 5579 :
2525 5527 2819 5582 Cretenses
2859 5537 3075 5596 semper
3114 5523 3442 5593 mendaces,
3500 5523 3657 5580 malte
3701 5509 3822 5578 be?

2191 5618 2330 5684 sti-.13,
2355 5625 2578 5676 ventres
2603 5621 2747 5690 pigri
2777 5617 2904 5690 (Tit.
2936 5620 2995 5690 ι).
3031 5619 3166 5674 Elin
3189 5617 3331 5676 Osce
3355 5619 3592 5690 legimus
3627 5635 3639 5670 :
3672 5615 3792 5669 Sic-

2191 5721 2244 5763 ut
2284 5711 2531 5783 propheta
2578 5713 2838 5768 insaniens
2889 5713 3043 5767 homo
3087 5721 3301 5781 portans
3338 5713 3580 5782 spiritum
3635 5708 3798 5777 (Osee

2188 5821 2236 5859 ut
2265 5849 2276 5873 ,
2309 5807 2385 5876 7).
2419 5805 2696 5877 Quidquid
2730 5816 2911 5863 autem
2952 5823 3017 5862 eo
3053 5819 3298 5876 tempore
3345 5799 3645 5860 lsraelitico
3691 5815 3796 5869 po-

2186 5899 2312 5966 pulo
2341 5897 2642 5962 dicebatur,
2677 5897 2781 5954 hoc
2809 5913 2951 5954 nunc
2983 5897 3223 5956 refertur
3247 5895 3312 5953 ad
3349 5887 3655 5954 Ecclesium
3684 5909 3696 5946 ι
3733 5903 3796 5948 ut
