3996 6322
514 291 615 351 lli

1758 288 1816 343 S.
1862 284 2134 344 EUSEBII
2174 283 2552 344 HIERONYMI

3709 288 3806 348 ηε

578 411 1201 485 (Vers.8,9.)Propterea
1221 412 1332 467 haec
1348 412 1475 466 dicit
1492 408 1748 464 Dominus
1769 408 1909 465 Deus
1933 427 1951 463 :
1973 410 2108 475 Quia
2135 412 2189 471 Α
2215 408 2353 462 bitur
2383 406 2783 479 fundamentum
2804 412 2937 480 ejus,
2961 414 3007 461 et
3038 406 3192 462 cadet
3217 412 3265 461 et
3286 410 3614 461 consumetur
3636 403 3688 459 in
3711 420 3809 459 me-

506 509 664 563 locuti
689 509 809 563 estis
842 525 992 572 vana,
1012 519 1057 561 et
1072 508 1271 562 vidistis
1294 507 1639 568 mendacium,
1666 506 1783 559 ideo
1802 521 1913 560 ecce
1926 520 2016 574 ego
2041 502 2110 556 ad

506 603 711 657 vos:ait
729 599 983 655 Dominus
1007 599 1168 656 Deus.
1188 600 1358 655 Eterit
1383 617 1565 653 manus
1583 616 1696 653 mea
1710 615 1863 666 super
1887 598 2106 669 prophe-

502 704 603 761 tas,
624 695 712 764 qui
736 695 907 748 vident
924 713 1082 763 vana,
1106 706 1153 749 et
1176 696 1409 749 divinant
1428 693 1773 747 mendacium.
1806 691 1869 744 In
1887 691 2107 744 concilio

498 789 684 857 populi
706 787 807 840 mei
831 804 934 842 non
958 797 1128 854 erunt,
1158 797 1204 841 et
1235 790 1289 842 in
1315 790 1576 855 scriptura
1606 786 1789 838 domus
1816 782 1981 837 Israel
2006 798 2108 834 non

491 880 783 935 scribentur
807 898 826 937 :
855 898 947 936 nec
971 885 1025 935 in
1052 894 1241 937 terram
1272 881 1441 935 Israel
1469 881 1844 952 ingredientur.
1881 877 1947 931 Et
1976 878 2109 931 scie-

494 973 560 1027 tis
588 975 709 1044 quia
737 991 829 1044 ego
874 973 1126 1029 Dominus
1181 973 1339 1029 Deus.
1373 974 1516 1029 LXX
1561 993 1574 1027 :
1624 972 1754 1027 Ideo
1798 972 1881 1025 dic
1914 989 1933 1025 :
1981 971 2107 1025 Htec

492 1066 618 1119 dicit
650 1068 855 1121 Adonei
890 1067 1161 1123 Dominus.
1200 1070 1461 1132 Quoniam
1501 1068 1653 1121 verba
1692 1076 1865 1120 vestra
1892 1066 2107 1119 menda-

492 1159 597 1223 cia,
619 1168 667 1212 et
687 1159 1031 1214 diuinationes
1057 1171 1235 1213 vestra:
1260 1176 1402 1213 vana:
1424 1174 1442 1212 :
1465 1159 1659 1212 idcirco
1680 1174 1791 1212 ecce
1831 1173 1924 1229 ego
1948 1171 2104 1224 super

492 1249 991 1309 uos.dicitDomiuus
1010 1252 1227 1318 Deus,el
1243 1252 1517 1306 extendam
1532 1268 1742 1305 manum
1763 1265 1927 1303 meam
1946 1264 2102 1318 super

490 1341 773 1414 prophetas
823 1346 913 1415 qui
959 1346 1129 1399 vident
1175 1346 1534 1411 mendacium,
1582 1352 1629 1397 et
1682 1342 1769 1413 qui
1820 1343 2102 1412 loquuntur

492 1451 626 1491 vana
651 1453 667 1489 .·
690 1438 745 1490 in
768 1436 1051 1506 disciplina
1082 1439 1265 1509 p0puli
1295 1439 1389 1490 mei
1419 1454 1523 1491 non
1554 1446 1731 1502 erunt,
1768 1453 1860 1489 nec
1884 1436 1936 1489 in
1970 1436 2100 1489 scri-

487 1537 647 1599 ptura
676 1529 859 1583 domus
892 1528 1060 1585 Israel
1088 1530 1395 1594 scribentur,
1422 1540 1471 1584 et
1499 1530 1553 1582 in
1585 1540 1777 1582 terram
1800 1527 1967 1582 Israel
1998 1544 2099 1582 non

486 1619 785 1675 intrabunt:
808 1632 857 1675 et
877 1623 1038 1676 scient.
1064 1639 1189 1693 quia
1212 1639 1301 1693 ego
1323 1622 1526 1675 Adonai
1550 1619 1824 1675 Dominus.
1846 1620 1958 1677 Sub
1977 1634 2099 1686 pro-

486 1718 777 1788 phetarum
818 1733 1072 1789 persona,
1102 1734 1285 1773 sermo
1310 1729 1498 1772 contra
1531 1717 1823 1771 luereticos
1860 1724 1978 1783 est,
2004 1715 2096 1781 qui

2217 503 2304 556 dio
2330 505 2440 575 ejus
2473 518 2491 554 :
2519 510 2567 555 et
2595 501 2769 556 scietis
2815 503 2941 573 quia
2988 519 3082 573 ego
3122 517 3239 556 sum
3270 499 3549 555 Dominus.
3585 499 3650 553 Et
3676 515 3807 555 com-

2216 594 2367 663 plebo
2393 593 2812 664 indignationem
2832 610 2998 646 meam
3028 594 3082 646 in
3104 594 3326 662 pariete,
3358 602 3403 646 et
3430 593 3485 645 in
3508 592 3589 645 his
3624 592 3709 662 qui
3744 591 3806 645 li-

2214 688 2365 741 niunt
2390 704 2508 742 eum
2530 688 2722 759 absque
2748 696 3146 758 temperamento
3171 702 3190 740 :
3217 686 3486 752 dicamque
3513 684 3652 739 vobis
3675 700 3691 737 :
3714 700 3809 737 non

2210 790 2286 833 est
2308 781 2474 846 paries
2498 795 2514 832 :
2538 791 2584 833 et
2603 797 2705 834 non
2722 790 2842 834 sunt
2863 784 2948 849 qui
2969 778 3155 833 liniunt
3176 795 3315 833 eum.
3347 777 3624 851 Propheta:
3650 776 3808 832 Israel

2209 874 2298 941 qui
2313 874 2621 945 praphetant
2636 873 2704 927 ad
2726 872 3018 927 Jerusalem
3044 888 3061 927 :
3079 880 3125 926 et
3145 872 3317 927 rident
3330 871 3378 927 ei
3395 872 3637 926 uisionem
3656 869 3810 939 pacis:

2186 1024 2187 1027 η
2209 974 2258 1018 et
2279 981 2380 1018 non
2396 976 2475 1021 est
2488 982 2613 1034 pax.
2634 966 2761 1019 dicit
2784 965 3037 1020 Dominus
3061 963 3223 1020 Deus.
3244 963 3391 1020 LXX
3417 981 3431 1017 :
3464 964 3718 1030 Quoniam
3734 964 3809 1017 de-

2208 1070 2450 1128 ceperuut
2467 1058 2719 1129 populum
2745 1075 2932 1123 meum,
2955 1058 3180 1113 dicentes
3196 1072 3217 1114 .'
3235 1074 3362 1129 pax,
3378 1074 3502 1129 pax,
3520 1067 3567 1111 et
3588 1074 3687 1112 non
3706 1064 3809 1110 erat

2208 1168 2346 1223 pax:
2365 1164 2414 1208 et
2435 1153 2528 1206 iste
2551 1161 2576 1189 λ
2592 1154 2885 1223 aedificabat
2899 1154 3174 1223 parietem,
3192 1161 3237 1206 et
3264 1152 3348 1207 isti
3364 1151 3535 1206 linunt
3553 1169 3666 1206 eum
3683 1151 3810 1205 stul-

2206 1249 2341 1305 titia.
2368 1246 2467 1301 Dic
2493 1249 2561 1302 ad
2588 1265 2676 1303 eos
2698 1250 2785 1320 qui
2821 1250 2995 1304 linunt
3014 1250 3263 1319 stultitia,
3288 1249 3462 1303 cadet.
3493 1248 3612 1304 Erit
3641 1246 3809 1318 pluvia

2204 1340 2473 1395 inundans
2503 1351 2601 1394 :et
2624 1341 2757 1394 dabo
2779 1340 2980 1412 lapides
3006 1357 3221 1414 magnos
3254 1344 3310 1395 in
3329 1345 3609 1415 juncturas
3638 1357 3807 1396 eorum

2204 1444 2252 1487 et
2280 1434 2487 1488 cadent.
2519 1432 2587 1487 Et
2610 1436 2823 1506 spiritus
2858 1438 3122 1507 auferens,
3145 1445 3194 1491 et
3238 1435 3608 1507 disrumpetur.
3622 1436 3680 1490 Et
3700 1452 3809 1492 ecce

2202 1527 2385 1581 cecidit
2407 1528 2577 1596 paries
2610 1546 2629 1581 :
2657 1538 2705 1581 et
2740 1526 2769 1565 ι)
2800 1544 2903 1582 non
2949 1529 3121 1584 dicent
3167 1528 3237 1583 ad
3270 1545 3380 1596 vos,
3412 1528 3503 1582 ubi
3540 1538 3613 1585 est
3655 1530 3810 1584 litura

2201 1628 2366 1672 vestra
2387 1635 2545 1689 quam
2583 1619 2807 1674 livistis?
2835 1619 3122 1690 Propterea
3157 1622 3269 1676 Itwc
3293 1621 3419 1675 dicit
3461 1620 3666 1675 Adonai
3705 1619 3808 1675 Do-

2203 1712 2372 1765 minus
2404 1728 2423 1765 :
2457 1712 2610 1784 127
2642 1710 2713 1766 Et
2757 1712 3083 1783 disrumpam
3110 1715 3356 1785 spiritum
3400 1718 3711 1786 auferentem
3755 1714 3810 1768 in

485 1811 785 1883 loquuntur
806 1827 942 1866 vana
973 1820 1031 1867 et
1053 1811 1239 1867 vident
1266 1810 1632 1877 mendacium,
1656 1821 1711 1864 et
1742 1816 2097 1879 perseverant
2127 1813 2175 1874 Β
2202 1804 2378 1873 furore
2404 1822 2538 1870 meo,
2585 1816 2631 1860 et
2662 1807 2839 1876 pluvia
2879 1809 3143 1862 inundans
3173 1808 3226 1862 in
3257 1809 3342 1862 ira
3364 1824 3479 1862 mea
3504 1808 3641 1862 erit:
3666 1818 3710 1863 et
3730 1809 3811 1862 la-

484 1919 639 1960 suam
661 1906 879 1960 ﬁrmare
894 1891 1236 1960 doctrinam:
1270 1904 1417 1975 quod
1452 1904 1568 1974 ipse
1604 1903 1871 1957 Dominus
1904 1912 2095 1958 contra

484 2012 586 2054 eos
606 1997 789 2072 veniat
806 2008 968 2067 atque
992 2009 1313 2067 coasurgat,
1334 2004 1390 2050 et
1410 1995 1672 2050 extendat
1695 2010 1913 2048 manum
1941 2009 2096 2048 suam

480 2104 653 2160 super
680 2089 804 2143 illos
828 2089 895 2142 ad
918 2090 1353 2159 percutiendum,
1374 2097 1431 2141 et
1452 2094 1558 2141 non
1579 2086 1866 2141 cootraltat
1884 2086 1948 2139 ad
1972 2102 2096 2154 par—

486 2182 753 2247 ceudum;
779 2191 834 2236 et
862 2183 1254 2247 comminatur,
1281 2181 1425 2250 quod
1458 2194 1566 2234 non
1611 2182 1721 2234 sint
1762 2181 1815 2233 in
1862 2178 2098 2234 concilio

477 2275 666 2346 p0puli
707 2274 919 2328 Domini
960 2272 1167 2343 futuri,
1212 2288 1314 2328 nec
1346 2274 1396 2327 in
1434 2272 1677 2327 Ecclesia
1711 2272 1868 2341 ejus,
1915 2272 2009 2326 sed
2043 2272 2098 2327 in

480 2384 759 2441 synagoga
810 2367 1047 2433 diaboli,
1101 2381 1206 2423 nec
1242 2366 1557 2421 scribantur
1595 2369 1647 2420 in
1698 2365 1864 2421 domo
1909 2365 2096 2419 Israel.

486 2459 565 2515 De
593 2461 793 2531 quibus
824 2459 878 2514 in
922 2459 1031 2514 alio
1077 2458 1201 2515 loco
1243 2458 1444 2514 dicitur
1479 2477 1490 2512 :
1526 2459 1699 2527 Super
1748 2469 1937 2512 terram
1970 2459 2095 2512 scri-

489 2556 679 2610 bantur
708 2555 939 2627 (Jerem.
968 2570 1107 2623 xvu,
1141 2554 1249 2622 15)
1277 2572 1288 2607 :
1328 2569 1434 2608 non
1468 2554 1519 2608 in
1550 2565 1749 2608 terram
1782 2553 1948 2606 Israel
1977 2568 2099 2622 quae

489 2660 643 2707 terra
673 2651 971 2705 viventium
997 2658 1111 2712 est,
1148 2648 1307 2720 126
1341 2648 1409 2702 de
1438 2662 1541 2716 qua
1578 2661 1716 2700 nunc
1740 2645 1973 2710 dicitur,
2009 2660 2099 2698 nec

488 2745 545 2799 in
574 2756 765 2799 terram
789 2743 959 2798 Israel
997 2743 1351 2814 ingredientur
1376 2757 1394 2795 :
1420 2742 1514 2795 sed
1551 2742 1602 2795 itt
1635 2751 1834 2796 terram
1859 2750 2100 2795 mortuo-

486 2854 610 2894 rum
651 2850 703 2893 et
734 2820 984 2893 umbram
1019 2838 1252 2900 mortis,
1294 2845 1353 2890 ut
1395 2846 1678 2905 postquam
1722 2834 1823 2889 ista
1857 2834 2099 2903 perpessi

480 2928 712 2996 fuerint,
740 2929 986 2997 separati
1009 2945 1040 2983 a
1063 2936 1206 2983 cmtu
1237 2928 1419 2997 populi
1452 2927 1573 2993 Dei,
1598 2927 1907 2989 intelligant
1952 2926 2096 2996 quod

486 3022 608 3092 ipse
639 3022 709 3076 sit
740 3022 1028 3077 Dominus.
1053 3019 1159 3075 Pro
1188 3035 1254 3075 eo
1283 3019 1428 3087 quod
1456 3034 1555 3073 nos
1585 3020 1867 3084 vertimus,
1898 3020 1951 3072 in
1975 3035 2099 3073 con-

485 3116 609 3170 cilio
627 3116 808 3188 populi
826 3116 927 3169 mei
951 3131 1052 3168 non
1067 3122 1242 3179 erunt,
1266 3113 1626 3183 Septuaginta
1676 3114 2092 3179 transtulerunt,

2199 1900 2347 1971 pides
2380 1916 2600 1971 magnos
2636 1901 2691 1955 in
2728 1902 2909 1970 furore
2939 1902 3189 1955 inducam
3213 1905 3269 1955 in
3292 1903 3810 1971 consummationem,

2199 2004 2248 2048 et
2291 1993 2575 2061 sulfodiam
2613 1996 2862 2067 parietem
2908 2012 3059 2063 quem
3100 1996 3307 2064 livistis,
3350 2007 3400 2051 et
3436 1997 3601 2052 cadet.
3629 1995 3694 2049 Et
3718 2012 3811 2068 po-

2200 2105 2322 2142 nam
2370 2106 2485 2143 eum
2535 2107 2690 2157 super
2714 2100 2935 2159 terram,
2984 2102 3033 2145 et
3074 2092 3439 2146 reuelabuntur
3478 2094 3814 2164 fundamenta

2200 2184 2334 2254 ejus,
2358 2193 2404 2235 ct
2430 2185 2595 2238 cadet.
2623 2182 2691 2237 Et
2716 2195 2739 2224 ο
2758 2186 3130 2239 consumemini
3147 2203 3262 2240 cum
3285 2186 3741 2257 increpationibus,
3762 2196 3813 2243 et

2200 2282 2515 2349 cognoscetis
2555 2283 2678 2352 quia
2727 2298 2821 2355 ego
2865 2281 3145 2337 Dominus.
3188 2282 3258 2337 Et
3286 2285 3551 2352 complebo
3585 2288 3813 2357 furorem

2200 2387 2373 2425 meum
2385 2390 2537 2445 super
2548 2375 2797 2445 parietem
2814 2391 2831 2427 :
2849 2385 2894 2428 et
2914 2392 3071 2448 super
3090 2393 3175 2431 eos
3189 2378 3279 2447 qui
3292 2377 3462 2432 linunt
3476 2395 3610 2445 eum,
3628 2380 3771 2434 cadet
3795 2395 3814 2433 :

2199 2462 2409 2535 dixique
2461 2466 2530 2518 ad
2598 2482 2684 2521 vos
2734 2482 2753 2519 :
2811 2466 2935 2522 Non
2981 2477 3055 2523 est
3108 2470 3320 2538 paries,
3381 2485 3542 2542 neque
3596 2471 3683 2541 qui
3741 2472 3812 2525 li-

2199 2566 2329 2610 nunt
2381 2574 2498 2611 eum
2552 2557 2834 2631 Pr0pltetae
2889 2558 3059 2615 Israel
3102 2578 3122 2616 :
3175 2564 3266 2633 qui
3297 2562 3604 2635 prophetarit
3657 2581 3816 2635 super

2198 2646 2517 2716 Jerusalem,
2576 2660 2621 2704 et
2674 2653 2764 2721 qui
2793 2654 2964 2708 vident
3024 2654 3104 2709 illi
3166 2670 3519 2724 pacem:non
3578 2666 3651 2710 est
3706 2674 3814 2728 pax

2199 2747 2292 2811 eis,
2325 2746 2452 2799 dicit
2484 2745 2741 2800 Dominus
2778 2747 2941 2803 Deus.
2994 2748 3286 2819 Propheta:
3330 2748 3499 2805 Israel
3522 2793 3538 2813 ,
3568 2751 3659 2821 qui
3700 2766 3813 2808 non

2200 2847 2363 2891 erunt
2393 2839 2445 2892 in
2477 2839 2713 2893 concilio
2738 2840 2925 2909 populi
2953 2840 3070 2907 Dei,
3106 2857 3205 2896 nec
3243 2841 3554 2897 scribentur
3591 2842 3642 2897 in
3668 2844 3812 2900 scri-

2200 2942 2359 3000 plura
2386 2932 2582 2986 domus
2606 2932 2801 2999 Israel,
2840 2948 2942 2989 nec
2990 2943 3193 2991 terram
3243 2936 3681 3007 repromissionis
3730 2940 3814 2995 in-
3890 2961 3895 2963 -

2202 3025 2444 3094 trahunt,
2480 3026 2603 3083 ideo
2638 3028 2739 3082 ista
2771 3027 3071 3097 patientur,
3102 3030 3227 3098 quia
3278 3028 3616 3100 deceperuut
3641 3046 3816 3103 popu-

2197 3119 2308 3173 lum
2343 3132 2543 3187 meum,
2597 3136 2695 3191 pro
2744 3123 2926 3192 rigore
2971 3121 3315 3191 pceniteutite
3344 3134 3399 3178 et
3428 3123 3812 3181 conversionis

492 3212 549 3265 in
580 3210 883 3281 disciplina,
911 3210 1027 3264 sive
1046 3211 1100 3263 in
1120 3208 1441 3277 correptione
1461 3208 1639 3279 populi
1668 3207 1767 3260 mei
1795 3222 1898 3260 non
1924 3215 2092 3261 erunt.
2122 3210 2167 3271 C
2202 3211 2418 3281 injuria,
2446 3228 2635 3283 pacem
2666 3216 2748 3270 eis
2769 3224 2826 3270 et
2854 3230 3120 3285 prospera
3144 3217 3486 3287 nuntiantes,
3508 3220 3811 3275 secundum

490 3302 613 3357 Alia
648 3301 796 3357 enim
854 3300 1320 3365 adversariorum,
1362 3298 1485 3351 alia
1539 3296 1770 3351 liliorum
1820 3297 2098 3365 correptio

485 3408 591 3455 est.
622 3397 782 3455 Unde
808 3407 862 3453 et
890 3396 1158 3453 Ieremias
1191 3414 1204 3450 :
1236 3395 1473 3465 Corripe,
1500 3394 1690 3465 inquit,
1716 3411 1827 3462 nos,
1856 3393 2095 3461 Domine,

485 3499 833 3545 verumtamen
861 3490 919 3543 in
947 3488 1164 3559 iudicio,
1199 3496 1244 3540 et
1271 3504 1373 3540 non
1392 3487 1445 3539 in
1468 3490 1664 3558 furore,
1694 3496 1751 3539 ut
1774 3500 2097 3555 nequaquam

490 3600 684 3655 paucos
707 3600 801 3636 nos
826 3584 1010 3653 facias.
1042 3580 1276 3648 Effunde
1326 3582 1553 3650 furorem
1581 3592 1724 3634 tuum
1749 3598 1901 3652 super
1924 3589 2097 3651 gentes

491 3693 607 3747 quae
638 3686 687 3729 te
718 3678 1117 3747 ignoraveruut;
1148 3687 1196 3730 et
1226 3692 1380 3746 super
1400 3692 1557 3745 regna
1587 3693 1702 3746 qua:
1738 3693 1923 3731 nomen
1950 3688 2094 3730 tuum

492 3782 600 3821 non
619 3768 981 3821 invocaverunt
1019 3766 1036 3834 (
1067 3766 1211 3820 Ibid.
1238 3782 1294 3832 χ,
1324 3767 1415 3834 24,
1442 3765 1573 3836 25).
1696 3773 1701 3779 ’

426 3842 429 3845 ’
566 3856 751 3927 (Vers.
805 3858 872 3912 It)
926 3857 1106 3929 seqq.)
1156 3856 1236 3911 Eo
1308 3859 1457 3927 quod.
1500 3859 1792 3927 deceperint
1846 3860 2095 3931 populum

493 3964 685 4017 meum,
713 3949 978 4003 dicentes:
1013 3965 1134 4017 pax,
1164 3960 1336 4003 etnon
1366 3960 1438 4004 est
1468 3968 1589 4019 pax.
1636 3950 1703 4005 Et
1730 3954 1838 4024 ipse
1867 3954 2096 4020 wdiﬁca-

490 4042 575 4095 bat
602 4041 851 4111 parietem
881 4058 899 4095 :
944 4040 1025 4094 illi
1054 4052 1227 4096 autent
1276 4042 1523 4097 liniebant
1576 4062 1692 4099 eum
1742 4049 1853 4100 luto
1900 4049 2093 4117 absque

490 4134 653 4202 paleis
710 4132 804 4187 Dic
832 4134 900 4187 ad
926 4150 1012 4187 eos
1034 4135 1121 4205 qui
1145 4135 1333 4189 liniunt
1354 4137 1546 4204 absque
1566 4151 1931 4209 temperatura,
1955 4143 2093 4210 quod

480 4242 701 4281 casurus
726 4227 812 4280 sit.
846 4226 959 4280 Erit
985 4228 1119 4281 enim
1136 4228 1569 4284 imberinundaus
1588 4248 1604 4283 :
1649 4241 1695 4286 et
1731 4234 1864 4287 dabo
1894 4235 2090 4307 lapides

485 4319 815 4389 praegrandes
843 4321 1062 4393 desuper
1104 4322 1375 4389 irruentes,
1404 4335 1451 4378 et
1479 4335 1687 4379 ventum
1712 4328 1956 4400 procella:
1983 4332 2091 4384 dis-

481 4411 757 4477 sipantem.
815 4412 1083 4483 Siquidem
1112 4426 1163 4469 et
1203 4432 1317 4470 ecce
1357 4417 1544 4470 cecidit
1581 4422 1772 4489 paries.
1815 4420 2089 4493 Numquid

483 4520 588 4558 non
629 4505 828 4559 dicetur
852 4507 991 4561 vobis
1016 4550 1030 4572 ,
1066 4509 1153 4563 ubi
1179 4520 1249 4565 est
1288 4510 1447 4565 litura
1494 4529 1644 4576 quam
1691 4514 1912 4569 livistis?
1953 4517 2084 4571 Pro-

2200 3304 2334 3360 illud
2365 3305 2509 3376 quod
2541 3306 2672 3363 alibi
2700 3307 2901 3363 dicitur
2933 3326 2946 3362 :
2982 3308 3121 3378 Pax,
3152 3327 3257 3381 pax
3278 3350 3293 3375 ,
3320 3311 3409 3364 ubi
3436 3322 3513 3365 est
3550 3327 3653 3383 pax
3682 3310 3810 3383 (Je-

2198 3416 2325 3454 rem.
2361 3414 2475 3465 vui,
2514 3402 2575 3454 ll
2597 3401 2656 3471 )‘t
2693 3402 2833 3455 Deus
2874 3402 3062 3472 itaque
3098 3402 3471 3473 metaphorice
3501 3402 3812 3461 aediﬁcabat

2197 3494 2279 3548 eis
2319 3510 2414 3562 per
2445 3494 2581 3563 legis
2623 3495 2881 3550 mandata
2937 3505 3363 3568 sanctarumque
3410 3496 3807 3568 prophetarum

2198 3586 2414 3657 eloquia
2470 3594 2527 3643 et
2573 3589 3033 3645 comminationes
3062 3630 3077 3653 ,
3124 3591 3443 3647 maceriam.
3494 3591 3608 3647 Hoc
3652 3592 3806 3648 enim

2199 3683 2427 3737 verbum
2460 3682 2781 3738 Hebraicum
2811 3684 3087 3754 signiﬁcat
3110 3700 3196 3741 ms
3236 3684 3423 3772 (vin);
3464 3694 3526 3740 ut
3568 3701 3803 3743 omnem

2195 3775 2265 3830 ab
2292 3774 2399 3830 illis
2424 3775 2797 3832 incursionem
2831 3778 3128 3833 bestiarum
3157 3787 3215 3834 et
3243 3778 3499 3833 hostilem
3532 3780 3808 3849 impetum

2194 3867 2578 3936 submoveret,
2636 3869 2764 3923 dum
2810 3871 3062 3926 conversi
3115 3870 3182 3925 ad
3242 3870 3435 3937 Deum,
3493 3869 3596 3925 hoc
3643 3872 3809 3941 quasi

2195 3976 2351 4014 muro
2382 3970 2438 4015 et
2468 3961 2676 4031 pariete
2708 3962 3023 4018 ﬁrmissimo
3051 3962 3424 4033 cingerentur.
3449 3962 3811 4033 Pseudopro—

2194 4053 2372 4124 pheta:
2402 4069 2533 4109 vero
2561 4070 2667 4110 non
2696 4056 2891 4122 semel,
2919 4058 3015 4111 sed
3046 4054 3365 4127 frequenter
3400 4056 3810 4127 pollicebantur

2193 4150 2276 4205 eis
2299 4166 2512 4220 pacem,
2539 4152 2642 4206 hoc
2664 4153 2809 4207 enim
2836 4153 3096 4221 repetitus
3122 4155 3271 4221 pacis
3294 4168 3477 4208 sermo
3499 4152 3807 4222 signiﬁcat.

2191 4245 2484 4317 Ipsumque
2513 4247 2776 4313 parietem
2812 4247 2903 4315 qui
2937 4249 2990 4302 in
3017 4248 3371 4318 sequentibus
3399 4264 3489 4305 cut
3521 4248 3667 4335 ('t'p)
3699 4263 3811 4319 ap-

2193 4338 2448 4409 pellatur,
2479 4339 2744 4394 Iiuiebaut
2774 4339 3266 4410 pseudoproplteta:
3310 4341 3502 4410 absque
3532 4352 3803 4410 (erupera-

2189 4445 2452 4501 mento,ut
2474 4435 2858 4504 interpretatus
2879 4447 2962 4491 est
2984 4435 3361 4508 Symmachus,
3389 4438 3490 4492 hoc
3523 4445 3627 4503 eSt,
3653 4451 3806 4507 puro

2189 4512 2325 4591 luto,
2382 4534 2440 4581 et
2490 4527 2635 4596 quod
2681 4528 2864 4598 paleas
2905 4545 3015 4582 non
3056 4529 3302 4595 haberet,
3337 4539 3512 4583 utnec
3541 4531 3808 4594 praebere

480 4607 657 4668 pterea
681 4598 790 4652 liceo
820 4600 945 4653 dicit
976 4600 1227 4657 Dominus
1261 4603 1397 4659 Deus
1417 4622 1436 4660 :
1478 4605 1550 4659 Et
1586 4608 1774 4676 faciam
1825 4628 2086 4683 erumpere
2112 4603 2163 4663 D
2193 4632 2373 4689 posset
2394 4621 2629 4691 aliquam
2653 4623 3044 4679 fortitudinem,
3065 4622 3133 4680 υι
3156 4638 3286 4679 γει-ο
3309 4622 3337 4660 d
3356 4622 3500 4678 Lxx
3527 4631 3585 4680 ει
3600 4622 3806 4679 Theo-

480 4692 725 4762 spiritum
748 4702 1111 4763 tempestatum
1158 4699 1210 4752 in
1240 4700 1595 4772 indignatione
1632 4720 1746 4757 mea
1789 4724 1808 4758 :
1838 4716 1884 4757 et
1927 4708 2085 4762 imber

478 4784 739 4849 inundans
763 4787 817 4839 in
852 4790 1029 4857 furore
1054 4806 1164 4843 meo
1192 4792 1311 4857 erit,
1341 4804 1389 4847 et
1433 4794 1631 4863 lapides
1670 4799 1891 4866 grandes
1913 4799 2005 4854 irae
2028 4802 2083 4856 in

473 4879 986 4933 consummationem.
1013 4879 1081 4935 Et
1109 4883 1374 4939 destruant
1414 4888 1661 4953 parietem
1701 4906 1852 4959 quem
1894 4892 2079 4947 livistis

467 4973 658 5041 absque
687 4982 1108 5043 temperamento,
1135 4988 1181 5030 et
1209 4979 1425 5048 wquabo
1446 4997 1559 5035 eum
1581 4992 1733 5038 terra:
1758 5001 1776 5038 :
1805 4995 1855 5039 et
1880 4988 2079 5042 revela-

537 5110 910 5196 {Ininstanti
962 5113 1224 5196 aediﬁcat,
1266 5131 1513 5196 mss._-_a_c
1561 5120 1825 5196 Balianus
1868 5124 2070 5196 legunt.

463 5181 604 5266 Quin
633 5185 799 5238 etiam
833 5181 1359 5261 Gl'aacusoixoSOpeE.
1398 5189 1518 5245 Vid.
1558 5192 1611 5246 in
1647 5194 1754 5249 line
1786 5181 1949 5266 hujus
1978 5181 2073 5254 ca?

462 5268 615 5322 plus.

531 5324 557 5363 δ
591 5326 867 5405 Victorius
890 5374 904 5395 ,
955 5328 1047 5399 qui
1077 5332 1356 5405 versioncs
1388 5332 1453 5386 ad
1492 5348 1647 5387 suum
1679 5351 1953 5405 quemque
1982 5356 2069 5396 ar-

455 5395 748 5480 chetypum
773 5395 1005 5470 reﬁgere
1028 5403 1289 5480 continuo
1312 5406 1539 5480 studuit,
1572 5406 1657 5460 hic
1680 5395 1909 5477 negandi
1938 5395 2061 5480 par-

452 5469 669 5552 t‘iculatn
701 5469 1061 5552 eprItgtt_ud
1095 5473 1271 5552 Graeci
1303 5477 1443 5552 ejus,
1479 5469 1585 5545 quo
1620 5469 1897 5545 utebatur,
1932 5469 2060 5552 puta

451 5538 1113 5625 diditti,_clod_i0ts'lidetu,
1148 5547 1237 5600 ubi
1270 5538 1351 5603 καὶ
1382 5538 1591 5625 έρόῡὶηὲ
1611 5561 1659 5602 ει
1696 5538 1896 5614 αἱρεταί
1918 5538 2058 5609 ἑονίέ

445 5610 613 5689 bitur.
647 5616 715 5689 sit
745 5616 1003 5689 pleraque
1043 5620 1148 5671 alia
1184 5610 1517 5689 exemplaria
1553 5621 1742 5676 Gru-Cn
1773 5665 1786 5687 ,
1831 5610 1884 5677 rt
1931 5642 2052 5681 cum

444 5682 632 5770 primis
664 5683 834 5770 Vatic.
872 5682 962 5743 οὗκ
990 5682 1363 5770 interserunt,
1409 5696 1494 5747 καὶ
1523 5695 1613 5770 cor;
1643 5682 1838 5770 ipoiiot,
1871 5708 1921 5751 et
1949 5716 2052 5753 non

435 5755 793 5827 dicunt,quod
821 5768 905 5811 est
930 5762 1155 5816 omnino
1187 5755 1556 5818 retinendum.
1594 5755 1885 5825 Le'ctorcm
1916 5786 2049 5827 vero

434 5826 772 5881 admonitum
820 5830 1124 5899 voluimus,
1161 5835 1304 5903 quod
1351 5835 1665 5903 ltujusutodi
1700 5839 1804 5893 alia
1841 5842 2044 5910 passim

2190 4712 2360 4777 dotio,
2395 4715 2570 4769 linunt
2596 4732 2722 4770 eum
2772 4715 2995 4771 stultitia
3022 4734 3040 4771 :
3086 4716 3281 4787 Aquila
3325 4730 3508 4773 autem
3549 4719 3803 4774 verbum

2187 4806 2518 4862 Ilebraicum
2554 4793 3395 4881 saltent-:1.(55n)interpretatns
3432 4821 3515 4866 est
3540 4820 3563 4846 ε
3587 4811 3805 4885 ἀνάλῳ,

2183 4899 2325 4970 quod
2354 4899 2627 4971 signiﬁcat
2652 4903 2846 4973 absque
2873 4901 3003 4969 sale,
3028 4903 3095 4957 de
3129 4902 3486 4958 translatione
3510 4912 3813 4959 transnens

2182 4993 2249 5047 ad
2279 4994 2442 5048 aliam
2482 4995 2901 5052 translationem
2923 5038 2941 5066 ,
2983 5006 3043 5053 ut
3080 4997 3358 5069 quomodo
3393 4997 3547 5054 cibus
3574 4996 3811 5069 absque

2182 5130 2360 5185 editor
2382 5132 2476 5208 ille
2507 5133 2573 5187 ad
2599 5148 2717 5189 eam
2752 5150 3001 5208 normam
3048 5138 3319 5203 immutet,
3359 5152 3479 5208 quae
3508 5151 3630 5192 cum
3665 5136 3813 5196 Hie-

2179 5203 2629 5280 ronymiauprum
2661 5207 2909 5262 codicum
2952 5208 3215 5280 suﬂ‘rugio
3250 5203 3507 5277 careant,
3551 5209 3811 5269 minime

2174 5276 2333 5328 nobis
2369 5276 2691 5343 probantur.
3032 5326 3035 5327 ν
3130 5276 3151 5280 θ
3492 5276 3495 5277 ⁷
3529 5301 3532 5305 ’

2249 5356 2269 5383 ο
2300 5345 2500 5401 Iterum
2539 5350 2813 5405 Victorius
2846 5367 3035 5419 parum
3066 5355 3317 5411 consulto
3358 5353 3607 5407 immutat
3654 5370 3813 5411 con-

2167 5429 2435 5496 sumatur,
2466 5421 2608 5496 quod
2659 5422 2711 5474 in
2754 5421 2945 5479 Graeco
2991 5426 3190 5481 Aldino
3229 5425 3530 5496 exemplari
3578 5425 3813 5488 legerit

2166 5490 2614 5568 συντελεῖς-θήσετε,
2643 5509 2764 5546 rum
2792 5498 3001 5559 Optime
3031 5497 3135 5552 alia
3162 5539 3178 5566 ,
3225 5507 3281 5554 et
3310 5490 3588 5568 praecipue
3615 5496 3813 5554 Vati-

2161 5574 2360 5631 canum
2391 5566 2635 5631 pra-ferat
2666 5568 3149 5628 συντελισθήσεσθε.

2232 5628 2259 5667 ά
2293 5628 2517 5712 Viden!
2544 5635 2956 5712 intelligendum
2990 5640 3059 5694 de
3082 5641 3483 5712 llexaplaribus
3512 5636 3694 5705 LXX;
3731 5639 3809 5698 in

2158 5718 2265 5757 uno
2290 5703 2839 5787 enititcttmplutenSI
2864 5712 3052 5768 codice
3080 5721 3166 5767 est
3195 5703 3489 5789 δι’ροσύνη,
3523 5703 3805 5770 stultitia.

2228 5784 2251 5811 θ
2278 5775 2331 5830 In
2360 5777 2482 5833 alus
2508 5778 2760 5837 librisest
2786 5779 2988 5841 ἄναλον.
3023 5793 3115 5837 aut
3144 5738 3327 5841 cingat.

2228 5784 2251 5811 θ
2278 5775 2331 5830 In
2360 5777 2482 5833 aliis
2508 5775 2760 5837 librisest
2786 5779 2988 5851 ἄναλον,
3023 5793 3115 5837 aut
3144 5775 3327 5841 ἇναΪα.
