4018 6322
240 262 343 317 115

926 258 1582 315 COMMENTARIORUM
1618 256 1685 313 IN
1726 254 2171 313 EZECHIELEM
2210 256 2343 315 LIB.
2388 256 2480 312 IV.
2520 257 2674 313 CAP.
2721 255 2861 313 XIII.

3444 258 3549 315 iu

230 375 351 431 sale
382 375 597 431 nullum
620 374 791 431 habet
822 389 1077 443 saporem
1106 390 1119 428 ς
1148 373 1221 427 ita
1245 385 1299 429 et
1330 373 1499 428 lntutn
1523 370 1730 442 absque
1756 386 1851 441 pa-
1878 376 1931 437 Α
1953 368 2257 423 velandum.
2292 367 2361 422 Et
2390 370 2716 440 disrumpam
2756 369 3031 425 cervicalia
3071 377 3243 424 vestra
3270 386 3289 426 :
3328 368 3560 425 liberabo

233 468 337 523 leis
370 469 573 539 quibus
604 467 857 523 ﬁrmatur
887 476 943 523 et
972 466 1289 537 stringitur,
1331 467 1402 521 nil
1437 466 1654 521 roboris
1683 465 1853 533 possit

228 562 481 633 lit-abere
502 561 723 631 parieti.
746 562 861 626 Dic,
887 559 1084 631 inquit;
1104 561 1169 613 ad
1188 574 1284 615 eos
1302 560 1461 631 128
1476 558 1567 629 qui
1592 558 1696 612 illis
1715 572 1848 612 vana

230 657 591 723 pmmittunt,
632 666 933 709 etcassum
982 652 1317 722 pollicentur
1356 651 1658 714 auxilium,
1706 650 1847 721 quod

227 759 467 799 casurus
494 746 572 800 sit
604 746 708 801 iste
732 750 915 814 partes
942 756 990 801 et
1019 744 1135 799 haec
1169 745 1401 799 maceria
1424 785 1439 807 ,
1472 756 1525 796 et
1560 744 1846 797 immittam

228 842 469 896 imbrem
492 841 1064 911 vehementissimam,
1089 839 1271 896 hostes
1317 839 1570 895 videlicet
1612 838 1846 893 saevi~si-

227 950 370 990 mos.
392 934 733 1003 BabyloniOs
748 948 930 990 autem
944 934 1338 1002 Chaldaeosque
1356 932 1645 1001 sigttiliCul;
1659 939 1715 986 et
1726 945 1849 986 eos-

226 1026 351 1080 dem
404 1027 623 1091 lapides
650 1035 677 1062 ι
713 1025 995 1097 grandinis
1041 1025 1281 1092 desuper
1323 1025 1621 1083 irruentes,
1667 1021 1845 1075 omnia

225 1137 324 1190 per
352 1123 774 1190 metaphoram,
808 1136 917 1191 quo
957 1118 1263 1174 instabilem
1299 1117 1589 1172 maceriam
1632 1116 1845 1170 subitus

227 1215 390 1269 turbo
417 1216 708 1270 subvertat
736 1224 793 1270 et
818 1214 1076 1278 subruat;
1103 1222 1159 1267 et
1185 1220 1370 1279 postea
1418 1210 1632 1265 dicatur
1657 1208 1757 1273 eis,
1792 1208 1842 1262 id

223 1320 327 1373 εει,
365 1308 907 1379 pseudoprophetis,
938 1306 1043 1363 Ubi
1086 1316 1172 1361 est
1212 1305 1376 1359 litura
1404 1318 1566 1374 quam
1606 1302 1842 1367 levistis,

224 1412 278 1458 et
331 1402 427 1455 ubi
472 1408 567 1456 est
611 1400 754 1471 quod
789 1398 1014 1470 polliciti
1064 1398 1196 1454 estis
1221 1396 1524 1451 auxilium?
1572 1391 1841 1463 Quidquid

217 1504 409 1550 autem
455 1494 531 1548 de
580 1491 1080 1563 pseudoprophetis
1124 1489 1363 1544 diximus
1391 1528 1405 1551 ,
1449 1498 1504 1542 et
1552 1488 1617 1541 ad
1670 1488 1842 1540 liuere-

220 1587 364 1641 tieos
423 1583 635 1642 referri
686 1593 892 1655 potest,
946 1582 1088 1653 quod
1137 1581 1318 1635 omnia
1371 1595 1563 1634 eorum
1619 1578 1717 1632 Dei
1760 1576 1837 1631 ira

217 1680 487 1747 ﬁgmenta
534 1678 850 1740 solvantur;
902 1687 956 1729 et
1003 1673 1289 1728 aediﬁcatio
1332 1673 1690 1743 pessimorum
1739 1668 1836 1724 do-

1957 462 2209 532 pOpulum
2236 477 2406 515 meum
2429 452 2493 514 de
2522 477 2680 515 manu
2711 472 2877 517 vestra
2909 478 2928 516 :
2960 478 3125 533 neque
3153 470 3305 516 erunt
3332 462 3472 517 ultra
3499 463 3556 517 in

1957 556 2190 609 manibus
2230 556 2410 609 vestris
2448 555 2516 607 ad
2560 556 2789 626 prcedam
2830 554 3009 627 [ναις.
3042 554 3412 629 praedandum]
3444 572 3462 611 :
3505 562 3557 611 et

1953 651 2124 703 scietis
2145 651 2267 721 quia
2295 667 2386 721 ego
2418 647 2693 704 Dominus.
2728 649 2835 703 Pro
2858 668 2915 704 eo
2945 653 3085 721 quod
3118 669 3331 707 niterere
3353 653 3553 724 fecistis

1953 758 2043 796 cor
2061 743 2196 812 justi
2223 742 2560 806 mendaciter,
2586 759 2738 813 quem
2756 759 2851 812 ego
2876 759 2979 796 non
3010 745 3330 814 contristavi,
3356 756 3403 799 et
3427 761 3552 799 con-

1953 837 2185 904 fortastis
2216 852 2401 888 manus
2443 835 2593 904 impii
2630 846 2688 887 ut
2730 852 2834 888 non
2880 848 3220 890 reverteretur
3264 854 3294 891 a
3332 839 3414 891 via
3454 856 3555 893 sua

1953 932 2092 985 mala
2121 942 2166 986 et
2202 934 2387 985 viveret
2423 948 2441 986 :
2470 940 2744 1001 propterea
2780 948 2913 987 vana
2944 949 3047 986 non
3079 933 3313 987 videbitis
3333 979 3347 1005 ,
3392 944 3438 987 et
3469 935 3553 987 di-

1949 1032 2236 1085 vinationes
2268 1047 2372 1083 non
2404 1031 2703 1083 divinabitis
2728 1029 2951 1099 amplius
2976 1044 2993 1083 :
3015 1037 3065 1082 et
3088 1044 3267 1082 eruam
3296 1029 3549 1098 populum

1949 1141 2118 1177 meum
2151 1124 2216 1178 de
2256 1140 2420 1176 manu
2458 1132 2627 1176 vestra
2652 1140 2669 1175 :
2693 1132 2740 1175 et
2781 1122 2953 1174 scietis
2981 1121 3103 1188 quia
3139 1137 3231 1193 ego
3274 1119 3548 1176 Dominus.

1947 1218 2092 1273 LXX
2123 1239 2136 1271 ;
2167 1218 2233 1271 Et
2262 1228 2341 1283 tu,
2370 1219 2450 1286 fili
2476 1215 2726 1277 hominis,
2756 1214 2976 1285 obﬁrma
3006 1216 3190 1287 faciem
3221 1224 3365 1267 tuam
3393 1230 3554 1284 super

1948 1313 2086 1380 filias
2125 1310 2310 1381 pepuli
2352 1310 2466 1378 tui,
2504 1327 2619 1381 quia
2663 1311 2977 1381 praphetant
3016 1310 3079 1362 de
3121 1309 3276 1363 corde
3318 1326 3412 1361 suo
3450 1324 3468 1361 :
3503 1318 3554 1365 et

1946 1404 2201 1475 propheta
2236 1419 2388 1474 super
2420 1419 2507 1455 eas
2531 1412 2578 1455 et
2601 1402 2740 1455 dices
2769 1418 2785 1455 :
2811 1400 2942 1455 Haec
2969 1402 3092 1454 dicit
3124 1400 3333 1455 Adonai
3368 1399 3554 1455 Domi-

1945 1514 2064 1551 nus.
2104 1496 2195 1551 Vw
2222 1495 2305 1551 Itis
2330 1512 2448 1568 qua:
2479 1505 2738 1549 consuunt
2775 1496 3055 1549 cervicalia
3086 1495 3178 1549 sub
3206 1496 3348 1550 omni
3381 1495 3565 1550 cubito

1943 1605 2127 1642 manus
2168 1605 2184 1641 :
2233 1598 2281 1642 et
2318 1589 2524 1657 faciunt
2565 1590 2817 1642 velamina
2857 1606 3013 1657 super
3051 1604 3200 1643 omne
3245 1597 3399 1660 caput
3433 1590 3551 1641 uni-

1942 1697 2101 1737 versa:
2130 1683 2296 1735 celatis
2319 1727 2332 1749 ,
2367 1692 2422 1735 ut
2464 1691 2756 1754 pervertant
2800 1682 3025 1736 animas.
3060 1679 3263 1736 Anima
3294 1681 3551 1735 subversa:

215 1780 492 1842 malum,
515 1786 636 1839 quae.
650 1767 884 1838 Spiritus
901 1767 1074 1823 sancti
1095 1783 1202 1822 non
1227 1766 1391 1822 habet
1406 1764 1832 1831 condimentum,

1944 1785 2067 1828 sunt
2095 1775 2274 1846 populi
2311 1776 2427 1828 mei.
2467 1774 2532 1828 Et
2563 1775 2768 1829 animas
2802 1772 3119 1828 salvabant:
3152 1782 3197 1828 et
3226 1773 3556 1827 contamina-

214 1872 462 1931 corruat,
496 1874 553 1917 et
580 1877 755 1933 usque
781 1861 850 1916 ad
891 1860 1240 1915 fundamenta
1270 1871 1325 1915 et
1372 1860 1654 1928 pulverem
1699 1856 1836 1912 dila-

216 1960 402 2022 batur,
442 1964 505 2010 et
540 1956 861 2024 adaequetur
904 1954 1022 2023 ipsa
1063 1954 1306 2009 maceria
1351 1962 1545 2019 teme,
1574 1960 1629 2006 et
1654 1952 1831 2015 cadat,

214 2060 269 2105 et
294 2057 704 2103 consumantur
731 2048 1007 2118 propheta:
1046 2046 1138 2118 qui
1176 2045 1591 2117 promittebant,
1636 2040 1691 2100 et
1742 2059 1837 2114 po-

215 2141 379 2212 pulus
406 2141 503 2195 cui
537 2140 961 2208 promittebatur
991 2143 1043 2193 iu
1071 2139 1252 2195 medio
1279 2139 1400 2209 ejus
1430 2157 1442 2192 :
1472 2147 1530 2193 ut
1552 2148 1833 2208 postquam

214 2234 585 2306 compleverit
612 2234 1047 2305 indignationem
1077 2250 1253 2295 suam,
1283 2244 1339 2290 et
1363 2235 1564 2290 dixerit
1584 2234 1664 2289 eis
1690 2251 1703 2287 :
1729 2250 1833 2288 non

212 2337 290 2381 est
320 2328 420 2382 iste
461 2327 663 2399 paries,
710 2327 815 2381 hoc
846 2334 963 2391 est,
1007 2342 1115 2380 non
1147 2335 1231 2381 est
1258 2334 1437 2381 vestra
1468 2325 1745 2389 delettsio;
1778 2336 1832 2379 et

211 2434 319 2474 non
367 2426 503 2472 sunt
548 2420 643 2488 qui
696 2417 874 2471 linunt
920 2432 1085 2484 eum,
1117 2418 1213 2472 sed
1242 2420 1424 2473 omnia
1456 2434 1590 2473 vana
1624 2426 1833 2473 suntet

210 2514 263 2569 in
319 2512 557 2567 nihilum
605 2511 945 2580 proﬁcientia
1006 2530 1020 2566 :
1084 2521 1215 2568 tunc
1262 2529 1431 2583 opere
1483 2513 1829 2583 cognoscatis

210 2610 357 2681 quod
402 2623 511 2678 ego
564 2609 669 2663 sim
721 2607 1004 2664 Dominus.
1065 2606 1131 2663 Ut
1188 2617 1375 2663 autem
1436 2608 1672 2661 sciamus
1735 2608 1827 2677 qui

210 2703 321 2757 sint
374 2700 465 2756 isti
521 2701 615 2767 qui
655 2700 838 2755 linunt
894 2702 1186 2770 parietem,
1242 2701 1513 2770 sequitur,
1556 2698 1831 2770 PrOphetaa

211 2793 408 2859 Israel,
440 2794 549 2850 hoc
587 2803 696 2861 est,
743 2793 1266 2864 pseudoprOphetw,
1300 2793 1388 2862 qui
1416 2792 1722 2863 praphetant
1761 2793 1828 2845 ad

209 2886 537 2952 Jerusalem,
571 2898 619 2943 et
649 2888 820 2943 vident
840 2890 885 2943 ei
908 2888 1154 2943 visionem
1189 2888 1365 2958 pacis,
1400 2888 1490 2942 iSti
1510 2898 1635 2941 sunt
1663 2902 1824 2942 causa

212 2982 423 3053 peccati
457 2990 518 3036 et
546 2981 747 3048 ruinae,
773 2993 829 3037 et
855 2981 1035 3035 stulta:
1056 2980 1390 3035 securitatis.
1416 2980 1533 3034 Non
1555 2980 1700 3035 enim
1725 2979 1829 3034 erit

214 3091 347 3146 pax,
381 3074 523 3129 dicit
549 3075 818 3129 Dominus
842 3117 858 3141 ,
889 3072 1015 3145 quia
1052 3073 1314 3128 Dominus
1359 3088 1465 3126 non
1512 3073 1659 3127 misit
1705 3088 1822 3141 eos,

1948 1868 2070 1923 baut
2102 1885 2181 1921 me
2201 1870 2269 1921 ad
2297 1869 2549 1938 populum
2580 1885 2750 1921 nteant
2776 1877 2989 1937 propter
3011 1868 3271 1940 pugillum
3291 1867 3477 1922 hordei
3505 1877 3555 1923 et

1939 1965 2289 2033 fragmentum
2332 1961 2485 2030 panis
2523 1976 2541 2014 :
2578 1968 2636 2013 ut
2676 1959 2970 2013 occiderent
3000 1961 3239 2026 animas,
3276 1976 3405 2031 quas
3447 1976 3552 2015 non

1938 2054 2168 2125 aportuit
2200 2054 2333 2106 mori
2367 2069 2383 2106 :
2418 2064 2464 2107 et
2496 2055 2754 2107 salvarent
2787 2053 2991 2107 animas
3022 2070 3149 2124 quas
3178 2068 3284 2107 non
3313 2056 3548 2125 oportuit

1935 2148 2136 2202 vivere:
2157 2148 2279 2200 dum
2302 2148 2588 2218 loquuntur
2610 2147 2805 2217 populo
2826 2146 3063 2199 audienti
3080 2162 3241 2200 vanos
3262 2162 3544 2201 sermones.

1938 2240 2227 2309 Pr0pterea
2269 2244 2379 2295 hcce
2407 2240 2530 2293 dicit
2565 2239 2821 2294 Dominus
2869 2239 3011 2294 Deus
3040 2256 3058 2293 :
3090 2237 3227 2294 Ecce
3268 2255 3361 2311 ego
3390 2256 3549 2311 super

1934 2334 2210 2389 cervicalia
2242 2342 2429 2401 vestra,
2470 2349 2629 2403 super
2659 2349 2773 2403 qua:
2813 2348 2901 2386 vos
2940 2333 3187 2404 colligitis
3224 2333 3460 2400 animas,
3498 2342 3550 2389 et

1935 2430 2254 2501 disrumpam
2287 2445 2346 2483 ea
2368 2428 2433 2483 de
2455 2428 2681 2482 brachiis
2711 2428 2916 2482 vestris.
2950 2426 3017 2481 Et
3049 2427 3310 2482 dimittam
3339 2430 3549 2483 animas

1932 2540 2064 2592 quas
2094 2540 2182 2577 vos
2211 2523 2503 2589 pervertitis
2527 2562 2541 2586 ,
2574 2522 2777 2575 animas
2812 2536 2990 2575 eorum
3023 2519 3077 2572 in
3115 2521 3491 2592 dispersionem
3527 2538 3547 2576 :

1935 2629 1981 2672 et
2012 2619 2340 2688 disrumpam
2384 2614 2646 2668 velamina
2687 2623 2888 2682 vestra,
2929 2622 2978 2666 et
3022 2612 3257 2666 liberabo
3298 2615 3549 2685 populum

1934 2725 2103 2765 meum
2124 2709 2186 2762 de
2218 2708 2452 2762 manibus
2482 2707 2664 2761 vestris
2693 2723 2711 2760 :
2737 2714 2782 2771 et
2810 2722 2914 2759 non
2943 2715 3096 2759 erunt
3119 2705 3259 2759 ultra
3286 2705 3345 2758 in
3374 2705 3544 2759 mani-

1931 2801 2024 2855 bus
2049 2802 2228 2855 vestris
2258 2801 2313 2854 in
2341 2800 2797 2872 congregationem
2827 2814 2845 2851 :
2877 2807 2925 2851 et
2955 2798 3279 2869 cognoscetis
3306 2798 3430 2868 quia
3450 2814 3545 2871 ego

1930 2895 2212 2949 Dominus.
2245 2893 2354 2948 Pro
2380 2911 2441 2949 eo
2466 2892 2606 2965 quod
2637 2893 3004 2963 pervertebatis
3035 2893 3264 2947 animam
3282 2891 3418 2962 justi
3438 2892 3545 2945 ini-

1928 3006 2072 3062 que:
2104 2999 2150 3044 et
2192 3006 2283 3063 ego
2322 3006 2425 3043 non
2476 2988 2827 3057 pert'ertebant
2875 3003 2997 3040 eum
3026 3002 3043 3039 :
3076 2996 3126 3040 et
3165 2985 3539 3056 confortabatis

1928 3100 2114 3139 manus
2147 3084 2345 3152 iniqui,
2373 3092 2429 3135 ut
2460 3082 2667 3153 penitus
2706 3097 2809 3133 non
2849 3087 3229 3133 converteretur
3257 3095 3290 3131 a
3326 3079 3409 3131 via
3444 3093 3541 3131 sua

212 3184 316 3223 nec
340 3178 425 3223 est
448 3168 668 3222 locutus
692 3166 759 3221 ad
782 3180 900 3222 eos.
926 3166 1038 3220 Hoc
1052 3165 1195 3234 quod
1221 3163 1364 3219 LXX
1388 3165 1821 3219 transtulerunt:

1939 3177 2154 3246 pessima
2172 3219 2185 3239 ,
2220 3183 2268 3228 et
2296 3175 2502 3229 viveret.
2536 3171 2827 3242 Pr0pterea
2854 3171 3126 3225 mendacia
3152 3180 3175 3209 ο
3199 3182 3368 3224 vestra
3396 3169 3542 3223 ultra

210 3274 257 3316 et
284 3265 739 3334 superjuncturas
768 3276 984 3326 eorum,
1019 3258 1074 3315 in
1119 3258 1389 3314 Hebr-uico
1426 3274 1532 3311 non
1566 3258 1819 3313 habetur.

214 3357 505 3428 Signiﬁcat
533 3371 719 3412 autem
749 3358 1033 3427 juncturas
1082 3356 1322 3427 lapidum
1373 3355 1427 3410 in
1478 3358 1709 3427 pariete,
1740 3357 1822 3412 vel

214 3450 552 3507 adminicula
568 3454 864 3522 lignorum,
883 3450 1080 3521 quibus
1099 3454 1336 3520 parietes
1349 3452 1696 3505 roborantur.
1714 3449 1826 3506 Nec

216 3562 324 3600 non
355 3546 493 3602 illud
520 3546 671 3618 quod
719 3560 882 3616 supra
915 3546 1146 3615 legimus
1177 3562 1190 3598 :
1220 3545 1330 3617 ipse
1354 3545 1646 3615 wdi/icabat
1675 3544 1701 3583 δ
1732 3562 1826 3617 pa-

214 3638 432 3703 rietem;
486 3638 740 3707 plerique
785 3638 853 3691 ad
908 3639 1168 3707 populum
1220 3636 1461 3692 referunt
1518 3637 1699 3703 Israel,
1734 3639 1823 3708 qui

212 3745 413 3785 vanum
448 3730 555 3787 sibi
604 3732 693 3786 vel
739 3729 1158 3802 Egyptiorum,
1190 3731 1277 3787 vel
1304 3732 1450 3801 pacis
1474 3732 1827 3801 promittebat

209 3824 501 3878 auxilium.

284 3915 480 3985 (Vers.
500 3915 766 3988 i7seqq.)
793 3916 857 3971 Et
889 3926 964 3987 tu,
982 3917 1060 3987 [ili
1078 3918 1317 3983 hominis,
1343 3935 1475 3989 pone
1486 3919 1668 3990 faciem
1687 3931 1826 3975 tuam

210 4016 393 4061 contra
418 4008 563 4076 ﬁlias
584 4008 762 4076 populi
786 4008 861 4060 tui
882 4024 996 4077 qua:
1016 4011 1327 4078 prophetarit
1352 4009 1416 4062 de
1443 4011 1597 4063 corde
1623 4028 1716 4064 suo
1738 4027 1755 4065 :
1778 4022 1826 4065 et

211 4102 498 4155 vaticinari:
518 4117 677 4167 super
689 4118 796 4169 eas,
816 4110 863 4155 et
885 4102 966 4153 dic
981 4100 1135 4155 :ch
1152 4103 1273 4155 dicit
1290 4101 1539 4156 Dominus
1556 4101 1690 4156 Deus
1706 4120 1723 4157 :
1738 4101 1827 4157 Va:

217 4193 471 4265 lzshis
487 4209 604 4262 qui:
620 4204 878 4247 consuuut
899 4193 1144 4259 pulvillos
1160 4194 1254 4248 sub
1270 4196 1408 4249 omni
1426 4195 1598 4249 cubito
1618 4212 1827 4250 manus:

210 4297 264 4342 et
296 4290 504 4355 faciunt
531 4288 808 4341 cervicalia
836 4287 932 4341 sub
964 4289 1137 4358 capite
1166 4290 1419 4344 universe
1448 4292 1617 4344 aetatis
1648 4291 1715 4342 ad
1742 4307 1828 4343 ca-

212 4380 441 4449 piendus
466 4381 702 4434 animas:
736 4392 784 4433 et
826 4396 945 4433 cum
980 4393 1220 4453 caperent
1262 4382 1464 4436 animas
1497 4382 1677 4453 papuli
1706 4384 1824 4450 mei,

210 4472 553 4542 vivitis-about
576 4473 780 4526 animos
806 4488 1006 4525 eorum.
1041 4471 1109 4525 Et
1147 4474 1410 4528 violabant
1448 4491 1525 4528 me
1561 4475 1629 4528 ad
1663 4491 1828 4546 popu-

1928 3286 2032 3323 non
2071 3267 2312 3321 videbitis
2354 3283 2370 3319 :
2405 3275 2451 3319 et
2491 3265 2834 3320 divinationes
2874 3279 3204 3334 nequaquam
3246 3260 3543 3316 divinabitis

1935 3360 2094 3431 130
2122 3360 2295 3413 adhuc
2333 3375 2349 3410 :
2391 3367 2439 3410 et
2484 3356 2714 3411 liberabo
2758 3355 3012 3424 populum
3064 3370 3236 3409 meum
3278 3354 3343 3408 de
3385 3369 3543 3407 manu

1927 3466 2128 3520 vestra,
2175 3462 2219 3506 el
2266 3452 2441 3505 scietis
2471 3452 2594 3519 quia
2625 3466 2717 3519 ego
2750 3446 3029 3502 Dominus.
3074 3448 3251 3517 Supra
3297 3448 3364 3502 ad
3409 3461 3536 3516 pro—

1930 3546 2121 3614 phetas
2152 3543 2366 3598 divinus
2398 3557 2583 3598 sermo
2606 3541 2853 3597 directus
2881 3548 2988 3608 est,
3023 3542 3114 3610 qui
3145 3541 3262 3595 luto
3292 3539 3537 3595 linebant

1930 3639 2222 3709 parietem,
2245 3636 2389 3707 quod
2414 3636 2599 3705 paleas
2623 3650 2728 3688 non
2756 3633 3008 3701 haberet,
3035 3649 3135 3689 nec
3160 3635 3333 3688 ullum
3359 3633 3537 3704 possit

1931 3733 2123 3804 parieti
2156 3732 2271 3787 sive
2298 3734 2555 3785 maceria:
2586 3730 2751 3784 robur
2782 3728 3029 3783 tribuere
3056 3746 3069 3783 :
3097 3743 3239 3781 nunc
3270 3727 3537 3782 adversus

1929 3825 2069 3879 tilias
2087 3824 2268 3893 ρονυιὶ
2290 3822 2904 3895 prophetissasjnbetnr
2920 3819 3111 3875 faciem
3130 3836 3284 3875 suam
3303 3836 3532 3890 ponere,

1929 3920 2046 3975 sive
2077 3920 2336 3988 dirigere,
2379 3930 2454 3983 et,
2484 3929 2544 3971 ut
2576 3916 2718 3971 LXX
2754 3917 3173 3982 transtulerunt,
3208 3917 3527 3971 oblirmare.

1930 4012 2218 4080 Quomodo
2250 4023 2434 4066 autem
2478 4010 2770 4064 adversum
2816 4010 3139 4080 prophetas,
3167 4010 3255 4064 alii
3290 4009 3532 4079 pseudo-

1930 4105 2215 4175 prophette
2259 4103 2673 4173 inspirabantur
2715 4104 2988 4159 diabolico
3048 4104 3243 4173 Spiritu
3272 4145 3286 4169 ,
3335 4113 3394 4157 ut
3438 4103 3533 4158 Dei

1932 4197 2182 4251 mandata
2213 4197 2630 4261 subverterent,
2664 4197 2735 4251 ita
2768 4197 3056 4251 adversum
3102 4196 3488 4265 Prophetissas
3514 4238 3529 4263 ,

1928 4291 2105 4361 qualis
2133 4290 2232 4345 fuit
2267 4290 2516 4344 Debboru
2550 4289 2755 4364 (Judic.
2787 4289 3063 4360 v)et01dn
3085 4290 3175 4357 (IV
3201 4289 3327 4360 Reg.
3364 4290 3527 4358 ml),

1930 4393 1987 4441 et
2013 4386 2067 4439 in
2092 4384 2323 4440 Actibus
2352 4384 2726 4454 apostolorum
2757 4380 2991 4453 Philippi
3021 4382 3375 4452 evangelisue
3399 4396 3535 4452 qua-

1892 4460 2056 4532 .tnor
2100 4477 2223 4531 ﬁlia:
2267 4477 2657 4547 prophetantes
2682 4516 2696 4539 ,
2750 4475 3157 4544 inSpirabantur
3195 4473 3535 4528 daemoniaco

214 4568 322 4621 tum
366 4584 543 4621 meum
584 4576 794 4639 propter
835 4566 1098 4637 pugillum
1143 4568 1357 4636 hordei,
1402 4579 1447 4622 et
1480 4573 1825 4641 fragmentum
1852 4577 1906 4638 Ῑ)
1932 4568 2126 4639 Spiritu
2154 4570 2296 4639 (Act.
2334 4567 2478 4638 XXI),
2524 4568 2647 4619 alim
2675 4568 2835 4620 etiam
2875 4566 3120 4636 ejusdem
3164 4581 3365 4631 sexus,
3399 4581 3530 4637 qua-

217 4662 370 4729 panis
405 4676 424 4714 ;
458 4671 515 4713 ut
545 4661 896 4725 interficerent
936 4659 1170 4729 animas,
1198 4676 1313 4730 qua:
1344 4676 1447 4714 non
1487 4662 1779 4715 moriuntur
1807 4678 1826 4716 :

213 4763 263 4807 et
297 4755 624 4824 rieificarent
656 4754 858 4808 animas
886 4768 1001 4825 qua:
1032 4770 1133 4806 non
1161 4754 1335 4807 vivunt
1357 4770 1375 4807 :
1399 4755 1699 4809 mentientes
1728 4771 1825 4826 po-

214 4849 338 4917 pulo
361 4864 479 4902 meo
500 4847 733 4902 credenti
771 4846 1078 4904 mendaciis.
1113 4846 1403 4917 Pr0pterea
1434 4848 1543 4903 [uec
1569 4848 1694 4901 dicit
1719 4847 1829 4903 Do-

214 4943 392 4997 minus
426 4942 572 4997 Deus
596 4958 614 4995 :
642 4943 777 4995 Ecce
807 4958 898 5011 ego
926 4942 995 4995 ad
1022 4941 1269 5011 pulvillos
1296 4952 1513 5007 vestros,
1536 4942 1722 5011 quibus
1742 4958 1829 4996 vos

214 5037 412 5104 capitis
436 5038 647 5092 animas
676 5034 909 5090 volantes
936 5051 954 5088 :
976 5044 1023 5090 et
1051 5036 1377 5107 disrumpam
1401 5053 1486 5091 eos
1508 5036 1572 5090 de
1603 5036 1827 5091 brachiis

216 5130 400 5183 vestris
423 5146 442 5182 :
465 5139 515 5184 et
533 5130 794 5185 dimittam
816 5131 1018 5184 animas
1039 5146 1166 5200 quas
1189 5145 1276 5184 vos
1298 5132 1509 5202 capitis,
1534 5132 1737 5186 animas
1759 5132 1827 5186 ad

293 5253 318 5281 ⁸
351 5245 612 5314 Vulgata,
647 5244 825 5314 inquit
873 5245 1177 5317 Victorius.
1212 5245 1382 5300 editio
1430 5247 1685 5317 grandes,
1716 5247 1830 5302 sive

222 5317 560 5389 pmgrandes
588 5318 798 5387 lapides
825 5328 1144 5371 constanter
1170 5316 1319 5387 legit,
1347 5316 1537 5371 verum
1570 5322 1693 5387 quia
1726 5317 1829 5371 lle-

220 5409 410 5465 braice
460 5411 664 5481 legitur
720 5394 936 5471 2.7721524
999 5419 1173 5477 vnn,
1228 5420 1283 5466 et
1340 5410 1547 5468 llebrzei
1603 5412 1828 5466 verbum

222 5487 469 5576 Ὡιλὲκ.
503 5520 601 5572 pro
631 5504 900 5576 grandine
929 5513 1230 5575 exponunt,
1262 5509 1717 5576 prmgrandesque
1751 5506 1828 5559 la-

230 5574 389 5642 pides
415 5576 702 5644 grandinis
729 5574 820 5631 hic
852 5574 1143 5643 signiﬁcari
1198 5577 1520 5631 existimant
1542 5621 1553 5637 ,
1589 5574 1721 5631 nihil
1752 5586 1835 5632 est

229 5645 606 5702 immutatum.
641 5645 898 5701 Ostendit
936 5663 1114 5703 autem
1161 5648 1387 5703 Hieron.
1422 5664 1482 5703 se
1529 5649 1637 5702 vim
1688 5650 1837 5704 vocis

224 5716 518 5774 Hebraica:
573 5736 681 5773 non
714 5721 1021 5785 ignorasse,
1052 5722 1303 5790 quamvis
1342 5719 1564 5790 grandes
1604 5729 1835 5789 tantum,

234 5804 342 5847 non
370 5791 673 5863 grandinis,
705 5792 823 5863 ipso
854 5806 1016 5850 sacro
1044 5792 1101 5851 in
1126 5792 1313 5851 codice
1338 5792 1411 5848 sit
1430 5791 1839 5864 interpretatus.

1934 4679 2053 4718 rum
2102 4661 2203 4715 luit
2252 4660 2433 4714 Prisca
2486 4669 2539 4713 et
2581 4657 2878 4712 Maxinilla
2908 4701 2922 4726 ,
2972 4675 3095 4729 quae
3140 4658 3540 4714 vaticinatione

1931 4752 2201 4810 mendacii
2234 4752 2393 4806 [idem
2438 4752 2827 4806 subverterunt
2865 4751 3136 4806 veritatis.
3185 4751 3295 4806 Has
3348 4762 3533 4806 autem

1926 4852 2117 4906 dicunt
2147 4849 2361 4906 Hebraei
2393 4848 2653 4903 malelicis
2687 4849 2898 4903 artibus
2929 4847 3173 4903 eruditas
3206 4864 3304 4918 per
3342 4861 3542 4903 necro—

1934 4944 2170 4999 mantias
2212 4952 2267 4999 et
2308 4943 2588 5014 pytbicum
2622 4942 2907 5010 spiritum,
2940 4942 3118 5012 qualis
3156 4941 3258 4996 fuit
3292 4942 3383 4996 illa
3413 4958 3535 5012 qua:

1932 5038 2048 5092 visa
2068 5045 2152 5093 est
2178 5038 2471 5091 suscitasse
2499 5034 2737 5089 animum
2764 5035 3032 5090 Samuelis
3055 5034 3101 5108 (Ι
3130 5035 3259 5110 Reg.
3285 5032 3492 5104 xxvnt)
3520 5051 3535 5089 :

1935 5140 1991 5187 et
2018 5132 2073 5185 in
2116 5129 2345 5185 Aetibus
2375 5129 2749 5199 apostolorum
2781 5170 2795 5195 ,
2830 5130 2989 5199 cujus
3029 5128 3293 5184 divinatio
3338 5126 3541 5181 multos

2007 5244 2034 5282 ιι
2067 5244 2300 5300 Additur
2334 5259 2499 5313 penes
2528 5243 2835 5315 Rgibanum,
2865 5244 2943 5299 vel
2985 5245 3253 5315 wdiﬁcat:
3286 5252 3448 5315 atque
3480 5242 3538 5296 in

1936 5319 2195 5388 praesenti
2224 5316 2441 5387 quidem
2476 5318 2528 5370 in
2559 5314 2751 5372 Cranen
2800 5332 2946 5383 esse,
2992 5313 3245 5386 superius
3276 5313 3539 5368 observa-

1934 5405 2080 5446 Hills.

2016 5472 2037 5500 ο
2070 5460 2248 5515 Malim
2282 5460 2469 5526 utique
2510 5460 2753 5515 amoveri
2790 5459 2916 5514 hinc
2940 5473 3128 5514 vocem
3152 5466 3345 5519 vestra,
3377 5474 3542 5528 quam

1941 5534 2043 5603 ipsi
2078 5531 2255 5594 LXX,
2284 5532 2480 5586 nedum
2514 5533 2778 5586 Ilebruius
2812 5541 3021 5593 textus,
3059 5539 3154 5585 aut
3191 5529 3415 5585 Latinus
3455 5533 3540 5586 in-

1946 5602 2156 5671 terpres
2200 5604 2470 5671 ignorant.
2510 5602 2668 5658 Addit
2704 5604 2975 5657 Vit-torius
3003 5646 3016 5669 ,
3055 5618 3156 5656 nec
3208 5604 3259 5657 in
3311 5603 3542 5659 Floren-

1946 5676 2097 5739 tinis,
2131 5683 2223 5729 aut
2247 5676 2516 5731 Brixianis
2542 5676 2825 5731 codicibus
2854 5674 3111 5729 inveniri.
3140 5674 3328 5732 Nostri
3358 5686 3541 5733 autem

1948 5756 2262 5806 constanter
2290 5746 2513 5805 habent.
3132 5787 3140 5821 ι
3170 5788 3177 5815 ε
