4018 6322
256 246 353 302 1ὶῖ

938 244 1592 305 COMMENTARIORUM
1632 248 1697 304 IN
1740 249 2184 309 EZECIIIELEM
2225 254 2352 310 LIB.
2399 256 2487 311 IV.
2529 256 2684 313 CAP.
2729 255 2871 315 XIV.

3453 266 3557 324 H8

247 375 435 415 aleam.
486 359 556 415 Et
584 361 759 431 factus
803 372 877 416 est
917 378 1087 416 sermo
1123 360 1337 418 Domini
1382 365 1449 417 ad
1488 381 1611 430 ine,
1641 365 2234 427 dicens:Ahabentes
2280 372 2493 427 ruinam
2562 374 2864 443 iniquitatis
2911 383 3100 431 contra
3154 374 3349 433 faciem
3400 392 3562 438 suam

251 452 410 524 133
438 450 553 508 Fili
575 452 831 521 hominis,
850 454 948 509 viri
974 456 1060 511 isti
1077 464 1359 524 posuerunt
1382 457 1719 528 cogitationes
1737 473 1859 511 suae

244 544 297 598 in
349 546 597 601 cordibus
645 547 803 601 suis:
852 558 900 602 et
934 556 1245 603 tormentum
1282 548 1614 616 iniquitatum
1647 564 1861 603 suarum

246 648 539 706 posuerunt
590 649 714 693 ante
763 640 953 710 faciem
982 656 1130 693 suam
1162 656 1181 694 :
1225 641 1270 696 si
1299 640 1618 710 respondens
1648 656 1862 711 respon-

244 732 376 786 debo
403 734 479 787 eis
497 736 524 787 ?
557 733 847 803 Propterea
879 734 1104 805 loqueris
1132 736 1205 789 eis
1235 751 1255 792 :
1283 745 1330 790 et
1358 735 1445 790 dic
1473 736 1541 791 ad
1570 753 1654 791 eos
1681 752 1700 792 :
1732 734 1862 791 H036

245 825 371 879 dicit
393 825 609 881 Adonei
632 827 891 883 Dominus
906 845 925 884 .'
943 827 1119 883 Homo
1138 828 1291 884 homo
1308 829 1372 885 de
1395 831 1551 885 domo
1572 828 1747 887 Israel
1771 828 1862 901 qui

242 921 475 989 posuerit
506 922 852 991 cogitationes
879 939 1005 977 suas
1030 923 1099 985 ,in
1128 923 1281 979 corde
1310 939 1403 979 suo
1424 969 1440 991 ,
1475 933 1522 977 et
1551 932 1863 979 tormentum

246 1012 540 1080 aequitatis
579 1030 692 1071 suis
720 1015 954 1085 posuerit
990 1024 1109 1069 ante
1154 1016 1343 1086 faciem
1369 1033 1560 1071 suam:
1594 1024 1644 1071 et
1673 1017 1863 1072 venerit

245 1105 311 1157 ad
338 1104 683 1175 prophetam,
717 1117 769 1161 ut
798 1108 1075 1179 interroget
1104 1124 1226 1164 eum
1256 1111 1308 1163 in
1336 1125 1417 1164 me
1445 1125 1464 1164 :
1485 1125 1579 1182 ego
1610 1109 1862 1164 Dominus

246 1200 570 1268 respondebo
602 1203 653 1255 ei
696 1202 752 1255 in
807 1201 888 1257 his
925 1202 1110 1271 quibus
1172 1214 1374 1258 tenetur
1427 1220 1568 1259 mens
1616 1207 1729 1275 ejus
1754 1219 1773 1257 :
1806 1210 1863 1257 ut

244 1302 499 1347 auerteret
539 1294 755 1349 domum
789 1293 960 1350 Israel
1010 1297 1299 1351 secundum
1328 1296 1489 1352 corda
1529 1312 1708 1351 eorum
1747 1311 1863 1366 quas

242 1385 552 1442 abalienata
572 1398 698 1442 sunt
722 1404 753 1441 a
775 1404 855 1444 me
877 1392 934 1445 in
952 1389 1362 1461 cogitationibus
1389 1406 1590 1446 eorum.
1610 1388 1863 1462 Propter-

241 1496 298 1532 ea
339 1479 427 1532 dic
451 1481 528 1534 ad
559 1484 775 1537 domum.
801 1481 973 1537 Israel
997 1499 1015 1537 .'
1058 1481 1184 1538 Haec
1210 1483 1334 1538 dicit
1386 1483 1637 1539 Dominus
1668 1481 1811 1538 Deus
1841 1500 1861 1540 :

241 1570 627 1628 Canuertimini
653 1616 668 1641 ,
698 1586 751 1630 et
788 1576 1011 1630 recedite
1040 1576 1104 1631 ab
1135 1576 1520 1632 inventionibus
1554 1580 1733 1632 uestris
1766 1595 1784 1633 :
1815 1586 1864 1634 et

240 1670 299 1720 ab
326 1670 573 1725 omnibus
594 1671 947 1741 intpietatibus
969 1673 1171 1737 uestris,
1197 1681 1244 1725 et
1290 1673 1566 1727 convertite
1594 1672 1754 1743 facies
1782 1688 1865 1727 re-

1962 470 2122 531 atque
2152 470 2505 531 tormentum,
2537 464 2665 520 dum
2688 467 2918 523 meliora
2948 469 3263 540 desperant,
3298 477 3353 526 et
3382 471 3559 542 parati

1962 562 2088 608 sunt
2125 554 2193 609 ad
2215 557 2565 627 supplicium,
2596 568 2648 615 et
2675 559 2753 615 sic
2775 576 2893 617 mea
2922 576 3020 632 per
3049 572 3105 619 te
3134 564 3359 635 cupiunt
3386 565 3559 624 verba

1962 650 2339 717 cognoscere?
2362 649 2499 717 Quis
2531 652 2699 720 igitur
2719 666 2985 722 perverso
3012 655 3080 711 ad
3115 663 3168 712 te
3197 656 3365 714 corde
3390 672 3563 716 vene-

1962 756 2111 813 runt,
2145 747 2417 819 responde
2447 752 2530 805 eis
2561 764 2671 805 non
2701 768 2767 806 ex
2817 767 3048 822 persona
3079 762 3193 820 tua,
3228 770 3294 811 ne
3321 754 3460 812 levis
3489 756 3562 812 sit

1962 843 2263 898 auctoritas
2312 843 2729 914 respondentis;
2788 845 2882 901 sed
2912 860 2979 902 ex
3040 861 3161 903 meo
3212 847 3467 921 imperio,
3505 855 3562 906 et

1963 935 2113 992 dices
2134 936 2203 992 ad
2244 952 2380 994 eos:
2426 938 2555 994 Haec
2586 939 2713 994 dicit
2741 938 2999 995 Dominus
3033 941 3190 998 Deus.
3239 943 3337 1013 Est
3374 952 3557 1002 autem

1963 1029 2133 1085 totius
2162 1030 2307 1096 loci,
2339 1039 2396 1084 ut
2429 1030 2593 1086 latam
2636 1033 3076 1103 explanationem
3106 1034 3261 1091 brevi
3306 1050 3560 1095 sermone

1962 1124 2447 1195 comprehendam,
2502 1128 2606 1182 ista
2642 1129 2960 1184 sententia:
3014 1128 3192 1185 Homo
3236 1129 3400 1187 homo
3447 1148 3557 1188 non

1964 1218 2194 1275 aliarum
2227 1223 2497 1291 gentium,
2531 1236 2767 1292 quarum
2814 1237 2971 1279 error
3016 1233 3204 1295 potest
3243 1224 3447 1281 habere
3473 1241 3563 1283 ve-

1964 1314 2133 1381 niam,
2170 1315 2264 1370 sed
2294 1315 2492 1371 domus
2520 1315 2710 1382 Israel,
2743 1316 2981 1387 quicum
3005 1317 3257 1389 pristinis
3286 1319 3457 1388 vitiis,
3489 1319 3559 1378 de

1963 1409 2162 1479 quibus
2190 1423 2355 1479 supra
2383 1408 2648 1479 diximus,
2677 1409 2744 1465 ad
2774 1411 3107 1483 prophetam.
3133 1411 3346 1469 venerit
3368 1396 3559 1470 soisci-

1964 1504 2209 1569 tandum,
2241 1516 2343 1574 ego
2373 1504 2717 1575 respondebo
2749 1507 2797 1560 ei
2826 1505 2985 1574 juxta
3019 1520 3114 1561 cor
3134 1547 3148 1572 ,
3180 1516 3235 1562 et
3265 1507 3560 1563 immundi—

1965 1596 2069 1651 tias
2099 1610 2248 1663 suas,
2277 1604 2338 1652 ut
2364 1595 2517 1665 juxta
2548 1596 2692 1667 quod
2722 1597 2835 1652 vult
2860 1606 2913 1652 et
2935 1597 3131 1663 credit,
3165 1597 3237 1653 ita
3269 1606 3325 1655 et
3352 1599 3558 1655 audiat.

1966 1688 2084 1744 Non
2106 1688 2252 1743 enim
2298 1695 2542 1744 meretur
2569 1690 2996 1754 correctionem,
3027 1690 3116 1759 qui
3147 1704 3255 1745 non
3291 1690 3561 1759 discendi,

238 1775 373 1819 suos
397 1763 471 1817 ad
496 1781 579 1819 me
604 1781 622 1819 :
655 1766 793 1832 Quia
815 1765 969 1821 homo
987 1766 1142 1823 homo
1160 1767 1222 1822 de
1241 1768 1394 1822 domo
1416 1765 1606 1835 Israel,
1622 1779 1670 1822 et
1694 1769 1757 1822 de
1769 1770 1861 1823 ad«

1969 1781 2065 1838 sed
2089 1781 2334 1837 tentandi
2364 1782 2548 1837 animo
2580 1782 2902 1852 interrogat.
2938 1780 3309 1839 Hecesserunt
3342 1783 3486 1840 enim
3527 1798 3557 1839 a

239 1858 377 1912 certis
406 1860 508 1928 qui
535 1860 934 1931 peregrinantur
954 1861 1005 1914 in
1024 1869 1162 1915 terra
1186 1860 1357 1916 Israel
1383 1878 1400 1917 :
1422 1862 1510 1932 qui
1534 1861 1858 1917 abalienatus

242 1953 397 2020 fuerit
436 1970 471 2009 α
500 1970 613 2019 me,
640 1961 685 2007 et
714 1956 947 2025 posuerit
967 1956 1304 2027 cogitationes
1328 1972 1451 2010 suas
1470 1957 1527 2010 in
1551 1956 1704 2011 corde
1718 1973 1815 2010 suo
1837 1973 1856 2011 :

240 2057 283 2099 et
317 2056 643 2102 tormentum
695 2048 990 2119 iniquitatis
1046 2065 1156 2104 sua:
1211 2050 1446 2121 posuerit
1502 2059 1623 2105 ante
1672 2052 1859 2123 faciem

241 2157 429 2207 suam;
482 2152 531 2196 et
558 2144 750 2197 venerit
781 2145 851 2196 ad
884 2143 1188 2215 prophetam
1223 2154 1278 2197 ut
1319 2146 1597 2218 interroget
1642 2162 1761 2199 eum
1803 2146 1858 2200 in

244 2250 323 2289 me
354 2254 373 2290 :
397 2252 500 2306 ego
534 2234 799 2291 Dominus
838 2237 1155 2308 respondebo
1181 2239 1228 2292 ei
1254 2240 1308 2292 in
1335 2254 1396 2293 eo
1420 2255 1523 2310 quo
1558 2248 1781 2305 tenetur,
1810 2250 1860 2294 ct

239 2331 529 2399 obﬁmabo
560 2333 751 2402 faciem
780 2349 947 2387 meam
976 2350 1131 2405 super
1160 2332 1420 2390 hominem
1459 2333 1613 2389 illum
1646 2349 1662 2389 :
1691 2344 1739 2388 et
1764 2351 1855 2405 po-

244 2446 364 2481 m
393 2446 514 2484 eaut
533 2432 589 2483 ia
617 2431 903 2495 desertum,
925 2438 971 2485 et
994 2431 1047 2484 in
1078 2432 1443 2486 exterminium
1475 2448 1491 2485 :
1530 2439 1576 2484 et
1620 2432 1856 2501 auferam

242 2538 359 2574 eum
389 2522 655 2577 demedio
708 2524 890 2592 populi
922 2525 1067 2579 mei:
1120 2533 1168 2578 et
1218 2525 1535 2595 cognoscetis
1580 2524 1707 2593 quia
1762 2539 1856 2593 ego

244 2614 527 2670 Dominus.
562 2615 633 2669 Et
665 2617 918 2689 propheta
947 2620 991 2672 si
1041 2618 1308 2682 erraverit,
1354 2626 1404 2672 et
1450 2617 1653 2673 locutus
1702 2619 1859 2688 fuerit

246 2709 452 2763 verbum
483 2726 505 2765 :
530 2728 623 2781 ego
654 2710 907 2767 Dominus
928 2727 1103 2767 errare
1133 2714 1231 2783 feci
1257 2711 1562 2783 prophetam
1590 2713 1760 2767 illum.
1787 2711 1858 2765 Et

246 2803 527 2856 mendum
576 2821 787 2859 manuni
840 2822 1003 2859 nteant
1047 2822 1204 2874 super
1243 2821 1388 2873 eum,
1430 2814 1475 2860 et
1505 2803 1857 2858 exterminabo

246 2896 395 2949 illum
418 2895 487 2950 de
510 2898 681 2952 medio
705 2898 887 2969 populi
918 2901 1013 2953 mei
1046 2898 1233 2953 Israel.
1280 2897 1346 2951 Et
1373 2898 1629 2969 accipient
1648 2936 1651 2941 ι
1670 2897 1859 2968 iniqui-

246 3000 403 3042 tatem
462 3006 613 3044 suam
642 2993 931 3047 secundum
988 2993 1315 3063 iniquitatem
1359 2992 1755 3063 interrogantis,
1809 3000 1858 3045 et

244 3084 497 3153 iniquitas
516 3086 760 3140 similiter
805 3088 1069 3158 prOpheta:
1090 3088 1214 3153 erit,
1253 3096 1307 3140 ut
1364 3102 1687 3157 nequaquam
1718 3094 1856 3139 erret

1960 1889 2070 1940 me,
2100 1884 2156 1929 et
2180 1873 2322 1930 idola
2347 1883 2476 1929 sunt
2506 1874 2701 1930 secuti.
2743 1873 3039 1945 Brevisque
3074 1875 3175 1931 ista
3214 1883 3299 1931 est
3331 1873 3560 1933 commi-

1962 1966 2130 2032 natio,
2178 1975 2235 2021 ut
2260 1966 2521 2021 recedant
2558 1966 2627 2020 ab
2648 1964 2808 2021 idolis
2863 1966 3393 2038 cogitationibusque
3433 1981 3559 2037 per-

1960 2061 2155 2125 versis,
2204 2067 2264 2113 et
2287 2065 2682 2114 convertantur
2709 2058 2777 2113 ad
2809 2073 2918 2123 me,
2952 2057 3132 2128 priora
3163 2058 3270 2132 [AL
3310 2059 3561 2133 propria]

1959 2153 2169 2208 scelera
2198 2151 2593 2222 relinquentes.
2624 2151 2743 2206 Non
2774 2151 2921 2206 enim
2950 2159 3194 2207 meretur
3227 2152 3417 2208 audire
3460 2166 3556 2207 ve-

1960 2248 2201 2313 ritatem,
2238 2248 2331 2318 qui
2364 2246 2740 2304 fraudulenter
2769 2248 3109 2319 interrogat;
3148 2247 3244 2303 sed
3265 2262 3367 2304 suo
3388 2246 3556 2304 corde

1958 2341 2259 2411 capiendus
2298 2349 2382 2395 est
2415 2359 2425 2393 :
2456 2341 2755 2395 secundum
2786 2340 2929 2411 quod
2960 2341 3171 2397 Scribae
3208 2349 3263 2396 et
3292 2339 3555 2396 Pharisaei

1960 2435 2364 2503 interrogantes
2396 2433 2711 2501 [lominum,
2738 2434 2906 2490 immo
2937 2440 3242 2498 tentantes,
3275 2432 3501 2488 audiunt
3538 2451 3555 2489 :

1962 2526 2099 2593 Quid
2123 2542 2201 2580 me
2233 2527 2486 2582 tentatis?
2517 2526 2582 2582 Et
2612 2540 2829 2583 rursum
2863 2544 2878 2581 :
2923 2526 3037 2583 Nec
3068 2544 3161 2601 ego
3183 2527 3351 2583 dicam
3380 2525 3519 2581 vobis
3538 2567 3552 2591 ,

1956 2622 2009 2675 in
2035 2608 2134 2691 qua
2158 2621 2339 2673 virtute
2360 2620 2467 2674 hwc
2498 2621 2689 2691 faciam
2711 2619 2925 2693 (Matth.
2957 2636 3071 2689 XXI,
3100 2620 3215 2692 27).
3244 2619 3345 2688 Qui
3367 2627 3553 2675 autem
3612 2640 3615 2644 ·

1961 2715 2124 2768 homo
2151 2712 2276 2767 talis
2314 2722 2423 2780 est,
2454 2720 2513 2768 et
2547 2714 2968 2783 sicinterrogat,
2995 2712 3148 2783 ponit
3172 2712 3317 2767 Deus
3352 2710 3553 2767 faciem

1958 2820 2114 2861 suam
2148 2820 2315 2876 super
2369 2805 2547 2875 illum,
2590 2806 2705 2861 sive
2742 2806 3070 2873 confirmat;
3119 2813 3180 2860 ut
3230 2804 3553 2860 austeritate

1961 2899 2162 2967 vultus,
2198 2898 2394 2952 frontis
2420 2897 2619 2953 duritia
2648 2897 2950 2965 molliatur,
2971 2906 3026 2953 et
3045 2898 3117 2953 sit
3140 2898 3192 2953 in
3211 2898 3551 2966 exemplum,

1960 3001 2013 3046 et
2052 2993 2105 3045 in
2156 2990 2528 3060 proverbium,
2553 2990 2670 3046 sive
2708 2990 2762 3045 in
2804 2988 3184 3055 solitudinem,
3225 2995 3280 3044 et
3318 2986 3374 3042 in
3415 2987 3554 3043 inte-

1959 3084 2145 3153 ritum,
2180 3091 2237 3137 ut
2299 3082 2392 3137 illo
2420 3081 2634 3152 perdito
2682 3080 2753 3137 de
2792 3081 2999 3152 populo
3031 3080 3158 3146 Dei,
3215 3085 3559 3149 cognoscam

248 3180 435 3233 domus
466 3177 643 3234 Israel
692 3198 726 3235 a
756 3195 867 3247 me,
905 3190 957 3235 et
986 3198 1087 3235 non
1116 3181 1422 3251 polluantur
1445 3180 1616 3234 adhuc
1643 3182 1695 3234 in
1727 3196 1857 3234 cun-
1886 3166 1933 3231 C
1965 3176 2150 3231 caueri
2176 3175 2321 3245 quod
2349 3175 2465 3246 ipse
2490 3176 2563 3229 sit
2610 3174 2876 3229 Dominus
2910 3172 3065 3245 135
3094 3172 3187 3243 qui
3231 3170 3417 3227 cordis
3468 3182 3557 3225 ar-

249 3273 344 3327 ctis
387 3274 599 3327 delictis
636 3274 766 3328 suis.
810 3273 876 3327 Et
920 3286 1071 3329 erant
1112 3275 1239 3329 mihi
1267 3277 1319 3328 in
1366 3276 1735 3346 populumnt
1764 3288 1857 3344 ego

246 3379 335 3418 ero
363 3366 439 3419 eis
466 3368 521 3420 in
571 3365 766 3433 Deum,
803 3369 931 3422 dicit
961 3369 1165 3422 Adonai
1217 3366 1493 3424 Dominus.
1556 3369 1855 3437 Postquam

250 3462 469 3518 locutus
504 3472 597 3518 est
630 3464 699 3517 ad
738 3461 1035 3532 pmphetas
1075 3466 1169 3533 qui
1212 3465 1614 3533 propltctabant
1651 3467 1706 3522 in
1740 3481 1859 3524 cor-

246 3557 471 3623 desuo,
500 3567 560 3612 et
593 3558 836 3612 liuebant
869 3558 1133 3627 parietem
1164 3559 1368 3628 absque
1397 3566 1853 3630 temperamento;

250 3660 305 3705 et
333 3649 403 3705 ad
430 3651 813 3721 prophetissae
857 3666 981 3721 quae
1032 3651 1375 3707 consuebant
1420 3655 1751 3720 cervicalia,
1804 3661 1860 3711 ct

252 3747 535 3815 ponebant
565 3744 669 3801 sub
693 3747 841 3802 omni
873 3748 1061 3803 cubito
1091 3762 1305 3813 manus,
1338 3747 1719 3819 iaciebantque
1764 3763 1858 3803 ve-

249 3841 500 3907 lamina,
552 3842 961 3912 etoperiebant
1006 3842 1183 3912 capita
1230 3843 1502 3899 universae
1540 3843 1858 3915 mtatis(per

248 3949 373 4002 qua:
404 3948 797 4003 perversorum
840 3935 1155 4004 dnguiatum
1183 3936 1434 3992 doctrina
1466 3937 1854 4008 monstratur),

250 4038 531 4084 teucrum
558 4028 625 4084 ad
650 4030 993 4099 prophetam,
1016 4047 1122 4086 non
1150 4045 1339 4087 omnes
1358 4046 1546 4099 senes,
1576 4046 1644 4088 ne
1672 4031 1855 4087 cuncti

251 4125 582 4181 viderentur
620 4140 839 4189 errare;
888 4126 984 4182 sed
1011 4126 1229 4197 quidam
1270 4127 1548 4183 seniorum
1584 4125 1777 4195 Israel,
1804 4132 1862 4182 et

251 4218 515 4273 scdermit
564 4233 753 4272 coram
781 4218 1043 4288 propheta
1078 4239 1090 4272 :
1122 4234 1281 4291 quam
1314 4220 1382 4275 ob
1421 4234 1642 4275 causam
1672 4219 1859 4274 venis-

252 4322 377 4365 sent
419 4311 649 4367 interim
713 4312 933 4366 silentio
1001 4310 1352 4375 differentes;
1410 4312 1706 4381 statimque
1766 4310 1861 4367 Dei

253 4418 447 4458 sermo
470 4403 653 4458 Iactus
682 4404 853 4460 estad
882 4403 1241 4473 prophetam,
1286 4403 1532 4459 iudicans
1570 4418 1666 4459 cur
1708 4403 1864 4460 ades-

254 4505 398 4550 sent.
436 4494 629 4566 Neque
643 4496 789 4552 enim
818 4509 1025 4552 natura:
1045 4496 1277 4553 hominis
1292 4506 1376 4553 est
1391 4499 1640 4568 quamvis
1664 4498 1858 4564 sancti,

1958 3285 2090 3326 cana
2122 3271 2435 3341 cognoscit,
2474 3279 2529 3327 et
2561 3270 2977 3341 perversitatem
3015 3270 3217 3325 mentis
3256 3266 3553 3337 intelligit;

1958 3378 2059 3420 nec
2079 3364 2391 3420 considerat
2419 3364 2587 3419 verba
2637 3364 2999 3433 loquentium,
3034 3361 3131 3416 sed
3153 3359 3338 3416 corda.
3364 3358 3552 3427 Quod-

1959 3473 2065 3528 que
2089 3440 2360 3529 sequitur,
2410 3466 2465 3512 et
2514 3456 2730 3511 videtur
2774 3456 2956 3510 facere
2981 3453 3346 3524 quaestionem
3374 3469 3389 3508 :
3420 3450 3560 3505 Pro»

1961 3552 2117 3622 pheta
2138 3567 2249 3605 cum
2282 3549 2545 3616 erraverit,
2576 3557 2623 3603 et
2651 3546 2857 3604 beatus
2887 3548 3039 3618 fuerit
3066 3546 3293 3615 verbum,
3324 3560 3419 3618 ego
3446 3543 3560 3598 Do-

1962 3646 2128 3699 minus
2155 3645 2331 3715 decepi
2360 3645 2665 3717 prophetam
2688 3642 2864 3709 illum,
2899 3655 3011 3697 non
3050 3650 3302 3711 putemus
3332 3640 3399 3696 de
3429 3650 3559 3695 vero

1964 3738 2227 3809 propheta
2257 3738 2385 3803 dici,
2426 3738 2519 3793 sed
2571 3738 2639 3792 de
2669 3736 3172 3807 pseudopropheta,
3202 3734 3298 3805 qui
3324 3750 3555 3789 συνωνυα

1961 3840 2070 3905 μῶς
2100 3834 2361 3902 propheta
2412 3831 2739 3901 appellatur.
2797 3829 2866 3886 Et
2903 3828 2978 3885 de
3012 3829 3107 3884 illo
3144 3826 3561 3898 Scripturarutn

1963 3927 2079 3982 loco
2110 3926 2248 3981 solvi
2304 3934 2507 3994 potest,
2542 3924 2759 3995 quando
2790 3923 2977 3980 Achab
3016 3937 3113 3978 rex
3155 3921 3323 3977 Israel
3352 3920 3557 3976 vadens

1963 4022 2030 4077 ad
2054 4022 2324 4092 praelium,
2351 4036 2456 4076 non
2507 4021 2623 4075 vult
2658 4020 2848 4076 audire
2885 4018 3168 4075 Michasam
3209 4017 3555 4088 propinatum,

1963 4115 2065 4171 sed
2090 4115 2694 4185 pseudoprophetarum
2723 4112 2971 4169 consiliis
2992 4109 3401 4183 acquiescitull
3428 4109 3556 4181 Reg.

1964 4211 2083 4279 xu).
2118 4209 2369 4279 Dicitque
2401 4207 2681 4272 uictimas,
2730 4208 2873 4278 quod
2914 4205 3116 4261 viderit
3151 4204 3436 4259 Dominum
3466 4215 3559 4258 se-

1963 4301 2185 4358 dentem
2234 4303 2291 4357 in
2333 4300 2494 4370 solio,
2536 4311 2592 4357 et
2622 4301 2825 4357 erroris
2854 4298 3104 4368 Spiritum
3131 4297 3280 4353 ultro
3314 4310 3375 4352 se
3402 4295 3562 4351 obtu‘

1967 4398 2097 4453 lisse
2141 4396 2208 4452 ad
2236 4395 2621 4466 decipiendum
2662 4408 2868 4465 regem.
2929 4391 3191 4449 Diabolus
3241 4404 3460 4462 quoque
3505 4390 3563 4444 in

1968 4491 2241 4547 volumine
2292 4489 2398 4545 Job
2434 4488 2709 4545 circuiens
2762 4495 3001 4554 terram,
3055 4491 3201 4541 stare
3253 4483 3455 4539 dicitur
3506 4482 3563 4537 in

255 4590 448 4646 cordis
475 4559 676 4646 arcana
702 4606 1059 4663 cognoscere.
1098 4593 1255 4649 Unde
1292 4593 1362 4649 de
1394 4559 1551 4666 i35
1580 4594 1695 4649 solo
1719 4559 1858 4649 dici;
1892 4559 1940 4621 Β
1966 4596 2261 4654 υοηῡβεθιιι
2296 4583 2410 4650 θεῖν
2438 4591 2497 4638 ει
2524 4584 2575 4637 ί¹¹
2617 4580 2976 4636 δώεῑθηῑίθπι
3004 4578 3187 4651 IWimo
3214 4577 3343 4645 30b,
3362 4570 3562 4633 ἀεῖηάθ

261 4696 346 4739 tur
402 4685 699 4741 Salvatore
746 4702 762 4741 :
820 4684 1012 4740 Videas
1073 4697 1241 4740 autem
1303 4687 1457 4742 Jesus
1524 4688 1862 4761 cogitationes

256 4795 472 4841 eorum,
496 4780 633 4833 dixit
668 4794 691 4833 τ
722 4778 791 4834 Ut
831 4780 955 4848 quid
979 4779 1215 4851 cogitatis
1245 4780 1381 4833 ntala
1410 4782 1464 4833 in
1489 4781 1729 4854 cordibus
1780 4796 1866 4835 ve-

258 4878 381 4931 stris
430 4875 659 4947 (Matth.
685 4877 801 4947 rx)?
830 4876 896 4930 Et
944 4885 1029 4931 est
1056 4888 1251 4931 sensus
1284 4892 1297 4930 :
1346 4875 1447 4930 Fili
1473 4875 1729 4943 hominis,
1773 4876 1865 4931 isti

258 4973 363 5028 viri
412 4973 506 5043 qui
540 4986 730 5028 coram
780 4982 837 5028 te
888 4972 1101 5038 sedent,
1141 4981 1445 5043 posuerunt
1493 4972 1865 5030 immunditias

262 5067 473 5121 suasio
503 5066 768 5122 cordibus
817 5068 950 5132 suis,
999 5068 1117 5123 sive
1165 5068 1558 5136 cogitationes;
1593 5078 1668 5133 et,
1711 5066 1869 5136 juxta

265 5158 659 5231 Symmachum
681 5170 735 5215 et
756 5159 1215 5226 'I’hcodotionem,
1249 5159 1389 5214 idola
1440 5168 1485 5214 et
1536 5159 1865 5228 scandalum,

267 5254 318 5307 id
344 5263 451 5318 est,
486 5254 698 5308 ruinam
729 5264 891 5323 atque
919 5263 1251 5308 tormentum
1285 5253 1588 5322 iniquitatis
1617 5270 1750 5318 sum,
1776 5268 1870 5323 po-

270 5358 499 5403 suerunt
532 5356 722 5403 contra
752 5348 945 5403 faciem
977 5362 1155 5411 suam,
1191 5359 1245 5402 ct
1282 5347 1359 5402 sic
1381 5347 1446 5401 ad
1476 5346 1867 5403 sciscitantium

278 5439 491 5494 Domini
546 5455 749 5496 venere
793 5454 1127 5495 sermonem.
1176 5438 1447 5508 Numquid
1490 5438 1868 5508 hujuscemodi

277 5531 588 5591 hominibus
642 5532 815 5590 debeo
848 5533 1205 5604 respondere,
1240 5531 1331 5601 qui
1364 5545 1487 5586 eum
1529 5530 1875 5603 cogitationi-

279 5625 375 5680 lius
417 5625 669 5697 pristinis
724 5626 791 5681 ad
823 5640 909 5683 me
934 5625 1158 5681 veniunt
1188 5641 1200 5678 :
1239 5640 1304 5677 ne
1337 5623 1438 5679 hoc
1468 5624 1684 5694 quidem
1730 5633 1871 5680 tem-

281 5734 405 5786 pore
436 5719 736 5786 impietatis
782 5735 897 5775 suae
945 5718 1150 5774 scelera
1198 5718 1593 5788 relinquentes,
1630 5718 1725 5774 sed
1758 5735 1873 5776 ore

279 5812 472 5871 dentes
527 5812 730 5879 idolis,
785 5824 841 5870 et
886 5811 1317 5869 divinationibus
1362 5810 1757 5877 lraudulentis;
1821 5823 1878 5871 et

1966 4680 2018 4734 iu
2054 4693 2255 4750 corpus
2279 4679 2395 4748 ejus
2418 4678 2667 4748 accipere
2694 4690 2723 4729 a
2768 4675 3000 4730 Domino
3029 4680 3356 4745 potestatem
3400 4670 3558 4744 (Job.

1969 4789 1984 4828 ι
2013 4782 2061 4828 et
2090 4774 2173 4844 ιι).
2222 4772 2331 4828 Sed
2372 4780 2427 4827 et
2451 4771 2669 4826 Balaam
2700 4769 2941 4825 hariolus
2982 4782 3012 4823 a
3039 4768 3272 4824 Domino
3302 4767 3565 4833 mittitur,

1969 4876 2029 4924 ut
2065 4866 2302 4937 decipiat
2344 4866 2502 4920 Balac
2547 4865 2721 4919 ﬁlium
2774 4864 2915 4918 Beor
2956 4861 3159 4934 (Nam.
3216 4860 3395 4933 sxu).
3451 4860 3567 4916 Hoc

1970 4969 2150 5016 autem
2176 4968 2349 5017 totum
2379 4959 2599 5026 dicitur,
2626 4974 2694 5013 ne
2725 4955 3318 5027 pseudoprophetarum
3345 4952 3566 5009 fortitu-

1974 5056 2397 5127 dinireputetur
2415 5101 2429 5125 ,
2454 5054 2598 5125 quod
2618 5053 2884 5123 decipitur
2904 5052 3156 5123 populus.
3173 5060 3229 5108 et
3248 5050 3422 5119 magis
3450 5044 3573 5102 vult

1976 5152 2167 5209 audire
2218 5151 2564 5207 mendacium
2592 5193 2606 5215 ,
2663 5161 2824 5219 quam
2858 5147 3077 5203 veritati
3120 5161 3309 5203 aurem
3355 5152 3569 5198 necom.

1980 5248 2199 5302 tnodarc
2222 5265 2233 5301 :
2259 5246 2352 5302 sed
2373 5246 2518 5317 quod
2536 5246 2629 5301 Dei
2646 5245 2742 5299 ira:
2762 5245 2854 5310 sit,
2870 5250 2931 5297 ut
2951 5252 3240 5313 pervorsus
3258 5232 3493 5309 populos
3520 5244 3578 5292 et

1978 5339 2313 5406 incredulus,
2332 5340 2502 5410 magis
2524 5335 3023 5409 pscudopropbetas
3045 5332 3232 5389 audiat
3252 5345 3419 5400 quam
3446 5341 3570 5398 pro-

1978 5433 2448 5506 phetas.Denique
2463 5432 2940 5490 cxtendittuanum
2954 5442 3106 5483 suam
3120 5436 3285 5494 super
3299 5421 3575 5487 eum,sub~

1978 5530 2215 5595 auditur,
2240 5527 2594 5598 prophetam,
2621 5534 2673 5580 et
2698 5523 2915 5579 deletur
2938 5520 3005 5577 de
3026 5516 3206 5573 medio
3228 5515 3413 5587 populi
3431 5514 3575 5586 ejus,

1981 5634 2037 5680 ut
2083 5632 2262 5694 portet
2293 5620 2635 5692 iniquitatem
2666 5633 2816 5674 suam
2836 5659 2849 5684 ,
2881 5615 3001 5687 quia
3027 5612 3226 5668 similis
3255 5613 3484 5677 erroris,
3521 5618 3579 5667 et

1980 5732 2139 5789 pinna
2159 5715 2468 5773 consimilis
2499 5713 2574 5769 sit
2605 5729 2618 5766 :
2654 5720 2833 5765 ultam
2858 5708 2951 5764 ille
2967 5706 3574 5777 quiinterrogat,quam

1978 5813 2071 5869 ille
2091 5810 2590 5883 quiiuterrogatur,
2619 5812 2838 5876 portent
2858 5802 3200 5897 iniquitatem
3215 5814 3391 5866 suam,
3414 5810 3463 5855 et
3481 5813 3552 5854 ne
