4018 6322
422 243 525 298 H9

421 454 717 519 voluerint,
751 452 1023 523 perversis
1056 451 1537 507 vaticinationibus
1566 450 1821 506 illudatur
1852 468 1865 514 ;
1919 450 2014 506 sed

424 548 494 603 sit
526 548 759 617 populus
784 546 902 609 Dei,
932 552 990 599 et
1020 544 1137 611 ipse
1162 544 1456 599 Dominum
1488 546 1688 600 habere
1720 553 2017 600 mereatur.

423 638 482 696 In
504 654 570 694 eo
598 636 742 707 quod
783 636 921 691 dixit
957 654 968 690 :
1001 635 1115 707 Ego
1146 636 1405 691 Dominus
1428 638 1611 708 decepi
1650 636 1820 702 illum,
1860 638 2018 692 Salo~

427 732 605 787 monis
631 730 793 784 verba
827 733 1202 797 consentiunt,
1236 731 1326 801 qui
1354 732 1421 787 de
1440 732 1550 785 Deo
1573 732 1879 801 disputans,
1904 733 1976 786 ait
2006 754 2018 788 :

429 822 495 875 Et
526 821 829 876 illusoribus
875 824 1057 878 ilindet
1087 822 1270 894 (Prov.
1305 839 1381 888 ιιι,
1413 822 1504 895 54)
1534 842 1545 877 :
1585 824 1826 895 illudque
1868 827 2021 881 testi-

428 916 668 969 mmiium
707 935 715 968 :
763 918 821 967 Si
854 916 1226 970 ambulaverint
1254 916 1323 969 ad
1345 933 1422 971 me
1446 918 1664 991 prversi
1684 934 1701 983 ;
1723 928 1769 971 et
1800 936 1894 991 ego
1913 936 2024 972 am-

427 1008 614 1061 bulubo
642 1023 818 1062 contra
851 1027 932 1063 eos
960 1012 1011 1062 in
1042 1012 1218 1078 furore
1247 1026 1484 1081 peruerso
1522 1009 1708 1081 (Leuit.
1756 1028 1901 1078 XXVI,
1929 1000 2020 1076 27,

424 1106 540 1171 ‘28).
575 1104 835 1173 Quodque
866 1105 1106 1161 secundo
1143 1104 1368 1170 dicitur,
1414 1106 1567 1158 ltomo
1594 1104 1748 1159 homo
1793 1104 2024 1176 ﬁliorum

424 1194 616 1263 Israel,
650 1208 696 1249 et
723 1197 1038 1250 advenarum
1072 1198 1352 1269 quijuncti
1394 1211 1511 1252 sunt
1544 1200 1641 1263 eis,
1667 1200 1937 1267 (inplicent
1971 1201 2022 1253 in

428 1290 590 1343 nobis
618 1290 769 1358 jU\l..I
804 1290 1122 1359 Apostolum
1153 1292 1396 1346 ostendit
1424 1293 1695 1348 hominem
1718 1335 1731 1358 ,
1781 1296 2024 1349 exterio-

427 1396 541 1434 rem
576 1390 627 1434 ct
662 1382 979 1436 interimunt
1010 1381 1210 1449 (lCor.
1247 1386 1355 1451 xv).
1387 1384 1537 1438 Multi
1579 1387 1721 1438 cnim
1762 1385 2025 1442 habentes

431 1476 667 1529 hom‘nis
723 1476 913 1531 facient
955 1479 1323 1546 corporalem,
1372 1482 1709 1536 diversarum
1747 1482 1904 1553 136
1934 1483 2028 1536 bc-

428 1568 653 1623 sliarnm
680 1584 969 1625 assumunt
998 1572 1285 1642 imagines,
1304 1591 1438 1643 quas
1468 1574 1720 1644 dissipari
1767 1578 2026 1646 propheta

428 1662 677 1730 cupiens,
707 1664 1031 1731 deprecatur
1058 1683 1068 1717 :
1098 1665 1341 1731 Domine,
1382 1668 1433 1719 in
1476 1669 1677 1722 civitate
1712 1677 1799 1722 tua
1844 1671 2027 1741 imagi-

1664 244 1722 301 S.
1769 244 1859 300 ΕΙ.)
1874 243 2043 299 SEBII
2081 243 2467 300 HIERUNYMI

420 374 688 431 quaquam
716 358 913 415 domus
934 359 1098 414 Israel
1137 373 1327 413 eorum
1355 359 1446 427 qui
1478 360 1570 417 Dei
1620 360 1781 415 verba
1830 359 2019 415 audire
2049 361 2095 421 Α
2123 376 2234 414 ram
2276 361 2444 427 illam,
2486 371 2533 415 et
2572 361 2753 415 dixero
2779 360 2957 434 gladio
3001 379 3019 416 :

3611 238 3717 298 120
3766 262 3772 267 υ

3073 364 3236 417 transi
3283 378 3373 435 per
3394 369 3614 429 terram,
3669 370 3718 415 et

2122 453 2426 525 interfecero
2478 455 2542 507 de
2612 471 2672 508 ea
2703 455 2957 509 hominem
2984 464 3034 508 et
3051 458 3369 527 jumentunt,
3400 462 3447 509 et
3487 467 3589 509 tres
3624 454 3721 509 uiri

2124 550 2211 602 isti
2270 549 2461 619 fuerint
2508 550 2561 602 in
2609 548 2778 601 medio
2834 552 2970 618 ejus,
3013 550 3123 602 vico
3170 565 3306 618 ego,
3371 549 3498 603 dicit
3539 547 3725 602 Domi-

2124 659 2222 696 nus
2272 641 2411 696 Deus
2438 683 2453 707 ,
2514 657 2619 694 non
2663 641 2947 695 liberabunt
2998 641 3135 709 ﬁlios
3198 657 3357 711 neque
3396 639 3535 711 filias
3574 656 3594 693 :
3634 638 3724 695 sed

2125 735 2227 805 ipsi
2291 735 2391 787 soli
2451 733 2823 787 liberabuntur.
2900 732 2960 788 Si
3018 741 3191 786 autem
3257 743 3302 787 et
3376 731 3725 803 pestilentiam

2132 828 2285 900 137
2314 828 2575 881 immisero
2596 844 2750 897 super
2769 829 3131 895 terrantillam,
3163 839 3209 881 et
3231 826 3724 896 e/j'uderoindigna-

2128 922 2315 975 tionem
2337 936 2501 974 meam
2526 936 2680 991 super
2712 938 2824 975 eam
2856 924 2905 973 in
2935 922 3207 993 sanguine,
3235 933 3287 974 ut
3307 923 3543 992 auferam
3567 937 3633 975 ea:
3664 937 3727 975 ea

2128 1014 2414 1077 hominem,
2445 1023 2492 1066 et
2505 1016 2825 1084 jumentum,
2848 1023 2894 1067 et
2919 1013 3036 1067 Noe
3054 1022 3102 1067 et
3130 1012 3321 1067 Daniel
3344 1022 3391 1067 et
3410 1013 3513 1068 Job
3534 1014 3727 1082 fuerint

2128 1106 2179 1160 in
2206 1106 2375 1158 medio
2401 1107 2533 1176 ejus,
2559 1109 2669 1159 vivo
2698 1121 2814 1178 ego,
2846 1104 2971 1159 dicit
3002 1104 3253 1159 Dominus
3282 1106 3452 1173 Deus,
3499 1108 3619 1176 quia
3660 1105 3726 1174 fi-

2129 1198 2257 1251 lium
2289 1206 2335 1250 et
2363 1197 2528 1267 ﬁliam
2556 1214 2661 1250 non
2690 1199 2978 1251 liberabant
3005 1215 3025 1263 ;
3053 1197 3143 1250 sed
3175 1198 3278 1267 ipsi
3307 1196 3359 1249 in
3378 1197 3599 1269 justitia
3627 1213 3727 1251 sua

2128 1291 2415 1345 liberabant
2442 1290 2642 1344 animas
2675 1307 2813 1344 suos.
2853 1290 3112 1355 Quoniam
3159 1292 3266 1343 haec
3300 1290 3429 1344 dicit
3470 1288 3727 1345 Dominus

2130 1383 2304 1437 Deus:
2327 1382 2480 1450 Quod
2502 1384 2545 1436 si
2561 1392 2781 1453 quatuor
2783 1382 2987 1455 judicia
3007 1398 3117 1436 mea
3131 1384 3374 1454 pessima,
3399 1383 3658 1456 gladium,
3681 1393 3729 1438 et

2128 1478 2336 1545 famem,
2355 1485 2400 1529 et
2419 1476 2609 1531 bestias
2623 1478 2806 1543 malas,
2826 1488 2872 1530 et
2887 1477 3232 1547 pestilentiam
3245 1478 3430 1531 misero
3441 1478 3494 1531 in
3507 1476 3703 1531 Jerusa
3717 1507 3732 1519 -

2128 1569 2249 1635 lem,
2266 1582 2318 1623 ut
2339 1571 2647 1639 interﬁciant
2662 1571 2726 1624 de
2746 1586 2805 1624 ea
2822 1569 3079 1623 hominem
3107 1578 3155 1623 et
3182 1581 3548 1639 pecus:tamen
3566 1571 3729 1625 relin-

2128 1675 2314 1735 quetur
2336 1664 2388 1717 in
2407 1680 2466 1717 ea
2482 1664 2701 1717 saluatio
2723 1665 3044 1718 educentium
3062 1663 3201 1733 filios
3228 1674 3274 1717 et
3291 1663 3450 1733 filias.
3475 1662 3609 1718 Ecce
3629 1665 3733 1733 ipsi

430 1771 545 1808 nem
562 1772 738 1809 eorum
753 1757 1268 1830 dissipabis(Psalnt.
1305 1776 1470 1824 um,
1500 1761 1614 1832 20).
1637 1762 1714 1818 Illi
1732 1762 1800 1818 de
1828 1764 2025 1832 quibus
2061 1764 2100 1823 Β
2129 1756 2458 1827 egredivtilur
2483 1756 2552 1808 ad
2564 1771 2672 1820 vos.
2701 1764 2745 1808 εε
2777 1756 3009 1809 videbitis
3031 1756 3165 1809 viam
3190 1772 3391 1819 eorum,
3410 1764 3459 1810 et
3490 1756 3737 1811 adim'eu-

431 1853 693 1921 scriptum
727 1861 807 1905 cst
840 1872 849 1905 :
895 1852 1070 1907 Homo
1098 1871 1212 1906 cum
1242 1859 1295 1907 in
1326 1855 1518 1909 honore
1555 1870 1706 1922 esset,
1744 1875 1843 1910 non
1888 1858 2034 1911 intel-

430 1942 579 2005 lexit,
613 1955 942 2013 comparatus
971 1958 1044 1998 est
1067 1946 1317 2016 juntentis
1367 1948 1719 2018 insipientibus
1759 1959 1805 2002 el
1850 1949 2035 2003 similis

434 2040 599 2105 factus
639 2049 713 2091 est
744 2038 851 2093 illis
893 2039 1070 2106 (Psal.
1108 2056 1295 2103 XLVIII,
1335 2041 1452 2110 21),
1495 2058 1599 2096 ιιοιι
1632 2052 1759 2097 sunt
1788 2042 2034 2098 homines

436 2128 706 2197 homines,
740 2133 832 2187 sed
867 2133 1114 2188 homines
1147 2143 1277 2189 sunt
1300 2135 1566 2203 jumenta.
1596 2136 1834 2191 Rursum
1868 2137 1955 2204 qui
1982 2138 2033 2190 in

443 2222 737 2293 Evangelia
759 2224 1011 2291 audiunt,
1029 2225 1304 2298 Serpentes
1321 2229 1578 2301 genimina
1592 2230 1903 2297 viperarum,
1921 2233 2036 2299 quis

449 2316 668 2369 ostendit
694 2318 829 2370 vobis
859 2321 1034 2389 fugere
1062 2335 1092 2371 a
1123 2330 1333 2373 ventura
1364 2322 1441 2373 ira
1483 2319 1698 2392 (Matth.
1722 2336 1874 2387 XXIII,
1901 2321 2036 2392 35)?

436 2424 545 2463 non
568 2418 694 2464 sunt
717 2410 967 2468 homines
995 2416 1261 2475 homines.
1289 2416 1386 2470 sed
1404 2416 1648 2470 homines
1674 2426 1698 2452 ο
1728 2424 2031 2485 Serpentes.

435 2502 502 2556 Et
515 2502 583 2558 de
600 2504 795 2573 quibus
811 2507 1069 2576 scriptum
1087 2517 1170 2561 est
1186 2526 1196 2561 ε
1222 2508 1261 2561 ιν
1274 2510 1417 2576 alpes
1432 2510 1606 2579 foveas
1620 2509 1824 2574 habent,
1841 2520 1888 2563 et
1903 2510 2039 2563 rolu-

432 2610 543 2648 cres
574 2597 683 2651 caeli
705 2598 1087 2668 nidos-(Manli.
1115 2615 1231 2665 vni,
1256 2600 1347 2670 20)
1376 2615 1474 2655 :ac
1497 2603 1563 2655 de
1579 2601 1792 2656 Herode
1823 2622 1834 2655 :
1868 2601 2038 2657 Dicite

432 2688 707 2759 vulpihuie
738 2676 891 2762 (Luc.
929 2709 1042 2755 XIII,
1073 2693 1187 2763 5‘2),
1218 2710 1323 2748 non
1347 2694 1734 2749 sunthomines
1764 2697 2034 2761 homines,

434 2780 530 2835 sed
545 2780 796 2837 homines
812 2784 1014 2853 vulpes.
1042 2786 1142 2853 Qui
1163 2800 1290 2841 vero
1307 2795 1594 2857 utrumque
1636 2787 1870 2843 hominis
1890 2803 2042 2843 voca-

382 2894 401 2914 ~
436 2873 624 2928 bulum
651 2876 963 2945 possident,
996 2880 1043 2933 si
1100 2881 1432 2945 erraverint,
1478 2880 1598 2936 ideo
1626 2895 1725 2951 per
1770 2881 2037 2951 supplicia

437 2969 808 3038 corriguntur,
846 2984 903 3026 ut
954 2972 1265 3044 intelligant
1314 2976 1459 3043 quod
1518 2977 1634 3045 ipse
1656 2976 2035 3031 sitDominus.

438 3061 548 3117 Nec
584 3081 688 3118 non
715 3066 860 3134 quod
887 3067 1034 3137 juxta
1069 3068 1215 3123 LXX
1245 3070 1523 3137 posuimus
1549 3087 1562 3124 :
1612 3069 1801 3137 Homo,
1826 3074 1915 3142 qui
1941 3073 2037 3127 ab-

2137 1854 2296 1906 tiones
2312 1866 2492 1905 eorum
2503 1893 2517 1917 ,
2535 1860 2586 1903 et
2599 1850 2990 1904 consolabimini
3011 1864 3160 1920 super
3174 1847 3314 1904 malo
3327 1849 3466 1920 quod
3482 1848 3670 1905 induxi
3682 1851 3739 1903 in

2132 1942 2426 1998 Jerusalem
2443 1943 2460 1996 i
2465 1960 2497 1996 ιι
2519 1944 2754 1997 omnibus
2769 1959 2886 2011 qua:
2905 1944 3178 2013 importari
3201 1959 3355 2014 super
3368 1959 3476 1997 eam
3487 1981 3501 1995 .
3528 1941 3594 1997 Et
3615 1959 3743 1997 con-

2135 2037 2440 2089 solabuntur
2460 2052 2547 2089 vos
2574 2053 2690 2090 cum
2717 2035 2945 2090 videritis
2970 2036 3103 2089 ciam
3124 2052 3324 2103 eorum,
3346 2047 3393 2089 et
3416 2037 3744 2090 adinventio—

2138 2146 2226 2184 nes
2254 2134 2433 2185 eorum
2459 2148 2477 2185 :
2508 2141 2555 2184 et
2602 2132 2920 2201 cognoscetis
2949 2130 3088 2200 quod
3144 2146 3250 2183 non
3276 2130 3480 2199 frustra
3527 2131 3744 2200 fecerim

2139 2225 2312 2277 omnia
2335 2239 2451 2293 qua:
2473 2225 2573 2293 feci
2598 2224 2649 2277 in
2670 2242 2753 2289 ea,
2782 2224 2854 2277 ait
2880 2222 3132 2279 Dominus
3164 2223 3327 2279 Deus.
3358 2225 3603 2292 Quatuor
3628 2225 3746 2294 pla-

2137 2331 2218 2385 ga-
2241 2317 2573 2372 indncuntur
2597 2332 2762 2388 super
2787 2326 2986 2371 terram
3012 2319 3500 2383 prwraricatricem,
3516 2317 3651 2379 sive.
3685 2324 3748 2372 ut

2138 2408 2493 2478 Septuaginta
2528 2411 2954 2476 transtulerunt,
2984 2413 3325 2480 peccatricem
3355 2427 3372 2464 :
3401 2408 3602 2478 fames,
3648 2410 3748 2466 be-

2142 2504 2266 2567 stia,
2298 2502 2534 2573 gladius,
2569 2504 2898 2571 pestilentia,
2928 2519 3158 2573 quarum
3190 2505 3235 2559 si
3258 2506 3486 2576 singula:
3505 2520 3601 2576 per
3622 2520 3749 2576 par-

2144 2608 2224 2653 tes
2248 2598 2481 2652 inductu:
2515 2597 2713 2653 fuerint
2752 2598 2984 2669 singulis
3014 2600 3352 2667 regionibus,
3384 2609 3442 2655 et
3486 2608 3596 2655 tres
3643 2598 3751 2655 viri

2143 2692 2228 2747 iSIi
2257 2693 2370 2747 Noe
2391 2702 2444 2748 et
2478 2693 2667 2746 Daniel
2698 2706 2753 2747 et
2773 2692 2899 2760 Job,
2933 2709 3165 2764 quorum
3189 2694 3402 2764 jusdtia
3431 2695 3750 2766 Scriptura-

2144 2802 2261 2841 rum
2289 2785 2508 2840 vocibus
2542 2786 2889 2855 pra-dicatur,
2917 2804 3012 2853 pro
3044 2796 3189 2842 terra
3221 2787 3522 2857 peccatrice
3552 2788 3754 2844 iuerint

2142 2878 2460 2948 deprecati,
2495 2894 2604 2933 non
2646 2880 2826 2935 solum
2877 2880 3023 2934 illam
3060 2881 3270 2935 salvere
3320 2894 3427 2935 non
3471 2888 3753 2951 poterunt,

2143 2971 2238 3026 sed
2273 2986 2339 3027 ne
2381 2970 2523 3025 ﬁlios
2550 2970 2794 3039 quidetn,
2827 2984 2881 3026 et
2930 2969 3069 3026 tilias
3092 2987 3219 3026 snas
3245 3014 3261 3038 ,
3291 2970 3339 3026 si
3368 2984 3530 3028 terrae
3559 2987 3758 3042 pecca-

2145 3063 2295 3118 tricis
2342 3078 2509 3132 opera
2545 3065 2946 3134 perpetrarint;
3000 3065 3093 3119 sed
3134 3066 3347 3134 seipsos
3376 3066 3759 3121 tantummodo

437 3155 696 3213 alienatus
724 3159 880 3228 fuerit
908 3177 937 3212 tt
980 3177 1077 3225 me,
1110 3173 1155 3213 et
1188 3162 1416 3229 posuerit
1454 3162 1791 3231 cogitationes
1820 3180 1944 3217 suas
1980 3164 2035 3217 in
2066 3153 2111 3217 C
2145 3166 2400 3226 poterunt
2422 3158 2677 3213 liberare.
2710 3158 2987 3226 Quteritur
3007 3169 3206 3214 cumet
3235 3160 3510 3215 Abraham
3534 3170 3588 3215 et
3604 3160 3758 3217 Isaac

438 3250 597 3303 corde
622 3269 738 3315 suo,
780 3264 824 3306 et
854 3264 1184 3318 tormentum,
1228 3256 1376 3321 sive,
1409 3255 1721 3327 supplicium
1752 3258 2038 3320 iniquitatis

438 3357 548 3396 sua:
573 3352 691 3396 ante
723 3345 910 3415 facient
956 3363 1125 3413 suam,
1159 3347 1236 3400 illi
1278 3346 1591 3403 testimOnio
1616 3350 1869 3404 cottveuit
1894 3350 2038 3420 quod

437 3435 491 3490 in
515 3435 650 3501 Isaia
677 3441 943 3509 scriptum
987 3452 1071 3496 est
1104 3456 1117 3494 :
1150 3439 1421 3496 Ambulate
1449 3443 1501 3495 in
1532 3442 1725 3496 lumine
1764 3443 1899 3514 ignis
1930 3460 2038 3497 ves~

442 3532 531 3595 tri,
554 3540 601 3585 et
624 3533 677 3586 in
704 3536 918 3603 ﬂamma
935 3552 1089 3604 quant
1117 3534 1628 3606 succendistis(lsai.
1654 3552 1712 3600 1.,
1732 3530 1842 3606 11).
1866 3534 2043 3591 Unus—

442 3624 674 3693 quisque
704 3627 850 3680 enim
888 3627 1004 3695 ipse
1035 3628 1136 3684 sibi
1166 3628 1508 3683 ﬂammarum
1568 3629 1853 3684 succendit
1881 3629 2041 3684 ardo-

442 3732 553 3783 res,
589 3731 851 3789 paratque
901 3722 1190 3791 supplicia,
1219 3723 1343 3777 dum
1393 3738 1502 3778 non
1559 3724 1669 3777 vult
1713 3724 2043 3791 paenitudine

442 3821 621 3867 errata
676 3815 974 3885 corrigere,
1014 3815 1111 3872 sed
1168 3828 1450 3887 permanet
1494 3817 1549 3871 in
1607 3819 1911 3884 erroribus,
1953 3820 2041 3886 qui

445 3907 790 3964 ﬂammarum
820 3920 1064 3966 meretur
1095 3911 1430 3967 incendium.

519 4002 703 4072 (Vers.
740 4004 831 4068 12,
866 4006 932 4059 15
956 4006 1139 4075 seqq.)
1188 4004 1446 4076 Etfactus
1491 4015 1565 4061 est
1613 4023 1781 4060 sermo
1838 4005 2045 4061 Domini

444 4095 514 4147 ad
541 4111 641 4161 me,
676 4096 852 4150 dicens
885 4112 904 4150 :
940 4095 1046 4150 Fili
1106 4097 1331 4151 hominis
1362 4116 1382 4155 :
1414 4106 1552 4152 terra
1591 4114 1706 4152 cum
1759 4100 2044 4165 peccaverit

446 4190 577 4243 mihi
608 4202 661 4244 ut
694 4193 1059 4260 prtevaricetur
1100 4192 1465 4261 prwraricans,
1521 4194 1796 4247 extendam
1835 4209 2047 4247 manum

450 4282 560 4355 [ΑΙ.
586 4285 736 4339 addit
757 4285 957 4357 meam]
990 4304 1144 4353 super
1166 4303 1298 4350 eam,
1320 4296 1368 4339 et
1394 4297 1655 4342 conteram
1679 4290 1877 4361 virgam
1901 4289 2047 4356 panis

446 4381 586 4448 ejus,
618 4391 665 4433 et
689 4381 966 4435 immittam
1010 4381 1060 4432 in
1092 4397 1201 4435 eam
1230 4384 1439 4450 famem,
1474 4390 1522 4435 et
1541 4382 1848 4450 interficiant
1890 4383 1955 4436 de
1989 4399 2048 4435 ea

444 4467 707 4525 hominem
727 4480 778 4525 et
809 4470 835 4509 ι)
869 4473 1129 4543 jumenta.
1156 4470 1223 4525 Et
1267 4474 1309 4525 si
1348 4474 1541 4543 fuerint
1582 4483 1683 4528 tres
1732 4476 1828 4528 uiri
1865 4475 1952 4528 isti
1993 4476 2045 4528 in

2142 3260 2197 3305 et
2245 3252 2448 3317 Jacob,
2505 3253 2724 3325 Moyses
2775 3268 2991 3323 quoque
3039 3265 3091 3308 et
3123 3254 3307 3309 caeteri
3344 3257 3669 3325 patriarchas
3699 3262 3760 3311 et

2143 3342 2423 3414 propheta:
2459 3345 2594 3415 justi
2640 3345 2868 3412 fuerint;
2916 3362 3013 3401 cur
3040 3346 3232 3402 horum
3262 3347 3632 3403 tantummodo
3661 3348 3760 3404 ﬁat

2145 3440 2369 3493 mentio.
2421 3438 2576 3506 Quod
2610 3439 2768 3495 facile
2800 3440 3032 3494 solvitur
3065 3459 3075 3493 :
3108 3440 3220 3495 Noe
3269 3442 3414 3496 enim
3458 3440 3758 3497 imminens

2146 3531 2263 3585 orbi
2297 3542 2564 3587 teri-arum
2594 3531 2713 3603 [Αι.
2747 3543 2905 3587 terra:
2926 3531 2943 3605 ]
2968 3533 3253 3600 diluvium,
3279 3533 3400 3604 quia
3433 3534 3614 3589 omnis
3646 3544 3759 3590 ter-

2148 3639 2202 3677 ra
2233 3624 2500 3693 polluerat
2524 3625 2638 3681 vias
2668 3626 2903 3693 Damini,
2933 3626 3223 3697 prohibere
3244 3626 3350 3699 [AL
3375 3626 3622 3700 diﬂ‘erre]
3646 3643 3757 3684 non

2150 3719 2323 3787 potuit
2350 3718 2560 3789 (Cenes.
2604 3737 2678 3785 γι,
2715 3722 2848 3788 vn);
2889 3719 2986 3775 sed
3036 3721 3176 3775 lilios
3211 3724 3301 3789 qui
3340 3720 3572 3777 forsitan
3611 3722 3760 3793 ejus-
3808 3739 3813 3743 '

2148 3810 2271 3866 dem
2305 3811 2523 3866 virtutis
2547 3824 2701 3866 crant
2724 3855 2739 3879 ,
2770 3823 2790 3850 ο
2817 3814 2886 3866 ob
2908 3814 3265 3868 seminarium
3292 3814 3518 3871 humani
3538 3817 3759 3886 generis

2150 3905 2697 3961 habuitreservatos.
2746 3907 2935 3961 Daniel
2967 3922 3185 3978 quoque
3227 3908 3607 3967 imminentem
3666 3925 3759 3966 ea-

2152 3999 2449 4069 ptiritatem
2480 3998 2662 4068 populi
2689 3998 3025 4068 Judworum,
3053 4000 3221 4056 nullis
3244 4001 3464 4058 ﬂetibus
3492 4001 3762 4073 mitigavit

2152 4094 2167 4163 (
2194 4091 2333 4146 Dan.
2366 4096 2441 4160 ι).
2473 4091 2578 4148 Sed
2606 4102 2660 4146 et
2691 4092 2792 4148 Job
2822 4109 2932 4148 non
2955 4094 3026 4149 ob
3057 4104 3274 4165 peccata
3296 4137 3311 4160 ,
3338 4096 3436 4152 sed
3467 4097 3538 4152 ob
3560 4097 3763 4168 proba-

2152 4186 2376 4253 tionem,
2405 4199 2506 4240 nec
2535 4184 2754 4238 domum
2788 4201 2888 4241 nec
2918 4186 3058 4242 ﬁlios
3091 4187 3341 4243 liberavit
3365 4186 3508 4261 (Job.
3538 4192 3615 4260 I).
3649 4190 3758 4246 Alii

2152 4284 2331 4331 autem
2356 4276 2575 4343 dicunt,
2611 4277 2735 4346 quia
2764 4275 2817 4331 hi
2852 4286 3059 4334 tantum
3094 4288 3206 4334 tres
3227 4280 3372 4348 viri,
3403 4289 3461 4336 et
3488 4295 3762 4352 prospera

2154 4384 2206 4427 et
2233 4373 2488 4438 adversa,
2516 4382 2806 4428 etrursum
2855 4388 3123 4444 prospera
3167 4385 3620 4446 conspexerunt:
3670 4376 3760 4431 ιιι.

2152 4466 2300 4520 circo
2328 4466 2528 4536 pariter
2569 4466 2912 4531 nominatos;
2945 4477 3001 4522 et
3030 4467 3133 4522 hoc
3161 4468 3394 4524 latenter
3421 4468 3720 4538 signiﬁcari
3743 4511 3758 4535 ,

447 4564 619 4618 medio
639 4566 777 4633 ejus,
812 4564 929 4618 Noe
951 4574 997 4619 et
1030 4564 1217 4620 Daniel
1233 4577 1281 4620 et
1306 4565 1429 4630 Job,
1476 4568 1574 4639 ipsi
1610 4568 1821 4641 justitia
1848 4585 1943 4621 sua
1982 4569 2048 4622 li-
2076 4556 2129 4616 D
2156 4570 2214 4617 ut
2242 4561 2512 4632 quomodo
2536 4560 2613 4615 illi
2637 4570 2692 4615 ct
2735 4562 2872 4616 bona
2897 4571 2953 4616 et
2980 4562 3117 4617 mala
3141 4602 3155 4626 ,
3184 4572 3239 4617 et
3268 4578 3482 4618 rursum
3513 4564 3634 4618 laeta
3681 4562 3765 4617 vi-

449 4658 696 4711 berabunt
718 4658 918 4711 animas
944 4675 1085 4725 suas,
1136 4660 1208 4712 ait
1239 4658 1492 4715 Dominus
1517 4662 1854 4715 exercituum.
1894 4662 2045 4726 Quod

447 4751 492 4802 si
512 4759 561 4803 et
593 4750 784 4804 bestias
808 4751 1056 4822 pessimos
1079 4751 1332 4805 induxero
1354 4769 1509 4817 super
1538 4764 1750 4817 terram,
1778 4763 1833 4806 ut
1854 4763 2045 4808 restem

446 4858 582 4905 eam,
605 4851 655 4895 et
693 4844 850 4913 fuerit
870 4844 1028 4908 invia,
1047 4860 1105 4896 eo
1131 4845 1271 4915 quod
1295 4862 1396 4898 non
1428 4845 1494 4899 sit
1535 4846 1881 4914 pertransiens
1928 4863 2049 4915 pro-

446 4944 561 5006 pter
581 4935 791 5003 bestias,
811 4947 911 4991 tres
940 4937 1032 4989 viri
1052 4937 1136 4990 isti
1160 4938 1204 4989 si
1227 4938 1418 5008 fuerint
1443 4939 1495 4992 in
1526 4954 1608 5003 ea,
1640 4938 1749 4991 vivo
1779 4955 1894 5008 ego,
1926 4938 2051 4991 dicit

452 5028 711 5084 Dominus
736 5028 921 5104 [Vulg.
950 5030 1099 5085 addit
1124 5030 1314 5104 Deus],
1345 5032 1467 5101 quia
1492 5049 1582 5085 nec
1616 5032 1753 5101 ﬁlios
1794 5049 1883 5084 nec
1912 5031 2050 5100 filias

446 5124 742 5179 liberabant
772 5142 790 5179 :
826 5127 914 5180 sed
958 5126 1060 5197 ipsi
1114 5126 1213 5180 soli
1256 5125 1647 5192 liberabuntur;
1696 5136 1834 5179 terra
1871 5134 2045 5179 autem

446 5218 792 5274 desolabitur.
868 5217 961 5274 Vel
1027 5223 1072 5274 si
1120 5221 1352 5291 gladium
1419 5222 1670 5276 induxero
1730 5236 1884 5291 super
1945 5229 2046 5274 ter-

520 5369 546 5396 α
591 5358 783 5430 Inepte
814 5367 950 5428 erat,
979 5367 1129 5430 atque
1158 5370 1438 5427 serpentes,
1468 5358 1687 5413 tametsi
1730 5372 1849 5411 eam
1881 5370 2049 5423 copu-

442 5430 554 5485 lam
591 5430 979 5487 Brixianorum
1008 5432 1261 5487 codicum
1301 5446 1405 5500 ope
1436 5430 1643 5484 Victor.
1674 5436 1832 5483 antea
1849 5437 2044 5500 sustu-

441 5502 604 5558 lerat.
636 5500 910 5558 Caeterum
938 5520 1078 5572 pene
1119 5506 1185 5558 ad
1217 5498 1445 5558 verbum
1470 5516 1537 5557 ex
1570 5500 1818 5572 Origenis
1845 5498 2044 5553 Homil.

440 5572 497 5627 in
538 5574 731 5629 Ezech.
766 5591 843 5638 ιιι,
893 5571 961 5630 ex
992 5576 1074 5629 his
1119 5576 1398 5645 quas‘ipse
1432 5573 1657 5628 liieron.
1700 5571 1893 5626 Latine
1926 5585 2047 5625 ver-

444 5646 532 5707 tit,
568 5660 772 5716 nosque
818 5646 940 5700 huic
998 5657 1146 5701 tomo
1195 5645 1561 5708 annectimus,
1618 5656 1833 5716 sumpta
1892 5650 2043 5716 sunt,

439 5731 560 5787 qua:
591 5719 657 5771 de
688 5713 887 5786 duplici
922 5717 1142 5772 homine
1182 5719 1269 5772 hic
1290 5716 1689 5771 edisseruntur.
1719 5714 1931 5774 Omnes,
1965 5713 2048 5768 in-

440 5790 557 5855 quit
595 5788 705 5853 ille,
735 5787 970 5842 homines
992 5791 1100 5842 nati
1126 5805 1303 5842 sumus
1328 5789 1583 5852 homines,
1626 5787 1715 5841 sed
1744 5802 1845 5841 non
1871 5801 2046 5839 omnes

1060 5871 1084 5889 ο

2155 4652 2349 4708 derunt
2376 4672 2387 4707 :
2420 4653 2496 4708 sic
2521 4664 2574 4707 et
2598 4654 2853 4723 p0pu|utu
2884 4652 3084 4719 Israel,
3121 4654 3278 4726 138
3301 4660 3390 4725 qui
3422 4657 3571 4725 prius
3602 4655 3764 4711 bonis
3802 4680 3807 4683 -

2154 4749 2350 4803 lruitus
2381 4747 2585 4814 fuerat,
2612 4756 2665 4802 et
2688 4757 2872 4817 postea
2901 4749 3229 4819 captivitatis
3262 4749 3520 4805 sustinuit
3542 4750 3761 4822 jugum,

2154 4841 2199 4894 si
2224 4843 2398 4911 egerit
2423 4842 2820 4911 paenitentiam,
2846 4841 3024 4896 redire
3041 4843 3107 4896 ad
3122 4843 3402 4914 pristinam
3421 4842 3761 4900 lelicitatem.

2157 4932 2313 5001 Quod
2343 4933 2390 4987 si
2421 4932 2534 4987 Noe
2562 4941 2616 4988 et
2647 4932 2837 4990 Daniel
2868 4944 2925 4990 et
2975 4933 3077 4990 Job
3104 4935 3304 5004 pariter
3328 4937 3677 5007 congregati;
3709 4946 3767 4992 et

2158 5026 2211 5080 in
2245 5041 2352 5081 uno
2381 5025 2503 5082 locb
2531 5028 2725 5097 positi,
2758 5036 3113 5098 peccatricem
3142 5040 3367 5095 terrain,
3394 5030 3497 5086 hoc
3524 5041 3629 5098 est,
3665 5045 3767 5087 eos

2153 5119 2244 5188 qui
2275 5118 2329 5173 in
2375 5130 2515 5175 terra
2538 5116 2566 5156 (ι
2589 5119 2865 5185 habitant,
2896 5138 3003 5177 non
3029 5130 3256 5192 possunt
3282 5123 3376 5177 ira:
3420 5123 3518 5178 Dei
3544 5123 3765 5179 subtra-

2155 5213 2288 5270 here
2318 5231 2333 5270 :
2362 5214 2490 5287 quid
2520 5214 2808 5270 dicendum
2841 5224 2927 5271 est
2958 5215 3027 5269 de
3063 5214 3181 5282 his,
3211 5217 3301 5286 qui
3331 5225 3523 5285 putant
3560 5216 3766 5271 merito

2149 5354 2381 5424 homines
2409 5351 2642 5424 homines
2670 5367 2851 5405 sumus
2874 5367 2894 5417 ;
2914 5350 2969 5424 id
2988 5350 3129 5424 quod
3154 5350 3209 5404 in
3253 5349 3485 5405 Leuitico
3509 5353 3769 5424 scriptum

2148 5433 2259 5480 est:
2285 5423 2481 5488 Homo,
2508 5423 2661 5476 homo
2682 5424 2912 5491 filiorum
2942 5420 3131 5487 Israel,
3165 5429 3276 5477 etc.

2219 5496 2245 5534 δ
2287 5496 2772 5568 Minori__numero,
2820 5508 2887 5548 ex
2936 5494 3167 5568 Hebrpo
3210 5493 3548 5568 vulgataque
3588 5495 3755 5568 edit.,

2139 5570 2459 5639 juntentunt,
2487 5566 2694 5620 Victor.
2724 5565 3001 5639 hiatuque
3032 5564 3173 5621 infra
3206 5564 3514 5621 sulISIituit.

2220 5651 2241 5678 ο
2272 5639 2530 5694 Voculam
2556 5645 2746 5707 etpost
2792 5635 3085 5691 Victorium
3113 5652 3499 5709 expungunus,
3545 5646 3606 5694 ut
3629 5655 3762 5696 sen-

2149 5727 2242 5767 sus
2263 5721 2495 5765 Conatet.

2218 5781 2245 5821 ιι
2271 5781 2424 5839 Unus
2449 5780 2619 5838 Vatic.
2658 5780 2934 5838 interserit
2964 5786 3270 5851 peccatrice,
3298 5782 3442 5853 quod
3472 5791 3529 5842 et
3556 5785 3761 5844 Brixia:
