4018 6322
237 268 346 326 lii

949 267 1599 328 COMMENTARIORUM
1640 269 1706 327 ΙΝ
1747 265 2190 327 EZECHIELEM
2233 270 2364 326 LIB.
2408 269 2500 328 IV.
2539 270 2695 328 CAP.
2738 269 2860 328 XV.

3444 266 3550 324 ηε

235 397 528 459 parentum
552 400 718 461 atque
742 390 1038 448 virtutibus
1059 405 1224 462 posse
1246 390 1388 447 ﬁlios
1435 402 1752 463 peccatores
1779 394 1848 450 de
1875 387 1925 457 Ᾱ
1952 393 2020 449 de
2045 408 2150 464 qua
2181 365 2442 464 scriptum
2467 403 2547 448 est
2575 413 2585 448 :
2644 393 2788 448 Mors
2841 400 3170 465 peccatorum
3200 388 3424 461 pessima
3470 395 3548 442 est

231 483 497 555 gehennae
529 485 746 556 ignibus
777 486 1038 542 liberari?
1067 485 1219 543 llnde
1242 501 1343 542 nec
1367 486 1843 560 peccatoremjAl.

1951 489 1971 560 (
1993 488 2137 543 Psal.
2167 505 2357 554 χχχιιι,
2385 487 2502 552 22).
2521 488 2588 543 Et
2615 507 2625 541 :
2654 487 2839 541 Anima
2862 482 3419 556 quaspeccaveritjpsa
3439 495 3551 536 mo-

231 577 761 650 pmvaricatorum]
793 579 991 641 lilium,
1027 587 1236 650 martyr
1279 579 1395 652 [AL
1423 577 1639 654 justus]
1696 588 1848 651 pater
1949 582 2132 636 rietur.
2168 582 2255 646 Et,
2291 580 2354 638 Si
2377 585 2454 634 sic
2472 590 2677 653 separat
2697 597 2874 634 amara
2895 596 3034 633 mors
3060 576 3242 649 (Infra
3267 590 3416 643 xvtll,
3454 573 3550 644 4)?

233 672 438 739 poterit
469 670 748 735 liberare;
785 687 883 727 nec
916 681 1122 727 sancta:
1161 675 1594 728 COﬂVCl'rﬂthlliS
1635 684 1842 739 mater,

229 760 525 830 impudicae
550 749 677 818 ﬁlice
698 764 846 819 dabit
871 767 1096 835 praemia
1120 765 1416 837 pudicitia).
1433 765 1840 830 Etecontrario,

228 867 512 925 parentum
533 857 659 910 vitia
682 856 810 926 ﬁliis
831 874 930 911 non
957 859 1250 924 nocebunt;
1278 859 1368 912 sed
1391 859 1568 914 anima
1588 875 1702 930 qua:
1726 876 1845 930 pec-

225 951 443 1016 cauerit,
475 949 596 1020 ipsa
623 949 1254 1021 morietur.(lnfra,xvn,
1277 952 1361 1017 li).
1387 950 1487 1006 Lot
1515 952 1566 1006 in
1591 951 1844 1008 Sodomis

225 1038 507 1106 habitans,
533 1041 631 1096 sed
654 1050 711 1096 et
731 1043 948 1112 spiritu,
975 1051 1032 1097 et
1051 1057 1212 1098 carne
1237 1044 1580 1114 peregrinus,
1614 1060 1841 1100 uxorem

224 1133 349 1204 quia
375 1143 505 1203 post
533 1145 748 1206 tergum
777 1147 1121 1207 respexerat,
1151 1152 1257 1190 non
1285 1137 1532 1192 liberavit
1559 1155 1570 1190 :
1602 1137 1697 1192 sed
1724 1146 1844 1192 tan-

225 1235 341 1282 tum
369 1228 535 1295 ﬁlias,
561 1246 685 1302 qua:
702 1231 934 1286 forsitm
955 1247 1060 1286 non
1082 1241 1444 1301 peccaverant
1466 1230 1674 1304 (Cenes.
1706 1233 1838 1302 λιιι).

227 1317 296 1372 Ει
325 1319 508 1376 Josias
539 1325 627 1378 vir
653 1335 893 1391 sanctus,
929 1340 1034 1379 non
1068 1325 1242 1380 solum
1274 1341 1614 1394 precatorem
1664 1340 1839 1395 popu-

224 1414 335 1471 lum
368 1415 492 1470 suis
516 1416 808 1472 virtutibus
833 1433 940 1473 non
963 1419 1235 1484 salvavit,
1265 1421 1360 1474 sed
1392 1429 1448 1476 et
1478 1420 1592 1487 ipse
1626 1420 1677 1472 in
1712 1434 1838 1488 pec—

221 1510 361 1566 catis
382 1511 537 1566 illius
559 1520 807 1567 mortuus
837 1524 918 1568 est
943 1511 1046 1586 (IV
1109 1511 1239 1586 Reg.
1275 1528 1368 1567 χιιι
1393 1514 1434 1583 ).
1467 1512 1621 1582 Quod
1649 1513 1692 1566 si
1735 1513 1836 1568 ali-

221 1603 444 1676 quando
469 1615 695 1674 propter
716 1603 990 1660 Abraham
1021 1615 1074 1660 et
1100 1605 1266 1661 David
1304 1607 1354 1659 in
1379 1617 1626 1676 posteros
1647 1622 1834 1660 eorum

223 1699 666 1755 misericordiam
695 1715 849 1756 suam
886 1701 1148 1756 Dominus
1180 1701 1508 1772 pollicetur:
1539 1701 1833 1755 notandum

223 1795 366 1866 quod
398 1811 512 1851 non
538 1796 622 1852 his
655 1807 871 1862 parcat,
900 1796 989 1866 qui
1020 1795 1142 1869 [AL
1171 1795 1259 1869 si]
1297 1797 1350 1851 in
1381 1795 1684 1852 sceleribus
1711 1812 1834 1867 per-
1864 1801 1910 1861 B
1939 1798 2237 1867 prophetae.
2289 1799 2541 1868 Legimus
2570 1816 2582 1850 :

224 1899 522 1954 sever-ant;
556 1889 650 1945 sed
680 1891 772 1960 qui
799 1900 962 1961 agunt
995 1890 1407 1961 pmoitudinem,
1443 1899 1499 1946 ut
1522 1893 1708 1946 merita
1739 1906 1834 1961 pa-

221 1993 393 2050 trum,
431 1983 668 2038 liliorum
700 1983 922 2054 adjuvet
962 1993 991 2022 ει
1030 1988 1399 2041 conversatio.
1443 1985 1602 2052 Cum,
1637 1986 1828 2054 inquit,

222 2074 342 2129 haec
371 2091 436 2130 se
465 2075 538 2130 ita
564 2075 824 2140 habeant,
857 2087 909 2131 et
933 2085 1132 2132 terram
1161 2077 1519 2148 peccatricem
1547 2095 1574 2131 a
1607 2079 1833 2149 singulis

219 2169 399 2238 plagis
434 2178 706 2224 tantorum
740 2170 982 2226 virorum
1013 2189 1120 2227 non
1154 2172 1330 2228 salvet
1361 2173 1675 2244 deprecatio
1709 2193 1721 2227 :
1752 2174 1830 2229 sic

219 2261 358 2317 dicit
388 2263 658 2320 Dominus
689 2265 851 2329 Deus,
880 2267 1006 2336 quia
1050 2265 1352 2323 Jerusnlem
1382 2266 1612 2323 nefanda
1639 2257 1832 2342 pecca-

217 2353 320 2417 vit,
355 2365 593 2424 quatuor
633 2357 794 2412 simul
837 2359 1014 2429 plagas
1043 2359 1296 2414 inducam
1345 2375 1510 2429 super
1532 2376 1648 2415 eam
1673 2345 1832 2432 :‘gla-

216 2444 395 2515 dium,
430 2463 540 2518 quo
577 2449 646 2504 ab
674 2448 920 2506 hostibus
942 2451 1274 2518 trucidatur;
1307 2462 1360 2508 et
1405 2452 1598 2508 famem
1622 2496 1636 2520 ,
1667 2445 1826 2524 quam
1865 2514 1875 2524 _

214 2539 272 2594 in
302 2541 590 2597 obsidione
615 2544 875 2609 sustinet;
909 2555 960 2598 et
987 2544 1219 2610 bestias,
1249 2544 1450 2616 quibus
1481 2545 1745 2616 fugientes
1774 2541 1826 2600 in

214 2630 490 2697 desertis,
541 2645 594 2688 et
645 2634 876 2691 saltibus
925 2636 1286 2702 devorantur;
1342 2648 1396 2692 et
1436 2639 1822 2707 pestilentiam,

213 2741 343 2795 quae
385 2739 606 2797 semper
633 2726 829 2784 famem
855 2744 919 2785 ac
976 2731 1255 2799 penuriam
1286 2731 1550 2800 sequitur.
1588 2731 1693 2786 Pro
1723 2745 1826 2801 qua

215 2815 456 2888 Vulgata
487 2817 657 2875 editio
685 2831 900 2875 mortem
926 2823 1223 2878 transtulit.
1249 2823 1375 2877 llaac
1397 2833 1600 2886 autem,
1629 2823 1821 2893 inquit,

214 2907 471 2965 inducam
521 2926 687 2983 super
715 2929 835 2970 eam
862 2957 877 2980 ,
931 2927 988 2970 ut
1017 2931 1116 2972 nec
1147 2917 1397 2973 homines
1428 2917 1480 2972 in
1536 2932 1600 2972 ea
1648 2934 1826 2972 rema-

213 3013 406 3070 neant,
464 3021 564 3062 nec
615 3009 882 3077 jumenta.
917 3009 981 3063 Et
1016 3019 1194 3066 tamen
1250 3025 1351 3080 pro
1381 3025 1500 3065 mea
1530 3011 1821 3067 clementia

211 3109 451 3170 quatuor
470 3102 632 3157 simul
658 3103 1065 3159 imminentibus
1088 3105 1278 3176 plagis,
1309 3116 1364 3161 et
1390 3115 1580 3160 cuncta
1604 3118 1822 3161 vastan-

1953 677 2025 731 De
2054 678 2250 748 quibus
2277 677 2486 732 cunctis
2522 693 2619 730 nec
2648 676 3008 745 Spiritualimn
3063 681 3372 744 parentum,
3415 683 3551 742 quos

1952 771 2240 840 magistros
2287 770 2651 837 intelligimus
2705 769 2755 841 (Ι
2793 767 2921 839 Reg.
2954 765 3081 837 xv),
3130 765 3398 832 doctrina,
3448 776 3550 819 nec

1950 864 2222 934 principes
2249 879 2354 919 ιιοιι
2388 870 2642 933 poterunt
2689 861 2944 925 liberare,
2975 861 3078 914 nisi
3115 857 3344 912 ﬁliorum
3390 855 3552 910 fuerit

1946 971 2226 1022 assensus,
2252 971 2306 1013 et
2329 959 2546 1014 illorum
2575 957 2986 1013 obsecrationes
3013 955 3127 1010 suis
3153 955 3439 1009 conatibus
3460 953 3548 1022 ju-

1945 1039 2136 1106 verint.
2175 1052 2389 1108 Justitia
2422 1051 2713 1120 enimjusti
2749 1050 2854 1105 erit
2890 1064 3059 1119 super
3097 1064 3246 1112 eum,
3273 1058 3324 1102 et
3352 1046 3550 1115 iniqui-

1947 1152 2026 1199 tas
2055 1145 2220 1215 iniqui
2253 1145 2304 1199 in
2330 1147 2444 1215 ipso
2467 1143 2924 1200 commorabitur:
2957 1140 3314 1208 Unusquisque
3339 1145 3548 1203 peccato

1948 1239 2158 1307 proprio
2174 1239 2440 1305 morietur,
2467 1248 2511 1290 et
2532 1237 2742 1309 justitia
2766 1252 2860 1288 sua
2887 1235 3168 1288 salvubitur
3187 1229 3370 1302 (Deut.
3393 1245 3543 1294 XXIV,

1946 1331 2066 1401 16).
2105 1331 2442 1401 Frustraque
2471 1333 2658 1385 dicunt
2679 1329 2850 1385 Judari
2882 1327 3182 1382 :Abraham
3212 1335 3362 1391 pater
3377 1333 3548 1378 noster

1945 1422 2136 1497 (Joan.
2168 1425 2308 1493 VIII),
2334 1439 2454 1478 cum
2486 1438 2648 1492 opera
2669 1422 2942 1477 Abraham
2975 1435 3080 1475 non
3111 1418 3366 1473 habeant.
3387 1414 3544 1483 Quod

1943 1519 1986 1572 si
2021 1519 2071 1572 in
2103 1518 2284 1588 aliquo
2313 1517 2505 1573 ﬁducia
2536 1529 2638 1586 εει,
2688 1518 2738 1572 in
2769 1517 2888 1571 solo
2926 1513 3153 1570 Domino
3181 1511 3544 1568 conﬁdamus.

1943 1611 2250 1666 Maledictus
2277 1614 2413 1667 enim
2441 1614 2606 1666 omnis
2633 1612 2783 1666 homo
2823 1612 2911 1683 qui
2935 1627 3077 1682 spem
3107 1609 3256 1664 habet
3287 1609 3341 1662 in
3367 1606 3540 1661 homi-

1940 1703 2251 1779 ne(.lerem.
2287 1722 2418 1770 ιινιι,
2455 1707 2488 1762 5
2512 1710 2551 1774 ),
2583 1705 2835 1776 quamvis
2867 1703 3042 1758 sancti
3082 1705 3230 1771 sint,
3289 1699 3544 1771 quamvis

2635 1795 2816 1851 Nolite
2861 1795 3122 1864 conﬁdere
3149 1796 3204 1849 in
3243 1791 3542 1848 hominibus

1939 1893 2127 1967 (Psal.
2171 1910 2335 1957 θην,
2366 1895 2400 1948 9.
2424 1894 2464 1963 ).
2496 1893 2564 1947 Et
2596 1893 2790 1947 iterum
2828 1911 2838 1945 :
2875 1891 3076 1944 Bonum
3103 1899 3176 1944 est
3205 1888 3465 1958 conﬁdere
3486 1889 3542 1941 in

1936 1986 2184 2055 Domino,
2211 2004 2363 2056 quam
2378 1985 2638 2053 conﬁdere
2654 1986 2705 2038 in
2729 1980 3234 2056 principibus(Psat.
3253 1995 3426 2042 cxvn,
3453 1977 3534 2048 ti).

1934 2081 2049 2137 Non
2079 2081 2132 2136 in
2167 2081 2500 2152 principibus
2529 2090 2736 2135 tantum
2765 2080 2973 2144 szcculi,
3007 2077 3101 2132 sed
3134 2088 3189 2132 et
3238 2077 3290 2130 in
3331 2074 3538 2144 princio

1934 2178 2093 2248 pibus
2129 2177 2519 2244 Ecclesiarum,
2554 2177 2648 2246 qui
2683 2190 2810 2229 suas
2841 2184 3052 2228 tantum
3083 2173 3301 2226 animas
3330 2171 3374 2224 si
3401 2166 3534 2240 justi

1933 2271 2135 2328 fuerint
2163 2315 2177 2338 ,
2213 2273 2547 2327 liberabant:
2581 2271 2754 2326 Filios
2779 2279 2961 2324 autem
3012 2283 3076 2323 ac
3109 2267 3272 2333 ﬁlias,
3305 2280 3445 2335 quos
3478 2268 3536 2318 in

1931 2367 2175 2422 Ecclesia
2234 2365 2550 2436 genuerint,
2587 2364 2632 2419 si
2673 2364 2878 2418 fuerint
2928 2361 3291 2432 negligentes,
3325 2359 3541 2414 salvere

1932 2475 2036 2514 nou
2071 2468 2349 2528 peterunt,
2384 2467 2438 2511 et
2470 2469 2648 2511 tamen
2679 2455 2974 2526 Apostolus
3014 2452 3259 2523 loquitur
3293 2469 3307 2506 :
3343 2449 3406 2506 Si
3443 2466 3538 2504 cu-

1919 2554 2014 2624 jus
2045 2567 2175 2620 opus
2216 2552 2426 2613 arserit,
2462 2551 2574 2622 ipse
2603 2550 2776 2603 salvus
2805 2549 2900 2602 erit
2932 2564 2950 2601 :
2980 2548 3054 2600 sic
3081 2556 3252 2600 tamen
3275 2545 3424 2616 quasi
3447 2559 3536 2614 per

1926 2645 2096 2717 ignem
2127 2643 2170 2715 (l
2198 2642 2319 2698 Cor.
2354 2659 2433 2708 ιιι,
2464 2643 2554 2701 24,
2583 2641 2691 2712 15).
2717 2641 2906 2695 Manus
2926 2648 3108 2694 autem
3137 2652 3303 2705 super
3334 2649 3531 2690 terram

1930 2733 2424 2806 prmvaricatricem
2450 2731 2966 2804 lmextenditur,
2985 2741 3043 2785 ut
3068 2730 3212 2800 virga
3241 2730 3356 2783 sive
3378 2727 3536 2782 forti-

1928 2829 2058 2882 tudo
2085 2828 2241 2898 panis
2257 2837 2600 2882 conteratur.
2639 2825 2770 2892 Quae
2801 2823 3300 2890 extenta,minatur
3324 2821 3531 2891 plagas.

1927 2924 2147 2979 nolente
2172 2923 2262 2992 qui
2289 2937 2410 2977 eam
2436 2920 2704 2985 extendit,
2735 2928 2788 2974 et
2819 2919 3070 2973 sublevat
3101 2921 3392 2986 peccantes
3415 2928 3532 2983 per-

1924 3028 2133 3086 cutere,
2164 3017 2260 3072 sed
2278 3015 2603 3072 extensione
2627 3023 2860 3079 terrere,
2878 3011 3166 3068 etterritos
3180 3023 3526 3066 conservare.

1994 3111 2158 3182 (Cap.
2185 3109 2620 3166 XV.-—Vers.i
2656 3111 2846 3179 seqq.)
2901 3107 2964 3162 Et
3006 3111 3175 3178 factus
3233 3113 3306 3160 est
3359 3119 3528 3158 sermo

216 3194 385 3261 tibus,
405 3196 777 3267 relmquamin
797 3212 857 3253 ea
887 3198 1119 3268 aliquos,
1149 3201 1239 3268 qui
1273 3198 1504 3253 educant
1529 3198 1667 3254 ﬁlios
1690 3213 1820 3253 suos
1847 3190 1892 3254 C
1924 3205 2135 3261 Domini
2167 3209 2236 3259 ad
2266 3223 2366 3270 me,
2399 3206 2572 3260 dicens
2598 3223 2615 3261 ε
2645 3204 2752 3260 Fili
2797 3204 3045 3270 hominis,
3100 3202 3222 3272 quid
3265 3201 3355 3271 ﬁet
3385 3201 3529 3271 ligno

213 3299 273 3344 et
303 3290 476 3355 ﬁlias;
512 3299 566 3345 et
597 3293 794 3362 captivi
833 3293 937 3347 huc
962 3302 1200 3357 veniant,
1235 3293 1336 3349 hoc
1365 3302 1466 3362 est,
1497 3293 1550 3348 in
1584 3294 1815 3367 Babylo-

216 3397 361 3450 nem,
393 3393 449 3438 et
482 3385 533 3438 in
565 3383 899 3453 Chaldaeam,
933 3397 990 3442 ut
1019 3402 1140 3442 cum
1161 3388 1406 3443 videritis
1426 3403 1541 3457 eos,
1577 3400 1631 3444 et
1654 3405 1818 3459 opera

216 3473 454 3546 ipsorum
498 3479 913 3550 perspexeritis,
941 3489 1067 3535 tunc
1101 3479 1412 3551 intelligatis
1451 3481 1598 3550 juste
1617 3496 1713 3536 eos
1729 3496 1820 3536 ca-

213 3579 356 3640 ptos,
379 3581 434 3626 et
459 3587 637 3627 meam
663 3573 862 3642 justam
889 3573 1057 3630 fuisse
1086 3575 1244 3648 139
1270 3575 1617 3642 sententiam,
1642 3585 1696 3632 et
1719 3577 1818 3630 ha-

219 3665 341 3721 beat
367 3668 808 3724 consolationem
842 3680 1022 3724 vestra
1053 3671 1372 3736 captivitas;
1399 3672 1528 3726 dum
1561 3671 1820 3740 intelligi-

215 3757 286 3812 tis
309 3757 514 3814 idcirco
543 3776 633 3815 me
661 3775 756 3816 eos
786 3760 856 3815 de
879 3761 1084 3832 gladio,
1119 3761 1280 3826 fame,
1315 3762 1528 3828 bestiis,
1560 3773 1615 3817 et
1647 3764 1816 3833 pesti-

218 3848 380 3905 lentia
405 3851 696 3916 liberasse,
729 3864 787 3907 ut
817 3869 1003 3908 eorum
1039 3855 1394 3923 perversitate
1429 3854 1671 3920 discatis,
1707 3873 1819 3910 ine-

217 3943 318 3998 rito
361 3959 553 4000 eorum
587 3946 904 4003 subversam
936 3947 1265 4013 Jerusalem,
1300 3949 1668 4018 templumque
1698 3963 1819 4005 suc-

215 4049 463 4104 censum,
499 4045 558 4093 et
582 4039 844 4110 populum
873 4039 1095 4094 ductum
1140 4055 1262 4096 esse
1289 4042 1586 4109 captivum,
1619 4051 1820 4112 printer

216 4142 308 4183 eos
325 4144 469 4200 quos
498 4130 735 4201 gladius,
766 4131 959 4202 fames,
995 4132 1204 4204 bestiae,
1241 4133 1659 4204 pestilentiaque
1689 4149 1818 4190 con-

214 4226 575 4295 sumpserint.
608 4226 735 4281 Hinc
757 4227 898 4283 dicta
932 4227 1041 4282 sint
1079 4227 1147 4282 de
1196 4228 1288 4282 illa
1338 4227 1640 4284 Jerusalem
1666 4272 1680 4294 ,
1727 4229 1816 4283 cui

213 4316 580 4386 prophetante
638 4317 923 4374 Ezechiele
969 4318 1109 4390 apud
1157 4317 1472 4384 Chaldaeos,
1527 4321 1818 4389 appropin-

211 4410 410 4480 quabat
432 4410 744 4481 captivitas.
769 4409 1044 4467 Caeterum
1075 4419 1131 4466 et
1153 4427 1314 4481 super
1343 4422 1588 4468 nostram
1613 4419 1814 4466 terram

209 4503 545 4558 cuidicitur:
572 4501 736 4558 Terra
761 4521 834 4569 es,
858 4513 904 4559 ει
921 4505 975 4558 in
999 4513 1190 4559 terram
1204 4505 1300 4557 ibis
1325 4503 1540 4576 (Genes.
1569 4520 1646 4570 ιιι,
1675 4505 1740 4558 19
1760 4503 1811 4575 );

1921 3301 2038 3354 ritis
2080 3316 2145 3354 ea:
2165 3299 2399 3354 omnibus
2426 3299 2580 3374 lignis
2609 3315 2878 3354 nemorum
2906 3312 3024 3367 qua:
3066 3303 3187 3349 sunt
3225 3296 3359 3348 inter
3385 3293 3530 3363 ligna

1919 3394 2198 3448 siluarum?
2223 3392 2492 3464 Numquid
2516 3395 2722 3447 tolletur
2744 3393 2806 3445 de
2827 3393 2921 3444 illa
2943 3392 3162 3457 lignum,
3182 3397 3236 3442 ut
3257 3389 3348 3455 ﬁat
3371 3400 3528 3454 opus:

1920 3494 2010 3540 aut
2038 3484 2379 3554 fabricabitur
2408 3485 2471 3537 de
2505 3501 2566 3538 ea
2610 3483 2865 3555 paxillus,
2902 3491 2957 3534 ut
2985 3481 3204 3553 pendeat
3231 3494 3296 3534 ea:
3323 3495 3381 3532 eo
3411 3476 3524 3550 [ΑΙ.

1921 3577 2018 3650 ea]
2047 3578 2401 3648 quodcumque
2425 3580 2552 3630 vas?
2597 3593 2712 3630 ecce
2753 3576 2863 3646 igni
2896 3574 3079 3628 datum
3109 3584 3185 3627 est
3214 3573 3269 3626 in
3303 3587 3474 3625 escam
3505 3585 3524 3626 :

1923 3679 2193 3740 utrumque
2243 3681 2441 3739 partem
2492 3673 2606 3742 ejus
2639 3667 2957 3734 consumpsit
2997 3667 3129 3736 ignis
3152 3680 3168 3717 :
3191 3673 3239 3718 et
3278 3663 3525 3716 medietas

1923 3764 2034 3834 ejus
2045 3763 2254 3816 redacta
2272 3772 2344 3815 est
2367 3763 2419 3815 in
2443 3761 2701 3829 favillam.
2731 3759 2999 3829 Numquid
3021 3758 3148 3811 utile
3169 3757 3264 3810 erit
3283 3756 3352 3808 ad
3369 3754 3526 3825 opus?

1925 3853 2098 3906 Etiam
2126 3870 2240 3908 cum
2286 3861 2415 3907 esset
2443 3855 2724 3922 integrant,
2758 3867 2861 3904 non
2888 3860 2999 3904 erat
3027 3858 3208 3918 aptum
3253 3847 3321 3900 ad
3351 3864 3480 3920 opus
3504 3861 3525 3902 :

1920 3959 2117 4020 quanto
2146 3950 2310 4015 magis
2339 3964 2452 4001 cum
2476 3947 2612 4020 ignis
2633 3945 2772 4000 illud
2795 3944 3142 4011 devoraverit,
3165 3951 3214 3996 et
3235 3941 3525 3996 combusse-

1920 4040 2008 4102 rit,
2047 4040 2180 4094 nihil
2211 4055 2275 4094 ea:
2303 4056 2362 4093 eo
2391 4040 2476 4106 ﬁet
2499 4040 2671 4108 aperis
2692 4038 2717 4090 ?
2749 4038 3031 4106 PrOpterea
3056 4037 3165 4091 lucc
3193 4034 3321 4090 dicit
3343 4034 3526 4088 Domi-

1921 4149 2018 4186 nus
2043 4129 2185 4186 Deus
2203 4148 2222 4185 :
2257 4131 2529 4198 Quomodo
2556 4131 2758 4201 lignum
2780 4129 2896 4182 vitis
2925 4129 3058 4181 inter
3083 4125 3231 4197 ligna
3251 4127 3520 4190 siluarum,

1919 4227 2058 4297 quod
2088 4225 2208 4279 dedi
2229 4226 2340 4295 igni
2367 4225 2435 4278 ad
2471 4224 2824 4278 devorandum
2859 4239 2876 4275 :
2912 4223 2986 4276 sic
3014 4223 3222 4276 tradam
3256 4218 3378 4291 [AL
3415 4228 3524 4274 tra-

1919 4317 2056 4390 didi]
2079 4318 2393 4372 habitatores
2412 4315 2747 4379 Jerusalem;
2777 4324 2823 4368 ει
2855 4329 3051 4383 ponam
3077 4314 3450 4384 faciemmeam
3469 4312 3525 4365 in

1919 4429 2025 4468 eos.
2063 4413 2140 4466 De
2181 4413 2304 4482 igne
2342 4410 2669 4482 egredientur
2697 4425 2713 4462 :
2741 4418 2787 4462 et
2819 4409 2960 4480 ignis
3004 4416 3269 4462 consumet
3314 4421 3418 4460 eos.
3452 4403 3525 4459 Et

1918 4505 2086 4560 scietis
2101 4505 2226 4575 quia
2255 4519 2348 4577 ego
2373 4503 2650 4566 Dominus,
2679 4517 2794 4556 cum
2824 4517 3043 4572 posuero
3070 4499 3258 4571 faciem
3281 4514 3445 4553 meam
3473 4501 3526 4552 in

208 4607 260 4654 et
289 4612 459 4668 super
480 4611 722 4655 nostram
746 4599 1048 4657 Jerusalem
1070 4599 1424 4672 singulosque
1447 4601 1813 4665 credentium,
1842 4591 1897 4651 D
1921 4612 2026 4661 eos,
2043 4605 2089 4649 et
2106 4595 2295 4650 dedero
2313 4605 2503 4649 terram
2526 4592 2742 4654 inviam,
2765 4603 2811 4645 et
2829 4591 3137 4657 desolatam,
3153 4605 3213 4644 eo
3229 4591 3368 4660 quod
3385 4603 3524 4659 pric—

210 4694 252 4749 si
278 4694 373 4750 Dei
399 4693 658 4749 mandata
681 4695 1136 4764 contempserint,
1159 4703 1215 4750 et
1237 4697 1687 4764 praevaricatores
1706 4711 1818 4750 tne-

204 4788 414 4842 ruerint
445 4787 735 4856 appellari,
759 4787 1046 4844 inducetur
1074 4787 1273 4853 fames;
1307 4804 1414 4844 non
1443 4787 1613 4843 fames
1640 4788 1816 4858 panis,

205 4895 386 4952 neque
414 4879 539 4935 sitis
559 4895 714 4951 aqua;
737 4923 752 4944 ,
791 4880 887 4937 sed
932 4880 1106 4938 fames
1131 4881 1385 4937 audiendi
1443 4883 1664 4937 verbum
1698 4883 1815 4938 Dei.

206 4969 503 5029 luducetur
524 4984 578 5028 et
607 4972 842 5043 gladius,
873 4972 944 5029 de
974 4988 1081 5044 quo
1126 4972 1357 5043 legimus
1390 4991 1403 5028 :
1437 4972 1732 5028 Tradentur
1765 4975 1816 5027 in

204 5082 388 5120 manus
420 5066 592 5136 gladii
619 5081 637 5118 :
663 5074 832 5138 partes
856 5065 1084 5137 vulpium
1123 5075 1269 5120 erant
1294 5063 1402 5138 [ΑΙ.
1435 5063 1606 5137 erant]
1630 5063 1814 5138 (Psal.

207 5175 340 5227 uit,
379 5160 494 5231 Η).
533 5157 601 5214 Et
627 5159 694 5212 ad
721 5159 948 5214 Mariam
967 5175 996 5212 :-
1016 5157 1182 5213 Tuam
1211 5175 1413 5230 quoque
1441 5160 1670 5214 animam
1698 5175 1812 5230 per-

207 5252 447 5306 transibit
477 5251 692 5320 gladius
713 5248 868 5322 (Luc.
900 5266 961 5317 ιι,
991 5247 1116 5322 55).
1155 5248 1488 5306 lnducentur
1515 5261 1572 5307 et
1602 5251 1814 5315 bestiae,

205 5345 406 5414 quibus
432 5359 504 5400 ne
532 5343 776 5399 tradatur
791 5343 992 5414 justus,
1026 5343 1264 5412 postulat
1289 5360 1302 5398 :
1337 5343 1422 5398 Ne
1449 5344 1624 5398 tradas
1647 5343 1820 5398 bestiis

207 5439 433 5492 animum
459 5437 792 5507 conﬁtentem
817 5437 910 5491 tibi
939 5434 1120 5509 (Psal.
1151 5451 1339 5503 uxm,
1375 5435 1496 5508 19).
1532 5436 1820 5493 luducetur

208 5540 260 5588 et
281 5532 596 5604 pestilentia
625 5529 750 5604 (pro
769 5547 874 5602 qua
898 5529 1045 5586 LXX
1066 5538 1284 5586 mortem
1305 5531 1647 5602 interpretati
1669 5529 1822 5605 sunt)

209 5735 372 5792 codd.
396 5734 629 5801 habent,
660 5731 906 5790 Victorio
946 5740 1105 5789 teste.
1127 5731 1295 5788 Terra
1321 5773 1336 5796 ,
1370 5731 1543 5800 inquit
1569 5772 1583 5795 ,
1616 5745 1809 5801 pecca-

211 5810 315 5864 trix
335 5823 440 5880 pro
472 5807 540 5864 iis
572 5807 797 5874 dicitur,
829 5805 921 5877 qui
953 5813 1272 5876 peccatores
1299 5803 1356 5862 in
1388 5813 1532 5862 terra
1561 5813 1706 5859 sttnt.

1919 4689 2230 4743 varicatores
2259 4686 2547 4741 exstiterint
2580 4725 2596 4752 ,
2628 4685 2752 4737 dicit
2804 4680 3064 4736 Dominus
3115 4681 3277 4736 Deus.
3310 4681 3422 4736 Pro
3457 4694 3526 4736 eo

1918 4783 2062 4854 quod
2096 4796 2196 4838 nos
2223 4781 2572 4850 interpretati
2599 4793 2790 4833 sumus
2820 4796 2832 4831 :
2866 4787 3140 4847 utramque
3185 4784 3384 4847 partem
3411 4777 3526 4847 ejus

1921 4875 2237 4942 consumpsit
2271 4873 2409 4945 ignis
2431 4914 2446 4938 ,
2479 4881 2526 4926 ει
2553 4871 2800 4925 medietas
2849 4870 2964 4940 ejus
2991 4869 3204 4923 redacta
3231 4876 3306 4923 est
3337 4869 3393 4922 in
3441 4871 3526 4939 fa-

1921 4969 2099 5022 villam
2129 5009 2143 5030 ,
2177 4966 2536 5036 Septuaginta
2589 4963 2986 5018 transtulerunt
3014 4980 3027 5016 :
3063 4964 3306 5016 Annuam
3326 4978 3527 5034 purga-

1923 5063 2118 5115 tionem
2150 5065 2261 5134 ejus
2282 5061 2538 5116 consumit
2564 5059 2725 5130 ignis,
2756 5066 2802 5111 et
2832 5056 3048 5110 dimittit
3078 5057 3132 5110 in
3176 5056 3352 5124 ﬁnem.
3388 5041 3529 5108 Rur-
3613 5126 3616 5129 _

1921 5169 2042 5210 sum
2074 5154 2165 5208 ubi
2198 5168 2299 5209 nos
2337 5153 2578 5208 diximus
2611 5167 2626 5205 :
2659 5149 2791 5206 Cum
2816 5165 3034 5224 posuero
3062 5150 3249 5220 faciem
3283 5162 3448 5201 meam
3470 5148 3526 5200 in

1920 5265 2028 5315 eos,
2079 5247 2160 5304 illi
2203 5258 2510 5314 verterunt,
2559 5263 2674 5300 cum
2705 5246 3062 5316 obﬁrmavero.
3099 5239 3517 5320 Praevaricatiy-

1923 5359 2046 5400 nem
2076 5360 2292 5414 quoque
2309 5344 2558 5397 delictum
2588 5341 2934 5409 interpretati
2961 5348 3108 5393 sunt.
3141 5336 3315 5392 Variis
3341 5342 3520 5388 autem

1922 5438 2392 5503 similitudinibus,
2425 5449 2562 5507 quas
2593 5434 2769 5492 Graeci
2800 5432 3093 5504 parabolas
3139 5435 3355 5492 vocant,
3385 5441 3523 5497 prae-

1923 5533 2203 5588 nuntiatur
2225 5528 2515 5586 subversio
2563 5529 2718 5583 urbis
2763 5525 3099 5582 Jerusalem.
3150 5521 3217 5577 Et
3245 5518 3521 5591 quomodo

1991 5738 2017 5768 ιι
2043 5729 2101 5786 ln
2127 5727 2248 5786 aliis
2266 5728 2438 5800 libris,
2470 5744 2534 5786 ac
2559 5741 2726 5800 penes
2756 5726 2965 5794 Rabau,
2994 5728 3280 5784 conversio.
