4018 6322
500 251 600 309 ηδ

1744 243 1802 303 ε.
1845 241 2116 307 EUSEBII
2153 242 2540 309 HIERONYMI

3700 259 3806 335 ist

492 385 655 442 supra
691 372 709 441 (
734 373 813 427 Ad
837 386 951 442 cap.
987 383 1036 423 iv
1062 366 1081 437 )
1117 365 1171 421 in
1213 363 1512 436 sartagine,
1543 364 1596 420 in
1620 380 1722 438 qua
1764 379 1960 423 carnes
1989 380 2083 437 ρον
2108 364 2166 431 Δ
2195 368 2352 443 142
2379 370 2473 427 sed
2508 370 2963 441 praevaricatores
2982 372 3327 431 exstiterunt.
3358 374 3515 432 Aliud
3544 383 3629 434 est
3653 378 3805 437 enim

492 465 603 537 puli
642 465 1000 536 frigeliantur,
1052 459 1182 516 etin
1210 458 1379 516 latere
1411 458 1465 513 in
1497 473 1605 530 quo
1636 461 2002 528 munimenta,
2034 469 2092 517 ct

491 574 717 630 aggeres
747 556 980 613 arietum
1006 568 1070 610 ac
1098 554 1379 609 vinearum
1407 552 1670 611 n'iachinte
1700 553 2089 624 pingebantur,

493 651 738 722 ejusdem
773 648 923 705 urbis
960 646 1215 705 obsessio
1249 644 1530 715 famesque
1574 644 1853 716 descripta
1876 656 1965 704 est
1991 687 2006 713 ,
2038 656 2093 705 et

493 755 684 817 postea
704 744 762 800 in
789 743 892 800 hoc
915 742 1109 798 eodem
1138 740 1331 798 lecturi
1361 753 1587 796 sumus:
1622 737 1677 795 in
1698 738 1934 799 Jeremia
1957 754 2093 810 quo-

491 852 597 910 que
622 837 885 907 scriptum
913 834 1244 906 est(Jerem.
1286 849 1324 903 ι,
1364 832 1486 905 15),
1520 832 1696 889 Ollam
1728 847 1849 904 qua:
1879 848 1911 889 a
1950 831 2093 891 facie

497 934 785 1005 Aquilonis
853 930 1215 998 accenditur,
1273 927 1584 999 significare
1633 927 1823 985 urbem
1873 928 2095 987 Jerusa-

494 1029 632 1093 lem;
667 1028 945 1097 saltusque
972 1024 1174 1098 Nageb,
1208 1031 1263 1081 ct
1309 1019 1581 1090 Theman,
1612 1031 1668 1080 et
1724 1022 1945 1091 Darem,
1969 1037 2093 1081 suc-

492 1124 663 1190 cisus,
738 1123 841 1178 hoc
892 1123 1065 1193 ipsum
1121 1117 1498 1191 praenuntiat:
1542 1118 1621 1175 sic
1691 1118 1745 1175 in
1831 1118 2092 1188 pratseuti

494 1216 612 1272 loco
680 1214 869 1272 eadem
947 1213 1249 1271 Jerusalem
1323 1211 1494 1268 vincte
1542 1221 1597 1268 et
1651 1212 1747 1267 viti
1800 1211 2093 1270 fructifera:

493 1319 867 1380 comparatur.
925 1310 1001 1365 De
1043 1324 1146 1378 qua
1195 1308 1250 1363 in
1299 1306 1406 1362 alio
1461 1306 1581 1362 loco
1622 1306 1893 1377 scriptum
1961 1316 2090 1363 est:

499 1404 609 1475 Ego
646 1422 655 1431 ·
695 1413 745 1457 te
847 1402 1076 1473 plantari
1160 1402 1359 1455 vineam
1453 1400 1759 1475 frugiferam
1814 1444 1829 1469 ,
1894 1417 2094 1459 omnem

499 1510 523 1537 ει
565 1517 739 1553 verant
769 1516 786 1553 :
831 1497 1092 1570 quomodo
1141 1514 1380 1553 conversa
1423 1514 1475 1552 es
1504 1498 1556 1551 in
1583 1497 1984 1553 amaritudinem
2014 1500 2091 1551 vi~

493 1595 558 1649 tis
593 1592 745 1666 141
777 1592 959 1647 aliena:
980 1592 1005 1647 Ρ
1029 1590 1255 1662 (Jerem.
1289 1609 1348 1658 tl,
1378 1590 1505 1662 2i.)
1542 1590 1610 1646 Et
1637 1590 1689 1645 iu
1723 1590 1855 1647 Isaia
1882 1609 1894 1645 ς
1930 1590 2095 1647 Plan—

495 1688 619 1753 tari,
649 1687 838 1756 inquit,
870 1687 1071 1740 vineam
1095 1702 1236 1740 sorec
1270 1684 1444 1756 (Isai.
1477 1700 1529 1751 γ,
1564 1682 1629 1753 2)
1654 1726 1668 1749 ,
1700 1684 1843 1754 quod
1882 1683 2094 1740 electam

495 1788 549 1831 et
589 1778 862 1850 pulchram
892 1787 1072 1834 sonat.
1106 1779 1170 1832 Et
1203 1779 1255 1833 in
1285 1776 1514 1833 Psalmis
1560 1776 1786 1847 legimus
1814 1794 1827 1830 :
1883 1776 2096 1833 Vineam

494 1889 556 1925 ex
606 1873 839 1945 .Egypto
889 1873 1235 1927 transtulisti:
1278 1872 1472 1944 eiecisti
1516 1882 1711 1944 gentes,
1758 1882 1802 1927 et
1850 1873 2097 1942 plantasti

492 1979 640 2017 eam:
668 1964 787 2019 Dux
806 1965 1004 2018 itineris
1019 1964 1167 2036 fuisti
1184 1967 1236 2019 in
1258 1973 1533 2031 conspectu
1556 1965 1667 2030 eius
1689 1966 1706 2033 (
1726 1963 1871 2019 Psal.
1909 1982 2095 2035 Lxxu,

495 2058 528 2111 9
546 2058 585 2125 ).
611 2057 678 2112 Ει
697 2057 1035 2114 manifestius
1059 2058 1338 2127 discimus,
1358 2058 1632 2130 Scriptura
1650 2059 1900 2116 dicente:
1937 2059 2097 2116 Vinea

496 2160 670 2205 autem
704 2150 911 2207 Domini
939 2152 1159 2207 sabaot/c
1192 2158 1374 2207 domus
1416 2164 1486 2209 est
1519 2152 1689 2209 Israel
1721 2154 1888 2226 (Isai.
1925 2172 1977 2223 v,
2009 2157 2095 2227 7).

499 2243 630 2299 Πειεο
673 2245 828 2301 vinea
893 2246 1153 2315 quamdiu
1214 2246 1373 2301 all‘crt
1417 2248 1664 2312 fructus,
1726 2248 1778 2303 in
1846 2249 2097 2307 erunibus

500 2340 661 2411 lignis
690 2342 923 2396 saltuum
947 2341 1083 2397 nihil
1113 2357 1173 2395 ea
1196 2342 1481 2411 pretiosius
1504 2352 1584 2398 est
1611 2359 1626 2408 ;
1652 2342 1734 2399 sin
1755 2354 1936 2399 autem
1963 2360 2097 2401 uvas

500 2432 700 2489 habere
732 2434 974 2501 desierit,
1010 2436 1065 2491 in
1097 2437 1246 2490 nullo
1276 2436 1423 2491 utilis
1454 2437 1559 2492 erit
1587 2454 1599 2492 :
1628 2438 1728 2492 nisi
1763 2445 1825 2493 ut
1852 2453 1974 2495 cum
2006 2454 2095 2496 ra-

494 2527 639 2594 dice,
669 2538 722 2584 ct
752 2530 1142 2601 propaginibus
1165 2530 1277 2586 suis
1308 2531 1552 2587 tradatur
1579 2532 1850 2590 inccndio.
1887 2534 2096 2593 Caetera

494 2622 637 2694 ligna
668 2624 930 2681 silvarum
972 2626 1070 2697 (ut
1104 2626 1172 2682 de
1219 2626 1496 2696 pomiferis
1541 2628 1831 2685 arboribus
1861 2636 2095 2698 taceam,

496 2720 727 2785 quarum
751 2727 805 2773 et
834 2717 1112 2789 Scriptura
1141 2719 1304 2775 modo
1334 2722 1534 2776 nullam
1565 2720 1696 2776 facit
1719 2723 2052 2780 mentionem
2080 2725 2097 2794 )

497 2826 618 2866 cum
653 2827 810 2881 poma
840 2830 945 2869 non
980 2815 1233 2883 habeant,
1274 2815 1485 2872 succisa
1517 2816 1801 2885 plurimam
1852 2819 2100 2889 pra-bent

497 2905 805 2975 utilitatem,
853 2918 907 2963 et
950 2909 1003 2964 in
1047 2925 1269 2966 onmem
1317 2910 1724 2981 agriculturam,
1758 2919 1815 2968 et
1858 2912 1909 2968 in
1942 2927 2097 2969 usum

497 3016 771 3055 armorum
804 3002 1096 3071 proficiunt
1123 3022 1133 3057 :
1167 3005 1295 3058 dum
1343 3013 1690 3060 attenuantur
1719 3006 1773 3061 in
1802 3015 1975 3073 scuta,
2008 3023 2093 3062 ra~

497 3091 707 3148 duntur
731 3096 781 3149 in
807 3094 1043 3164 hastilia,
1064 3097 1290 3154 cludunt
1312 3098 1544 3164 foribus,
1561 3102 1844 3155 roritinent
1874 3100 1899 3139 δ
1917 3116 2097 3156 arma-

500 3186 625 3249 riis,
685 3186 862 3253 risco,
894 3189 1124 3255 loculis;
1155 3207 1480 3263 omnemque
1507 3192 1701 3249 domus
1733 3195 1980 3251 tribuunt
2003 3212 2096 3252 su-
2127 3163 2175 3227 δ

500 3279 849 3347 pt-llcctilem.
882 3282 1016 3338 Vitis
1044 3295 1225 3340 autem
1254 3285 1300 3340 si
1328 3287 1496 3342 semel
1526 3303 1665 3343 uvas
1689 3287 1887 3344 afferre
1921 3305 2103 3346 cessa-

500 3374 657 3439 verit,
692 3373 959 3429 intantum
992 3378 1196 3433 inutilis
1225 3387 1328 3445 est,
1362 3390 1509 3435 utne
1536 3382 1769 3449 paxillus
1788 3382 2003 3453 quidem
2034 3399 2100 3441 ex

498 3481 560 3519 ea
595 3469 763 3535 possit
797 3470 930 3536 fieri,
965 3471 1032 3527 dc
1056 3487 1163 3543 quo
1192 3474 1393 3544 aliquid
1415 3475 1667 3545 pendeat.
1697 3476 1945 3549 Cumque
1968 3478 2104 3533 mal-

497 3559 671 3613 luolos
715 3562 1002 3630 excideris,
1059 3576 1343 3638 utrumque
1394 3579 1599 3638 partem
1634 3584 1818 3626 eorum
1866 3574 2099 3641 primum

501 3653 637 3723 ignis
686 3657 896 3726 arripit,
942 3658 1141 3715 deinde
1188 3662 1403 3716 flaniiua
1450 3667 1755 3719 consumit:
1792 3675 2103 3738 tantumque

499 3743 632 3797 nihil
665 3746 888 3815 prodest
915 3764 1037 3803 cum
1062 3751 1276 3808 redacta
1307 3754 1470 3810 fuerit
1492 3756 1544 3810 in
1569 3755 1828 3825 favillam,
1854 3759 2101 3816 utetiam

497 3850 623 3890 cum
655 3837 859 3909 integra
888 3841 980 3909 sit,
1014 3844 1220 3915 absque
1242 3846 1487 3917 frugibus
1510 3849 1713 3903 nullam
1740 3851 1976 3920 praebeat
1998 3853 2103 3907 uti-

500 3928 729 3984 litatem.
762 3933 1098 4005 Ambiguitas
1123 3947 1303 3992 autem
1331 3940 1481 3995 verbi
1507 3942 1755 3998 llebraici
1778 3958 1911 3999 sane
1930 3944 2100 4019 (τω)

500 4024 642 4095 quod
668 4026 840 4083 tribus
864 4028 1060 4086 litteris
1091 4033 1368 4099 scribitur,
1402 4048 1483 4090 sn!
1510 4045 1562 4095 tv
1594 4046 1646 4091 et
1673 4051 1777 4092 non
1797 4049 1822 4096 ε
1850 4048 1905 4094 ct
1933 4047 2059 4095 ιουν
2086 4056 2101 4107 ;

501 4120 545 4173 si
574 4121 785 4191 legatur
807 4138 960 4189 sane,
994 4126 1101 4181 duo
1132 4128 1400 4198 significat
1426 4148 1439 4197 ;
1472 4132 1515 4187 si
1548 4145 1705 4199 ειη,
1730 4152 1914 4190 annos.
1951 4135 2103 4192 Unde

501 4211 703 4267 factum
733 4225 837 4281 est,
874 4227 932 4271 ut
964 4232 1061 4287 pro
1090 4218 1303 4275 duabus
1333 4223 1738 4281 summitatibus
1768 4225 1909 4297 ejus,
1956 4229 2104 4299 quod

502 4321 602 4363 nos
622 4308 964 4381 interpretati
989 4326 1174 4369 sumus
1191 4324 1463 4387 utramque
1480 4329 1677 4389 partem
1700 4324 1847 4393 ejus;
1876 4322 2104 4392 Septua-

500 4402 646 4469 ginta
700 4404 1214 4476 interpretarentur,
1264 4427 1494 4466 annuam
1543 4417 1902 4485 purgationem
1946 4421 2103 4491 ejus:

499 4508 622 4549 cum
660 4500 844 4568 Aquila
876 4499 1097 4569 dixerit,
1132 4504 1235 4557 duo
1258 4506 1532 4560 novissima
1564 4508 1675 4578 ejus
1699 4526 1718 4577 ;
1746 4510 2104 4581 Symmachus

2195 469 2471 539 negligere
2493 470 2637 540 quod
2669 470 2888 540 ignores
2916 488 2929 526 :
2972 472 3123 529 aliud
3153 481 3506 531 contemnere
3536 476 3679 545 quod
3708 491 3808 534 co-

2192 561 2378 619 lueris.
2410 564 2709 621 Possumus
2742 565 2955 622 vineam
2987 575 3041 622 et
3065 565 3372 623 Jerusalem
3413 567 3571 637 juxta
3600 568 3805 625 intelli-

2192 657 2430 729 gentiam
2464 658 2827 727 spiritualem,
2854 660 3159 729 intelligere
3183 661 3806 719 credentiunnnultitu-

2196 749 2395 808 dinem.
2427 750 2559 819 Quae
2585 752 2630 809 si
2661 752 2940 823 negligens
2970 752 3152 822 fuerit,
3178 762 3234 809 et
3258 756 3524 811 culturam
3555 756 3807 825 pristinas

2194 844 2482 949 religionis
2531 845 2801 912 amiserit,
2845 862 2947 904 nec
2994 847 3240 904 attulerit
3288 847 3473 919 fruges
3518 849 3804 917 virtutum,

2196 938 2506 995 uec‘vinum
2539 940 2749 1007 fecerit,
2777 940 2921 1011 quod
2956 939 3201 997 laetificat
3231 956 3328 998 cor
3356 940 3614 1008 hominis,
3643 953 3810 1001 teter-

2196 1032 2282 1090 nis
2329 1031 2573 1091 tradetur
2621 1033 2933 1101 ardoribus,
2983 1043 3039 1090 et
3077 1035 3132 1091 in
3163 1034 3394 1091 nihilum
3442 1037 3807 1107 reputabitur.

2197 1125 2387 1184 Servus
2415 1127 2572 1195 enim,
2614 1128 2705 1199 qui
2740 1128 2835 1185 scit
2876 1127 3190 1183 voluntatem
3220 1130 3416 1185 domini
3464 1130 3579 1199 sui,
3626 1139 3810 1187 etnon

2197 1221 2318 1292 facit
2339 1237 2473 1289 eam,
2506 1222 2770 1293 vapulabit
2811 1219 2989 1276 multis
3017 1220 3189 1292 (Luc.
3222 1238 3320 1289 xu,
3354 1220 3487 1293 47).
3514 1221 3647 1280 Tale
3672 1222 3809 1293 quid

2196 1327 2250 1372 et
2297 1314 2556 1372 Dominus
2601 1315 2839 1387 loquitur
2884 1316 2940 1372 in
2983 1315 3284 1387 Evangelio
3314 1318 3612 1373 secundum
3641 1317 3811 1374 Joan-

2198 1424 2321 1464 nem
2355 1428 2366 1462 :
2398 1407 2510 1479 Ego
2531 1425 2647 1463 sum
2670 1409 2787 1464 vitis
2813 1424 2965 1474 vera;
2988 1418 3035 1464 et
3054 1407 3212 1465 Pater
3232 1426 3374 1464 meus
3394 1411 3648 1482 agricola.
3681 1410 3811 1467 Om-

2198 1502 2274 1557 nis
2316 1500 2532 1571 palmes,
2564 1502 2655 1571 qui
2700 1510 2875 1556 manet
2923 1502 2978 1555 in
3009 1517 3108 1568 me,
3156 1510 3203 1557 et
3246 1519 3350 1557 non
3389 1502 3513 1572 facit
3558 1504 3807 1574 fructum,

2198 1594 2341 1649 tollet
2368 1594 2517 1648 illum
2547 1592 2727 1649 Pater.
2764 1594 2830 1650 Et
2858 1594 3025 1651 omnis
3053 1598 3142 1665 qui
3159 1594 3310 1662 affert
3340 1597 3583 1665 fructum,
3615 1614 3812 1668 purga-

2199 1685 2268 1741 bit
2296 1702 2432 1751 eum,
2467 1696 2524 1741 ut
2546 1688 2773 1758 fructum
2793 1688 2911 1757 plus
2949 1687 3134 1756 afferat
3164 1686 3356 1759 (Joon.
3407 1704 3496 1758 xv,
3544 1690 3597 1757 2,
3624 1690 3718 1759 2).
3749 1689 3811 1748 Si

2202 1788 2382 1835 autem
2422 1780 2677 1837 Salvator
2708 1780 2835 1836 vitis
2878 1790 2979 1848 cst,
3031 1788 3086 1837 et
3127 1793 3226 1835 nos
3256 1780 3531 1851 palmites,
3579 1788 3634 1837 ct
3663 1780 3812 1839 Deus

2202 1872 2326 1945 [ΑΙ.
2354 1872 2593 1945 dicitur]
2653 1874 2810 1931 Pater
2836 1874 3100 1945 agricola,
3123 1874 3380 1945 quamdiu
3413 1874 3507 1930 Dei
3539 1883 3811 1945 przcccpta

2201 1983 2502 2033 servamus,
2534 1983 2750 2037 semper
2776 1968 3106 2038 excolimur,
3137 1977 3192 2025 et
3219 1968 3429 2024 cultura
3462 1976 3646 2025 nostra
3676 1984 3811 2039 pur-

2200 2062 2347 2131 gatio
2372 2071 2453 2117 est
2485 2080 2495 2114 :
2533 2061 2656 2117 Non
2692 2071 2763 2115 est
2802 2062 2939 2116 enim
2972 2062 3183 2117 volentis
3213 2078 3373 2133 neque
3412 2064 3688 2130 currentis,
3719 2063 3811 2119 sed

2203 2155 2487 2208 miserantis
2530 2153 2626 2208 Dei
2669 2153 2868 2228 (Rom.
2919 2172 2995 2223 1x,
3050 2156 3179 2227 viti).
3217 2156 3371 2223 Quod
3422 2157 3465 2213 si
3518 2155 3811 2212 afferentes

2201 2248 2457 2315 fructum,
2493 2265 2788 2319 purgamur
2814 2265 2844 2306 a
2875 2250 3058 2318 Patre,
3091 2256 3153 2305 ut
3179 2250 3388 2306 fructus
3412 2250 3705 2320 ampliores
3730 2248 3812 2304 af-

2200 2343 2456 2409 feramus,
2481 2342 2792 2398 ostenditur
2821 2356 3039 2397 omnem
3075 2350 3320 2397 nostrum
3348 2350 3626 2403 conatum,
3656 2339 3810 2411 adju-

2157 2509 2165 2518 _
2201 2438 2342 2495 torio
2373 2436 2486 2501 Dei,
2521 2437 2803 2507 pervenire
2833 2436 2901 2492 ad
2925 2437 3107 2502 linem,
3140 2444 3192 2491 et
3222 2435 3454 2494 fructum
3485 2436 3667 2492 facere
3691 2435 3809 2506 ple-

2202 2528 2484 2584 nitudinis.
2518 2530 2619 2595 Qui
2645 2538 2826 2584 autem
2859 2529 3067 2598 palmes
3100 2528 3278 2600 fruges
3316 2543 3423 2584 non
3456 2529 3666 2595 fecerit,
3702 2528 3809 2585 tol-

2202 2622 2344 2678 letur
2372 2621 2606 2679 aPatre.
2663 2622 2727 2676 Et
2773 2636 2895 2677 cum
2928 2621 3176 2678 sublatus
3223 2620 3407 2689 fuerit,
3440 2620 3573 2691 quid
3620 2620 3689 2677 de
3736 2636 3805 2678 eo

2204 2714 2362 2770 Pater
2386 2713 2569 2782 faciat,
2590 2715 2866 2785 Scriptura
2894 2729 3002 2769 non
3033 2714 3165 2770 dicit
3192 2732 3206 2771 :
3234 2715 3347 2769 nisi
3368 2713 3509 2771 forte
3530 2711 3807 2784 separatio

2202 2825 2229 2863 a
2276 2808 2479 2865 Christi
2507 2823 2760 2879 corpore,
2800 2822 2956 2879 pinna
2990 2817 3249 2879 perpetua
3280 2816 3385 2873 est,
3431 2817 3486 2865 et
3530 2808 3798 2863 interitus.

2201 2904 2353 2971 Quod
2386 2905 2438 2959 in
2471 2903 2628 2958 vinea
2676 2914 2727 2958 et
2762 2903 2869 2961 vite
2900 2900 3290 2967 intelleximus,
3334 2901 3436 2956 sub
3484 2901 3586 2955 alia
3635 2904 3807 2971 figura

2201 2997 2451 3054 Salvator
2482 2995 2641 3051 docet
2682 2997 2735 3049 in
2765 2989 3096 3065 Evangelii):
3133 2993 3336 3048 Bonum
3370 3004 3443 3048 est
3474 2993 3556 3047 sal
3584 3009 3602 3047 :
3629 2994 3672 3047 si
3702 3009 3805 3049 att-

2202 3098 2299 3145 tent
2328 3090 2407 3145 sal
2432 3090 2747 3160 infamatum
2775 3091 2951 3160 fuerit,
2982 3090 3049 3144 ad
3082 3089 3213 3144 nihil
3242 3100 3318 3144 est
3342 3088 3486 3155 utile,
3516 3090 3617 3143 nisi
3641 3098 3698 3144 ut
3725 3093 3808 3159 {o—

2206 3188 2275 3240 ris
2298 3187 2624 3258 proiiciatur,
2652 3195 2700 3240 rt
2724 3186 2787 3241 ab
2812 3185 3108 3240 hominibus
3136 3185 3460 3240 conculcetur
3485 3186 3505 3256 (
3531 3184 3700 3240 Marc.
3726 3200 3805 3253 lx,

2206 3282 2272 3333 tl!)
2293 3282 2335 3350 ).
2366 3279 2429 3334 Et
2457 3280 2647 3336 oculus
2677 3280 2764 3349 qui
2793 3290 2965 3335 totum
2995 3294 3193 3349 corpus
3224 3280 3511 3347 illuminat,
3559 3283 3605 3334 si
3645 3279 3811 3336 fuerit

2205 3383 2535 3441 crematus,
2561 3374 2713 3429 audit
2734 3389 2767 3429 a
2798 3374 3026 3430 Domino
3050 3390 3062 3425 ι
3099 3373 3159 3428 Si
3190 3374 3364 3429 lumen
3389 3374 3526 3444 quod
3554 3374 3608 3426 in
3630 3381 3677 3427 te
3706 3381 3808 3443 est,

2207 3466 2427 3522 tenebrte
2456 3475 2574 3521 sunt
2600 3483 2616 3519 :
2641 3468 2768 3538 ipsa:
2793 3466 3011 3521 tenebrw
3035 3464 3281 3549 quantml
3302 3466 3392 3520 Al.
3418 3464 3631 3537 quoue]
3656 3474 3809 3521 erant

2209 3558 2437 3628 (Matth.
2467 3575 2541 3624 vn,
2567 3558 2661 3624 9.5,
2696 3558 2797 3629 15)
2823 3558 2845 3612 ‘l
2871 3557 3293 3628 (loiiiparationc
3324 3560 3521 3629 quippe
3551 3558 3811 3628 pracvari-

2205 3652 2428 3718 catoris,
2454 3661 2509 3705 ct
2538 3651 2657 3721 ejus
2680 3652 2770 3721 qui
2797 3653 3104 3707 conlessuin
3126 3651 3275 3722 prius
3299 3652 3580 3721 negaverit
3610 3652 3805 3720 Deum,

2209 3748 2380 3804 levior
2411 3762 2573 3816 prcita
2606 3757 2689 3803 est
2720 3762 2931 3811 eorum,
2964 3749 3051 3817 qui
3101 3763 3394 3817 numquam
3441 3747 3536 3802 Dei
3570 3746 3812 3805 habuere

2210 3839 2476 3894 notitiam.
2509 3839 2675 3909 Ligna
2724 3849 2906 3894 autem
2944 3840 3203 3906 saltuum,
3234 3841 3350 3895 sive
3394 3840 3681 3906 silvarum,
3722 3854 3811 3895 sev

2205 3934 2444 3989 cundum
2494 3935 2806 3990 varietatem
2847 3934 3205 3998 credentium,
3260 3934 3563 4005 habentia
3613 3950 3810 4005 magna

2208 4027 2373 4083 domo
2401 4027 2634 4097 aliquam
2664 4026 2957 4083 utilitatem
2984 4045 2998 4092 ;
3025 4028 3077 4082 in
3104 4042 3207 4098 qua
3232 4043 3341 4085 non
3362 4029 3535 4085 solum
3562 4043 3690 4085 vasa
3721 4044 3812 4085 au-

2210 4136 2323 4189 rea,
2357 4131 2410 4176 ct
2439 4132 2694 4192 argentea
2725 4129 2873 4187 sunt,
2917 4121 3009 4176 sed
3041 4122 3222 4191 lignea
3250 4131 3306 4177 et
3351 4122 3537 4179 ﬁctilia
3565 4138 3580 4188 ;
3612 4122 3718 4179 alia
3753 4123 3809 4179 in

2210 4215 2500 4281 honorem,
2527 4215 2634 4270 alia
2661 4214 2715 4270 iu
2742 4215 3131 4271 contumeliam
3163 4214 3228 4285 (ll
3267 4216 3399 4269 ’l‘im.
3432 4215 3520 4286 ιι).

2284 4312 2457 4381 (Cap.
2493 4308 2635 4366 XVI.
2684 4339 2755 4350 —-
2785 4310 2940 4365 Yers.
2972 4312 3027 4375 i,
3072 4311 3128 4366 9..
3155 4309 3173 4381 )
3204 4308 3271 4363 Et
3312 4313 3481 4380 factus
3528 4320 3601 4366 est
3641 4326 3810 4365 sermo

2210 4404 2423 4459 Domini
2452 4404 2519 4458 ad
2555 4420 2656 4469 me,
2691 4403 2894 4459 .liccns:
2924 4403 3030 4458 Fili
3072 4404 3314 4471 hominis,
3348 4412 3496 4457 notas
3528 4406 3611 4472 [ac
3652 4401 3811 4457 Jeru-

2210 4501 2370 4554 salem
2404 4498 2563 4571 143
2603 4498 3011 4553 altominationes
3036 4513 3178 4562 suas,
3209 4505 3255 4551 et
3285 4497 3462 4551 dices:
3510 4496 3641 4551 Haec
3682 4496 3813 4551 dicit

502 4597 556 4645 ct
598 4590 921 4663 Theodotio,
976 4595 1107 4651 duas
1154 4600 1473 4655 summitates
1522 4571 1655 4673 ejus.
1692 4571 1755 4657 Et
1787 4571 1872 4661 est
1927 4605 2098 4660 ordo:

2214 4593 2467 4649 Dominus
2493 4592 2635 4647 Deus
2664 4590 2975 4647 Jerusalem.
3008 4590 3149 4646 LXX
3178 4609 3187 4644 :
3233 4589 3299 4645 Et
3339 4592 3509 4660 fartus
3538 4600 3611 4644 est
3640 4607 3810 4646 sermo

503 4683 804 4741 Sicutvitis
836 4687 1167 4745 infructuosa
1220 4692 1474 4748 incendio
1525 4695 1756 4751 traditur
1798 4698 1848 4752 in
1899 4698 2101 4755 nullam

505 4777 793 4835 utilitatem
824 4802 837 4837 :
868 4782 945 4835 sic
977 4793 1027 4837 et
1056 4783 1386 4854 Jerusalem,
1420 4788 1586 4844 immo
1617 4790 1953 4849 habitatores
1985 4794 2106 4862 ejus

505 4871 785 4928 tradentur
811 4873 1118 4945 ardoribus,
1150 4887 1207 4932 ut
1234 4880 1583 4951 egrediantur
1611 4882 1680 4939 dc
1711 4886 1853 4954 igne,
1885 4896 1937 4941 ct
1967 4887 2105 4956 ignis

504 4975 787 5041 consumat
814 4982 928 5033 eos,
961 4969 1012 5023 id
1045 4979 1147 5037 est,
1181 4972 1394 5029 etiamsi
1422 4976 1489 5031 dc
1531 4978 1665 5033 urbe
1696 4980 1989 5047 evaserint,
2028 4980 2108 5037 fo-

506 5062 579 5117 ris
613 5061 794 5117 hostili
825 5064 1005 5133 gladio
1045 5079 1473 5135 consumcntur;
1507 5080 1559 5127 et
1591 5075 1681 5141 qui
1717 5075 2099 5143 remanserint,

504 5158 624 5226 ipso
652 5156 988 5215 miseriarum
1022 5162 1195 5230 pressi
1230 5163 1489 5233 pondere,
1519 5180 1605 5219 me
1646 5180 1767 5221 csse
1810 5166 2102 5225 Dominum

507 5260 898 5321 recognoscent
925 5272 937 5308 :
966 5270 1087 5309 cum
1121 5272 1351 5327 posmro
1377 5257 1490 5313 sive
1518 5259 1885 5316 obﬁrmaer
1912 5261 2104 5319 faciem

508 5360 680 5400 uicum
713 5360 881 5418 super
910 5362 1025 5414 eos,
1062 5358 1116 5404 et
1141 5350 1347 5406 dedero
1376 5351 1498 5407 illos
1530 5353 1581 5407 iu
1616 5362 1875 5408 teternam
1909 5356 2102 5412 solitu-

506 5437 705 5495 dinem.
754 5439 871 5497 Non
926 5444 1070 5498 enim
1105 5453 1415 5515 peccatores
1458 5445 1596 5502 sicut
1624 5455 1840 5503 crater-.0
1890 5459 2101 5521 gentes,

581 5598 815 5678 ιι-δζιιιὶιι.Δ
837 5645 851 5669 ,
886 5620 1033 5678 omne
1060 5620 1238 5678 semen
1258 5621 1454 5678 rerum,
1480 5613 1591 5660 tum
1618 5606 1804 5661 aliena.
1840 5624 1936 5678 pro
1975 5610 2104 5667 alio-

507 5671 887 5759 nterV‘ictorit't‘s
912 5676 1100 5759 probat
1129 5692 1191 5729 cx
1221 5675 1383 5759 Lxx,
1413 5674 1639 5759 ἄμπελος
1664 5671 1920 5759 armis.

580 5744 605 5783 ι)
644 5744 801 5813 Apud
833 5745 1068 5812 Ralmn.,
1100 5744 1618 5813 armariis,scriniis,
1645 5765 1704 5802 ac
1732 5744 1937 5806 (oculis.

583 5830 606 5859 ο
650 5819 845 5875 Totum
868 5820 1244 5893 integrumque
1267 5822 1559 5893 capitulum
1587 5820 1828 5894 Vulgata:
1853 5825 2108 5886 editionis

2216 4688 2423 4743 Domini
2451 4687 2520 4741 ad
2550 4703 2649 4755 me,
2686 4686 2896 4739 dicens:
2933 4683 3039 4738 Fili
3067 4684 3312 4751 hominis,
3356 4686 3629 4753 testiﬁcare
3655 4682 3814 4738 Jeru—

2206 4785 2366 4839 salem
2388 4782 2688 4853 iniquitates
2714 4795 2857 4847 suas,
2878 4787 2926 4833 et
2948 4780 3085 4833 dices
3104 4780 3175 4832 ad
3194 4795 3307 4833 eam
3334 4795 3349 4832 :
3373 4778 3502 4833 Haec
3530 4778 3655 4831 dicit
3674 4777 3815 4832 Ado-

2209 4880 2297 4931 nni
2329 4878 2598 4931 Dominus.
2632 4875 2690 4930 In
2733 4874 2931 4944 quibus
2960 4873 3141 4929 brevis
3172 4883 3289 4928 erat
3323 4872 3656 4942 singularum
3688 4887 3815 4942 pro—

2212 4975 2514 5044 pltetiarum
2569 4971 3024 5040 circumscriptio,
3071 4978 3181 5024 tota
3226 4969 3457 5038 capitula
3508 4967 3812 5037 posuimus,

2210 5065 2337 5138 quid
2371 5065 2527 5121 nobis
2567 5064 2846 5119 videretur
2876 5062 3022 5119 illico
3050 5064 3458 5133 stilijungentcs.
3492 5062 3590 5115 llic
3627 5070 3815 5119 autem
3908 5076 3923 5085 ‘

2210 5165 2331 5232 quia
2356 5163 2548 5233 longus
2571 5159 2634 5215 ad
2656 5160 2961 5217 Jerusalem
2989 5174 3168 5214 sermo
3191 5156 3452 5230 dirigitur:
3472 5154 3819 5211 testiﬁcantis

2210 5268 2262 5311 ct
2292 5256 2541 5312 docentis
2575 5271 2691 5310 cum
2728 5264 2948 5324 peccata
2978 5270 3093 5323 qum
3129 5252 3317 5307 fecerit
3346 5270 3358 5320 ;
3393 5262 3443 5305 ct
3476 5264 3613 5320 pene
3644 5261 3821 5317 usque

2215 5362 2234 5389 ε
2267 5352 2332 5405 ad
2360 5350 2716 5405 ducentorum
2737 5351 2988 5404 versuum
3017 5360 3306 5400 numerum
3335 5343 3646 5399 extenditur
3674 5340 3816 5395 vati-

2211 5444 2449 5516 ciniumf,
2484 5460 2654 5517 usque
2703 5445 2771 5499 ad
2801 5458 2925 5498 cuin
2954 5439 3205 5497 videlicet
3233 5440 3405 5491 locum
3439 5438 3493 5491 in
3541 5449 3651 5505 quo
3681 5433 3821 5489 scri-

2211 5610 2466 5667 dividitur
2484 5609 2537 5663 in
2564 5605 2840 5676 sexaginta
2864 5610 2918 5657 et
2942 5610 3049 5656 tres
3066 5597 3398 5678 versiculos;
3424 5612 3524 5667 qua
3548 5596 3823 5678 divisione

2219 5686 2377 5753 longe
2408 5682 2569 5735 distat
2597 5693 2625 5732 a
2675 5668 2899 5753 tﬁimcro
2931 5688 3090 5743 quem
3126 5671 3225 5753 .hic
3266 5674 3509 5739 assignat
3552 5668 3826 5753 Hierony-

2218 5740 2358 5811 mus.
2389 5752 2558 5821 Igitur
2587 5758 2643 5804 ut
2676 5740 2999 5821 divisionem
3030 5745 3303 5821 antiquam
3342 5750 3687 5821 perspectam
3721 5740 3823 5821 lia-

2217 5809 2366 5896 seu,
2401 5809 2625 5883 consule
2655 5817 3044 5877 Bibliotltecam
3072 5809 3306 5874 divinam
3338 5809 3395 5871 s.
3444 5810 3761 5885 Hieronymi
3786 5824 3823 5867 ιι
