4018 6322
479 244 584 299 19.7

1733 245 1789 301 s.
1834 239 2111 299 susssn
2151 211 2535 295 HIERONYMI

3677 232 3783 291 128

474 358 687 414 sculum
711 359 828 416 sive
851 359 1251 431 peetus(Levit.
1276 377 1340 427 x;
1366 360 1527 415 Num.
1549 360 1723 431 xvnt),
1745 357 2083 416 etmamillas
2112 357 2164 417 Α
2189 356 2367 411 solum
2399 365 2640 421 terrena,
2674 362 2729 411 et
2746 353 2963 411 ‘inl‘erua
2986 397 3000 421 ,
3036 352 3132 409 sed
3163 351 3407 409 coelestia
3437 364 3654 423 quoque
3682 364 3784 409 suo

473 455 722 508 nominet
748 470 761 506 :
785 463 839 507 ut
864 454 1155 524 unicuique
1179 456 1297 509 loco
1319 470 1621 526 congruum
1644 453 1864 509 viderit.
1885 453 2078 507 Sacer—

474 544 634 601 dotes
662 546 716 600 in
744 544 942 614 quibus
971 545 1135 600 debet
1160 561 1287 601 esse
1314 547 1588 611 doetrina,
1617 557 1671 601 et
1700 547 1870 616 legem
1898 545 2080 614 requi-

474 645 606 692 runt
630 653 700 692 ex
730 653 828 692 ore
857 653 1072 707 eorum,
1104 634 1377 709 accipiunt
1410 641 1810 709 pet-tusculum.
1840 640 2078 695 Joannes

472 745 641 800 super
671 740 863 800 pectus
890 732 1161 787 recumbit
1188 734 1420 797 llomini,
1447 742 1505 787 ut
1534 733 1601 787 de
1628 733 1778 787 fonte
1803 732 2080 786 uberrimo

428 882 433 887 ,
471 825 717 880 hauriret
760 827 960 881 fluenta
1004 828 1292 896 sapientiae
1330 826 1513 897 (Joan.
1547 842 1640 881 snt
1664 828 1702 895 ).
1748 826 1989 896 Virginis
2026 825 2078 879 in

478 920 709 976 Cautico
748 921 1101 976 Canticorum
1143 923 1264 976 dure
1306 923 1562 977 mamillae
1602 932 1748 991 sunt,
1791 923 1945 992 quasi
1974 921 2081 975 duo

479 1011 690 1068 binnuli
733 1014 934 1082 gemini
981 1029 1213 1084 capreie,
1255 1015 1346 1084 qui
1390 1013 1686 1083 pascuntur
1717 1014 1770 1068 in
1804 1014 1951 1078 liliis,
1985 1014 2083 1068 d0-

481 1122 583 1162 nec
622 1107 855 1175 respiret
883 1107 1024 1167 dies.
1059 1118 1113 1161 et
1143 1120 1503 1162 amoveantur
1534 1109 1740 1163 umbra:
1771 1107 1944 1180 (Cant.
1976 1107 2079 1178 tv).

482 1200 658 1255 Mater
680 1198 941 1267 diligens,
978 1198 1135 1272 146
1156 1201 1337 1254 statim
1364 1211 1420 1254 ut
1444 1209 1564 1254 nata
1598 1202 1761 1256 luerit
1793 1201 2079 1265 infantula,

484 1292 620 1362 ligat
652 1294 920 1347 mamilius
950 1294 1089 1363 ejus,
1124 1305 1177 1346 ut
1204 1311 1230 1346 τι
1267 1304 1457 1348 tenero
1490 1305 1703 1349 tumore
1733 1304 1759 1330 οι
1788 1294 2080 1360 desistant,

484 1393 541 1439 et
586 1385 1049 1455 pulchritudinem
1092 1386 1409 1440 cuStodiant
1448 1386 1789 1455 virginalem.
1814 1387 1957 1441 Cum
1990 1403 2085 1440 au-

484 1485 594 1532 tem
638 1478 703 1532 ad
746 1488 963 1532 attatem
1011 1482 1221 1534 venerit
1267 1481 1592 1550 pubertatis,
1635 1483 1851 1536 dicetur
1876 1482 1943 1537 de
1969 1498 2031 1537 ea
2068 1500 2081 1535 :

488 1568 761 1636 Numquid
804 1572 1130 1626 obliviscetur
1168 1590 1358 1643 sponsa
1401 1584 1613 1627 ornatus
1638 1574 1720 1628 sui
1760 1590 1778 1627 :
1808 1583 1897 1627 aut
1945 1575 2084 1644 virgo

485 1664 663 1733 [ascite
690 1665 963 1733 pectoralis
993 1682 1099 1720 sua:
1127 1665 1348 1734 (Jerem.
1379 1684 1439 1731 ιι,
1472 1666 1599 1739 δεγρ
1627 1668 1886 1737 Sequitur
1909 1686 1919 1721 :
1942 1667 2009 1721 Et
2032 1668 2083 1721 in

485 1774 621 1826 aqua
652 1776 753 1813 non
781 1777 833 1814 es
870 1764 976 1814 lota
1012 1762 1069 1815 in
1095 1764 1337 1821 salutem.
1378 1764 1615 1819 Cruenta
1643 1764 1928 1819 infantium
1959 1782 2082 1820 cor-

483 1865 639 1921 pora,
677 1854 856 1908 statim
898 1864 955 1909 ut
990 1858 1315 1911 emittuntur
1348 1873 1418 1912 cx
1461 1869 1638 1926 utero,
1672 1858 1838 1913 lavari
1869 1858 2083 1913 solent:

488 1946 563 1999 ita
604 1957 657 2001 et
696 1949 983 2017 generatio
1013 1952 1313 2017 spiritualis
1345 1953 1565 2007 lavacro
1603 1953 1809 2023 indiget
1835 1953 2085 2007 salutari.

496 2036 693 2125 Nullus
737 2043 872 2095 enim
918 2044 1139 2097 mundus
1178 2061 1210 2096 a
1250 2045 1432 2107 sorde,
1481 2063 1572 2099 nec
1612 2048 1655 2100 si
1695 2047 1850 2100 unius
1885 2047 2090 2117 quidem

491 2135 594 2190 diei
634 2136 786 2204 fuerit
828 2140 933 2191 vita
968 2141 1081 2210 ejus
1112 2138 1254 2207 (Job.
1289 2158 1443 2209 xxvt,
1477 2143 1565 2211 M,
1602 2141 1714 2211 15).
1751 2142 1818 2197 Ει
1850 2144 1900 2197 in
1934 2144 2091 2198 Psal-

494 2228 600 2281 mis
646 2232 872 2298 legimus
916 2249 927 2283 :
971 2229 1038 2285 In
1079 2232 1437 2303 iniquitatibus
1476 2244 1749 2305 conceptus
1786 2252 1919 2301 sum,
1961 2247 2009 2289 et
2035 2238 2089 2290 in

493 2321 694 2375 delictis
739 2325 969 2393 concepit
1012 2343 1091 2379 me
1132 2338 1294 2380 mater
1335 2344 1444 2382 mea
1477 2326 1595 2399 (Ps.
1642 2345 1694 2395 L,
1727 2328 1807 2397 6).
1839 2329 2088 2384 Set-unda

485 2416 747 2469 nativitas
794 2418 961 2471 solvit
1003 2419 1231 2486 primam
1281 2421 1643 2474 nativitatem.
1689 2420 1963 2491 Scriptum
2006 2430 2091 2476 est

493 2511 637 2564 enim
681 2528 693 2562 :
730 2510 851 2564 Nisi
888 2515 999 2582 quis
1045 2524 1257 2567 renatus
1303 2515 1461 2584 fuerit
1501 2530 1567 2567 ea:
1600 2531 1756 2584 aqua,
1796 2524 1843 2568 et
1886 2514 2091 2583 Spiritu

490 2612 689 2669 sancto,
739 2620 840 2658 non
887 2614 1050 2672 potest
1091 2606 1286 2660 intrare
1327 2607 1378 2659 in
1409 2623 1625 2679 regnum
1669 2606 1763 2660 Dei
1791 2606 1969 2677 (Joan.
2008 2622 2086 2675 ιιι,

494 2699 574 2769 5).
618 2700 893 2766 Multaque
920 2709 1048 2754 sunt
1079 2701 1297 2755 lavacra
1330 2717 1452 2771 quae
1487 2702 1699 2756 Ethnici
1730 2704 1782 2756 in
1816 2703 2091 2773 mysteriis

491 2792 627 2854 suis,
678 2802 735 2845 et
781 2791 1021 2847 lueretici
1073 2793 1403 2862 pollicentur
1449 2812 1461 2847 :
1511 2796 1601 2863 qui
1647 2811 1838 2850 omnes
1870 2795 2086 2859 lavant;

493 2885 587 2940 sed
629 2902 735 2940 nou
768 2887 952 2941 lavant
984 2887 1036 2941 iu
1070 2889 1321 2942 salutem.
1358 2887 1651 2956 Propterea
1685 2889 1927 2942 additum
1959 2901 2037 2943 est
2075 2908 2087 2942 :

494 2992 543 3034 et
572 2982 625 3034 in
676 2998 781 3052 qua
810 2997 915 3035 non
945 2997 997 3035 es
1037 2981 1145 3035 lota
1176 2985 1227 3036 in
1266 2983 1507 3036 salutem.
1542 2983 1696 3048 Quod
1730 2984 1945 3049 quidem
1986 2999 2089 3038 non

492 3074 671 3127 solum
695 3073 764 3127 de
788 3073 1081 3141 haereticis,
1099 3074 1193 3129 sed
1216 3074 1284 3129 de
1309 3074 1707 3130 Ecclesiasticis
1737 3076 1965 3144 intelligi
1995 3094 2089 3145 po-

2182 464 2378 519 sapore
2403 450 2706 504 condiverit
2741 470 2752 504 :
2788 461 2845 504 ut
2873 448 3162 518 impleatur
3187 448 3320 503 illud
3347 447 3492 519 quod
3520 448 3783 516 scriptum

2183 554 2266 599 est
2311 561 2323 597 :
2366 542 2549 597 Gloria
2578 544 2632 597 in
2660 542 2876 598 excelsis
2908 542 3038 605 Deo,
3074 550 3124 596 et
3152 558 3311 606 super
3340 551 3530 594 terram
3558 557 3665 611 pas:
3689 540 3788 595 ho-

2181 637 2402 691 minibus
2441 637 2586 691 bona:
2622 638 2900 691 voluntatis
2928 635 3085 706 (Luc.
3111 651 3171 701 tt,
3206 632 3318 707 Η).
3350 634 3619 701 Quartum
3648 644 3734 690 est
3765 650 3783 690 :

2183 746 2274 784 nec
2304 731 2533 784 involuta
2563 730 2772 799 parmis.
2805 729 2870 784 Et
2898 728 3151 784 Salvator
3180 725 3376 797 pannis
3402 737 3486 780 est
3507 726 3786 783 involutus

2184 822 2448 887 infantiae,
2488 832 2542 877 et
2583 823 2762 876 omnis
2804 822 2893 889 qui
2935 821 3178 875 nascitur
3209 835 3303 889 per
3335 817 3613 874 involucra
3646 834 3787 889 pan-

2186 936 2400 985 norum,
2455 921 2799 988 protectione
2843 920 3055 990 indiget
3096 919 3209 974 Dei.
3263 916 3521 971 Naturale
3551 924 3657 979 est,
3692 912 3787 968 ubi

2187 1024 2366 1067 tamen
2412 1026 2697 1082 parentum
2742 1030 2851 1068 non
2882 1014 3041 1068 deest
3067 1011 3372 1081 diligentia,
3401 1010 3537 1064 ortis
3566 1006 3791 1063 infanti-

2188 1108 2287 1161 bus
2328 1108 2558 1176 primum
2605 1108 2824 1175 prmcidi
2866 1105 3184 1161 umbilicum
3227 1122 3239 1158 :
3273 1104 3474 1159 deinde
3499 1104 3567 1157 ad
3599 1101 3792 1156 eluen-

2186 1200 2317 1254 dum
2358 1203 2677 1271 sanguinem
2723 1200 2890 1254 lavari
2925 1214 3022 1254 eos
3057 1213 3213 1269 aqua.
3248 1197 3455 1263 Tertio,
3498 1194 3787 1250 humorem

2187 1308 2473 1362 cui-purum
2545 1293 2895 1361 parvulorum
2932 1335 2947 1357 ,
3014 1292 3141 1347 salis
3206 1290 3510 1361 adjectione
3564 1288 3785 1344 siccari.

2187 1388 2415 1453 Quarto,
2460 1396 2518 1440 ut
2568 1399 2753 1441 tenera
2792 1385 3077 1440 infantium
3120 1398 3355 1452 corpora
3390 1383 3582 1451 pannis
3608 1380 3788 1436 invol-

2189 1488 2417 1549 vantur,
2464 1480 2734 1549 duplicem
2776 1480 2846 1533 ob
2888 1493 3108 1533 causam
3135 1519 3150 1543 ,
3204 1488 3264 1531 ut
3305 1486 3361 1532 et
3397 1477 3511 1530 sale
3549 1475 3790 1531 siccetur

2188 1590 2404 1644 corpus,
2443 1575 2586 1642 quod
2620 1574 2811 1643 pannis
2844 1589 2911 1627 ne
2939 1571 3169 1639 defluat,
3204 1583 3457 1626 servatur
3484 1580 3537 1623 et
3565 1566 3792 1638 stringi—

2193 1676 2308 1733 tur;
2360 1677 2414 1721 et
2451 1667 2694 1721 membra
2741 1668 3036 1737 tenerrima
3077 1681 3145 1719 ne
3192 1663 3351 1718 facile
3393 1662 3788 1731 depraveutur.

2117 1754 2165 1815 B
2195 1764 2347 1821 Unde
2388 1772 2441 1818 et
2481 1779 2710 1833 corpora
2743 1763 3131 1822 Barbarorum,
3173 1757 3437 1813 Romanis
3464 1756 3792 1826 cerporibus

2195 1860 2429 1913 rectiora
2469 1866 2615 1912 sunt.
2652 1855 2833 1924 Usque
2859 1855 2925 1909 ad
2956 1852 3256 1909 secundum
3284 1852 3454 1916 enim,
3482 1858 3539 1904 et
3571 1848 3789 1904 tertium

2193 1970 2414 2020 annum,
2430 1968 2646 2021 semper
2671 1956 2864 2025 pannis
2892 1953 3265 2006 involvuntur.
3291 1949 3401 2006 Sed
3424 1963 3531 2003 non
3553 1947 3680 2003 talis
3700 1948 3794 2003 Je-

2194 2048 2452 2114 rusalem,
2470 2050 2621 2116 cujus
2647 2046 3045 2102 neeumbilicus
3067 2046 3333 2112 abscisus,
3355 2058 3455 2098 nec
3482 2044 3641 2113 ligata
3666 2051 3798 2097 sunt

2195 2144 2383 2201 ubera,
2416 2155 2515 2194 nec
2543 2154 2680 2209 aqua
2714 2140 2820 2192 Iota
2850 2149 2934 2194 est
2962 2137 3015 2192 in
3043 2138 3299 2201 salutem,
3331 2150 3436 2190 nec
3456 2134 3576 2190 sale
3604 2134 3792 2203 salita,

2195 2249 2373 2303 neque
2428 2232 2675 2287 involuta
2728 2242 2892 2301 atque
2941 2229 3237 2285 constricta
3286 2228 3478 2298 pannis
3527 2224 3793 2282 infantiae.

2194 2330 2303 2385 Cur
2342 2339 2523 2383 autem
2571 2327 2703 2381 nihil
2752 2327 2944 2381 borum
2988 2325 3212 2392 meruit,
3247 2339 3482 2395 sequens
3511 2322 3795 2391 Scriptura

2195 2430 2450 2475 testatur.
2487 2420 2607 2473 Non
2639 2438 2685 2491 pr
2703 2420 2865 2491 percit
2896 2434 3048 2490 super
3078 2428 3125 2471 te
3152 2417 3333 2472 oculus
3362 2435 3375 2469 :
3402 2424 3458 2469 ut
3490 2419 3681 2485 faceret
3704 2413 3798 2468 tibi

2194 2530 2356 2568 unum
2399 2514 2462 2565 de
2506 2513 2586 2567 his
2632 2516 2869 2566 misertus
2917 2514 3013 2566 tui.
3063 2512 3169 2566 Pro
3206 2510 3403 2581 quibus
3427 2509 3571 2566 LXX
3599 2523 3799 2578 posue-

2195 2617 2321 2662 runt
2365 2624 2378 2660 :
2426 2606 2548 2660 Non
2574 2606 2801 2677 pepercit
2832 2623 2984 2678 super
3010 2618 3056 2659 te
3087 2605 3267 2659 oculus
3297 2614 3414 2658 tuus
3444 2615 3543 2658 :ut
3571 2603 3799 2672 facerem

2194 2702 2286 2755 tibi
2314 2716 2471 2753 unum
2501 2716 2563 2753 ea:
2591 2700 2824 2753 omnibus
2850 2701 2983 2753 istis.
3018 2698 3086 2753 Et
3112 2712 3338 2753 necesse
3365 2706 3474 2762 est,
3501 2704 3561 2751 ut
3589 2694 3798 2765 duplex

2195 2794 2363 2848 editio
2393 2794 2661 2862 duplicem
2696 2793 2895 2848 habeat
2921 2790 3362 2862 intelligentiam.
3391 2790 3551 2845 Prior
3580 2790 3686 2843 hoc
3713 2788 3798 2843 si-

2194 2888 2419 2959 gnificat
2467 2906 2478 2941 :
2527 2887 2642 2942 Non
2689 2889 2935 2957 pepercit
2974 2902 3142 2956 super
3180 2896 3233 2941 te
3261 2884 3475 2950 oculus,
3504 2892 3565 2939 ut
3592 2881 3802 2938 faceret

2196 2982 2292 3036 tibi
2333 2997 2497 3036 unum
2535 2983 2603 3036 de
2643 2983 2730 3037 bis
2771 2982 3028 3037 misertus
3056 2982 3156 3036 tui.
3190 2980 3258 3034 Et
3285 2987 3370 3035 est
3397 2992 3592 3033 sensus
3621 2995 3635 3031 :
3667 2975 3800 3032 Nul-

2195 3075 2278 3130 lus
2323 3077 2397 3127 tui
2445 3074 2701 3129 misertus
2731 3084 2836 3137 est,
2886 3072 3095 3129 offenso
3143 3073 3283 3138 Deo;
3315 3072 3519 3127 nullius
3548 3084 3713 3141 super
3742 3078 3801 3125 te

494 3177 620 3233 test,
668 3170 758 3238 qui
795 3184 898 3222 non
946 3168 1102 3237 plena
1137 3168 1241 3223 fide
1277 3170 1555 3237 accipiunt
1582 3169 1906 3239 baptismum
1937 3171 2086 3225 salu-
2117 3151 2164 3215 C
2198 3176 2341 3222 mota
2387 3176 2513 3223 sunt
2555 3169 2789 3235 viscera,
2841 3174 2900 3221 ut
2928 3168 2997 3221 de
3035 3176 3271 3235 quatuor
3298 3162 3670 3234 superioribus
3695 3161 3804 3217 sal-

488 3270 628 3318 tare.
689 3262 763 3318 De
815 3263 1012 3330 quibus
1066 3263 1357 3317 dicendum
1408 3275 1533 3329 est,
1584 3264 1728 3333 quod
1779 3265 2091 3331 acceperint

486 3370 708 3426 aquam,
749 3356 844 3412 sed
890 3372 996 3411 non
1041 3359 1350 3427 acceperint
1393 3358 1641 3428 Spiritum
1675 3374 1689 3411 ε
1720 3358 1857 3420 sicut
1902 3366 1957 3412 et
1998 3358 2087 3413 Si-

491 3463 615 3502 mon
661 3447 754 3503 ille
798 3448 1002 3519 Magus,
1033 3450 1123 3519 qui
1158 3449 1387 3518 pecunia
1418 3449 1634 3504 volebat
1661 3449 1934 3504 redimere
1963 3467 2080 3519 gra-

490 3544 617 3597 tiam
652 3543 768 3608 Dei,
800 3543 1107 3611 baptizatus
1132 3544 1351 3613 quidem
1377 3554 1459 3597 est
1489 3545 1539 3597 in
1566 3559 1726 3613 aqua,
1759 3544 1855 3598 sed
1891 3560 2092 3611 nequa-

490 3653 653 3708 quam
699 3638 1003 3707 baptizatus
1040 3647 1124 3692 est
1163 3640 1213 3692 in
1262 3638 1491 3693 salutem
1534 3638 1672 3709 (Act.
1716 3642 1855 3707 VIII).
1901 3639 2089 3693 Tertio

490 3730 692 3785 dicitur
732 3749 744 3784 :
793 3747 885 3783 nec
929 3731 1037 3784 sale
1074 3730 1252 3784 salita.
1297 3730 1507 3786 Tenera
1539 3732 1825 3786 infantium
1856 3747 2087 3801 corpora

491 3822 618 3877 dum
665 3822 843 3876 adhuc
883 3823 1023 3877 uteri
1065 3824 1303 3877 calorem
1348 3832 1557 3893 tenent,
1604 3833 1659 3878 et
1692 3826 1866 3894 primo
1907 3826 2088 3895 vagitu

488 3916 780 3971 laboriosa:
824 3917 946 3971 vita:
990 3924 1258 3972 testantur
1297 3917 1553 3977 exordia,
1599 3918 1776 3973 solent
1807 3918 1873 3972 ab
1902 3919 2089 3974 obste-

490 4009 719 4063 tricibus
761 4010 876 4064 sale
920 4011 1183 4089 contingi,
1232 4022 1289 4064 ut
1332 4011 1557 4065 sicciora
1597 4014 1730 4077 sint,
1769 4023 1822 4066 et
1862 4015 2091 4067 restrin—

490 4112 709 4171 gantur.
755 4103 928 4156 Porro
972 4103 1302 4167 Jerusalem,
1334 4120 1453 4169 quas
1483 4104 1550 4158 de
1582 4106 1740 4159 malis
1770 4107 2090 4174 parentibus

493 4206 615 4250 nata
662 4204 778 4258 est.
822 4195 955 4250 nihil
998 4197 1245 4265 saporis,
1292 4196 1422 4251 nihil
1466 4198 1761 4267 diligentia:
1796 4211 2089 4255 consecuta

494 4303 600 4345 est.
643 4291 745 4359 Qui
788 4300 965 4346 autem
1014 4302 1371 4345 renascuntur
1414 4294 1465 4346 in
1508 4291 1749 4361 Christo,
1793 4294 1993 4350 dicitur
2025 4296 2091 4350 ad

493 4397 589 4437 eos
622 4401 635 4435 :
675 4383 781 4438 Vos
807 4385 924 4437 estis
958 4382 1032 4437 sal
1062 4396 1215 4437 terra:
1243 4368 1458 4451 (Matth:
1489 4401 1540 4449 v,
1572 4384 1659 4456 5);
1693 4398 1747 4441 et
1781 4391 2093 4457 pratcipitur

494 4478 576 4531 eis
619 4477 687 4531 ab
721 4477 986 4546 Apostolo
1017 4494 1029 4531 :
1067 4478 1252 4532 Sermo
1290 4489 1456 4532 vester
1484 4496 1684 4549 semper
1710 4482 1765 4534 in
1793 4482 1960 4547 gratia
1987 4483 2093 4535 sale

2197 3271 2302 3316 tem
2331 3277 2494 3315 unum
2523 3261 2619 3314 tibi
2647 3260 2887 3325 faceret;
2917 3261 3047 3329 quia
3072 3260 3257 3314 omnia
3284 3258 3448 3313 simul
3481 3272 3588 3311 non
3621 3271 3801 3312 mere—

2194 3356 2341 3410 baris
2379 3357 2646 3424 accipere.
2692 3354 2750 3409 in
2789 3355 2960 3409 altera
2992 3354 3194 3408 dicitur
3227 3370 3240 3407 :
3276 3352 3393 3408 Non
3426 3352 3672 3423 pepercit
3699 3365 3800 3406 su-

2196 3466 2292 3520 per
2335 3461 2387 3505 te
2430 3450 2620 3504 oculus
2664 3459 2808 3517 tuus,
2855 3458 2911 3503 ut
2958 3449 3195 3504 facerem
3241 3448 3344 3502 tibi
3392 3462 3560 3501 unum
3601 3446 3670 3500 de
3710 3443 3801 3499 bis

2193 3545 2450 3599 misertus
2497 3545 2591 3598 tui.
2639 3544 2703 3598 Et
2742 3543 2887 3597 hunc
2913 3542 3079 3597 habet
3105 3556 3331 3596 sensum
3365 3556 3379 3593 :
3424 3540 3501 3595 lta
3532 3539 3712 3610 egisti,
3744 3546 3803 3594 et

2192 3640 2269 3693 sic
2317 3640 2369 3693 in
2417 3639 2653 3708 peccatis
2701 3647 2825 3692 nata
2868 3652 2951 3701 es,
2997 3649 3053 3692 et
3098 3636 3150 3690 iu
3195 3635 3412 3690 delictis
3453 3633 3705 3703 concepit
3745 3640 3801 3687 te

2194 3741 2367 3787 mater
2411 3742 2523 3797 tua,
2560 3742 2616 3785 ut
2648 3748 2714 3785 ne
2748 3732 2860 3799 ipsa
2895 3731 3115 3796 quidem
3151 3731 3226 3783 tui
3260 3728 3593 3784 miserearis.
3624 3726 3799 3780 Cum-

2194 3840 2300 3893 que
2341 3826 2421 3879 sic
2463 3823 2740 3892 cesseris,
2784 3831 2841 3878 ut
2880 3822 3171 3877 adversum
3220 3832 3271 3877 te
3316 3837 3411 3891 per
3452 3821 3591 3875 mala
3630 3833 3801 3889 opera

2193 3917 2432 3973 crudelis
2464 3920 2758 3971 exsisteres
2785 3933 2796 3968 :
2823 3931 2925 3984 ego
2956 3915 3082 3983 quid
3114 3915 3209 3971 tibi
3237 3919 3384 3985 potui
3410 3913 3611 3974 facere.
3636 3910 3800 3984 148

2195 4028 2317 4081 qua:
2360 4027 2427 4065 ne
2476 4027 2640 4065 unum
2672 4011 2889 4079 quidem
2923 4011 3268 4081 superiorum
3300 4011 3548 4078 accipere
3578 4022 3797 4063 merue-

2197 4104 2308 4158 ris?
2339 4103 2473 4171 Quia
2501 4104 2663 4175 igitur
2692 4105 2825 4158 nihil
2857 4104 3049 4157 horum
3078 4120 3199 4173 qum
3227 4103 3344 4157 fieri
3375 4100 3677 4157 infantibus
3703 4114 3799 4155 so-

2197 4199 2331 4262 lent,
2380 4199 2430 4253 in
2479 4208 2530 4254 te
2576 4198 2780 4253 factum
2829 4208 2943 4264 est;
2984 4207 3040 4253 et
3084 4197 3189 4254 hoc
3218 4213 3326 4252 non
3369 4198 3487 4253 sine
3510 4209 3670 4251 causa
3700 4208 3804 4250 nec

2197 4294 2404 4364 ab~que
2441 4293 2667 4363 judicio,
2701 4294 2796 4348 sed
2826 4304 2918 4349 tuo
2947 4294 3086 4348 vitio
3117 4302 3279 4364 atque
3305 4303 3551 4362 peccato,
3585 4307 3705 4360 qua:
3733 4303 3808 4346 ne

2199 4388 2315 4457 ipsa
2354 4388 2575 4469 quidem
2620 4389 2695 4443 tui
2729 4390 2954 4443 miserta
2984 4404 3043 4443 es
3076 4406 3089 4442 :
3121 4388 3246 4443 ideo
3278 4387 3518 4458 projecta
3548 4400 3609 4441 es
3639 4387 3692 4440 in
3726 4382 3808 4438 fa-

2198 4482 2335 4536 ciem
2385 4495 2567 4547 terraa,
2613 4483 2729 4537 sive
2771 4483 2980 4552 campi;
3015 4492 3070 4539 et
3100 4483 3338 4553 projecta
3371 4490 3595 4553 propter
3621 4479 3807 4550 pravi-

492 4569 557 4624 sit
600 4569 840 4623 conditus
874 4568 1100 4639 (Coloss.
1139 4585 1214 4635 tv,
1246 4570 1323 4640 6).
1356 4570 1507 4627 Unde
1537 4583 1591 4627 et
1623 4573 1785 4644 vulgo
1816 4575 2092 4643 sapientes
2120 4550 2172 4608 ι)
2203 4585 2371 4632 tatem
2416 4579 2611 4631 animae
2652 4586 2756 4631 tute
2797 4578 2851 4631 in
2896 4550 2985 4633 die
3028 4550 3132 4647 qua
3178 4550 3299 4632 nata
3340 4550 3420 4632 es.
3464 4550 3695 4632 Oremus
3736 4588 3810 4631 ne

494 4660 650 4723 salsi,
683 4670 739 4715 et
776 4661 924 4715 stulti
971 4672 1235 4716 vocantur
1265 4663 1480 4718 insulsi.
1520 4665 1582 4719 Et
1610 4665 1663 4719 in
1696 4666 1942 4723 Levitico
1975 4668 2095 4737 lege

499 4754 744 4808 sancitur
796 4772 807 4807 :
865 4753 1029 4808 Omne
1074 4756 1395 4821 sacriﬁcium
1442 4769 1664 4812 vestrum
1705 4759 1812 4813 sale
1856 4761 2094 4814 satietur.

499 4846 622 4901 Non
661 4847 877 4901 cessabit
916 4846 998 4901 sal
1044 4847 1356 4902 Testamenti
1381 4849 1591 4904 Domini
1622 4850 1687 4903 de
1716 4855 1987 4916 sacriﬁciis
2016 4870 2099 4907 ve-

497 4941 620 4995 stris
652 4958 671 4995 :
702 4944 757 4995 in
788 4945 986 4997 cunctis
1012 4944 1309 4999 muneribus
1336 4946 1517 4999 vestris
1548 4947 1625 5001 sal
1656 4945 1881 5012 o/ferelis
1906 4946 2095 5014 (Levii.

498 5050 559 5097 ιι,
609 5034 717 5097 15).
752 5036 855 5101 Qui
888 5035 989 5091 hoc
1018 5039 1130 5093 sale
1162 5038 1422 5094 conditus
1453 5040 1635 5104 fuerit,
1670 5049 1725 5094 et
1753 5057 1971 5096 onmem
2005 5059 2100 5110 pu-

496 5138 671 5183 torem
705 5128 1099 5201 humoremque
1125 5135 1347 5187 noxium
1379 5133 1539 5202 hujus
1562 5134 1900 5190 admixtione
1927 5137 2097 5192 sicca-

497 5223 661 5290 verit,
703 5223 839 5277 ultra
880 5240 985 5279 non
1027 5224 1173 5281 dicet
1217 5245 1228 5279 :
1277 5225 1713 5295 Computruerunt
1753 5239 1801 5282 et
1840 5242 2097 5301 corruptae

492 5325 615 5370 sunt
641 5316 910 5372 cicatrices
947 5334 1121 5374 meatu
1152 5321 1288 5390 facie
1314 5322 1625 5391 insipientia
1655 5320 1808 5393 147
1832 5340 1956 5378 mea:
1973 5323 2093 5394 (Ps.

496 5423 707 5471 xxxvii,
738 5408 815 5481 6).
852 5410 980 5467 Scio
1010 5427 1096 5467 me
1122 5412 1322 5483 legisse
1358 5414 1410 5469 in
1445 5414 1678 5481 quodam
1714 5417 1987 5472 volumine
2022 5418 2094 5473 De

497 5501 730 5560 Domino
760 5505 1067 5574 Salvatore,
1098 5508 1239 5576 quod
1270 5508 1390 5577 ipse
1415 5508 1486 5565 sit
1513 5508 1594 5563 sal
1625 5509 1879 5575 sceleste;
1907 5519 1963 5566 et
1984 5526 2090 5567 non

567 5648 593 5674 ⁸
628 5639 744 5693 Duo
770 5654 931 5706 mss.,
958 5649 1156 5694 tumore
1184 5641 1448 5697 resistant.

561 5708 589 5747 δ
623 5710 896 5766 Exeiderit
926 5712 1269 5767 librariorum
1300 5714 1507 5770 incuria
1533 5715 1854 5781 versiculus,
1880 5728 1931 5772 et
1954 5716 2091 5772 mul-

486 5781 727 5852 tiplicata
758 5798 811 5840 es
836 5827 849 5851 ,
893 5793 940 5839 et
981 5785 1194 5855 grandis
1224 5784 1404 5852 eﬂ‘ecta
1424 5827 1439 5853 ,
1474 5804 1634 5859 quem
1667 5787 1937 5846 Victorius
1967 5806 2093 5862 sup-

2205 4673 2476 4741 pravitate
2516 4673 2712 4725 animm
2755 4672 3117 4742 projiciamur
3163 4673 3215 4726 in
3262 4671 3457 4727 faciem
3501 4670 3703 4735 campi,
3749 4670 3807 4724 in

2204 4779 2313 4831 quo
2356 4765 2485 4829 lata,
2527 4772 2582 4816 et
2609 4762 2847 4832 spatiosa
2876 4766 2961 4816 via
2992 4771 3077 4818 est
3104 4779 3222 4832 quae
3252 4763 3399 4817 ducit
3430 4761 3497 4816 ad
3530 4768 3805 4825 mortem;

2206 4858 2260 4910 in
2281 4873 2388 4925 quo
2409 4857 2788 4911 Chaldaeorum
2811 4855 3181 4910 debacchatur
3199 4854 3494 4926 equitatus.
3518 4852 3811 4922 Simulque

2211 4952 2855 5023 considerandum,qnod
2880 4952 3064 5006 nullus
3086 4952 3137 5006 in
3166 4950 3256 5006 die
3282 4967 3389 5022 quo
3412 4950 3673 5015 nascitur,
3689 4964 3813 5014 pra-

2207 5059 2333 5097 vum
2354 5043 2558 5111 aliquid
2586 5046 2933 5099 committere
2950 5054 3153 5114 potest,
3187 5045 3290 5100 nisi
3309 5044 3509 5099 lavacri
3534 5053 3810 5112 tempore,

2203 5138 2422 5207 quando
2452 5139 2672 5209 sapiens
2696 5140 2980 5209 generatio
3013 5140 3116 5195 fide
3136 5138 3413 5194 credentis
3442 5138 3767 5193 assumitur.

2274 5232 2456 5303 (Vers.
2502 5236 2557 5297 ti,
2590 5233 2668 5302 7.)
2704 5234 2985 5288 Transiens
3013 5242 3187 5287 autem
3218 5250 3307 5305 per
3348 5242 3396 5286 te
3426 5248 3445 5286 :
3475 5232 3579 5286 vidi
3605 5240 3654 5286 te
3682 5246 3810 5285 con-

2202 5329 2455 5382 culcatain
2478 5329 2530 5382 in
2558 5329 2812 5403 sanguine
2829 5339 2934 5384 tuo.
2964 5328 3030 5383 Et
3052 5330 3163 5383 dixi
3192 5329 3278 5382 tibi
3303 5344 3417 5382 cum
3445 5343 3578 5382 esses
3599 5328 3653 5381 in
3683 5342 3809 5381 san-

2201 5425 2360 5493 guine
2398 5432 2509 5492 tuo,
2552 5424 2655 5479 vive
2696 5441 2714 5479 :
2751 5425 2886 5489 disci,
2915 5425 3146 5492 inquam,
3181 5422 3296 5486 tibi,
3328 5424 3382 5477 in
3411 5422 3665 5495 sanguine
3692 5431 3804 5487 tuo,

2200 5517 2323 5572 vive.
2374 5517 2779 5589 Multiplicatam
2826 5519 2973 5586 quasi
3012 5534 3220 5589 germen
3267 5503 3381 5588 agri
3419 5517 3541 5571 dedi
3586 5525 3653 5578 te,
3698 5512 3726 5553 δ
3761 5524 3811 5568 ct

2197 5647 2313 5722 plet
2355 5663 2421 5704 ex
2470 5649 2697 5722 vulgata
2743 5649 3055 5722 Hieronymi
3096 5650 3231 5706 edit.
3269 5660 3321 5707 et
3349 5651 3640 5716 Hebraico,
3674 5649 3807 5719 quin

2199 5720 2362 5775 etiim
2406 5737 2469 5775 ex
2518 5721 2680 5783 LXX,
2733 5723 2784 5776 in
2809 5720 3037 5791 quorum
3070 5722 3261 5780 Latino
3287 5723 3475 5781 codice
3501 5722 3721 5795 legitur,
3755 5731 3807 5779 et

2201 5794 2551 5864 multiplicata
2580 5810 2654 5861 es,
2689 5804 2735 5850 et
2765 5795 3101 5865 magni/irata
3129 5813 3205 5853 es.
