  <div class='ocr_page' id='page_1' title='image "/cluster/home/n/w/nwhite01/storage/ocr_20150623/25/hvd.32044015471394/072.png"; bbox 0 0 4018 6322; ppageno 0'>
   <div class='ocr_carea' id='block_1_1' title="bbox 231 351 336 409">
    <p class='ocr_par' dir='ltr' id='par_1_1' title="bbox 231 351 336 409">
     <span class='ocr_line' id='line_1_1' title="bbox 231 351 336 409; baseline 0.01 -2"><span class='ocrx_word' id='word_1_1' title='bbox 231 351 336 409; x_wconf 70' lang='lat'><strong>£29</strong></span> 
     </span>
    </p>
   </div>
   <div class='ocr_carea' id='block_1_2' title="bbox 914 333 2853 413">
    <p class='ocr_par' dir='ltr' id='par_1_2' title="bbox 914 333 2853 413">
     <span class='ocr_line' id='line_1_2' title="bbox 914 333 2853 413; baseline -0.001 -2"><span class='ocrx_word' id='word_1_2' title='bbox 914 352 1581 412; x_wconf 80' lang='lat' dir='ltr'><strong>COMMENTARIORUM</strong></span> <span class='ocrx_word' id='word_1_3' title='bbox 1620 353 1686 410; x_wconf 88' lang='lat' dir='ltr'><strong>lN</strong></span> <span class='ocrx_word' id='word_1_4' title='bbox 1727 352 2167 411; x_wconf 82' lang='lat' dir='ltr'><strong>EZECHIELEM</strong></span> <span class='ocrx_word' id='word_1_5' title='bbox 2208 352 2341 410; x_wconf 85' lang='lat' dir='ltr'><strong>LIB.</strong></span> <span class='ocrx_word' id='word_1_6' title='bbox 2374 353 2468 413; x_wconf 79' lang='lat' dir='ltr'><strong>iV.</strong></span> <span class='ocrx_word' id='word_1_7' title='bbox 2508 333 2664 412; x_wconf 61' lang='lat' dir='ltr'><strong>CAP.</strong></span> <span class='ocrx_word' id='word_1_8' title='bbox 2708 354 2853 412; x_wconf 80' lang='lat' dir='ltr'><strong>XVI.</strong></span> 
     </span>
    </p>
   </div>
   <div class='ocr_carea' id='block_1_3' title="bbox 3430 350 3535 411">
    <p class='ocr_par' dir='ltr' id='par_1_3' title="bbox 3430 350 3535 411">
     <span class='ocr_line' id='line_1_3' title="bbox 3430 350 3535 411; baseline 0 -1"><span class='ocrx_word' id='word_1_9' title='bbox 3430 350 3535 411; x_wconf 73' lang='grc'><strong>150</strong></span> 
     </span>
    </p>
   </div>
   <div class='ocr_carea' id='block_1_4' title="bbox 227 462 3537 543">
    <p class='ocr_par' dir='ltr' id='par_1_4' title="bbox 227 462 3537 543">
     <span class='ocr_line' id='line_1_4' title="bbox 227 462 3537 543; baseline -0.001 -21"><span class='ocrx_word' id='word_1_10' title='bbox 227 472 463 542; x_wconf 79' lang='lat' dir='ltr'><strong>ingressa</strong></span> <span class='ocrx_word' id='word_1_11' title='bbox 512 483 565 524; x_wconf 84' lang='lat' dir='ltr'><strong>es</strong></span> <span class='ocrx_word' id='word_1_12' title='bbox 594 512 609 537; x_wconf 92' lang='lat'><strong>,</strong></span> <span class='ocrx_word' id='word_1_13' title='bbox 661 476 709 524; x_wconf 82' lang='lat' dir='ltr'><strong>et</strong></span> <span class='ocrx_word' id='word_1_14' title='bbox 756 471 1031 543; x_wconf 83' lang='lat' dir='ltr'><strong>pervenisti</strong></span> <span class='ocrx_word' id='word_1_15' title='bbox 1078 475 1148 525; x_wconf 89' lang='lat' dir='ltr'><strong>ad</strong></span> <span class='ocrx_word' id='word_1_16' title='bbox 1192 473 1444 525; x_wconf 85' lang='lat' dir='ltr'><strong>mundum</strong></span> <span class='ocrx_word' id='word_1_17' title='bbox 1504 472 1822 524; x_wconf 74' lang='lat' dir='ltr'><strong>muliebrem.</strong></span> <span class='ocrx_word' id='word_1_18' title='bbox 1855 475 1908 531; x_wconf 83' lang='lat' dir='ltr'><strong>A</strong></span> <span class='ocrx_word' id='word_1_19' title='bbox 1936 476 2043 522; x_wconf 89' lang='lat' dir='ltr'><strong>tem</strong></span> <span class='ocrx_word' id='word_1_20' title='bbox 2067 484 2282 523; x_wconf 76' lang='lat' dir='ltr'><strong>rursum</strong></span> <span class='ocrx_word' id='word_1_21' title='bbox 2311 469 2523 535; x_wconf 87' lang='lat' dir='ltr'><strong>invisit,</strong></span> <span class='ocrx_word' id='word_1_22' title='bbox 2554 477 2607 525; x_wconf 90' lang='lat' dir='ltr'><strong>ct</strong></span> <span class='ocrx_word' id='word_1_23' title='bbox 2629 470 2749 540; x_wconf 83' lang='lat' dir='ltr'><strong>quia</strong></span> <span class='ocrx_word' id='word_1_24' title='bbox 2776 474 2893 523; x_wconf 85' lang='lat' dir='ltr'><strong>erat</strong></span> <span class='ocrx_word' id='word_1_25' title='bbox 2918 465 3090 532; x_wconf 86' lang='lat' dir='ltr'><strong>nuda,</strong></span> <span class='ocrx_word' id='word_1_26' title='bbox 3113 470 3169 520; x_wconf 90' lang='lat' dir='ltr'><strong>et</strong></span> <span class='ocrx_word' id='word_1_27' title='bbox 3200 462 3537 521; x_wconf 78' lang='lat' dir='ltr'><strong>confusionis</strong></span> 
     </span>
    </p>
   </div>
   <div class='ocr_carea' id='block_1_5' title="bbox 232 560 1831 635">
    <p class='ocr_par' dir='ltr' id='par_1_5' title="bbox 232 560 1831 635">
     <span class='ocr_line' id='line_1_5' title="bbox 232 560 1831 635; baseline 0 -18"><span class='ocrx_word' id='word_1_28' title='bbox 232 560 399 617; x_wconf 81' lang='lat' dir='ltr'><strong>Ubera</strong></span> <span class='ocrx_word' id='word_1_29' title='bbox 444 572 534 616; x_wconf 89' lang='lat' dir='ltr'><strong>tua</strong></span> <span class='ocrx_word' id='word_1_30' title='bbox 570 564 980 633; x_wconf 88' lang='lat' dir='ltr'><strong>intumuerunt,</strong></span> <span class='ocrx_word' id='word_1_31' title='bbox 1028 574 1077 618; x_wconf 88' lang='lat' dir='ltr'><strong>et</strong></span> <span class='ocrx_word' id='word_1_32' title='bbox 1115 565 1254 635; x_wconf 86' lang='lat' dir='ltr'><strong>pilus</strong></span> <span class='ocrx_word' id='word_1_33' title='bbox 1308 575 1428 617; x_wconf 85' lang='lat' dir='ltr'><strong>tuus</strong></span> <span class='ocrx_word' id='word_1_34' title='bbox 1471 564 1773 634; x_wconf 78' lang='lat' dir='ltr'><strong>germinavit</strong></span> <span class='ocrx_word' id='word_1_35' title='bbox 1813 579 1831 617; x_wconf 92' lang='lat'><em>:</em></span> 
     </span>
    </p>
   </div>
   <div class='ocr_carea' id='block_1_6' title="bbox 226 654 1834 728">
    <p class='ocr_par' dir='ltr' id='par_1_6' title="bbox 226 654 1834 728">
     <span class='ocr_line' id='line_1_6' title="bbox 226 654 1834 728; baseline 0.001 -21"><span class='ocrx_word' id='word_1_36' title='bbox 226 665 275 707; x_wconf 78' lang='lat' dir='ltr'><strong>et</strong></span> <span class='ocrx_word' id='word_1_37' title='bbox 316 671 432 708; x_wconf 87' lang='lat' dir='ltr'><strong>eras</strong></span> <span class='ocrx_word' id='word_1_38' title='bbox 474 658 642 721; x_wconf 88' lang='lat' dir='ltr'><strong>nuda,</strong></span> <span class='ocrx_word' id='word_1_39' title='bbox 682 666 728 709; x_wconf 90' lang='lat' dir='ltr'><strong>et</strong></span> <span class='ocrx_word' id='word_1_40' title='bbox 754 657 1073 728; x_wconf 75' lang='lat' dir='ltr'><strong>confusionis</strong></span> <span class='ocrx_word' id='word_1_41' title='bbox 1102 656 1277 725; x_wconf 84' lang='lat' dir='ltr'><strong>plena.</strong></span> <span class='ocrx_word' id='word_1_42' title='bbox 1306 656 1450 711; x_wconf 80' lang='lat' dir='ltr'><strong>LXX</strong></span> <span class='ocrx_word' id='word_1_43' title='bbox 1482 676 1493 709; x_wconf 92' lang='lat'><strong>:</strong></span> <span class='ocrx_word' id='word_1_44' title='bbox 1530 654 1595 709; x_wconf 88' lang='lat' dir='ltr'><strong>Et</strong></span> <span class='ocrx_word' id='word_1_45' title='bbox 1624 656 1834 709; x_wconf 83' lang='lat' dir='ltr'><strong>transivi</strong></span> 
     </span>
    </p>
   </div>
   <div class='ocr_carea' id='block_1_7' title="bbox 226 748 1829 820">
    <p class='ocr_par' dir='ltr' id='par_1_7' title="bbox 226 748 1829 820">
     <span class='ocr_line' id='line_1_7' title="bbox 226 748 1829 820; baseline 0.001 -20"><span class='ocrx_word' id='word_1_46' title='bbox 226 764 318 816; x_wconf 76' lang='lat' dir='ltr'><strong>per</strong></span> <span class='ocrx_word' id='word_1_47' title='bbox 353 758 425 811; x_wconf 87' lang='lat' dir='ltr'><strong>te,</strong></span> <span class='ocrx_word' id='word_1_48' title='bbox 472 757 519 800; x_wconf 88' lang='lat' dir='ltr'><strong>et</strong></span> <span class='ocrx_word' id='word_1_49' title='bbox 549 748 654 801; x_wconf 85' lang='lat' dir='ltr'><strong>vidi</strong></span> <span class='ocrx_word' id='word_1_50' title='bbox 681 757 728 802; x_wconf 90' lang='lat' dir='ltr'><strong>te</strong></span> <span class='ocrx_word' id='word_1_51' title='bbox 754 750 973 804; x_wconf 67' lang='lat' dir='ltr'><strong>mixtam</strong></span> <span class='ocrx_word' id='word_1_52' title='bbox 1000 751 1052 804; x_wconf 89' lang='lat' dir='ltr'><strong>in</strong></span> <span class='ocrx_word' id='word_1_53' title='bbox 1079 751 1332 820; x_wconf 88' lang='lat' dir='ltr'><strong>sanguine</strong></span> <span class='ocrx_word' id='word_1_54' title='bbox 1360 759 1466 815; x_wconf 90' lang='lat' dir='ltr'><strong>tuo,</strong></span> <span class='ocrx_word' id='word_1_55' title='bbox 1500 762 1545 803; x_wconf 89' lang='lat' dir='ltr'><strong>et</strong></span> <span class='ocrx_word' id='word_1_56' title='bbox 1577 750 1685 803; x_wconf 78' lang='lat' dir='ltr'><strong>dixi</strong></span> <span class='ocrx_word' id='word_1_57' title='bbox 1718 748 1829 815; x_wconf 89' lang='lat' dir='ltr'><strong>tibi,</strong></span> 
     </span>
    </p>
   </div>
   <div class='ocr_carea' id='block_1_8' title="bbox 226 840 1832 913">
    <p class='ocr_par' dir='ltr' id='par_1_8' title="bbox 226 840 1832 913">
     <span class='ocr_line' id='line_1_8' title="bbox 226 840 1832 913; baseline 0.002 -22"><span class='ocrx_word' id='word_1_58' title='bbox 226 840 289 892; x_wconf 74' lang='lat' dir='ltr'><strong>de</strong></span> <span class='ocrx_word' id='word_1_59' title='bbox 332 843 587 912; x_wconf 79' lang='lat' dir='ltr'><strong>sanguine</strong></span> <span class='ocrx_word' id='word_1_60' title='bbox 634 852 726 896; x_wconf 90' lang='lat' dir='ltr'><strong>tuo</strong></span> <span class='ocrx_word' id='word_1_61' title='bbox 764 845 868 897; x_wconf 85' lang='lat' dir='ltr'><strong>vita</strong></span> <span class='ocrx_word' id='word_1_62' title='bbox 907 842 1293 913; x_wconf 85' lang='lat' dir='ltr'><strong>multiplicare,</strong></span> <span class='ocrx_word' id='word_1_63' title='bbox 1337 844 1471 896; x_wconf 87' lang='lat' dir='ltr'><strong>sicut</strong></span> <span class='ocrx_word' id='word_1_64' title='bbox 1510 852 1680 896; x_wconf 87' lang='lat' dir='ltr'><strong>ortum</strong></span> <span class='ocrx_word' id='word_1_65' title='bbox 1718 842 1832 912; x_wconf 89' lang='lat' dir='ltr'><strong>agri</strong></span> 
     </span>
    </p>
   </div>
   <div class='ocr_carea' id='block_1_9' title="bbox 224 932 1833 1006">
    <p class='ocr_par' dir='ltr' id='par_1_9' title="bbox 224 932 1833 1006">
     <span class='ocr_line' id='line_1_9' title="bbox 224 932 1833 1006; baseline 0.001 -20"><span class='ocrx_word' id='word_1_66' title='bbox 224 932 341 988; x_wconf 81' lang='lat' dir='ltr'><strong>dedi</strong></span> <span class='ocrx_word' id='word_1_67' title='bbox 381 942 458 999; x_wconf 89' lang='lat' dir='ltr'><strong>te,</strong></span> <span class='ocrx_word' id='word_1_68' title='bbox 498 946 549 990; x_wconf 88' lang='lat' dir='ltr'><strong>et</strong></span> <span class='ocrx_word' id='word_1_69' title='bbox 586 936 935 1002; x_wconf 84' lang='lat' dir='ltr'><strong>multiplicata</strong></span> <span class='ocrx_word' id='word_1_70' title='bbox 973 950 1047 1005; x_wconf 79' lang='lat' dir='ltr'><strong>es,</strong></span> <span class='ocrx_word' id='word_1_71' title='bbox 1091 945 1139 989; x_wconf 86' lang='lat' dir='ltr'><strong>et</strong></span> <span class='ocrx_word' id='word_1_72' title='bbox 1177 936 1511 1006; x_wconf 80' lang='lat' dir='ltr'><strong>magniﬁcam</strong></span> <span class='ocrx_word' id='word_1_73' title='bbox 1549 952 1622 999; x_wconf 83' lang='lat' dir='ltr'><strong>es,</strong></span> <span class='ocrx_word' id='word_1_74' title='bbox 1665 944 1713 987; x_wconf 90' lang='lat' dir='ltr'><strong>et</strong></span> <span class='ocrx_word' id='word_1_75' title='bbox 1752 935 1833 987; x_wconf 84' lang='lat' dir='ltr'><strong>in-</strong></span> 
     </span>
    </p>
   </div>
   <div class='ocr_carea' id='block_1_10' title="bbox 224 1028 1828 1098">
    <p class='ocr_par' dir='ltr' id='par_1_10' title="bbox 224 1028 1828 1098">
     <span class='ocr_line' id='line_1_10' title="bbox 224 1028 1828 1098; baseline 0.001 -19"><span class='ocrx_word' id='word_1_76' title='bbox 224 1043 397 1098; x_wconf 63' lang='lat' dir='ltr'><strong>grasa</strong></span> <span class='ocrx_word' id='word_1_77' title='bbox 435 1044 489 1082; x_wconf 87' lang='lat' dir='ltr'><strong>es</strong></span> <span class='ocrx_word' id='word_1_78' title='bbox 519 1029 578 1082; x_wconf 88' lang='lat' dir='ltr'><strong>in</strong></span> <span class='ocrx_word' id='word_1_79' title='bbox 604 1030 833 1083; x_wconf 73' lang='lat' dir='ltr'><strong>civitates</strong></span> <span class='ocrx_word' id='word_1_80' title='bbox 864 1030 1145 1084; x_wconf 82' lang='lat' dir='ltr'><strong><em>civitatum.</em></strong></span> <span class='ocrx_word' id='word_1_81' title='bbox 1184 1028 1352 1084; x_wconf 86' lang='lat' dir='ltr'><strong><em>Ubera</em></strong></span> <span class='ocrx_word' id='word_1_82' title='bbox 1384 1038 1475 1081; x_wconf 88' lang='lat' dir='ltr'><strong>tua</strong></span> <span class='ocrx_word' id='word_1_83' title='bbox 1500 1038 1664 1083; x_wconf 86' lang='lat' dir='ltr'><strong>erecta</strong></span> <span class='ocrx_word' id='word_1_84' title='bbox 1689 1037 1828 1093; x_wconf 88' lang='lat' dir='ltr'><strong>sunt,</strong></span> 
     </span>
    </p>
   </div>
   <div class='ocr_carea' id='block_1_11' title="bbox 223 1123 1830 1191">
    <p class='ocr_par' dir='ltr' id='par_1_11' title="bbox 223 1123 1830 1191">
     <span class='ocr_line' id='line_1_11' title="bbox 223 1123 1830 1191; baseline 0.001 -15"><span class='ocrx_word' id='word_1_85' title='bbox 223 1132 271 1176; x_wconf 86' lang='lat' dir='ltr'><strong>et</strong></span> <span class='ocrx_word' id='word_1_86' title='bbox 314 1123 463 1190; x_wconf 81' lang='lat' dir='ltr'><strong>pilus</strong></span> <span class='ocrx_word' id='word_1_87' title='bbox 502 1134 624 1178; x_wconf 88' lang='lat' dir='ltr'><strong>tuus</strong></span> <span class='ocrx_word' id='word_1_88' title='bbox 667 1134 811 1178; x_wconf 87' lang='lat' dir='ltr'><strong>ortus</strong></span> <span class='ocrx_word' id='word_1_89' title='bbox 851 1133 927 1179; x_wconf 86' lang='lat' dir='ltr'><strong>est</strong></span> <span class='ocrx_word' id='word_1_90' title='bbox 970 1141 989 1179; x_wconf 91' lang='lat'><strong><em>:</em></strong></span> <span class='ocrx_word' id='word_1_91' title='bbox 1030 1132 1087 1178; x_wconf 87' lang='lat' dir='ltr'><strong>tu</strong></span> <span class='ocrx_word' id='word_1_92' title='bbox 1130 1134 1308 1177; x_wconf 88' lang='lat' dir='ltr'><strong>autem</strong></span> <span class='ocrx_word' id='word_1_93' title='bbox 1337 1139 1451 1179; x_wconf 83' lang='lat' dir='ltr'><strong>eras</strong></span> <span class='ocrx_word' id='word_1_94' title='bbox 1482 1124 1647 1189; x_wconf 89' lang='lat' dir='ltr'><strong>nuda,</strong></span> <span class='ocrx_word' id='word_1_95' title='bbox 1680 1124 1830 1191; x_wconf 87' lang='lat' dir='ltr'><strong>plena</strong></span> 
     </span>
    </p>
   </div>
   <div class='ocr_carea' id='block_1_12' title="bbox 225 1217 1824 1289">
    <p class='ocr_par' dir='ltr' id='par_1_12' title="bbox 225 1217 1824 1289">
     <span class='ocr_line' id='line_1_12' title="bbox 225 1217 1824 1289; baseline 0.002 -21"><span class='ocrx_word' id='word_1_96' title='bbox 225 1217 545 1288; x_wconf 69' lang='lat' dir='ltr'><strong>ignominiis.</strong></span> <span class='ocrx_word' id='word_1_97' title='bbox 584 1218 879 1288; x_wconf 80' lang='lat' dir='ltr'><strong>Postquam</strong></span> <span class='ocrx_word' id='word_1_98' title='bbox 919 1220 1167 1289; x_wconf 88' lang='lat' dir='ltr'><strong>projecta</strong></span> <span class='ocrx_word' id='word_1_99' title='bbox 1199 1234 1259 1273; x_wconf 91' lang='lat' dir='ltr'><strong>es</strong></span> <span class='ocrx_word' id='word_1_100' title='bbox 1304 1220 1360 1273; x_wconf 88' lang='lat' dir='ltr'><strong>in</strong></span> <span class='ocrx_word' id='word_1_101' title='bbox 1395 1219 1587 1274; x_wconf 83' lang='lat' dir='ltr'><strong>faciem</strong></span> <span class='ocrx_word' id='word_1_102' title='bbox 1619 1220 1824 1288; x_wconf 86' lang='lat' dir='ltr'><strong>campi,</strong></span> 
     </span>
    </p>
   </div>
   <div class='ocr_carea' id='block_1_13' title="bbox 225 1311 1829 1382">
    <p class='ocr_par' dir='ltr' id='par_1_13' title="bbox 225 1311 1829 1382">
     <span class='ocr_line' id='line_1_13' title="bbox 225 1311 1829 1382; baseline 0.002 -17"><span class='ocrx_word' id='word_1_103' title='bbox 225 1311 339 1365; x_wconf 81' lang='lat' dir='ltr'><strong>sive</strong></span> <span class='ocrx_word' id='word_1_104' title='bbox 378 1326 554 1380; x_wconf 85' lang='lat' dir='ltr'><strong>super</strong></span> <span class='ocrx_word' id='word_1_105' title='bbox 592 1314 788 1367; x_wconf 76' lang='lat' dir='ltr'><strong>faciem</strong></span> <span class='ocrx_word' id='word_1_106' title='bbox 818 1323 1000 1379; x_wconf 69' lang='lat' dir='ltr'><strong>tet-rat,</strong></span> <span class='ocrx_word' id='word_1_107' title='bbox 1034 1325 1256 1382; x_wconf 76' lang='lat' dir='ltr'><strong>promer</strong></span> <span class='ocrx_word' id='word_1_108' title='bbox 1283 1314 1602 1380; x_wconf 83' lang='lat' dir='ltr'><strong>pravitatem</strong></span> <span class='ocrx_word' id='word_1_109' title='bbox 1634 1316 1829 1369; x_wconf 63' lang='lat' dir='ltr'><strong>animae</strong></span> 
     </span>
    </p>
   </div>
   <div class='ocr_carea' id='block_1_14' title="bbox 226 1408 1827 1469">
    <p class='ocr_par' dir='ltr' id='par_1_14' title="bbox 226 1408 1827 1469">
     <span class='ocr_line' id='line_1_14' title="bbox 226 1408 1827 1469; baseline 0.004 -10"><span class='ocrx_word' id='word_1_110' title='bbox 226 1412 361 1469; x_wconf 67' lang='lat' dir='ltr'><strong>tua,</strong></span> <span class='ocrx_word' id='word_1_111' title='bbox 392 1421 577 1461; x_wconf 86' lang='lat' dir='ltr'><strong>meum</strong></span> <span class='ocrx_word' id='word_1_112' title='bbox 605 1408 750 1462; x_wconf 87' lang='lat' dir='ltr'><strong>ultra</strong></span> <span class='ocrx_word' id='word_1_113' title='bbox 784 1424 890 1462; x_wconf 92' lang='lat' dir='ltr'><strong>non</strong></span> <span class='ocrx_word' id='word_1_114' title='bbox 922 1409 1218 1463; x_wconf 87' lang='lat' dir='ltr'><strong>merebaris</strong></span> <span class='ocrx_word' id='word_1_115' title='bbox 1249 1410 1508 1463; x_wconf 79' lang='lat' dir='ltr'><strong>auxilium</strong></span> <span class='ocrx_word' id='word_1_116' title='bbox 1542 1426 1554 1462; x_wconf 91' lang='lat'><strong>:</strong></span> <span class='ocrx_word' id='word_1_117' title='bbox 1587 1418 1827 1464; x_wconf 75' lang='lat' dir='ltr'><strong><em>attamen</em></strong></span> 
     </span>
    </p>
   </div>
   <div class='ocr_carea' id='block_1_15' title="bbox 224 1499 1830 1570">
    <p class='ocr_par' dir='ltr' id='par_1_15' title="bbox 224 1499 1830 1570">
     <span class='ocr_line' id='line_1_15' title="bbox 224 1499 1830 1570; baseline 0.001 -16"><span class='ocrx_word' id='word_1_118' title='bbox 224 1499 499 1554; x_wconf 81' lang='lat' dir='ltr'><strong>transiens</strong></span> <span class='ocrx_word' id='word_1_119' title='bbox 549 1515 644 1570; x_wconf 88' lang='lat' dir='ltr'><strong>per</strong></span> <span class='ocrx_word' id='word_1_120' title='bbox 690 1511 741 1555; x_wconf 91' lang='lat' dir='ltr'><strong>te</strong></span> <span class='ocrx_word' id='word_1_121' title='bbox 769 1500 878 1555; x_wconf 89' lang='lat' dir='ltr'><strong>vidi</strong></span> <span class='ocrx_word' id='word_1_122' title='bbox 908 1509 963 1557; x_wconf 90' lang='lat' dir='ltr'><strong>te</strong></span> <span class='ocrx_word' id='word_1_123' title='bbox 990 1503 1389 1569; x_wconf 84' lang='lat' dir='ltr'><strong>conculcatam,</strong></span> <span class='ocrx_word' id='word_1_124' title='bbox 1422 1505 1537 1558; x_wconf 84' lang='lat' dir='ltr'><strong>sive</strong></span> <span class='ocrx_word' id='word_1_125' title='bbox 1566 1503 1830 1557; x_wconf 82' lang='lat' dir='ltr'><strong>commix-</strong></span> 
     </span>
    </p>
   </div>
   <div class='ocr_carea' id='block_1_16' title="bbox 222 1592 1826 1663">
    <p class='ocr_par' dir='ltr' id='par_1_16' title="bbox 222 1592 1826 1663">
     <span class='ocr_line' id='line_1_16' title="bbox 222 1592 1826 1663; baseline 0 -16"><span class='ocrx_word' id='word_1_126' title='bbox 222 1602 330 1647; x_wconf 85' lang='lat' dir='ltr'><strong>tam</strong></span> <span class='ocrx_word' id='word_1_127' title='bbox 371 1592 433 1647; x_wconf 89' lang='lat' dir='ltr'><strong>in</strong></span> <span class='ocrx_word' id='word_1_128' title='bbox 468 1593 731 1663; x_wconf 80' lang='lat' dir='ltr'><strong>sanguine</strong></span> <span class='ocrx_word' id='word_1_129' title='bbox 762 1605 874 1660; x_wconf 83' lang='lat' dir='ltr'><strong>tuo,</strong></span> <span class='ocrx_word' id='word_1_130' title='bbox 902 1593 956 1648; x_wconf 91' lang='lat' dir='ltr'><strong>id</strong></span> <span class='ocrx_word' id='word_1_131' title='bbox 980 1606 1083 1659; x_wconf 89' lang='lat' dir='ltr'><strong>est,</strong></span> <span class='ocrx_word' id='word_1_132' title='bbox 1113 1610 1263 1649; x_wconf 86' lang='lat' dir='ltr'><strong>ream</strong></span> <span class='ocrx_word' id='word_1_133' title='bbox 1296 1595 1605 1649; x_wconf 84' lang='lat' dir='ltr'><strong>mortalium</strong></span> <span class='ocrx_word' id='word_1_134' title='bbox 1638 1594 1826 1649; x_wconf 89' lang='lat' dir='ltr'><strong>crimi-</strong></span> 
     </span>
    </p>
   </div>
   <div class='ocr_carea' id='block_1_17' title="bbox 224 1687 1829 1758">
    <p class='ocr_par' dir='ltr' id='par_1_17' title="bbox 224 1687 1829 1758">
     <span class='ocr_line' id='line_1_17' title="bbox 224 1687 1829 1758; baseline 0.001 -18"><span class='ocrx_word' id='word_1_135' title='bbox 224 1702 351 1741; x_wconf 88' lang='lat' dir='ltr'><strong>num</strong></span> <span class='ocrx_word' id='word_1_136' title='bbox 402 1704 419 1740; x_wconf 86' lang='lat'><strong>:</strong></span> <span class='ocrx_word' id='word_1_137' title='bbox 465 1697 521 1743; x_wconf 91' lang='lat' dir='ltr'><strong>et</strong></span> <span class='ocrx_word' id='word_1_138' title='bbox 555 1689 853 1757; x_wconf 84' lang='lat' dir='ltr'><strong>provocavi</strong></span> <span class='ocrx_word' id='word_1_139' title='bbox 887 1700 961 1753; x_wconf 89' lang='lat' dir='ltr'><strong>te,</strong></span> <span class='ocrx_word' id='word_1_140' title='bbox 990 1688 1233 1743; x_wconf 84' lang='lat' dir='ltr'><strong>tribuens</strong></span> <span class='ocrx_word' id='word_1_141' title='bbox 1264 1687 1662 1758; x_wconf 67' lang='lat' dir='ltr'><strong>paenitentiam,</strong></span> <span class='ocrx_word' id='word_1_142' title='bbox 1691 1687 1829 1741; x_wconf 83' lang='lat' dir='ltr'><strong>dixi-</strong></span> 
     </span>
    </p>
   </div>
   <div class='ocr_carea' id='block_1_18' title="bbox 222 1780 1830 1849">
    <p class='ocr_par' dir='ltr' id='par_1_18' title="bbox 222 1780 1830 1849">
     <span class='ocr_line' id='line_1_18' title="bbox 222 1780 1830 1849; baseline -0.001 -14"><span class='ocrx_word' id='word_1_143' title='bbox 222 1794 326 1848; x_wconf 83' lang='lat' dir='ltr'><strong>que</strong></span> <span class='ocrx_word' id='word_1_144' title='bbox 366 1780 467 1834; x_wconf 90' lang='lat' dir='ltr'><strong>tibi</strong></span> <span class='ocrx_word' id='word_1_145' title='bbox 517 1799 533 1834; x_wconf 89' lang='lat'><strong>:</strong></span> <span class='ocrx_word' id='word_1_146' title='bbox 580 1780 734 1835; x_wconf 87' lang='lat' dir='ltr'><strong>Licet</strong></span> <span class='ocrx_word' id='word_1_147' title='bbox 783 1783 859 1835; x_wconf 85' lang='lat' dir='ltr'><strong>sis</strong></span> <span class='ocrx_word' id='word_1_148' title='bbox 904 1782 956 1835; x_wconf 91' lang='lat' dir='ltr'><strong>in</strong></span> <span class='ocrx_word' id='word_1_149' title='bbox 1005 1782 1286 1849; x_wconf 75' lang='lat' dir='ltr'><strong>sanguine,</strong></span> <span class='ocrx_word' id='word_1_150' title='bbox 1337 1791 1516 1834; x_wconf 90' lang='lat' dir='ltr'><strong>tamen</strong></span> <span class='ocrx_word' id='word_1_151' title='bbox 1548 1782 1668 1834; x_wconf 83' lang='lat' dir='ltr'><strong>vive</strong></span> <span class='ocrx_word' id='word_1_152' title='bbox 1698 1794 1830 1834; x_wconf 85' lang='lat' dir='ltr'><strong>con—</strong></span> 
     </span>
    </p>
   </div>
   <div class='ocr_carea' id='block_1_19' title="bbox 1938 561 3534 632">
    <p class='ocr_par' dir='ltr' id='par_1_19' title="bbox 1938 561 3534 632">
     <span class='ocr_line' id='line_1_19' title="bbox 1938 561 3534 632; baseline -0.004 -16"><span class='ocrx_word' id='word_1_153' title='bbox 1938 562 2125 632; x_wconf 90' lang='lat' dir='ltr'><strong>plena,</strong></span> <span class='ocrx_word' id='word_1_154' title='bbox 2157 580 2371 617; x_wconf 78' lang='lat' dir='ltr'><strong>rursum</strong></span> <span class='ocrx_word' id='word_1_155' title='bbox 2402 564 2549 617; x_wconf 86' lang='lat' dir='ltr'><strong>venit</strong></span> <span class='ocrx_word' id='word_1_156' title='bbox 2578 576 2632 617; x_wconf 88' lang='lat' dir='ltr'><strong>et</strong></span> <span class='ocrx_word' id='word_1_157' title='bbox 2659 564 2839 616; x_wconf 81' lang='lat' dir='ltr'><strong>visitat</strong></span> <span class='ocrx_word' id='word_1_158' title='bbox 2862 604 2875 629; x_wconf 89' lang='lat'><strong>,</strong></span> <span class='ocrx_word' id='word_1_159' title='bbox 2907 572 2960 616; x_wconf 91' lang='lat' dir='ltr'><strong>et</strong></span> <span class='ocrx_word' id='word_1_160' title='bbox 2992 575 3118 616; x_wconf 90' lang='lat' dir='ltr'><strong>ecce</strong></span> <span class='ocrx_word' id='word_1_161' title='bbox 3152 570 3365 629; x_wconf 84' lang='lat' dir='ltr'><strong>tempus</strong></span> <span class='ocrx_word' id='word_1_162' title='bbox 3393 561 3534 627; x_wconf 83' lang='lat' dir='ltr'><strong>ejus,</strong></span> 
     </span>
    </p>
   </div>
   <div class='ocr_carea' id='block_1_20' title="bbox 1938 653 3542 726">
    <p class='ocr_par' dir='ltr' id='par_1_20' title="bbox 1938 653 3542 726">
     <span class='ocr_line' id='line_1_20' title="bbox 1938 653 3542 726; baseline -0.003 -15"><span class='ocrx_word' id='word_1_163' title='bbox 1938 665 2154 726; x_wconf 87' lang='lat' dir='ltr'><strong>tempus</strong></span> <span class='ocrx_word' id='word_1_164' title='bbox 2199 659 2525 721; x_wconf 87' lang='lat' dir='ltr'><strong>amantium;</strong></span> <span class='ocrx_word' id='word_1_165' title='bbox 2554 658 2668 711; x_wconf 81' lang='lat' dir='ltr'><strong>sive</strong></span> <span class='ocrx_word' id='word_1_166' title='bbox 2706 657 2856 725; x_wconf 85' lang='lat' dir='ltr'><strong><em>juxta</em></strong></span> <span class='ocrx_word' id='word_1_167' title='bbox 2901 654 3251 725; x_wconf 81' lang='lat' dir='ltr'><strong>Septuaginta</strong></span> <span class='ocrx_word' id='word_1_168' title='bbox 3284 653 3542 707; x_wconf 80' lang='lat' dir='ltr'><strong>diverten-</strong></span> 
     </span>
    </p>
   </div>
   <div class='ocr_carea' id='block_1_21' title="bbox 1938 748 3537 819">
    <p class='ocr_par' dir='ltr' id='par_1_21' title="bbox 1938 748 3537 819">
     <span class='ocr_line' id='line_1_21' title="bbox 1938 748 3537 819; baseline -0.001 -16"><span class='ocrx_word' id='word_1_169' title='bbox 1938 752 2086 818; x_wconf 86' lang='lat' dir='ltr'><strong>tium,</strong></span> <span class='ocrx_word' id='word_1_170' title='bbox 2120 759 2176 805; x_wconf 92' lang='lat' dir='ltr'><strong>et</strong></span> <span class='ocrx_word' id='word_1_171' title='bbox 2216 754 2331 805; x_wconf 92' lang='lat' dir='ltr'><strong>sive</strong></span> <span class='ocrx_word' id='word_1_172' title='bbox 2357 751 2513 819; x_wconf 87' lang='lat' dir='ltr'><strong>juxta</strong></span> <span class='ocrx_word' id='word_1_173' title='bbox 2547 748 3053 818; x_wconf 85' lang='lat' dir='ltr'><strong>interpretationem</strong></span> <span class='ocrx_word' id='word_1_174' title='bbox 3091 748 3298 817; x_wconf 63' lang='lat' dir='ltr'><strong>Aquilae</strong></span> <span class='ocrx_word' id='word_1_175' title='bbox 3334 761 3537 802; x_wconf 83' lang='lat' dir='ltr'><strong>secun-</strong></span> 
     </span>
    </p>
   </div>
   <div class='ocr_carea' id='block_1_22' title="bbox 1937 842 3534 921">
    <p class='ocr_par' dir='ltr' id='par_1_22' title="bbox 1937 842 3534 921">
     <span class='ocr_line' id='line_1_22' title="bbox 1937 842 3534 921; baseline -0.002 -20"><span class='ocrx_word' id='word_1_176' title='bbox 1937 846 2060 901; x_wconf 88' lang='lat' dir='ltr'><strong>dam</strong></span> <span class='ocrx_word' id='word_1_177' title='bbox 2084 848 2428 921; x_wconf 76' lang='grc' dir='ltr'><strong>συναλλαγῆς,</strong></span> <span class='ocrx_word' id='word_1_178' title='bbox 2474 844 2799 917; x_wconf 78' lang='lat' dir='ltr'><strong>sponsalium</strong></span> <span class='ocrx_word' id='word_1_179' title='bbox 2848 843 3127 909; x_wconf 86' lang='lat' dir='ltr'><strong>videlicet,</strong></span> <span class='ocrx_word' id='word_1_180' title='bbox 3168 852 3221 898; x_wconf 91' lang='lat' dir='ltr'><strong>et</strong></span> <span class='ocrx_word' id='word_1_181' title='bbox 3270 842 3534 912; x_wconf 85' lang='lat' dir='ltr'><strong>temporis</strong></span> 
     </span>
    </p>
   </div>
   <div class='ocr_carea' id='block_1_23' title="bbox 1936 937 3532 1008">
    <p class='ocr_par' dir='ltr' id='par_1_23' title="bbox 1936 937 3532 1008">
     <span class='ocr_line' id='line_1_23' title="bbox 1936 937 3532 1008; baseline -0.003 -15"><span class='ocrx_word' id='word_1_182' title='bbox 1936 939 2285 1008; x_wconf 87' lang='lat' dir='ltr'><strong>nuptiarum;</strong></span> <span class='ocrx_word' id='word_1_183' title='bbox 2314 942 2468 1007; x_wconf 84' lang='lat' dir='ltr'><strong>juxta</strong></span> <span class='ocrx_word' id='word_1_184' title='bbox 2517 939 2746 1007; x_wconf 83' lang='lat' dir='ltr'><strong>primam</strong></span> <span class='ocrx_word' id='word_1_185' title='bbox 2790 952 2924 992; x_wconf 88' lang='lat' dir='ltr'><strong>vero</strong></span> <span class='ocrx_word' id='word_1_186' title='bbox 2954 937 3196 1007; x_wconf 90' lang='lat' dir='ltr'><strong>ejusdem</strong></span> <span class='ocrx_word' id='word_1_187' title='bbox 3238 937 3532 991; x_wconf 88' lang='lat' dir='ltr'><strong>editionem</strong></span> 
     </span>
    </p>
   </div>
   <div class='ocr_carea' id='block_1_24' title="bbox 1936 1028 3533 1105">
    <p class='ocr_par' dir='ltr' id='par_1_24' title="bbox 1936 1028 3533 1105">
     <span class='ocr_line' id='line_1_24' title="bbox 1936 1028 3533 1105; baseline -0.004 -18"><span class='ocrx_word' id='word_1_188' title='bbox 1936 1042 1990 1087; x_wconf 91' lang='lat' dir='ltr'><strong>et</strong></span> <span class='ocrx_word' id='word_1_189' title='bbox 2025 1033 2454 1099; x_wconf 77' lang='lat' dir='ltr'><strong>Theodotionis,</strong></span> <span class='ocrx_word' id='word_1_190' title='bbox 2497 1040 2730 1105; x_wconf 73' lang='grc' dir='ltr'><strong>μαστῶν,</strong></span> <span class='ocrx_word' id='word_1_191' title='bbox 2780 1030 2922 1101; x_wconf 90' lang='lat' dir='ltr'><strong>quod</strong></span> <span class='ocrx_word' id='word_1_192' title='bbox 2969 1031 3362 1098; x_wconf 88' lang='lat' dir='ltr'><strong>interpretatur</strong></span> <span class='ocrx_word' id='word_1_193' title='bbox 3406 1028 3533 1081; x_wconf 88' lang='lat' dir='ltr'><strong>ube-</strong></span> 
     </span>
    </p>
   </div>
   <div class='ocr_carea' id='block_1_25' title="bbox 1934 1103 3536 1199">
    <p class='ocr_par' dir='ltr' id='par_1_25' title="bbox 1934 1103 3536 1199">
     <span class='ocr_line' id='line_1_25' title="bbox 1934 1103 3536 1199; baseline -0.002 -20"><span class='ocrx_word' id='word_1_194' title='bbox 1934 1143 2049 1179; x_wconf 89' lang='lat' dir='ltr'><strong>rum</strong></span> <span class='ocrx_word' id='word_1_195' title='bbox 2076 1144 2095 1180; x_wconf 93' lang='lat'><strong><em>:</em></strong></span> <span class='ocrx_word' id='word_1_196' title='bbox 2126 1143 2222 1195; x_wconf 88' lang='lat' dir='ltr'><strong>pro</strong></span> <span class='ocrx_word' id='word_1_197' title='bbox 2250 1143 2356 1194; x_wconf 89' lang='lat' dir='ltr'><strong>quo</strong></span> <span class='ocrx_word' id='word_1_198' title='bbox 2389 1103 2755 1197; x_wconf 72' lang='lat' dir='ltr'><strong>Symmachus</strong></span> <span class='ocrx_word' id='word_1_199' title='bbox 2786 1126 2951 1179; x_wconf 80' lang='lat' dir='ltr'><strong>vertit</strong></span> <span class='ocrx_word' id='word_1_200' title='bbox 2997 1126 3203 1199; x_wconf 75' lang='grc' dir='ltr'><strong>ἀγαπῆς</strong></span> <span class='ocrx_word' id='word_1_201' title='bbox 3226 1163 3241 1186; x_wconf 84' lang='grc'>,</span> <span class='ocrx_word' id='word_1_202' title='bbox 3273 1121 3417 1192; x_wconf 88' lang='lat' dir='ltr'><strong>qttod</strong></span> <span class='ocrx_word' id='word_1_203' title='bbox 3455 1122 3536 1176; x_wconf 86' lang='lat' dir='ltr'><strong>di-</strong></span> 
     </span>
    </p>
   </div>
   <div class='ocr_carea' id='block_1_26' title="bbox 1935 1215 3534 1289">
    <p class='ocr_par' dir='ltr' id='par_1_26' title="bbox 1935 1215 3534 1289">
     <span class='ocr_line' id='line_1_26' title="bbox 1935 1215 3534 1289; baseline -0.001 -17"><span class='ocrx_word' id='word_1_204' title='bbox 1935 1220 2202 1274; x_wconf 81' lang='lat' dir='ltr'><strong>lectionem</strong></span> <span class='ocrx_word' id='word_1_205' title='bbox 2252 1220 2599 1274; x_wconf 86' lang='lat' dir='ltr'><strong>sonat.lllud</strong></span> <span class='ocrx_word' id='word_1_206' title='bbox 2650 1220 2816 1289; x_wconf 78' lang='lat' dir='ltr'><strong>igitur</strong></span> <span class='ocrx_word' id='word_1_207' title='bbox 2870 1229 3081 1287; x_wconf 89' lang='lat' dir='ltr'><strong>tempus</strong></span> <span class='ocrx_word' id='word_1_208' title='bbox 3134 1225 3273 1283; x_wconf 83' lang='lat' dir='ltr'><strong>erat,</strong></span> <span class='ocrx_word' id='word_1_209' title='bbox 3315 1215 3534 1286; x_wconf 85' lang='lat' dir='ltr'><strong>quando</strong></span> 
     </span>
    </p>
   </div>
   <div class='ocr_carea' id='block_1_27' title="bbox 1935 1311 3533 1384">
    <p class='ocr_par' dir='ltr' id='par_1_27' title="bbox 1935 1311 3533 1384">
     <span class='ocr_line' id='line_1_27' title="bbox 1935 1311 3533 1384; baseline -0.001 -17"><span class='ocrx_word' id='word_1_210' title='bbox 1935 1324 2166 1384; x_wconf 84' lang='lat' dir='ltr'><strong>possunt</strong></span> <span class='ocrx_word' id='word_1_211' title='bbox 2211 1315 2470 1370; x_wconf 84' lang='lat' dir='ltr'><strong>mulieres</strong></span> <span class='ocrx_word' id='word_1_212' title='bbox 2505 1313 2639 1367; x_wconf 90' lang='lat' dir='ltr'><strong>viris</strong></span> <span class='ocrx_word' id='word_1_213' title='bbox 2679 1314 2874 1367; x_wconf 81' lang='lat' dir='ltr'><strong>sociari</strong></span> <span class='ocrx_word' id='word_1_214' title='bbox 2904 1354 2919 1378; x_wconf 92' lang='lat'><strong>,</strong></span> <span class='ocrx_word' id='word_1_215' title='bbox 2953 1320 3005 1367; x_wconf 92' lang='lat' dir='ltr'><strong>et</strong></span> <span class='ocrx_word' id='word_1_216' title='bbox 3031 1312 3301 1366; x_wconf 89' lang='lat' dir='ltr'><strong>sustinere</strong></span> <span class='ocrx_word' id='word_1_217' title='bbox 3330 1311 3533 1365; x_wconf 88' lang='lat' dir='ltr'><strong>coitqu</strong></span> 
     </span>
    </p>
   </div>
   <div class='ocr_carea' id='block_1_28' title="bbox 1933 1401 3529 1471">
    <p class='ocr_par' dir='ltr' id='par_1_28' title="bbox 1933 1401 3529 1471">
     <span class='ocr_line' id='line_1_28' title="bbox 1933 1401 3529 1471; baseline -0.001 -12"><span class='ocrx_word' id='word_1_218' title='bbox 1933 1406 2261 1460; x_wconf 83' lang='lat' dir='ltr'><strong>maritalem.</strong></span> <span class='ocrx_word' id='word_1_219' title='bbox 2293 1405 2547 1460; x_wconf 83' lang='lat' dir='ltr'><strong>Attamen</strong></span> <span class='ocrx_word' id='word_1_220' title='bbox 2589 1403 2903 1458; x_wconf 71' lang='lat' dir='ltr'><strong>miserichrs</strong></span> <span class='ocrx_word' id='word_1_221' title='bbox 2937 1403 3079 1459; x_wconf 90' lang='lat' dir='ltr'><strong>Deus</strong></span> <span class='ocrx_word' id='word_1_222' title='bbox 3109 1401 3370 1471; x_wconf 82' lang='lat' dir='ltr'><strong>expandit</strong></span> <span class='ocrx_word' id='word_1_223' title='bbox 3412 1401 3529 1457; x_wconf 86' lang='lat' dir='ltr'><strong>alas</strong></span> 
     </span>
    </p>
   </div>
   <div class='ocr_carea' id='block_1_29' title="bbox 1933 1495 3534 1569">
    <p class='ocr_par' dir='ltr' id='par_1_29' title="bbox 1933 1495 3534 1569">
     <span class='ocr_line' id='line_1_29' title="bbox 1933 1495 3534 1569; baseline -0.003 -15"><span class='ocrx_word' id='word_1_224' title='bbox 1933 1513 2060 1554; x_wconf 85' lang='lat' dir='ltr'><strong>suas</strong></span> <span class='ocrx_word' id='word_1_225' title='bbox 2080 1542 2093 1565; x_wconf 87' lang='lat'><strong>,</strong></span> <span class='ocrx_word' id='word_1_226' title='bbox 2121 1508 2174 1553; x_wconf 88' lang='lat' dir='ltr'><strong>et</strong></span> <span class='ocrx_word' id='word_1_227' title='bbox 2200 1501 2440 1568; x_wconf 89' lang='lat' dir='ltr'><strong>suscepit</strong></span> <span class='ocrx_word' id='word_1_228' title='bbox 2468 1514 2566 1554; x_wconf 90' lang='lat' dir='ltr'><strong>eos</strong></span> <span class='ocrx_word' id='word_1_229' title='bbox 2593 1540 2607 1563; x_wconf 93' lang='lat'><strong>,</strong></span> <span class='ocrx_word' id='word_1_230' title='bbox 2642 1508 2697 1553; x_wconf 90' lang='lat' dir='ltr'><strong>et</strong></span> <span class='ocrx_word' id='word_1_231' title='bbox 2731 1498 2888 1569; x_wconf 79' lang='lat'><strong>150</strong></span> <span class='ocrx_word' id='word_1_232' title='bbox 2914 1496 2965 1551; x_wconf 91' lang='lat' dir='ltr'><strong>in</strong></span> <span class='ocrx_word' id='word_1_233' title='bbox 2998 1498 3243 1551; x_wconf 86' lang='lat' dir='ltr'><strong>humeris</strong></span> <span class='ocrx_word' id='word_1_234' title='bbox 3268 1495 3383 1550; x_wconf 83' lang='lat' dir='ltr'><strong>Suis</strong></span> <span class='ocrx_word' id='word_1_235' title='bbox 3408 1510 3534 1564; x_wconf 90' lang='lat' dir='ltr'><strong>por-</strong></span> 
     </span>
    </p>
   </div>
   <div class='ocr_carea' id='block_1_30' title="bbox 1935 1588 3530 1659">
    <p class='ocr_par' dir='ltr' id='par_1_30' title="bbox 1935 1588 3530 1659">
     <span class='ocr_line' id='line_1_30' title="bbox 1935 1588 3530 1659; baseline -0.002 -15"><span class='ocrx_word' id='word_1_236' title='bbox 1935 1592 2063 1645; x_wconf 85' lang='lat' dir='ltr'><strong>tavit</strong></span> <span class='ocrx_word' id='word_1_237' title='bbox 2100 1605 2229 1655; x_wconf 87' lang='lat' dir='ltr'><strong>cos,</strong></span> <span class='ocrx_word' id='word_1_238' title='bbox 2259 1592 2408 1659; x_wconf 80' lang='lat' dir='ltr'><strong>juxta</strong></span> <span class='ocrx_word' id='word_1_239' title='bbox 2458 1590 2591 1644; x_wconf 92' lang='lat' dir='ltr'><strong>illud</strong></span> <span class='ocrx_word' id='word_1_240' title='bbox 2634 1591 2780 1659; x_wconf 89' lang='lat' dir='ltr'><strong>quod</strong></span> <span class='ocrx_word' id='word_1_241' title='bbox 2825 1591 2878 1641; x_wconf 91' lang='lat' dir='ltr'><strong>in</strong></span> <span class='ocrx_word' id='word_1_242' title='bbox 2935 1588 3226 1657; x_wconf 77' lang='lat' dir='ltr'><strong>Evangelia</strong></span> <span class='ocrx_word' id='word_1_243' title='bbox 3267 1588 3530 1655; x_wconf 80' lang='lat' dir='ltr'><strong>scriptum</strong></span> 
     </span>
    </p>
   </div>
   <div class='ocr_carea' id='block_1_31' title="bbox 1933 1681 3535 1753">
    <p class='ocr_par' dir='ltr' id='par_1_31' title="bbox 1933 1681 3535 1753">
     <span class='ocr_line' id='line_1_31' title="bbox 1933 1681 3535 1753; baseline 0 -17"><span class='ocrx_word' id='word_1_244' title='bbox 1933 1694 2016 1737; x_wconf 90' lang='lat' dir='ltr'><strong>est</strong></span> <span class='ocrx_word' id='word_1_245' title='bbox 2051 1701 2062 1737; x_wconf 91' lang='lat'><strong>:</strong></span> <span class='ocrx_word' id='word_1_246' title='bbox 2100 1684 2309 1748; x_wconf 75' lang='lat' dir='ltr'><strong>Quozies</strong></span> <span class='ocrx_word' id='word_1_247' title='bbox 2338 1682 2477 1737; x_wconf 82' lang='lat' dir='ltr'><strong>volui</strong></span> <span class='ocrx_word' id='word_1_248' title='bbox 2516 1699 2829 1753; x_wconf 82' lang='lat' dir='ltr'><strong>congregare</strong></span> <span class='ocrx_word' id='word_1_249' title='bbox 2870 1681 3005 1750; x_wconf 78' lang='lat' dir='ltr'><strong>ﬁlios</strong></span> <span class='ocrx_word' id='word_1_250' title='bbox 3036 1691 3148 1736; x_wconf 87' lang='lat' dir='ltr'><strong>tuos</strong></span> <span class='ocrx_word' id='word_1_251' title='bbox 3178 1683 3311 1736; x_wconf 82' lang='lat' dir='ltr'><strong>sicut</strong></span> <span class='ocrx_word' id='word_1_252' title='bbox 3337 1682 3535 1752; x_wconf 83' lang='lat' dir='ltr'><strong>gallina</strong></span> 
     </span>
    </p>
   </div>
   <div class='ocr_carea' id='block_1_32' title="bbox 1933 1774 3532 1848">
    <p class='ocr_par' dir='ltr' id='par_1_32' title="bbox 1933 1774 3532 1848">
     <span class='ocr_line' id='line_1_32' title="bbox 1933 1774 3532 1848; baseline 0 -20"><span class='ocrx_word' id='word_1_253' title='bbox 1933 1788 2207 1848; x_wconf 83' lang='lat' dir='ltr'><strong>congregat</strong></span> <span class='ocrx_word' id='word_1_254' title='bbox 2233 1776 2401 1846; x_wconf 83' lang='lat' dir='ltr'><strong>pullos</strong></span> <span class='ocrx_word' id='word_1_255' title='bbox 2424 1793 2547 1829; x_wconf 87' lang='lat' dir='ltr'><strong>suos</strong></span> <span class='ocrx_word' id='word_1_256' title='bbox 2565 1777 2658 1829; x_wconf 83' lang='lat' dir='ltr'><strong>sub</strong></span> <span class='ocrx_word' id='word_1_257' title='bbox 2675 1775 2786 1829; x_wconf 89' lang='lat' dir='ltr'><strong>alas</strong></span> <span class='ocrx_word' id='word_1_258' title='bbox 2801 1792 2945 1843; x_wconf 88' lang='lat' dir='ltr'><strong>suas,</strong></span> <span class='ocrx_word' id='word_1_259' title='bbox 2965 1784 3014 1829; x_wconf 91' lang='lat' dir='ltr'><strong>et</strong></span> <span class='ocrx_word' id='word_1_260' title='bbox 3033 1775 3245 1829; x_wconf 86' lang='lat' dir='ltr'><strong>noluisti</strong></span> <span class='ocrx_word' id='word_1_261' title='bbox 3259 1774 3411 1844; x_wconf 89' lang='lat' dir='ltr'><strong>(Luc.</strong></span> <span class='ocrx_word' id='word_1_262' title='bbox 3430 1790 3532 1841; x_wconf 78' lang='lat' dir='ltr'><strong>xu,</strong></span> 
     </span>
    </p>
   </div>
   <div class='ocr_carea' id='block_1_33' title="bbox 226 1867 3536 1938">
    <p class='ocr_par' dir='ltr' id='par_1_33' title="bbox 226 1867 3536 1938">
     <span class='ocr_line' id='line_1_33' title="bbox 226 1867 3536 1938; baseline -0.001 -13"><span class='ocrx_word' id='word_1_263' title='bbox 226 1885 413 1935; x_wconf 76' lang='lat' dir='ltr'><strong>versa;</strong></span> <span class='ocrx_word' id='word_1_264' title='bbox 447 1879 704 1938; x_wconf 85' lang='lat' dir='ltr'><strong>tantaque</strong></span> <span class='ocrx_word' id='word_1_265' title='bbox 728 1871 831 1926; x_wconf 88' lang='lat' dir='ltr'><strong>fuit</strong></span> <span class='ocrx_word' id='word_1_266' title='bbox 856 1873 911 1925; x_wconf 90' lang='lat' dir='ltr'><strong>in</strong></span> <span class='ocrx_word' id='word_1_267' title='bbox 936 1883 987 1928; x_wconf 88' lang='lat' dir='ltr'><strong>te</strong></span> <span class='ocrx_word' id='word_1_268' title='bbox 1007 1874 1249 1927; x_wconf 89' lang='lat' dir='ltr'><strong>omnium</strong></span> <span class='ocrx_word' id='word_1_269' title='bbox 1274 1872 1827 1937; x_wconf 85' lang='lat' dir='ltr'><strong>rerumabundantia,</strong></span> <span class='ocrx_word' id='word_1_270' title='bbox 1861 1871 1909 1930; x_wconf 90' lang='lat' dir='ltr'><strong>B</strong></span> <span class='ocrx_word' id='word_1_271' title='bbox 1937 1869 2079 1937; x_wconf 59' lang='grc' dir='ltr'><strong>ειη</strong></span> <span class='ocrx_word' id='word_1_272' title='bbox 2124 1868 2249 1922; x_wconf 88' lang='lat' dir='ltr'><strong>Sive</strong></span> <span class='ocrx_word' id='word_1_273' title='bbox 2296 1868 2555 1923; x_wconf 87' lang='lat' dir='ltr'><strong>amictum</strong></span> <span class='ocrx_word' id='word_1_274' title='bbox 2602 1869 2865 1937; x_wconf 76' lang='lat' dir='ltr'><strong>expandit</strong></span> <span class='ocrx_word' id='word_1_275' title='bbox 2915 1883 3013 1937; x_wconf 90' lang='lat' dir='ltr'><strong>pro</strong></span> <span class='ocrx_word' id='word_1_276' title='bbox 3060 1868 3163 1921; x_wconf 84' lang='lat' dir='ltr'><strong>alis</strong></span> <span class='ocrx_word' id='word_1_277' title='bbox 3194 1885 3206 1921; x_wconf 91' lang='lat'>:</span> <span class='ocrx_word' id='word_1_278' title='bbox 3243 1867 3347 1922; x_wconf 91' lang='lat' dir='ltr'><strong>hoc</strong></span> <span class='ocrx_word' id='word_1_279' title='bbox 3387 1867 3536 1921; x_wconf 89' lang='lat' dir='ltr'><strong>enim</strong></span> 
     </span>
    </p>
   </div>
   <div class='ocr_carea' id='block_1_34' title="bbox 224 1966 1830 2035">
    <p class='ocr_par' dir='ltr' id='par_1_34' title="bbox 224 1966 1830 2035">
     <span class='ocr_line' id='line_1_34' title="bbox 224 1966 1830 2035; baseline -0.002 -14"><span class='ocrx_word' id='word_1_280' title='bbox 224 1975 279 2021; x_wconf 86' lang='lat' dir='ltr'><strong>ut</strong></span> <span class='ocrx_word' id='word_1_281' title='bbox 308 1966 427 2035; x_wconf 77' lang='lat' dir='ltr'><strong>agri</strong></span> <span class='ocrx_word' id='word_1_282' title='bbox 462 1966 728 2021; x_wconf 83' lang='lat' dir='ltr'><strong>uberrimi</strong></span> <span class='ocrx_word' id='word_1_283' title='bbox 775 1967 1005 2023; x_wconf 84' lang='lat' dir='ltr'><strong>haberes</strong></span> <span class='ocrx_word' id='word_1_284' title='bbox 1036 1968 1451 2022; x_wconf 81' lang='lat' dir='ltr'><strong>similitudinem</strong></span> <span class='ocrx_word' id='word_1_285' title='bbox 1477 2009 1491 2032; x_wconf 93' lang='lat'><strong>,</strong></span> <span class='ocrx_word' id='word_1_286' title='bbox 1523 1978 1579 2021; x_wconf 91' lang='lat' dir='ltr'><strong>et</strong></span> <span class='ocrx_word' id='word_1_287' title='bbox 1607 1966 1830 2021; x_wconf 87' lang='lat' dir='ltr'><strong>benedi-</strong></span> 
     </span>
    </p>
   </div>
   <div class='ocr_carea' id='block_1_35' title="bbox 221 2060 1827 2132">
    <p class='ocr_par' dir='ltr' id='par_1_35' title="bbox 221 2060 1827 2132">
     <span class='ocr_line' id='line_1_35' title="bbox 221 2060 1827 2132; baseline -0.002 -15"><span class='ocrx_word' id='word_1_288' title='bbox 221 2063 459 2117; x_wconf 83' lang='lat' dir='ltr'><strong>ctionem</strong></span> <span class='ocrx_word' id='word_1_289' title='bbox 480 2062 672 2122; x_wconf 75' lang='lat' dir='ltr'><strong>Iacob,</strong></span> <span class='ocrx_word' id='word_1_290' title='bbox 696 2078 803 2132; x_wconf 89' lang='lat' dir='ltr'><strong>qua</strong></span> <span class='ocrx_word' id='word_1_291' title='bbox 829 2060 1105 2116; x_wconf 83' lang='lat' dir='ltr'><strong>benedixit</strong></span> <span class='ocrx_word' id='word_1_292' title='bbox 1136 2062 1186 2116; x_wconf 90' lang='lat' dir='ltr'><strong>ei</strong></span> <span class='ocrx_word' id='word_1_293' title='bbox 1214 2072 1369 2128; x_wconf 89' lang='lat' dir='ltr'><strong>pater</strong></span> <span class='ocrx_word' id='word_1_294' title='bbox 1396 2076 1550 2125; x_wconf 85' lang='lat' dir='ltr'><strong>suns,</strong></span> <span class='ocrx_word' id='word_1_295' title='bbox 1585 2061 1776 2113; x_wconf 88' lang='lat' dir='ltr'><strong>dicens</strong></span> <span class='ocrx_word' id='word_1_296' title='bbox 1812 2076 1827 2114; x_wconf 90' lang='lat'><strong>:</strong></span> 
     </span>
    </p>
   </div>
   <div class='ocr_carea' id='block_1_36' title="bbox 222 2151 1829 2224">
    <p class='ocr_par' dir='ltr' id='par_1_36' title="bbox 222 2151 1829 2224">
     <span class='ocr_line' id='line_1_36' title="bbox 222 2151 1829 2224; baseline -0.003 -16"><span class='ocrx_word' id='word_1_297' title='bbox 222 2152 352 2208; x_wconf 81' lang='lat' dir='ltr'><strong>Ecce</strong></span> <span class='ocrx_word' id='word_1_298' title='bbox 392 2152 527 2208; x_wconf 85' lang='lat' dir='ltr'><strong>odor</strong></span> <span class='ocrx_word' id='word_1_299' title='bbox 558 2154 657 2221; x_wconf 82' lang='lat' dir='ltr'><strong>filii</strong></span> <span class='ocrx_word' id='word_1_300' title='bbox 681 2156 779 2209; x_wconf 83' lang='lat' dir='ltr'><strong>mei</strong></span> <span class='ocrx_word' id='word_1_301' title='bbox 806 2155 938 2209; x_wconf 87' lang='lat' dir='ltr'><strong>sicut</strong></span> <span class='ocrx_word' id='word_1_302' title='bbox 965 2154 1095 2209; x_wconf 87' lang='lat' dir='ltr'><strong>odor</strong></span> <span class='ocrx_word' id='word_1_303' title='bbox 1121 2154 1236 2224; x_wconf 89' lang='lat' dir='ltr'><strong>agri</strong></span> <span class='ocrx_word' id='word_1_304' title='bbox 1266 2153 1427 2222; x_wconf 89' lang='lat' dir='ltr'><strong>pleni,</strong></span> <span class='ocrx_word' id='word_1_305' title='bbox 1461 2154 1543 2206; x_wconf 89' lang='lat' dir='ltr'><strong>cui</strong></span> <span class='ocrx_word' id='word_1_306' title='bbox 1574 2151 1829 2205; x_wconf 74' lang='lat' dir='ltr'><strong>benedixit</strong></span> 
     </span>
    </p>
   </div>
   <div class='ocr_carea' id='block_1_37' title="bbox 219 2244 1827 2318">
    <p class='ocr_par' dir='ltr' id='par_1_37' title="bbox 219 2244 1827 2318">
     <span class='ocr_line' id='line_1_37' title="bbox 219 2244 1827 2318; baseline -0.002 -18"><span class='ocrx_word' id='word_1_307' title='bbox 219 2245 481 2301; x_wconf 76' lang='lat' dir='ltr'><strong>Dominus</strong></span> <span class='ocrx_word' id='word_1_308' title='bbox 520 2244 736 2315; x_wconf 84' lang='lat' dir='ltr'><strong>(Genes.</strong></span> <span class='ocrx_word' id='word_1_309' title='bbox 781 2262 948 2312; x_wconf 74' lang='lat' dir='ltr'><strong>xxvu,</strong></span> <span class='ocrx_word' id='word_1_310' title='bbox 995 2244 1121 2318; x_wconf 89' lang='lat'><strong>27);</strong></span> <span class='ocrx_word' id='word_1_311' title='bbox 1159 2255 1213 2300; x_wconf 86' lang='lat' dir='ltr'><strong>et</strong></span> <span class='ocrx_word' id='word_1_312' title='bbox 1252 2246 1488 2300; x_wconf 88' lang='lat' dir='ltr'><strong>intrares</strong></span> <span class='ocrx_word' id='word_1_313' title='bbox 1529 2244 1827 2313; x_wconf 88' lang='lat' dir='ltr'><strong>penetralia</strong></span> 
     </span>
    </p>
   </div>
   <div class='ocr_carea' id='block_1_38' title="bbox 218 2338 1830 2411">
    <p class='ocr_par' dir='ltr' id='par_1_38' title="bbox 218 2338 1830 2411">
     <span class='ocr_line' id='line_1_38' title="bbox 218 2338 1830 2411; baseline -0.005 -13"><span class='ocrx_word' id='word_1_314' title='bbox 218 2342 467 2403; x_wconf 87' lang='lat' dir='ltr'><strong>Domini,</strong></span> <span class='ocrx_word' id='word_1_315' title='bbox 500 2340 829 2411; x_wconf 88' lang='lat' dir='ltr'><strong>diceresque</strong></span> <span class='ocrx_word' id='word_1_316' title='bbox 858 2357 982 2395; x_wconf 91' lang='lat' dir='ltr'><strong>cum</strong></span> <span class='ocrx_word' id='word_1_317' title='bbox 1022 2354 1223 2409; x_wconf 89' lang='lat' dir='ltr'><strong>sponsa</strong></span> <span class='ocrx_word' id='word_1_318' title='bbox 1256 2356 1268 2392; x_wconf 94' lang='lat'>:</span> <span class='ocrx_word' id='word_1_319' title='bbox 1300 2338 1599 2393; x_wconf 76' lang='lat' dir='ltr'><strong>Introduxit</strong></span> <span class='ocrx_word' id='word_1_320' title='bbox 1633 2353 1711 2389; x_wconf 91' lang='lat' dir='ltr'><strong>me</strong></span> <span class='ocrx_word' id='word_1_321' title='bbox 1739 2352 1830 2390; x_wconf 74' lang='lat' dir='ltr'><strong>rex</strong></span> 
     </span>
    </p>
   </div>
   <div class='ocr_carea' id='block_1_39' title="bbox 216 2431 1828 2505">
    <p class='ocr_par' dir='ltr' id='par_1_39' title="bbox 216 2431 1828 2505">
     <span class='ocr_line' id='line_1_39' title="bbox 216 2431 1828 2505; baseline -0.002 -19"><span class='ocrx_word' id='word_1_322' title='bbox 216 2433 271 2486; x_wconf 74' lang='lat' dir='ltr'><strong>in</strong></span> <span class='ocrx_word' id='word_1_323' title='bbox 306 2432 605 2487; x_wconf 75' lang='lat' dir='ltr'><strong>cubiculum</strong></span> <span class='ocrx_word' id='word_1_324' title='bbox 632 2450 787 2487; x_wconf 89' lang='lat' dir='ltr'><strong>suum</strong></span> <span class='ocrx_word' id='word_1_325' title='bbox 814 2431 991 2505; x_wconf 84' lang='lat' dir='ltr'><strong>(Cant.</strong></span> <span class='ocrx_word' id='word_1_326' title='bbox 1023 2448 1062 2499; x_wconf 88' lang='grc' dir='ltr'><strong>ι,</strong></span> <span class='ocrx_word' id='word_1_327' title='bbox 1095 2433 1194 2503; x_wconf 81' lang='lat'><strong>5);</strong></span> <span class='ocrx_word' id='word_1_328' title='bbox 1233 2443 1288 2487; x_wconf 89' lang='lat' dir='ltr'><strong>et</strong></span> <span class='ocrx_word' id='word_1_329' title='bbox 1319 2432 1387 2486; x_wconf 88' lang='lat' dir='ltr'><strong>ad</strong></span> <span class='ocrx_word' id='word_1_330' title='bbox 1418 2431 1677 2486; x_wconf 89' lang='lat' dir='ltr'><strong>mundum</strong></span> <span class='ocrx_word' id='word_1_331' title='bbox 1708 2446 1828 2483; x_wconf 81' lang='lat' dir='ltr'><strong>mu-</strong></span> 
     </span>
    </p>
   </div>
   <div class='ocr_carea' id='block_1_40' title="bbox 218 2522 1825 2597">
    <p class='ocr_par' dir='ltr' id='par_1_40' title="bbox 218 2522 1825 2597">
     <span class='ocr_line' id='line_1_40' title="bbox 218 2522 1825 2597; baseline -0.004 -16"><span class='ocrx_word' id='word_1_332' title='bbox 218 2524 445 2582; x_wconf 82' lang='lat' dir='ltr'><strong>liehrem</strong></span> <span class='ocrx_word' id='word_1_333' title='bbox 489 2528 833 2597; x_wconf 86' lang='lat' dir='ltr'><strong>pervenires,</strong></span> <span class='ocrx_word' id='word_1_334' title='bbox 879 2542 975 2594; x_wconf 89' lang='lat' dir='ltr'><strong>pro</strong></span> <span class='ocrx_word' id='word_1_335' title='bbox 1003 2542 1110 2595; x_wconf 89' lang='lat' dir='ltr'><strong>quo</strong></span> <span class='ocrx_word' id='word_1_336' title='bbox 1140 2525 1497 2594; x_wconf 66' lang='lat' dir='ltr'><strong>Septuaginta</strong></span> <span class='ocrx_word' id='word_1_337' title='bbox 1531 2522 1825 2577; x_wconf 86' lang='lat' dir='ltr'><strong>transtule-</strong></span> 
     </span>
    </p>
   </div>
   <div class='ocr_carea' id='block_1_41' title="bbox 216 2614 1828 2693">
    <p class='ocr_par' dir='ltr' id='par_1_41' title="bbox 216 2614 1828 2693">
     <span class='ocr_line' id='line_1_41' title="bbox 216 2614 1828 2693; baseline -0.006 -17"><span class='ocrx_word' id='word_1_338' title='bbox 216 2631 342 2677; x_wconf 84' lang='lat' dir='ltr'><strong>runt</strong></span> <span class='ocrx_word' id='word_1_339' title='bbox 370 2639 384 2675; x_wconf 87' lang='lat'><strong>:</strong></span> <span class='ocrx_word' id='word_1_340' title='bbox 410 2630 460 2675; x_wconf 88' lang='lat' dir='ltr'><strong>et</strong></span> <span class='ocrx_word' id='word_1_341' title='bbox 480 2622 719 2693; x_wconf 87' lang='lat' dir='ltr'><strong>ingressa</strong></span> <span class='ocrx_word' id='word_1_342' title='bbox 747 2637 800 2675; x_wconf 91' lang='lat' dir='ltr'><strong>es</strong></span> <span class='ocrx_word' id='word_1_343' title='bbox 822 2620 875 2674; x_wconf 92' lang='lat' dir='ltr'><strong>in</strong></span> <span class='ocrx_word' id='word_1_344' title='bbox 898 2620 1127 2674; x_wconf 84' lang='lat' dir='ltr'><strong>civitates</strong></span> <span class='ocrx_word' id='word_1_345' title='bbox 1152 2620 1449 2682; x_wconf 75' lang='lat' dir='ltr'><strong>civitatum;</strong></span> <span class='ocrx_word' id='word_1_346' title='bbox 1476 2628 1532 2671; x_wconf 93' lang='lat' dir='ltr'><strong>ut</strong></span> <span class='ocrx_word' id='word_1_347' title='bbox 1557 2614 1828 2683; x_wconf 85' lang='lat' dir='ltr'><strong>quomodo</strong></span> 
     </span>
    </p>
   </div>
   <div class='ocr_carea' id='block_1_42' title="bbox 216 2709 1829 2783">
    <p class='ocr_par' dir='ltr' id='par_1_42' title="bbox 216 2709 1829 2783">
     <span class='ocr_line' id='line_1_42' title="bbox 216 2709 1829 2783; baseline -0.004 -13"><span class='ocrx_word' id='word_1_348' title='bbox 216 2712 503 2770; x_wconf 77' lang='lat' dir='ltr'><strong>Canticum</strong></span> <span class='ocrx_word' id='word_1_349' title='bbox 523 2712 897 2775; x_wconf 86' lang='lat' dir='ltr'><strong>Canticorum.</strong></span> <span class='ocrx_word' id='word_1_350' title='bbox 916 2714 1242 2769; x_wconf 67' lang='lat' dir='ltr'><strong>etsaaculnm</strong></span> <span class='ocrx_word' id='word_1_351' title='bbox 1262 2713 1460 2766; x_wconf 82' lang='lat' dir='ltr'><strong>dicitur</strong></span> <span class='ocrx_word' id='word_1_352' title='bbox 1484 2709 1641 2783; x_wconf 62' lang='lat'><strong>1&amp;9</strong></span> <span class='ocrx_word' id='word_1_353' title='bbox 1657 2726 1829 2764; x_wconf 66' lang='lat' dir='ltr'><strong>saecu-</strong></span> 
     </span>
    </p>
   </div>
   <div class='ocr_carea' id='block_1_43' title="bbox 218 2804 1829 2876">
    <p class='ocr_par' dir='ltr' id='par_1_43' title="bbox 218 2804 1829 2876">
     <span class='ocr_line' id='line_1_43' title="bbox 218 2804 1829 2876; baseline -0.002 -15"><span class='ocrx_word' id='word_1_354' title='bbox 218 2806 393 2861; x_wconf 89' lang='lat' dir='ltr'><strong>lorum</strong></span> <span class='ocrx_word' id='word_1_355' title='bbox 418 2823 434 2873; x_wconf 89' lang='lat'><strong>;</strong></span> <span class='ocrx_word' id='word_1_356' title='bbox 459 2808 534 2861; x_wconf 87' lang='lat' dir='ltr'><strong>ita</strong></span> <span class='ocrx_word' id='word_1_357' title='bbox 557 2807 808 2862; x_wconf 83' lang='lat' dir='ltr'><strong>civitates</strong></span> <span class='ocrx_word' id='word_1_358' title='bbox 828 2806 1175 2876; x_wconf 89' lang='lat' dir='ltr'><strong>appellentur</strong></span> <span class='ocrx_word' id='word_1_359' title='bbox 1196 2804 1498 2860; x_wconf 88' lang='lat' dir='ltr'><strong>civitatum.</strong></span> <span class='ocrx_word' id='word_1_360' title='bbox 1524 2804 1602 2873; x_wconf 84' lang='lat' dir='ltr'><strong>De</strong></span> <span class='ocrx_word' id='word_1_361' title='bbox 1632 2804 1829 2872; x_wconf 81' lang='lat' dir='ltr'><strong>quibus</strong></span> 
     </span>
    </p>
   </div>
   <div class='ocr_carea' id='block_1_44' title="bbox 217 2897 1825 2971">
    <p class='ocr_par' dir='ltr' id='par_1_44' title="bbox 217 2897 1825 2971">
     <span class='ocr_line' id='line_1_44' title="bbox 217 2897 1825 2971; baseline -0.004 -16"><span class='ocrx_word' id='word_1_362' title='bbox 217 2899 271 2955; x_wconf 85' lang='lat' dir='ltr'><strong>in</strong></span> <span class='ocrx_word' id='word_1_363' title='bbox 293 2900 594 2971; x_wconf 72' lang='lat' dir='ltr'><strong>Evnngelio</strong></span> <span class='ocrx_word' id='word_1_364' title='bbox 620 2900 857 2955; x_wconf 85' lang='lat' dir='ltr'><strong>dicitur:</strong></span> <span class='ocrx_word' id='word_1_365' title='bbox 888 2898 1086 2953; x_wconf 81' lang='lat' dir='ltr'><strong>Habeto</strong></span> <span class='ocrx_word' id='word_1_366' title='bbox 1117 2909 1417 2968; x_wconf 85' lang='lat' dir='ltr'><strong>potestatem</strong></span> <span class='ocrx_word' id='word_1_367' title='bbox 1447 2914 1604 2966; x_wconf 81' lang='lat' dir='ltr'><strong>super</strong></span> <span class='ocrx_word' id='word_1_368' title='bbox 1630 2897 1825 2961; x_wconf 84' lang='lat' dir='ltr'><strong>decem,</strong></span> 
     </span>
    </p>
   </div>
   <div class='ocr_carea' id='block_1_45' title="bbox 217 2993 1829 3067">
    <p class='ocr_par' dir='ltr' id='par_1_45' title="bbox 217 2993 1829 3067">
     <span class='ocr_line' id='line_1_45' title="bbox 217 2993 1829 3067; baseline -0.004 -16"><span class='ocrx_word' id='word_1_369' title='bbox 217 2995 331 3051; x_wconf 83' lang='lat' dir='ltr'><strong>sive</strong></span> <span class='ocrx_word' id='word_1_370' title='bbox 350 3012 510 3067; x_wconf 83' lang='lat' dir='ltr'><strong>super</strong></span> <span class='ocrx_word' id='word_1_371' title='bbox 539 2996 767 3067; x_wconf 84' lang='lat' dir='ltr'><strong>quinque</strong></span> <span class='ocrx_word' id='word_1_372' title='bbox 789 2993 1190 3064; x_wconf 82' lang='lat' dir='ltr'><strong>civitates(Luc.</strong></span> <span class='ocrx_word' id='word_1_373' title='bbox 1220 3010 1334 3060; x_wconf 77' lang='lat' dir='ltr'><strong>Xlx,</strong></span> <span class='ocrx_word' id='word_1_374' title='bbox 1364 2996 1450 3058; x_wconf 82' lang='lat'><strong>17,</strong></span> <span class='ocrx_word' id='word_1_375' title='bbox 1480 2993 1566 3061; x_wconf 70' lang='lat'><strong>18)</strong></span> <span class='ocrx_word' id='word_1_376' title='bbox 1593 3011 1605 3046; x_wconf 88' lang='lat'><strong>:</strong></span> <span class='ocrx_word' id='word_1_377' title='bbox 1636 3003 1692 3047; x_wconf 89' lang='lat' dir='ltr'><strong>ut</strong></span> <span class='ocrx_word' id='word_1_378' title='bbox 1720 3009 1829 3047; x_wconf 87' lang='lat' dir='ltr'><strong>non</strong></span> 
     </span>
    </p>
   </div>
   <div class='ocr_carea' id='block_1_46' title="bbox 219 3087 1831 3159">
    <p class='ocr_par' dir='ltr' id='par_1_46' title="bbox 219 3087 1831 3159">
     <span class='ocr_line' id='line_1_46' title="bbox 219 3087 1831 3159; baseline -0.002 -14"><span class='ocrx_word' id='word_1_379' title='bbox 219 3090 397 3145; x_wconf 84' lang='lat' dir='ltr'><strong>solum</strong></span> <span class='ocrx_word' id='word_1_380' title='bbox 430 3091 652 3155; x_wconf 85' lang='lat' dir='ltr'><strong>civitas,</strong></span> <span class='ocrx_word' id='word_1_381' title='bbox 679 3090 775 3143; x_wconf 90' lang='lat' dir='ltr'><strong>sed</strong></span> <span class='ocrx_word' id='word_1_382' title='bbox 809 3088 1136 3159; x_wconf 89' lang='lat' dir='ltr'><strong>metropolis</strong></span> <span class='ocrx_word' id='word_1_383' title='bbox 1161 3088 1347 3144; x_wconf 84' lang='lat' dir='ltr'><strong>civitas</strong></span> <span class='ocrx_word' id='word_1_384' title='bbox 1391 3087 1711 3157; x_wconf 88' lang='lat' dir='ltr'><strong>appelleris,</strong></span> <span class='ocrx_word' id='word_1_385' title='bbox 1745 3101 1831 3141; x_wconf 84' lang='lat' dir='ltr'><strong>se—</strong></span> 
     </span>
    </p>
   </div>
   <div class='ocr_carea' id='block_1_47' title="bbox 220 3181 1828 3254">
    <p class='ocr_par' dir='ltr' id='par_1_47' title="bbox 220 3181 1828 3254">
     <span class='ocr_line' id='line_1_47' title="bbox 220 3181 1828 3254; baseline -0.005 -14"><span class='ocrx_word' id='word_1_386' title='bbox 220 3184 460 3240; x_wconf 85' lang='lat' dir='ltr'><strong>cundum</strong></span> <span class='ocrx_word' id='word_1_387' title='bbox 507 3183 645 3237; x_wconf 89' lang='lat' dir='ltr'><strong>illud</strong></span> <span class='ocrx_word' id='word_1_388' title='bbox 689 3183 836 3254; x_wconf 88' lang='lat' dir='ltr'><strong>quod</strong></span> <span class='ocrx_word' id='word_1_389' title='bbox 874 3183 926 3238; x_wconf 92' lang='lat' dir='ltr'><strong>in</strong></span> <span class='ocrx_word' id='word_1_390' title='bbox 974 3183 1116 3238; x_wconf 86' lang='lat' dir='ltr'><strong>Isaia</strong></span> <span class='ocrx_word' id='word_1_391' title='bbox 1147 3182 1347 3252; x_wconf 71' lang='lat' dir='ltr'><strong>legitur</strong></span> <span class='ocrx_word' id='word_1_392' title='bbox 1381 3198 1393 3233; x_wconf 88' lang='lat'>:</span> <span class='ocrx_word' id='word_1_393' title='bbox 1428 3181 1598 3235; x_wconf 80' lang='lat' dir='ltr'><strong>Mater</strong></span> <span class='ocrx_word' id='word_1_394' title='bbox 1624 3181 1828 3235; x_wconf 44' lang='lat' dir='ltr'><strong>urliium</strong></span> 
     </span>
    </p>
   </div>
   <div class='ocr_carea' id='block_1_48' title="bbox 1932 1961 3532 2039">
    <p class='ocr_par' dir='ltr' id='par_1_48' title="bbox 1932 1961 3532 2039">
     <span class='ocr_line' id='line_1_48' title="bbox 1932 1961 3532 2039; baseline 0.001 -24"><span class='ocrx_word' id='word_1_395' title='bbox 1932 1962 2330 2030; x_wconf 79' lang='lat' dir='ltr'><strong>interpretatur</strong></span> <span class='ocrx_word' id='word_1_396' title='bbox 2355 1965 2655 2039; x_wconf 69' lang='grc' dir='ltr'><strong>πτερύγιον,</strong></span> <span class='ocrx_word' id='word_1_397' title='bbox 2684 1978 2790 2029; x_wconf 70' lang='lat' dir='ltr'><strong>quit</strong></span> <span class='ocrx_word' id='word_1_398' title='bbox 2818 1970 3010 2031; x_wconf 89' lang='lat' dir='ltr'><strong>operta</strong></span> <span class='ocrx_word' id='word_1_399' title='bbox 3058 1971 3144 2018; x_wconf 90' lang='lat' dir='ltr'><strong>est</strong></span> <span class='ocrx_word' id='word_1_400' title='bbox 3188 1974 3242 2017; x_wconf 90' lang='lat' dir='ltr'><strong>et</strong></span> <span class='ocrx_word' id='word_1_401' title='bbox 3285 1961 3430 2016; x_wconf 82' lang='lat' dir='ltr'><strong>Ruth</strong></span> <span class='ocrx_word' id='word_1_402' title='bbox 3463 1961 3532 2017; x_wconf 82' lang='lat' dir='ltr'><strong>ad</strong></span> 
     </span>
    </p>
   </div>
   <div class='ocr_carea' id='block_1_49' title="bbox 1931 2054 3529 2126">
    <p class='ocr_par' dir='ltr' id='par_1_49' title="bbox 1931 2054 3529 2126">
     <span class='ocr_line' id='line_1_49' title="bbox 1931 2054 3529 2126; baseline 0.001 -18"><span class='ocrx_word' id='word_1_403' title='bbox 1931 2055 2097 2123; x_wconf 83' lang='lat' dir='ltr'><strong>pedes</strong></span> <span class='ocrx_word' id='word_1_404' title='bbox 2129 2056 2407 2110; x_wconf 88' lang='lat' dir='ltr'><strong>dormiens</strong></span> <span class='ocrx_word' id='word_1_405' title='bbox 2436 2057 2578 2110; x_wconf 84' lang='lat' dir='ltr'><strong>Bouz</strong></span> <span class='ocrx_word' id='word_1_406' title='bbox 2607 2054 2794 2126; x_wconf 79' lang='lat' dir='ltr'><strong>(Ruth.</strong></span> <span class='ocrx_word' id='word_1_407' title='bbox 2821 2055 2925 2121; x_wconf 87' lang='grc' dir='ltr'><strong>ιιι).</strong></span> <span class='ocrx_word' id='word_1_408' title='bbox 2964 2056 3029 2109; x_wconf 80' lang='lat' dir='ltr'><strong>Et</strong></span> <span class='ocrx_word' id='word_1_409' title='bbox 3078 2055 3131 2109; x_wconf 85' lang='lat' dir='ltr'><strong>iit</strong></span> <span class='ocrx_word' id='word_1_410' title='bbox 3165 2070 3259 2109; x_wconf 90' lang='lat' dir='ltr'><strong>ora</strong></span> <span class='ocrx_word' id='word_1_411' title='bbox 3284 2097 3298 2121; x_wconf 92' lang='lat'><strong>,</strong></span> <span class='ocrx_word' id='word_1_412' title='bbox 3329 2054 3385 2110; x_wconf 90' lang='lat' dir='ltr'><strong>id</strong></span> <span class='ocrx_word' id='word_1_413' title='bbox 3415 2064 3529 2122; x_wconf 90' lang='lat' dir='ltr'><strong>est,</strong></span> 
     </span>
    </p>
   </div>
   <div class='ocr_carea' id='block_1_50' title="bbox 1931 2153 3535 2227">
    <p class='ocr_par' dir='ltr' id='par_1_50' title="bbox 1931 2153 3535 2227">
     <span class='ocr_line' id='line_1_50' title="bbox 1931 2153 3535 2227; baseline 0.001 -20"><span class='ocrx_word' id='word_1_414' title='bbox 1931 2156 2190 2227; x_wconf 71' lang='grc' dir='ltr'><strong>πτερυγίῳ</strong></span> <span class='ocrx_word' id='word_1_415' title='bbox 2239 2153 2549 2206; x_wconf 83' lang='lat' dir='ltr'><strong>chtimenti</strong></span> <span class='ocrx_word' id='word_1_416' title='bbox 2599 2156 2793 2219; x_wconf 91' lang='lat' dir='ltr'><strong>nostri,</strong></span> <span class='ocrx_word' id='word_1_417' title='bbox 2836 2153 3097 2222; x_wconf 90' lang='lat' dir='ltr'><strong>jubemur</strong></span> <span class='ocrx_word' id='word_1_418' title='bbox 3154 2153 3535 2223; x_wconf 79' lang='lat' dir='ltr'><strong>hyacintltinas</strong></span> 
     </span>
    </p>
   </div>
   <div class='ocr_carea' id='block_1_51' title="bbox 1928 2243 3532 2315">
    <p class='ocr_par' dir='ltr' id='par_1_51' title="bbox 1928 2243 3532 2315">
     <span class='ocr_line' id='line_1_51' title="bbox 1928 2243 3532 2315; baseline 0.001 -18"><span class='ocrx_word' id='word_1_419' title='bbox 1928 2243 2171 2297; x_wconf 85' lang='lat' dir='ltr'><strong>ﬁmbrias</strong></span> <span class='ocrx_word' id='word_1_420' title='bbox 2196 2246 2441 2315; x_wconf 79' lang='lat' dir='ltr'><strong>alligare.</strong></span> <span class='ocrx_word' id='word_1_421' title='bbox 2480 2245 2606 2300; x_wconf 64' lang='lat' dir='ltr'><strong>ilzrc</strong></span> <span class='ocrx_word' id='word_1_422' title='bbox 2646 2255 2830 2298; x_wconf 89' lang='lat' dir='ltr'><strong>autem</strong></span> <span class='ocrx_word' id='word_1_423' title='bbox 2862 2245 2990 2299; x_wconf 86' lang='lat' dir='ltr'><strong>fecit</strong></span> <span class='ocrx_word' id='word_1_424' title='bbox 3013 2258 3071 2298; x_wconf 90' lang='lat' dir='ltr'><strong>ut</strong></span> <span class='ocrx_word' id='word_1_425' title='bbox 3101 2246 3345 2313; x_wconf 88' lang='lat' dir='ltr'><strong>operiret</strong></span> <span class='ocrx_word' id='word_1_426' title='bbox 3374 2251 3532 2315; x_wconf 79' lang='lat' dir='ltr'><strong>igno-</strong></span> 
     </span>
    </p>
   </div>
   <div class='ocr_carea' id='block_1_52' title="bbox 1928 2334 3537 2406">
    <p class='ocr_par' dir='ltr' id='par_1_52' title="bbox 1928 2334 3537 2406">
     <span class='ocr_line' id='line_1_52' title="bbox 1928 2334 3537 2406; baseline 0.001 -17"><span class='ocrx_word' id='word_1_427' title='bbox 1928 2334 2151 2389; x_wconf 88' lang='lat' dir='ltr'><strong>miniam</strong></span> <span class='ocrx_word' id='word_1_428' title='bbox 2181 2334 2491 2390; x_wconf 86' lang='lat' dir='ltr'><strong>Jerusalem</strong></span> <span class='ocrx_word' id='word_1_429' title='bbox 2524 2354 2535 2389; x_wconf 77' lang='grc' dir='ltr'>ε</span> <span class='ocrx_word' id='word_1_430' title='bbox 2570 2337 2810 2406; x_wconf 53' lang='lat' dir='ltr'><strong>genitale</strong></span> <span class='ocrx_word' id='word_1_431' title='bbox 2839 2335 3163 2390; x_wconf 90' lang='lat' dir='ltr'><strong>feminarum</strong></span> <span class='ocrx_word' id='word_1_432' title='bbox 3191 2337 3293 2390; x_wconf 90' lang='lat' dir='ltr'><strong>sub</strong></span> <span class='ocrx_word' id='word_1_433' title='bbox 3315 2338 3418 2391; x_wconf 89' lang='lat' dir='ltr'><strong>hoc</strong></span> <span class='ocrx_word' id='word_1_434' title='bbox 3439 2351 3537 2391; x_wconf 88' lang='lat' dir='ltr'><strong>no-</strong></span> 
     </span>
    </p>
   </div>
   <div class='ocr_carea' id='block_1_53' title="bbox 1931 2428 3533 2499">
    <p class='ocr_par' dir='ltr' id='par_1_53' title="bbox 1931 2428 3533 2499">
     <span class='ocr_line' id='line_1_53' title="bbox 1931 2428 3533 2499; baseline 0.002 -17"><span class='ocrx_word' id='word_1_435' title='bbox 1931 2428 2077 2483; x_wconf 88' lang='lat' dir='ltr'><strong>mine</strong></span> <span class='ocrx_word' id='word_1_436' title='bbox 2107 2445 2308 2498; x_wconf 89' lang='lat' dir='ltr'><strong>corpus</strong></span> <span class='ocrx_word' id='word_1_437' title='bbox 2340 2429 2660 2484; x_wconf 87' lang='lat' dir='ltr'><strong>ostendens.</strong></span> <span class='ocrx_word' id='word_1_438' title='bbox 2698 2428 2913 2482; x_wconf 86' lang='lat' dir='ltr'><strong>Etenim</strong></span> <span class='ocrx_word' id='word_1_439' title='bbox 2960 2429 3113 2499; x_wconf 85' lang='lat' dir='ltr'><strong>juxta</strong></span> <span class='ocrx_word' id='word_1_440' title='bbox 3161 2430 3485 2498; x_wconf 86' lang='lat' dir='ltr'><strong>Apostolum</strong></span> <span class='ocrx_word' id='word_1_441' title='bbox 3517 2447 3533 2486; x_wconf 86' lang='lat'><strong>:</strong></span> 
     </span>
    </p>
   </div>
   <div class='ocr_carea' id='block_1_54' title="bbox 1929 2521 3530 2595">
    <p class='ocr_par' dir='ltr' id='par_1_54' title="bbox 1929 2521 3530 2595">
     <span class='ocr_line' id='line_1_54' title="bbox 1929 2521 3530 2595; baseline 0.001 -20"><span class='ocrx_word' id='word_1_442' title='bbox 1929 2521 2217 2578; x_wconf 77' lang='lat' dir='ltr'><strong>Inhonesta</strong></span> <span class='ocrx_word' id='word_1_443' title='bbox 2259 2524 2491 2595; x_wconf 81' lang='lat' dir='ltr'><strong>corporis</strong></span> <span class='ocrx_word' id='word_1_444' title='bbox 2542 2524 2707 2576; x_wconf 83' lang='lat' dir='ltr'><strong>nostri</strong></span> <span class='ocrx_word' id='word_1_445' title='bbox 2750 2526 2954 2594; x_wconf 86' lang='lat' dir='ltr'><strong>majore</strong></span> <span class='ocrx_word' id='word_1_446' title='bbox 2994 2525 3188 2577; x_wconf 82' lang='lat' dir='ltr'><strong>honore</strong></span> <span class='ocrx_word' id='word_1_447' title='bbox 3233 2524 3530 2577; x_wconf 86' lang='lat' dir='ltr'><strong>circumda-</strong></span> 
     </span>
    </p>
   </div>
   <div class='ocr_carea' id='block_1_55' title="bbox 1929 2612 3532 2686">
    <p class='ocr_par' dir='ltr' id='par_1_55' title="bbox 1929 2612 3532 2686">
     <span class='ocr_line' id='line_1_55' title="bbox 1929 2612 3532 2686; baseline 0.002 -19"><span class='ocrx_word' id='word_1_448' title='bbox 1929 2632 2041 2668; x_wconf 87' lang='lat' dir='ltr'><strong>mus</strong></span> <span class='ocrx_word' id='word_1_449' title='bbox 2102 2615 2155 2686; x_wconf 91' lang='lat' dir='ltr'><strong>(l</strong></span> <span class='ocrx_word' id='word_1_450' title='bbox 2189 2612 2309 2669; x_wconf 89' lang='lat' dir='ltr'><strong>Cor.</strong></span> <span class='ocrx_word' id='word_1_451' title='bbox 2355 2631 2471 2683; x_wconf 81' lang='lat' dir='ltr'><strong>xu,</strong></span> <span class='ocrx_word' id='word_1_452' title='bbox 2518 2614 2649 2685; x_wconf 78' lang='grc'><strong>15).</strong></span> <span class='ocrx_word' id='word_1_453' title='bbox 2702 2614 2857 2671; x_wconf 88' lang='lat' dir='ltr'><strong>Unde</strong></span> <span class='ocrx_word' id='word_1_454' title='bbox 2912 2624 2967 2669; x_wconf 87' lang='lat' dir='ltr'><strong>et</strong></span> <span class='ocrx_word' id='word_1_455' title='bbox 3015 2615 3302 2672; x_wconf 86' lang='lat' dir='ltr'><strong>Psalmista</strong></span> <span class='ocrx_word' id='word_1_456' title='bbox 3347 2617 3532 2671; x_wconf 89' lang='lat' dir='ltr'><strong>canit:</strong></span> 
     </span>
    </p>
   </div>
   <div class='ocr_carea' id='block_1_56' title="bbox 1930 2708 3534 2780">
    <p class='ocr_par' dir='ltr' id='par_1_56' title="bbox 1930 2708 3534 2780">
     <span class='ocr_line' id='line_1_56' title="bbox 1930 2708 3534 2780; baseline 0.003 -19"><span class='ocrx_word' id='word_1_457' title='bbox 1930 2708 2079 2763; x_wconf 85' lang='lat' dir='ltr'><strong>Beati</strong></span> <span class='ocrx_word' id='word_1_458' title='bbox 2098 2726 2318 2778; x_wconf 86' lang='lat' dir='ltr'><strong>quorum</strong></span> <span class='ocrx_word' id='word_1_459' title='bbox 2339 2711 2566 2764; x_wconf 76' lang='lat' dir='ltr'><strong>remissa:</strong></span> <span class='ocrx_word' id='word_1_460' title='bbox 2592 2720 2709 2769; x_wconf 79' lang='lat' dir='ltr'><strong>sunt</strong></span> <span class='ocrx_word' id='word_1_461' title='bbox 2735 2710 3062 2777; x_wconf 79' lang='lat' dir='ltr'><strong>iniquitates,</strong></span> <span class='ocrx_word' id='word_1_462' title='bbox 3086 2719 3131 2763; x_wconf 78' lang='lat' dir='ltr'><strong>et</strong></span> <span class='ocrx_word' id='word_1_463' title='bbox 3158 2726 3376 2780; x_wconf 79' lang='lat' dir='ltr'><strong>quorum</strong></span> <span class='ocrx_word' id='word_1_464' title='bbox 3401 2721 3534 2766; x_wconf 86' lang='lat' dir='ltr'><strong>tecta</strong></span> 
     </span>
    </p>
   </div>
   <div class='ocr_carea' id='block_1_57' title="bbox 1929 2801 3537 2875">
    <p class='ocr_par' dir='ltr' id='par_1_57' title="bbox 1929 2801 3537 2875">
     <span class='ocr_line' id='line_1_57' title="bbox 1929 2801 3537 2875; baseline 0.002 -20"><span class='ocrx_word' id='word_1_465' title='bbox 1929 2812 2046 2856; x_wconf 87' lang='lat' dir='ltr'><strong>sunt</strong></span> <span class='ocrx_word' id='word_1_466' title='bbox 2077 2813 2283 2871; x_wconf 88' lang='lat' dir='ltr'><strong>peccata</strong></span> <span class='ocrx_word' id='word_1_467' title='bbox 2306 2802 2434 2874; x_wconf 86' lang='lat' dir='ltr'><strong>(Ps.</strong></span> <span class='ocrx_word' id='word_1_468' title='bbox 2468 2820 2621 2868; x_wconf 76' lang='lat' dir='ltr'><strong>xxxi,</strong></span> <span class='ocrx_word' id='word_1_469' title='bbox 2646 2803 2722 2874; x_wconf 80' lang='grc'><strong>1).</strong></span> <span class='ocrx_word' id='word_1_470' title='bbox 2754 2802 2887 2870; x_wconf 74' lang='lat' dir='ltr'><strong>Qua:</strong></span> <span class='ocrx_word' id='word_1_471' title='bbox 2918 2801 3088 2857; x_wconf 85' lang='lat' dir='ltr'><strong>Cham</strong></span> <span class='ocrx_word' id='word_1_472' title='bbox 3117 2804 3239 2873; x_wconf 83' lang='lat' dir='ltr'><strong>quia</strong></span> <span class='ocrx_word' id='word_1_473' title='bbox 3266 2820 3374 2858; x_wconf 92' lang='lat' dir='ltr'><strong>non</strong></span> <span class='ocrx_word' id='word_1_474' title='bbox 3408 2820 3537 2875; x_wconf 90' lang='lat' dir='ltr'><strong>pro-</strong></span> 
     </span>
    </p>
   </div>
   <div class='ocr_carea' id='block_1_58' title="bbox 1931 2895 3536 2967">
    <p class='ocr_par' dir='ltr' id='par_1_58' title="bbox 1931 2895 3536 2967">
     <span class='ocr_line' id='line_1_58' title="bbox 1931 2895 3536 2967; baseline 0.001 -17"><span class='ocrx_word' id='word_1_475' title='bbox 1931 2895 2063 2950; x_wconf 83' lang='lat' dir='ltr'><strong>texit</strong></span> <span class='ocrx_word' id='word_1_476' title='bbox 2102 2897 2155 2949; x_wconf 92' lang='lat' dir='ltr'><strong>in</strong></span> <span class='ocrx_word' id='word_1_477' title='bbox 2198 2908 2389 2965; x_wconf 85' lang='lat' dir='ltr'><strong>patre,</strong></span> <span class='ocrx_word' id='word_1_478' title='bbox 2424 2906 2628 2951; x_wconf 82' lang='lat' dir='ltr'><strong>aeterna</strong></span> <span class='ocrx_word' id='word_1_479' title='bbox 2679 2895 3067 2951; x_wconf 80' lang='lat' dir='ltr'><strong>maledictione</strong></span> <span class='ocrx_word' id='word_1_480' title='bbox 3113 2897 3359 2967; x_wconf 86' lang='lat' dir='ltr'><strong>signatur</strong></span> <span class='ocrx_word' id='word_1_481' title='bbox 3393 2896 3536 2967; x_wconf 82' lang='lat' dir='ltr'><strong>(Ge-</strong></span> 
     </span>
    </p>
   </div>
   <div class='ocr_carea' id='block_1_59' title="bbox 1933 2986 3534 3059">
    <p class='ocr_par' dir='ltr' id='par_1_59' title="bbox 1933 2986 3534 3059">
     <span class='ocr_line' id='line_1_59' title="bbox 1933 2986 3534 3059; baseline 0.002 -17"><span class='ocrx_word' id='word_1_482' title='bbox 1933 3005 2039 3042; x_wconf 77' lang='lat' dir='ltr'><strong>nes.</strong></span> <span class='ocrx_word' id='word_1_483' title='bbox 2072 3004 2123 3042; x_wconf 76' lang='grc' dir='ltr'><strong>ιχ</strong></span> <span class='ocrx_word' id='word_1_484' title='bbox 2150 2986 2192 3059; x_wconf 92' lang='grc'><strong>).</strong></span> <span class='ocrx_word' id='word_1_485' title='bbox 2225 2988 2379 3057; x_wconf 83' lang='lat' dir='ltr'><strong>Quod</strong></span> <span class='ocrx_word' id='word_1_486' title='bbox 2413 2990 2479 3044; x_wconf 87' lang='lat' dir='ltr'><strong>de</strong></span> <span class='ocrx_word' id='word_1_487' title='bbox 2500 2988 2803 3045; x_wconf 81' lang='lat' dir='ltr'><strong>Jerusalem</strong></span> <span class='ocrx_word' id='word_1_488' title='bbox 2828 2989 3070 3044; x_wconf 78' lang='lat' dir='ltr'><strong>diximus</strong></span> <span class='ocrx_word' id='word_1_489' title='bbox 3092 3033 3106 3057; x_wconf 95' lang='lat'><strong>,</strong></span> <span class='ocrx_word' id='word_1_490' title='bbox 3140 2990 3439 3045; x_wconf 85' lang='lat' dir='ltr'><strong>referamus</strong></span> <span class='ocrx_word' id='word_1_491' title='bbox 3464 2990 3534 3045; x_wconf 87' lang='lat' dir='ltr'><strong>ad</strong></span> 
     </span>
    </p>
   </div>
   <div class='ocr_carea' id='block_1_60' title="bbox 1931 3084 3540 3155">
    <p class='ocr_par' dir='ltr' id='par_1_60' title="bbox 1931 3084 3540 3155">
     <span class='ocr_line' id='line_1_60' title="bbox 1931 3084 3540 3155; baseline 0 -16"><span class='ocrx_word' id='word_1_492' title='bbox 1931 3086 2168 3139; x_wconf 85' lang='lat' dir='ltr'><strong>animam</strong></span> <span class='ocrx_word' id='word_1_493' title='bbox 2200 3096 2440 3139; x_wconf 86' lang='lat' dir='ltr'><strong>nostram</strong></span> <span class='ocrx_word' id='word_1_494' title='bbox 2467 3128 2480 3152; x_wconf 93' lang='lat'><strong>,</strong></span> <span class='ocrx_word' id='word_1_495' title='bbox 2511 3100 2634 3155; x_wconf 65' lang='lat' dir='ltr'><strong>quae</strong></span> <span class='ocrx_word' id='word_1_496' title='bbox 2663 3084 2922 3155; x_wconf 82' lang='lat' dir='ltr'><strong>quamdiu</strong></span> <span class='ocrx_word' id='word_1_497' title='bbox 2972 3086 3022 3139; x_wconf 91' lang='lat' dir='ltr'><strong>in</strong></span> <span class='ocrx_word' id='word_1_498' title='bbox 3069 3084 3299 3139; x_wconf 86' lang='lat' dir='ltr'><strong>infantia</strong></span> <span class='ocrx_word' id='word_1_499' title='bbox 3332 3084 3540 3140; x_wconf 89' lang='lat' dir='ltr'><strong>consti-</strong></span> 
     </span>
    </p>
   </div>
   <div class='ocr_carea' id='block_1_61' title="bbox 1933 3179 3538 3251">
    <p class='ocr_par' dir='ltr' id='par_1_61' title="bbox 1933 3179 3538 3251">
     <span class='ocr_line' id='line_1_61' title="bbox 1933 3179 3538 3251; baseline 0.001 -17"><span class='ocrx_word' id='word_1_500' title='bbox 1933 3189 2043 3234; x_wconf 87' lang='lat' dir='ltr'><strong>tuta</strong></span> <span class='ocrx_word' id='word_1_501' title='bbox 2073 3190 2158 3236; x_wconf 92' lang='lat' dir='ltr'><strong>est</strong></span> <span class='ocrx_word' id='word_1_502' title='bbox 2184 3222 2198 3245; x_wconf 93' lang='lat'><strong>,</strong></span> <span class='ocrx_word' id='word_1_503' title='bbox 2230 3189 2453 3251; x_wconf 80' lang='lat' dir='ltr'><strong>peccato</strong></span> <span class='ocrx_word' id='word_1_504' title='bbox 2476 3190 2644 3236; x_wconf 87' lang='lat' dir='ltr'><strong>caret.</strong></span> <span class='ocrx_word' id='word_1_505' title='bbox 2670 3179 2805 3234; x_wconf 89' lang='lat' dir='ltr'><strong>Cum</strong></span> <span class='ocrx_word' id='word_1_506' title='bbox 2837 3190 3020 3236; x_wconf 88' lang='lat' dir='ltr'><strong>autem</strong></span> <span class='ocrx_word' id='word_1_507' title='bbox 3052 3181 3227 3236; x_wconf 62' lang='lat' dir='ltr'><strong>relatis</strong></span> <span class='ocrx_word' id='word_1_508' title='bbox 3255 3181 3375 3251; x_wconf 73' lang='lat' dir='ltr'><strong>ejus</strong></span> <span class='ocrx_word' id='word_1_509' title='bbox 3399 3190 3538 3236; x_wconf 83' lang='lat' dir='ltr'><strong>tem-</strong></span> 
     </span>
    </p>
   </div>
   <div class='ocr_carea' id='block_1_62' title="bbox 219 3255 3540 3346">
    <p class='ocr_par' dir='ltr' id='par_1_62' title="bbox 219 3255 3540 3346">
     <span class='ocr_line' id='line_1_62' title="bbox 219 3255 3540 3346; baseline 0.001 -18"><span class='ocrx_word' id='word_1_510' title='bbox 219 3275 389 3344; x_wconf 75' lang='lat' dir='ltr'><strong>ﬁdelis</strong></span> <span class='ocrx_word' id='word_1_511' title='bbox 420 3274 553 3331; x_wconf 87' lang='lat' dir='ltr'><strong>Sion</strong></span> <span class='ocrx_word' id='word_1_512' title='bbox 581 3275 717 3345; x_wconf 89' lang='lat' dir='ltr'><strong>(Isa.</strong></span> <span class='ocrx_word' id='word_1_513' title='bbox 752 3292 801 3341; x_wconf 85' lang='grc' dir='ltr'><strong>ι,</strong></span> <span class='ocrx_word' id='word_1_514' title='bbox 832 3275 903 3332; x_wconf 85' lang='lat'><strong>26</strong></span> <span class='ocrx_word' id='word_1_515' title='bbox 924 3318 938 3339; x_wconf 91' lang='lat'><strong>,</strong></span> <span class='ocrx_word' id='word_1_516' title='bbox 970 3274 1086 3346; x_wconf 85' lang='lat'><strong>27).</strong></span> <span class='ocrx_word' id='word_1_517' title='bbox 1117 3275 1288 3329; x_wconf 89' lang='lat' dir='ltr'><strong>Porro</strong></span> <span class='ocrx_word' id='word_1_518' title='bbox 1316 3276 1459 3345; x_wconf 84' lang='lat' dir='ltr'><strong>quod</strong></span> <span class='ocrx_word' id='word_1_519' title='bbox 1490 3276 1825 3343; x_wconf 90' lang='lat' dir='ltr'><strong>interpreta-</strong></span> <span class='ocrx_word' id='word_1_520' title='bbox 1855 3255 1899 3317; x_wconf 65' lang='grc' dir='ltr'><strong>(ἶ</strong></span> <span class='ocrx_word' id='word_1_521' title='bbox 1935 3290 2036 3345; x_wconf 90' lang='lat' dir='ltr'><strong>pus</strong></span> <span class='ocrx_word' id='word_1_522' title='bbox 2064 3275 2381 3343; x_wconf 88' lang='lat' dir='ltr'><strong>advenerit,</strong></span> <span class='ocrx_word' id='word_1_523' title='bbox 2433 3275 2590 3329; x_wconf 91' lang='lat' dir='ltr'><strong>multi</strong></span> <span class='ocrx_word' id='word_1_524' title='bbox 2642 3284 2767 3328; x_wconf 90' lang='lat' dir='ltr'><strong>sunt</strong></span> <span class='ocrx_word' id='word_1_525' title='bbox 2811 3287 3087 3329; x_wconf 80' lang='lat' dir='ltr'><strong>amatores</strong></span> <span class='ocrx_word' id='word_1_526' title='bbox 3129 3276 3436 3329; x_wconf 80' lang='lat' dir='ltr'><strong>daemonum</strong></span> <span class='ocrx_word' id='word_1_527' title='bbox 3482 3283 3540 3331; x_wconf 86' lang='lat' dir='ltr'><strong>et</strong></span> 
     </span>
    </p>
   </div>
   <div class='ocr_carea' id='block_1_63' title="bbox 222 3358 1829 3442">
    <p class='ocr_par' dir='ltr' id='par_1_63' title="bbox 222 3358 1829 3442">
     <span class='ocr_line' id='line_1_63' title="bbox 222 3358 1829 3442; baseline -0.002 -17"><span class='ocrx_word' id='word_1_528' title='bbox 222 3380 310 3425; x_wconf 87' lang='lat' dir='ltr'><strong>tus</strong></span> <span class='ocrx_word' id='word_1_529' title='bbox 328 3381 415 3426; x_wconf 89' lang='lat' dir='ltr'><strong>est</strong></span> <span class='ocrx_word' id='word_1_530' title='bbox 454 3370 844 3442; x_wconf 85' lang='lat' dir='ltr'><strong>Symmachus,</strong></span> <span class='ocrx_word' id='word_1_531' title='bbox 884 3380 930 3424; x_wconf 88' lang='lat' dir='ltr'><strong>et</strong></span> <span class='ocrx_word' id='word_1_532' title='bbox 958 3358 1236 3441; x_wconf 79' lang='lat' dir='ltr'><strong>pervenisti</strong></span> <span class='ocrx_word' id='word_1_533' title='bbox 1276 3370 1343 3423; x_wconf 89' lang='lat' dir='ltr'><strong>ad</strong></span> <span class='ocrx_word' id='word_1_534' title='bbox 1373 3381 1613 3423; x_wconf 86' lang='lat' dir='ltr'><strong>ornatum</strong></span> <span class='ocrx_word' id='word_1_535' title='bbox 1644 3367 1829 3422; x_wconf 87' lang='lat' dir='ltr'><strong>mulie-</strong></span> 
     </span>
    </p>
   </div>
   <div class='ocr_carea' id='block_1_64' title="bbox 223 3464 1827 3537">
    <p class='ocr_par' dir='ltr' id='par_1_64' title="bbox 223 3464 1827 3537">
     <span class='ocr_line' id='line_1_64' title="bbox 223 3464 1827 3537; baseline -0.001 -18"><span class='ocrx_word' id='word_1_536' title='bbox 223 3483 366 3533; x_wconf 75' lang='lat' dir='ltr'><strong>rum,</strong></span> <span class='ocrx_word' id='word_1_537' title='bbox 414 3467 534 3521; x_wconf 86' lang='lat' dir='ltr'><strong>sive</strong></span> <span class='ocrx_word' id='word_1_538' title='bbox 572 3476 635 3521; x_wconf 95' lang='lat' dir='ltr'><strong><em>ut</em></strong></span> <span class='ocrx_word' id='word_1_539' title='bbox 671 3464 1001 3533; x_wconf 87' lang='lat' dir='ltr'><strong>Theodotio,</strong></span> <span class='ocrx_word' id='word_1_540' title='bbox 1054 3477 1100 3518; x_wconf 89' lang='lat' dir='ltr'><strong>et</strong></span> <span class='ocrx_word' id='word_1_541' title='bbox 1145 3467 1375 3537; x_wconf 85' lang='lat' dir='ltr'><strong>ingressa</strong></span> <span class='ocrx_word' id='word_1_542' title='bbox 1404 3481 1458 3519; x_wconf 89' lang='lat' dir='ltr'><strong>es</strong></span> <span class='ocrx_word' id='word_1_543' title='bbox 1484 3464 1553 3517; x_wconf 87' lang='lat' dir='ltr'><strong>ad</strong></span> <span class='ocrx_word' id='word_1_544' title='bbox 1584 3473 1827 3517; x_wconf 85' lang='lat' dir='ltr'><strong>ornatum</strong></span> 
     </span>
    </p>
   </div>
   <div class='ocr_carea' id='block_1_65' title="bbox 223 3555 1827 3629">
    <p class='ocr_par' dir='ltr' id='par_1_65' title="bbox 223 3555 1827 3629">
     <span class='ocr_line' id='line_1_65' title="bbox 223 3555 1827 3629; baseline -0.002 -16"><span class='ocrx_word' id='word_1_545' title='bbox 223 3571 666 3625; x_wconf 81' lang='lat' dir='ltr'><strong>ornamentorum,</strong></span> <span class='ocrx_word' id='word_1_546' title='bbox 712 3568 810 3627; x_wconf 90' lang='lat' dir='ltr'><strong>pro</strong></span> <span class='ocrx_word' id='word_1_547' title='bbox 846 3573 955 3629; x_wconf 92' lang='lat' dir='ltr'><strong>quo</strong></span> <span class='ocrx_word' id='word_1_548' title='bbox 1002 3572 1101 3612; x_wconf 84' lang='lat' dir='ltr'><strong>nos</strong></span> <span class='ocrx_word' id='word_1_549' title='bbox 1140 3557 1313 3612; x_wconf 85' lang='lat' dir='ltr'><strong>secuti</strong></span> <span class='ocrx_word' id='word_1_550' title='bbox 1346 3572 1566 3612; x_wconf 90' lang='lat' dir='ltr'><strong>sensum</strong></span> <span class='ocrx_word' id='word_1_551' title='bbox 1601 3555 1827 3610; x_wconf 84' lang='lat' dir='ltr'><strong>Hebrai-</strong></span> 
     </span>
    </p>
   </div>
   <div class='ocr_carea' id='block_1_66' title="bbox 220 3648 1823 3717">
    <p class='ocr_par' dir='ltr' id='par_1_66' title="bbox 220 3648 1823 3717">
     <span class='ocr_line' id='line_1_66' title="bbox 220 3648 1823 3717; baseline -0.004 -11"><span class='ocrx_word' id='word_1_552' title='bbox 220 3666 345 3707; x_wconf 87' lang='lat' dir='ltr'><strong>cum</strong></span> <span class='ocrx_word' id='word_1_553' title='bbox 386 3650 629 3705; x_wconf 84' lang='lat' dir='ltr'><strong>diximus</strong></span> <span class='ocrx_word' id='word_1_554' title='bbox 672 3669 684 3701; x_wconf 89' lang='lat'>:</span> <span class='ocrx_word' id='word_1_555' title='bbox 727 3659 775 3703; x_wconf 88' lang='lat' dir='ltr'><strong>et</strong></span> <span class='ocrx_word' id='word_1_556' title='bbox 818 3650 1092 3717; x_wconf 81' lang='lat' dir='ltr'><strong>pervenisti</strong></span> <span class='ocrx_word' id='word_1_557' title='bbox 1130 3649 1198 3702; x_wconf 89' lang='lat' dir='ltr'><strong>ad</strong></span> <span class='ocrx_word' id='word_1_558' title='bbox 1225 3648 1473 3702; x_wconf 88' lang='lat' dir='ltr'><strong>mundum</strong></span> <span class='ocrx_word' id='word_1_559' title='bbox 1502 3648 1823 3713; x_wconf 86' lang='lat' dir='ltr'><strong>muliebrem,</strong></span> 
     </span>
    </p>
   </div>
   <div class='ocr_carea' id='block_1_67' title="bbox 221 3739 1827 3813">
    <p class='ocr_par' dir='ltr' id='par_1_67' title="bbox 221 3739 1827 3813">
     <span class='ocr_line' id='line_1_67' title="bbox 221 3739 1827 3813; baseline -0.002 -15"><span class='ocrx_word' id='word_1_560' title='bbox 221 3752 438 3812; x_wconf 87' lang='lat' dir='ltr'><strong>tempus</strong></span> <span class='ocrx_word' id='word_1_561' title='bbox 467 3742 770 3813; x_wconf 81' lang='lat' dir='ltr'><strong>pubertatis</strong></span> <span class='ocrx_word' id='word_1_562' title='bbox 810 3741 1067 3803; x_wconf 83' lang='lat' dir='ltr'><strong>ostendit.</strong></span> <span class='ocrx_word' id='word_1_563' title='bbox 1116 3740 1334 3812; x_wconf 82' lang='lat' dir='ltr'><strong>quando</strong></span> <span class='ocrx_word' id='word_1_564' title='bbox 1374 3740 1567 3809; x_wconf 65' lang='lat' dir='ltr'><strong>puellae</strong></span> <span class='ocrx_word' id='word_1_565' title='bbox 1612 3739 1827 3794; x_wconf 88' lang='lat' dir='ltr'><strong>nobiles</strong></span> 
     </span>
    </p>
   </div>
   <div class='ocr_carea' id='block_1_68' title="bbox 216 3836 1829 3907">
    <p class='ocr_par' dir='ltr' id='par_1_68' title="bbox 216 3836 1829 3907">
     <span class='ocr_line' id='line_1_68' title="bbox 216 3836 1829 3907; baseline -0.003 -14"><span class='ocrx_word' id='word_1_566' title='bbox 216 3839 586 3907; x_wconf 82' lang='lat' dir='ltr'><strong>appellantur,</strong></span> <span class='ocrx_word' id='word_1_567' title='bbox 628 3845 684 3892; x_wconf 88' lang='lat' dir='ltr'><strong>et</strong></span> <span class='ocrx_word' id='word_1_568' title='bbox 724 3846 956 3907; x_wconf 84' lang='lat' dir='ltr'><strong>possunt</strong></span> <span class='ocrx_word' id='word_1_569' title='bbox 995 3840 1321 3890; x_wconf 86' lang='lat' dir='ltr'><strong>maritorum</strong></span> <span class='ocrx_word' id='word_1_570' title='bbox 1366 3836 1706 3904; x_wconf 80' lang='lat' dir='ltr'><strong>amplexibus</strong></span> <span class='ocrx_word' id='word_1_571' title='bbox 1737 3849 1829 3888; x_wconf 84' lang='lat' dir='ltr'><strong>co-</strong></span> 
     </span>
    </p>
   </div>
   <div class='ocr_carea' id='block_1_69' title="bbox 220 3927 1828 4002">
    <p class='ocr_par' dir='ltr' id='par_1_69' title="bbox 220 3927 1828 4002">
     <span class='ocr_line' id='line_1_69' title="bbox 220 3927 1828 4002; baseline -0.005 -15"><span class='ocrx_word' id='word_1_572' title='bbox 220 3932 419 4002; x_wconf 76' lang='lat' dir='ltr'><strong>palari.</strong></span> <span class='ocrx_word' id='word_1_573' title='bbox 456 3930 700 3999; x_wconf 86' lang='lat' dir='ltr'><strong>Denique</strong></span> <span class='ocrx_word' id='word_1_574' title='bbox 730 3928 976 3998; x_wconf 88' lang='lat' dir='ltr'><strong>sequitur</strong></span> <span class='ocrx_word' id='word_1_575' title='bbox 1009 3947 1022 3984; x_wconf 89' lang='lat'><strong>:</strong></span> <span class='ocrx_word' id='word_1_576' title='bbox 1053 3927 1224 3983; x_wconf 88' lang='lat' dir='ltr'><strong>Ubera</strong></span> <span class='ocrx_word' id='word_1_577' title='bbox 1256 3939 1345 3981; x_wconf 88' lang='lat' dir='ltr'><strong>tua</strong></span> <span class='ocrx_word' id='word_1_578' title='bbox 1368 3928 1747 3987; x_wconf 86' lang='lat' dir='ltr'><strong>intumuerunt,</strong></span> <span class='ocrx_word' id='word_1_579' title='bbox 1779 3935 1828 3979; x_wconf 90' lang='lat' dir='ltr'><strong>et</strong></span> 
     </span>
    </p>
   </div>
   <div class='ocr_carea' id='block_1_70' title="bbox 218 4020 1823 4098">
    <p class='ocr_par' dir='ltr' id='par_1_70' title="bbox 218 4020 1823 4098">
     <span class='ocr_line' id='line_1_70' title="bbox 218 4020 1823 4098; baseline -0.005 -17"><span class='ocrx_word' id='word_1_580' title='bbox 218 4026 356 4098; x_wconf 74' lang='lat' dir='ltr'><strong>pilus</strong></span> <span class='ocrx_word' id='word_1_581' title='bbox 384 4035 504 4080; x_wconf 88' lang='lat' dir='ltr'><strong>tuus</strong></span> <span class='ocrx_word' id='word_1_582' title='bbox 534 4024 861 4094; x_wconf 84' lang='lat' dir='ltr'><strong>germinavit.</strong></span> <span class='ocrx_word' id='word_1_583' title='bbox 888 4022 1131 4078; x_wconf 77' lang='lat' dir='ltr'><strong>Honeste</strong></span> <span class='ocrx_word' id='word_1_584' title='bbox 1157 4020 1686 4076; x_wconf 88' lang='lat' dir='ltr'><strong>adolescentularum</strong></span> <span class='ocrx_word' id='word_1_585' title='bbox 1714 4034 1823 4073; x_wconf 89' lang='lat' dir='ltr'><strong>ma-</strong></span> 
     </span>
    </p>
   </div>
   <div class='ocr_carea' id='block_1_71' title="bbox 218 4111 1827 4184">
    <p class='ocr_par' dir='ltr' id='par_1_71' title="bbox 218 4111 1827 4184">
     <span class='ocr_line' id='line_1_71' title="bbox 218 4111 1827 4184; baseline -0.005 -11"><span class='ocrx_word' id='word_1_586' title='bbox 218 4122 416 4174; x_wconf 83' lang='lat' dir='ltr'><strong>turitas</strong></span> <span class='ocrx_word' id='word_1_587' title='bbox 460 4118 764 4182; x_wconf 88' lang='lat' dir='ltr'><strong>indicatur,</strong></span> <span class='ocrx_word' id='word_1_588' title='bbox 809 4117 1027 4184; x_wconf 83' lang='lat' dir='ltr'><strong>quando</strong></span> <span class='ocrx_word' id='word_1_589' title='bbox 1078 4116 1451 4169; x_wconf 87' lang='lat' dir='ltr'><strong>intumescunt</strong></span> <span class='ocrx_word' id='word_1_590' title='bbox 1494 4113 1659 4167; x_wconf 89' lang='lat' dir='ltr'><strong>ubera</strong></span> <span class='ocrx_word' id='word_1_591' title='bbox 1711 4111 1827 4165; x_wconf 83' lang='lat' dir='ltr'><strong>sive</strong></span> 
     </span>
    </p>
   </div>
   <div class='ocr_carea' id='block_1_72' title="bbox 217 4210 1828 4285">
    <p class='ocr_par' dir='ltr' id='par_1_72' title="bbox 217 4210 1828 4285">
     <span class='ocr_line' id='line_1_72' title="bbox 217 4210 1828 4285; baseline -0.008 -14"><span class='ocrx_word' id='word_1_592' title='bbox 217 4217 528 4285; x_wconf 84' lang='lat' dir='ltr'><strong>eriguntur,</strong></span> <span class='ocrx_word' id='word_1_593' title='bbox 573 4225 629 4269; x_wconf 89' lang='lat' dir='ltr'><strong>et</strong></span> <span class='ocrx_word' id='word_1_594' title='bbox 670 4214 942 4282; x_wconf 84' lang='lat' dir='ltr'><strong>germinat</strong></span> <span class='ocrx_word' id='word_1_595' title='bbox 988 4211 1152 4281; x_wconf 91' lang='lat' dir='ltr'><strong>pilus.</strong></span> <span class='ocrx_word' id='word_1_596' title='bbox 1185 4210 1429 4278; x_wconf 83' lang='lat' dir='ltr'><strong>Cumque</strong></span> <span class='ocrx_word' id='word_1_597' title='bbox 1463 4218 1648 4278; x_wconf 88' lang='lat' dir='ltr'><strong>parata</strong></span> <span class='ocrx_word' id='word_1_598' title='bbox 1681 4211 1828 4261; x_wconf 73' lang='lat' dir='ltr'><strong>esset</strong></span> 
     </span>
    </p>
   </div>
   <div class='ocr_carea' id='block_1_73' title="bbox 220 4298 1823 4379">
    <p class='ocr_par' dir='ltr' id='par_1_73' title="bbox 220 4298 1823 4379">
     <span class='ocr_line' id='line_1_73' title="bbox 220 4298 1823 4379; baseline -0.008 -15"><span class='ocrx_word' id='word_1_599' title='bbox 220 4308 288 4364; x_wconf 79' lang='lat' dir='ltr'><strong>ad</strong></span> <span class='ocrx_word' id='word_1_600' title='bbox 340 4312 609 4379; x_wconf 87' lang='lat' dir='ltr'><strong>nuptias,</strong></span> <span class='ocrx_word' id='word_1_601' title='bbox 661 4316 714 4360; x_wconf 90' lang='lat' dir='ltr'><strong>et</strong></span> <span class='ocrx_word' id='word_1_602' title='bbox 764 4304 991 4360; x_wconf 81' lang='lat' dir='ltr'><strong>haberet</strong></span> <span class='ocrx_word' id='word_1_603' title='bbox 1035 4303 1500 4373; x_wconf 86' lang='lat' dir='ltr'><strong>pulchritudinem</strong></span> <span class='ocrx_word' id='word_1_604' title='bbox 1552 4298 1823 4369; x_wconf 69' lang='lat' dir='ltr'><strong>corporis,</strong></span> 
     </span>
    </p>
   </div>
   <div class='ocr_carea' id='block_1_74' title="bbox 217 4395 1829 4469">
    <p class='ocr_par' dir='ltr' id='par_1_74' title="bbox 217 4395 1829 4469">
     <span class='ocr_line' id='line_1_74' title="bbox 217 4395 1829 4469; baseline -0.007 -11"><span class='ocrx_word' id='word_1_605' title='bbox 217 4402 681 4458; x_wconf 75' lang='lat' dir='ltr'><strong>veSIimeutorum</strong></span> <span class='ocrx_word' id='word_1_606' title='bbox 727 4400 960 4469; x_wconf 87' lang='lat' dir='ltr'><strong>tegmina</strong></span> <span class='ocrx_word' id='word_1_607' title='bbox 1008 4413 1115 4452; x_wconf 90' lang='lat' dir='ltr'><strong>non</strong></span> <span class='ocrx_word' id='word_1_608' title='bbox 1161 4398 1417 4462; x_wconf 84' lang='lat' dir='ltr'><strong>habebat,</strong></span> <span class='ocrx_word' id='word_1_609' title='bbox 1448 4411 1546 4449; x_wconf 91' lang='lat' dir='ltr'><strong>nec</strong></span> <span class='ocrx_word' id='word_1_610' title='bbox 1580 4395 1670 4449; x_wconf 86' lang='lat' dir='ltr'><strong>Dei</strong></span> <span class='ocrx_word' id='word_1_611' title='bbox 1704 4408 1829 4463; x_wconf 89' lang='lat' dir='ltr'><strong>pro-</strong></span> 
     </span>
    </p>
   </div>
   <div class='ocr_carea' id='block_1_75' title="bbox 221 4486 1831 4564">
    <p class='ocr_par' dir='ltr' id='par_1_75' title="bbox 221 4486 1831 4564">
     <span class='ocr_line' id='line_1_75' title="bbox 221 4486 1831 4564; baseline -0.007 -14"><span class='ocrx_word' id='word_1_612' title='bbox 221 4496 507 4564; x_wconf 74' lang='lat' dir='ltr'><strong>tegehatur</strong></span> <span class='ocrx_word' id='word_1_613' title='bbox 544 4493 764 4548; x_wconf 87' lang='lat' dir='ltr'><strong>auxilio.</strong></span> <span class='ocrx_word' id='word_1_614' title='bbox 811 4492 867 4546; x_wconf 90' lang='lat' dir='ltr'><strong>Si</strong></span> <span class='ocrx_word' id='word_1_615' title='bbox 906 4493 1029 4561; x_wconf 88' lang='lat' dir='ltr'><strong>quis</strong></span> <span class='ocrx_word' id='word_1_616' title='bbox 1066 4490 1269 4546; x_wconf 87' lang='lat' dir='ltr'><strong>Christi</strong></span> <span class='ocrx_word' id='word_1_617' title='bbox 1312 4504 1419 4544; x_wconf 86' lang='lat' dir='ltr'><strong>non</strong></span> <span class='ocrx_word' id='word_1_618' title='bbox 1465 4488 1626 4543; x_wconf 66' lang='lat' dir='ltr'><strong>habet</strong></span> <span class='ocrx_word' id='word_1_619' title='bbox 1673 4486 1831 4541; x_wconf 90' lang='lat' dir='ltr'><strong>indu-</strong></span> 
     </span>
    </p>
   </div>
   <div class='ocr_carea' id='block_1_76' title="bbox 220 4572 1828 4655">
    <p class='ocr_par' dir='ltr' id='par_1_76' title="bbox 220 4572 1828 4655">
     <span class='ocr_line' id='line_1_76' title="bbox 220 4572 1828 4655; baseline -0.006 -12"><span class='ocrx_word' id='word_1_620' title='bbox 220 4597 496 4652; x_wconf 85' lang='lat' dir='ltr'><strong>mentum,</strong></span> <span class='ocrx_word' id='word_1_621' title='bbox 539 4572 721 4642; x_wconf 84' lang='lat' dir='ltr'><strong>nudus</strong></span> <span class='ocrx_word' id='word_1_622' title='bbox 764 4596 866 4642; x_wconf 88' lang='lat' dir='ltr'><strong>est.</strong></span> <span class='ocrx_word' id='word_1_623' title='bbox 911 4585 968 4642; x_wconf 91' lang='lat' dir='ltr'><strong>Si</strong></span> <span class='ocrx_word' id='word_1_624' title='bbox 1000 4585 1121 4655; x_wconf 90' lang='lat' dir='ltr'><strong>quis</strong></span> <span class='ocrx_word' id='word_1_625' title='bbox 1152 4601 1257 4639; x_wconf 91' lang='lat' dir='ltr'><strong>non</strong></span> <span class='ocrx_word' id='word_1_626' title='bbox 1290 4594 1373 4641; x_wconf 88' lang='lat' dir='ltr'><strong>est</strong></span> <span class='ocrx_word' id='word_1_627' title='bbox 1403 4584 1622 4639; x_wconf 89' lang='lat' dir='ltr'><strong>indutus</strong></span> <span class='ocrx_word' id='word_1_628' title='bbox 1648 4584 1828 4636; x_wconf 74' lang='lat' dir='ltr'><strong>visce-</strong></span> 
     </span>
    </p>
   </div>
   <div class='ocr_carea' id='block_1_77' title="bbox 1932 3367 3540 3439">
    <p class='ocr_par' dir='ltr' id='par_1_77' title="bbox 1932 3367 3540 3439">
     <span class='ocr_line' id='line_1_77' title="bbox 1932 3367 3540 3439; baseline 0.001 -17"><span class='ocrx_word' id='word_1_629' title='bbox 1932 3368 2313 3424; x_wconf 75' lang='lat' dir='ltr'><strong>btereticorum</strong></span> <span class='ocrx_word' id='word_1_630' title='bbox 2345 3410 2359 3434; x_wconf 95' lang='lat'><strong>,</strong></span> <span class='ocrx_word' id='word_1_631' title='bbox 2396 3383 2899 3437; x_wconf 85' lang='lat' dir='ltr'><strong>perversorumque</strong></span> <span class='ocrx_word' id='word_1_632' title='bbox 2942 3367 3292 3437; x_wconf 84' lang='lat' dir='ltr'><strong>dogmatum,</strong></span> <span class='ocrx_word' id='word_1_633' title='bbox 3333 3372 3422 3439; x_wconf 91' lang='lat' dir='ltr'><strong>qui</strong></span> <span class='ocrx_word' id='word_1_634' title='bbox 3470 3368 3540 3424; x_wconf 91' lang='lat' dir='ltr'><strong>ad</strong></span> 
     </span>
    </p>
   </div>
   <div class='ocr_carea' id='block_1_78' title="bbox 1932 3460 3540 3531">
    <p class='ocr_par' dir='ltr' id='par_1_78' title="bbox 1932 3460 3540 3531">
     <span class='ocr_line' id='line_1_78' title="bbox 1932 3460 3540 3531; baseline -0.002 -12"><span class='ocrx_word' id='word_1_635' title='bbox 1932 3479 2050 3519; x_wconf 88' lang='lat' dir='ltr'><strong>eam</strong></span> <span class='ocrx_word' id='word_1_636' title='bbox 2084 3463 2306 3531; x_wconf 89' lang='lat' dir='ltr'><strong>cupiunt</strong></span> <span class='ocrx_word' id='word_1_637' title='bbox 2355 3462 2655 3517; x_wconf 86' lang='lat' dir='ltr'><strong>declinare.</strong></span> <span class='ocrx_word' id='word_1_638' title='bbox 2702 3460 2801 3529; x_wconf 88' lang='lat' dir='ltr'><strong>Qui</strong></span> <span class='ocrx_word' id='word_1_639' title='bbox 2842 3462 3182 3529; x_wconf 71' lang='lat' dir='ltr'><strong>protectione</strong></span> <span class='ocrx_word' id='word_1_640' title='bbox 3231 3460 3327 3515; x_wconf 86' lang='lat' dir='ltr'><strong>Dei</strong></span> <span class='ocrx_word' id='word_1_641' title='bbox 3361 3461 3540 3529; x_wconf 86' lang='lat' dir='ltr'><strong>repel-</strong></span> 
     </span>
    </p>
   </div>
   <div class='ocr_carea' id='block_1_79' title="bbox 1931 3551 3539 3621">
    <p class='ocr_par' dir='ltr' id='par_1_79' title="bbox 1931 3551 3539 3621">
     <span class='ocr_line' id='line_1_79' title="bbox 1931 3551 3539 3621; baseline -0.002 -11"><span class='ocrx_word' id='word_1_642' title='bbox 1931 3556 2153 3621; x_wconf 88' lang='lat' dir='ltr'><strong>luntur;</strong></span> <span class='ocrx_word' id='word_1_643' title='bbox 2181 3565 2235 3608; x_wconf 89' lang='lat' dir='ltr'><strong>ut</strong></span> <span class='ocrx_word' id='word_1_644' title='bbox 2267 3570 2372 3608; x_wconf 90' lang='lat' dir='ltr'><strong>non</strong></span> <span class='ocrx_word' id='word_1_645' title='bbox 2401 3555 2667 3608; x_wconf 86' lang='lat' dir='ltr'><strong>satellites</strong></span> <span class='ocrx_word' id='word_1_646' title='bbox 2696 3552 2903 3607; x_wconf 85' lang='lat' dir='ltr'><strong>diaboli</strong></span> <span class='ocrx_word' id='word_1_647' title='bbox 2928 3592 2943 3616; x_wconf 90' lang='lat'><strong>,</strong></span> <span class='ocrx_word' id='word_1_648' title='bbox 2977 3551 3072 3607; x_wconf 89' lang='lat' dir='ltr'><strong>sed</strong></span> <span class='ocrx_word' id='word_1_649' title='bbox 3106 3552 3387 3607; x_wconf 87' lang='lat' dir='ltr'><strong>ministros</strong></span> <span class='ocrx_word' id='word_1_650' title='bbox 3416 3552 3539 3608; x_wconf 87' lang='lat' dir='ltr'><strong>Sal-</strong></span> 
     </span>
    </p>
   </div>
   <div class='ocr_carea' id='block_1_80' title="bbox 1930 3645 3543 3718">
    <p class='ocr_par' dir='ltr' id='par_1_80' title="bbox 1930 3645 3543 3718">
     <span class='ocr_line' id='line_1_80' title="bbox 1930 3645 3543 3718; baseline -0.001 -17"><span class='ocrx_word' id='word_1_651' title='bbox 1930 3649 2136 3703; x_wconf 85' lang='lat' dir='ltr'><strong>vatoris</strong></span> <span class='ocrx_word' id='word_1_652' title='bbox 2164 3647 2413 3718; x_wconf 85' lang='lat' dir='ltr'><strong>recipiat.</strong></span> <span class='ocrx_word' id='word_1_653' title='bbox 2447 3647 2553 3703; x_wconf 85' lang='lat' dir='ltr'><strong>Pro</strong></span> <span class='ocrx_word' id='word_1_654' title='bbox 2584 3646 2968 3711; x_wconf 85' lang='lat' dir='ltr'><strong>dirertentium,</strong></span> <span class='ocrx_word' id='word_1_655' title='bbox 3000 3645 3298 3713; x_wconf 86' lang='lat' dir='ltr'><strong>dilectione,</strong></span> <span class='ocrx_word' id='word_1_656' title='bbox 3335 3656 3389 3702; x_wconf 87' lang='lat' dir='ltr'><strong>et</strong></span> <span class='ocrx_word' id='word_1_657' title='bbox 3416 3646 3543 3701; x_wconf 75' lang='lat' dir='ltr'><strong>ubr-</strong></span> 
     </span>
    </p>
   </div>
   <div class='ocr_carea' id='block_1_81' title="bbox 1930 3740 3534 3813">
    <p class='ocr_par' dir='ltr' id='par_1_81' title="bbox 1930 3740 3534 3813">
     <span class='ocr_line' id='line_1_81' title="bbox 1930 3740 3534 3813; baseline 0 -16"><span class='ocrx_word' id='word_1_658' title='bbox 1930 3760 2079 3808; x_wconf 85' lang='lat' dir='ltr'><strong>rum,</strong></span> <span class='ocrx_word' id='word_1_659' title='bbox 2117 3743 2167 3796; x_wconf 88' lang='lat' dir='ltr'><strong>in</strong></span> <span class='ocrx_word' id='word_1_660' title='bbox 2198 3742 2470 3796; x_wconf 72' lang='lat' dir='ltr'><strong>llebraico</strong></span> <span class='ocrx_word' id='word_1_661' title='bbox 2505 3740 2734 3796; x_wconf 89' lang='lat' dir='ltr'><strong>habetur</strong></span> <span class='ocrx_word' id='word_1_662' title='bbox 2787 3756 2947 3797; x_wconf 78' lang='lat' dir='ltr'><strong>nonut</strong></span> <span class='ocrx_word' id='word_1_663' title='bbox 2977 3741 3167 3813; x_wconf 64' lang='grc' dir='ltr'><strong>(ιε’-ιτς</strong></span> <span class='ocrx_word' id='word_1_664' title='bbox 3184 3750 3223 3812; x_wconf 84' lang='grc'><strong>),</strong></span> <span class='ocrx_word' id='word_1_665' title='bbox 3254 3741 3398 3810; x_wconf 87' lang='lat' dir='ltr'><strong>quod</strong></span> <span class='ocrx_word' id='word_1_666' title='bbox 3446 3757 3534 3797; x_wconf 90' lang='lat' dir='ltr'><strong>se-</strong></span> 
     </span>
    </p>
   </div>
   <div class='ocr_carea' id='block_1_82' title="bbox 1930 3836 3532 3906">
    <p class='ocr_par' dir='ltr' id='par_1_82' title="bbox 1930 3836 3532 3906">
     <span class='ocr_line' id='line_1_82' title="bbox 1930 3836 3532 3906; baseline 0 -14"><span class='ocrx_word' id='word_1_667' title='bbox 1930 3836 2169 3892; x_wconf 90' lang='lat' dir='ltr'><strong>cundum</strong></span> <span class='ocrx_word' id='word_1_668' title='bbox 2205 3837 2403 3906; x_wconf 72' lang='lat' dir='ltr'><strong>lingua:</strong></span> <span class='ocrx_word' id='word_1_669' title='bbox 2454 3850 2641 3891; x_wconf 85' lang='lat' dir='ltr'><strong>eurum</strong></span> <span class='ocrx_word' id='word_1_670' title='bbox 2695 3837 3126 3904; x_wconf 86' lang='lat' dir='ltr'><strong>proprietatem,</strong></span> <span class='ocrx_word' id='word_1_671' title='bbox 3180 3836 3361 3890; x_wconf 89' lang='lat' dir='ltr'><strong>omnia</strong></span> <span class='ocrx_word' id='word_1_672' title='bbox 3411 3852 3532 3905; x_wconf 81' lang='lat' dir='ltr'><strong>quas</strong></span> 
     </span>
    </p>
   </div>
   <div class='ocr_carea' id='block_1_83' title="bbox 1931 3930 3533 4001">
    <p class='ocr_par' dir='ltr' id='par_1_83' title="bbox 1931 3930 3533 4001">
     <span class='ocr_line' id='line_1_83' title="bbox 1931 3930 3533 4001; baseline 0.001 -15"><span class='ocrx_word' id='word_1_673' title='bbox 1931 3946 2094 4001; x_wconf 88' lang='lat' dir='ltr'><strong>supra</strong></span> <span class='ocrx_word' id='word_1_674' title='bbox 2114 3946 2268 3985; x_wconf 84' lang='lat' dir='ltr'><strong>versa</strong></span> <span class='ocrx_word' id='word_1_675' title='bbox 2292 3930 2727 4000; x_wconf 85' lang='lat' dir='ltr'><strong>suntsigniﬁcat.</strong></span> <span class='ocrx_word' id='word_1_676' title='bbox 2753 3930 2938 3985; x_wconf 66' lang='lat' dir='ltr'><strong>Potest</strong></span> <span class='ocrx_word' id='word_1_677' title='bbox 2966 3938 3182 3999; x_wconf 80' lang='lat' dir='ltr'><strong>tempus</strong></span> <span class='ocrx_word' id='word_1_678' title='bbox 3206 3931 3533 3998; x_wconf 76' lang='lat' dir='ltr'><strong>dilectioitis,</strong></span> 
     </span>
    </p>
   </div>
   <div class='ocr_carea' id='block_1_84' title="bbox 1931 4023 3535 4093">
    <p class='ocr_par' dir='ltr' id='par_1_84' title="bbox 1931 4023 3535 4093">
     <span class='ocr_line' id='line_1_84' title="bbox 1931 4023 3535 4093; baseline -0.001 -12"><span class='ocrx_word' id='word_1_679' title='bbox 1931 4035 1988 4081; x_wconf 90' lang='lat' dir='ltr'><strong>et</strong></span> <span class='ocrx_word' id='word_1_680' title='bbox 2013 4027 2238 4079; x_wconf 90' lang='lat' dir='ltr'><strong>uberum</strong></span> <span class='ocrx_word' id='word_1_681' title='bbox 2265 4024 2381 4078; x_wconf 84' lang='lat' dir='ltr'><strong>sive</strong></span> <span class='ocrx_word' id='word_1_682' title='bbox 2410 4031 2713 4077; x_wconf 84' lang='lat' dir='ltr'><strong>amatorum</strong></span> <span class='ocrx_word' id='word_1_683' title='bbox 2740 4023 2870 4086; x_wconf 91' lang='lat' dir='ltr'><strong>Dei,</strong></span> <span class='ocrx_word' id='word_1_684' title='bbox 2897 4023 3127 4093; x_wconf 89' lang='lat' dir='ltr'><strong>intelligi</strong></span> <span class='ocrx_word' id='word_1_685' title='bbox 3158 4024 3458 4092; x_wconf 87' lang='lat' dir='ltr'><strong>Abraham,</strong></span> <span class='ocrx_word' id='word_1_686' title='bbox 3479 4033 3535 4080; x_wconf 87' lang='lat' dir='ltr'><strong>et</strong></span> 
     </span>
    </p>
   </div>
   <div class='ocr_carea' id='block_1_85' title="bbox 1932 4115 3533 4195">
    <p class='ocr_par' dir='ltr' id='par_1_85' title="bbox 1932 4115 3533 4195">
     <span class='ocr_line' id='line_1_85' title="bbox 1932 4115 3533 4195; baseline 0.001 -22"><span class='ocrx_word' id='word_1_687' title='bbox 1932 4119 2108 4195; x_wconf 80' lang='lat' dir='ltr'><strong>Isaac,</strong></span> <span class='ocrx_word' id='word_1_688' title='bbox 2133 4128 2181 4173; x_wconf 88' lang='lat' dir='ltr'><strong>et</strong></span> <span class='ocrx_word' id='word_1_689' title='bbox 2215 4118 2385 4174; x_wconf 87' lang='lat' dir='ltr'><strong>Jacob</strong></span> <span class='ocrx_word' id='word_1_690' title='bbox 2418 4135 2430 4171; x_wconf 92' lang='lat'><strong>:</strong></span> <span class='ocrx_word' id='word_1_691' title='bbox 2463 4118 2683 4187; x_wconf 81' lang='lat' dir='ltr'><strong>quando</strong></span> <span class='ocrx_word' id='word_1_692' title='bbox 2712 4115 2792 4172; x_wconf 90' lang='lat' dir='ltr'><strong>eis</strong></span> <span class='ocrx_word' id='word_1_693' title='bbox 2824 4118 3100 4187; x_wconf 68' lang='lat' dir='ltr'><strong>pollicitus</strong></span> <span class='ocrx_word' id='word_1_694' title='bbox 3139 4128 3222 4173; x_wconf 86' lang='lat' dir='ltr'><strong>est</strong></span> <span class='ocrx_word' id='word_1_695' title='bbox 3265 4119 3533 4175; x_wconf 89' lang='lat' dir='ltr'><strong>Dominus</strong></span> 
     </span>
    </p>
   </div>
   <div class='ocr_carea' id='block_1_86' title="bbox 1934 4210 3532 4283">
    <p class='ocr_par' dir='ltr' id='par_1_86' title="bbox 1934 4210 3532 4283">
     <span class='ocr_line' id='line_1_86' title="bbox 1934 4210 3532 4283; baseline 0.002 -17"><span class='ocrx_word' id='word_1_696' title='bbox 1934 4221 2055 4282; x_wconf 91' lang='lat' dir='ltr'><strong>post</strong></span> <span class='ocrx_word' id='word_1_697' title='bbox 2094 4210 2409 4282; x_wconf 63' lang='lat' dir='ltr'><strong>Egyptiam</strong></span> <span class='ocrx_word' id='word_1_698' title='bbox 2464 4210 2817 4275; x_wconf 85' lang='lat' dir='ltr'><strong>servitutem,</strong></span> <span class='ocrx_word' id='word_1_699' title='bbox 2877 4225 3033 4266; x_wconf 90' lang='lat' dir='ltr'><strong>suum</strong></span> <span class='ocrx_word' id='word_1_700' title='bbox 3085 4214 3345 4283; x_wconf 91' lang='lat' dir='ltr'><strong>populum</strong></span> <span class='ocrx_word' id='word_1_701' title='bbox 3397 4212 3532 4269; x_wconf 88' lang='lat' dir='ltr'><strong>libe-</strong></span> 
     </span>
    </p>
   </div>
   <div class='ocr_carea' id='block_1_87' title="bbox 1933 4306 2183 4361">
    <p class='ocr_par' dir='ltr' id='par_1_87' title="bbox 1933 4306 2183 4361">
     <span class='ocr_line' id='line_1_87' title="bbox 1933 4306 2183 4361; baseline 0 0"><span class='ocrx_word' id='word_1_702' title='bbox 1933 4306 2183 4361; x_wconf 87' lang='lat' dir='ltr'><strong>randum.</strong></span> 
     </span>
    </p>
   </div>
   <div class='ocr_carea' id='block_1_88' title="bbox 2006 4398 3599 4472">
    <p class='ocr_par' dir='ltr' id='par_1_88' title="bbox 2006 4398 3599 4472">
     <span class='ocr_line' id='line_1_88' title="bbox 2006 4398 3599 4472; baseline 0.005 -21"><span class='ocrx_word' id='word_1_703' title='bbox 2006 4398 2074 4451; x_wconf 82' lang='lat' dir='ltr'><strong>Et</strong></span> <span class='ocrx_word' id='word_1_704' title='bbox 2095 4400 2271 4471; x_wconf 85' lang='lat' dir='ltr'><strong>juravi</strong></span> <span class='ocrx_word' id='word_1_705' title='bbox 2302 4399 2435 4463; x_wconf 88' lang='lat' dir='ltr'><strong>tibi;</strong></span> <span class='ocrx_word' id='word_1_706' title='bbox 2477 4408 2525 4452; x_wconf 89' lang='lat' dir='ltr'><strong>et</strong></span> <span class='ocrx_word' id='word_1_707' title='bbox 2555 4400 2817 4471; x_wconf 85' lang='lat' dir='ltr'><strong>ingressus</strong></span> <span class='ocrx_word' id='word_1_708' title='bbox 2846 4416 2961 4453; x_wconf 89' lang='lat' dir='ltr'><strong>sum</strong></span> <span class='ocrx_word' id='word_1_709' title='bbox 2987 4410 3197 4472; x_wconf 83' lang='lat' dir='ltr'><strong>pactum</strong></span> <span class='ocrx_word' id='word_1_710' title='bbox 3229 4410 3424 4470; x_wconf 87' lang='lat' dir='ltr'><strong>tecum,</strong></span> <span class='ocrx_word' id='word_1_711' title='bbox 3456 4398 3532 4459; x_wconf 80' lang='lat' dir='ltr'><strong>ait</strong></span> <span class='ocrx_word' id='word_1_712' title='bbox 3596 4406 3599 4409; x_wconf 37' lang='grc' dir='ltr'><strong><em>λ</em></strong></span> 
     </span>
    </p>
   </div>
   <div class='ocr_carea' id='block_1_89' title="bbox 1934 4492 3533 4568">
    <p class='ocr_par' dir='ltr' id='par_1_89' title="bbox 1934 4492 3533 4568">
     <span class='ocr_line' id='line_1_89' title="bbox 1934 4492 3533 4568; baseline 0.003 -21"><span class='ocrx_word' id='word_1_713' title='bbox 1934 4492 2191 4548; x_wconf 88' lang='lat' dir='ltr'><strong>Dominus</strong></span> <span class='ocrx_word' id='word_1_714' title='bbox 2220 4493 2379 4549; x_wconf 84' lang='lat' dir='ltr'><strong>Deus.</strong></span> <span class='ocrx_word' id='word_1_715' title='bbox 2409 4493 2592 4559; x_wconf 69' lang='lat' dir='ltr'><strong>LXX:</strong></span> <span class='ocrx_word' id='word_1_716' title='bbox 2622 4492 2689 4547; x_wconf 86' lang='lat' dir='ltr'><strong>Et</strong></span> <span class='ocrx_word' id='word_1_717' title='bbox 2710 4496 2885 4565; x_wconf 87' lang='lat' dir='ltr'><strong>juravi</strong></span> <span class='ocrx_word' id='word_1_718' title='bbox 2915 4496 3028 4563; x_wconf 88' lang='lat' dir='ltr'><strong>tibi,</strong></span> <span class='ocrx_word' id='word_1_719' title='bbox 3058 4505 3101 4549; x_wconf 90' lang='lat' dir='ltr'><strong>et</strong></span> <span class='ocrx_word' id='word_1_720' title='bbox 3126 4497 3388 4568; x_wconf 87' lang='lat' dir='ltr'><strong>ingressus</strong></span> <span class='ocrx_word' id='word_1_721' title='bbox 3416 4514 3533 4552; x_wconf 87' lang='lat' dir='ltr'><strong>sum</strong></span> 
     </span>
    </p>
   </div>
   <div class='ocr_carea' id='block_1_90' title="bbox 1932 4588 3533 4660">
    <p class='ocr_par' dir='ltr' id='par_1_90' title="bbox 1932 4588 3533 4660">
     <span class='ocr_line' id='line_1_90' title="bbox 1932 4588 3533 4660; baseline 0.005 -20"><span class='ocrx_word' id='word_1_722' title='bbox 1932 4589 1987 4640; x_wconf 89' lang='lat' dir='ltr'><strong>in</strong></span> <span class='ocrx_word' id='word_1_723' title='bbox 2034 4598 2391 4643; x_wconf 80' lang='lat' dir='ltr'><strong>testamentum</strong></span> <span class='ocrx_word' id='word_1_724' title='bbox 2427 4597 2594 4643; x_wconf 89' lang='lat' dir='ltr'><strong>tecum</strong></span> <span class='ocrx_word' id='word_1_725' title='bbox 2626 4632 2639 4654; x_wconf 92' lang='lat'><strong>,</strong></span> <span class='ocrx_word' id='word_1_726' title='bbox 2675 4588 2802 4643; x_wconf 87' lang='lat' dir='ltr'><strong>dicit</strong></span> <span class='ocrx_word' id='word_1_727' title='bbox 2845 4589 3050 4645; x_wconf 83' lang='lat' dir='ltr'><strong>Adonai</strong></span> <span class='ocrx_word' id='word_1_728' title='bbox 3082 4590 3361 4647; x_wconf 87' lang='lat' dir='ltr'><strong>Dominus.</strong></span> <span class='ocrx_word' id='word_1_729' title='bbox 3395 4593 3533 4660; x_wconf 87' lang='lat' dir='ltr'><strong>Quia</strong></span> 
     </span>
    </p>
   </div>
   <div class='ocr_carea' id='block_1_91' title="bbox 222 4659 3534 4755">
    <p class='ocr_par' dir='ltr' id='par_1_91' title="bbox 222 4659 3534 4755">
     <span class='ocr_line' id='line_1_91' title="bbox 222 4659 3534 4755; baseline 0.002 -19"><span class='ocrx_word' id='word_1_730' title='bbox 222 4679 374 4736; x_wconf 86' lang='lat' dir='ltr'><strong>ribus</strong></span> <span class='ocrx_word' id='word_1_731' title='bbox 399 4678 817 4745; x_wconf 64' lang='lat' dir='ltr'><strong>misericordiae,</strong></span> <span class='ocrx_word' id='word_1_732' title='bbox 849 4678 1131 4739; x_wconf 88' lang='lat' dir='ltr'><strong>bonitatis,</strong></span> <span class='ocrx_word' id='word_1_733' title='bbox 1158 4677 1502 4743; x_wconf 86' lang='lat' dir='ltr'><strong>humilitatis,</strong></span> <span class='ocrx_word' id='word_1_734' title='bbox 1530 4676 1825 4744; x_wconf 71' lang='lat' dir='ltr'><strong>pudicitite,</strong></span> <span class='ocrx_word' id='word_1_735' title='bbox 1856 4659 1911 4721; x_wconf 87' lang='grc' dir='ltr'><strong>Ῑ)</strong></span> <span class='ocrx_word' id='word_1_736' title='bbox 1936 4680 2174 4750; x_wconf 86' lang='lat' dir='ltr'><strong>expandi</strong></span> <span class='ocrx_word' id='word_1_737' title='bbox 2204 4683 2460 4736; x_wconf 89' lang='lat' dir='ltr'><strong>amictum</strong></span> <span class='ocrx_word' id='word_1_738' title='bbox 2493 4697 2671 4735; x_wconf 88' lang='lat' dir='ltr'><strong>meum</strong></span> <span class='ocrx_word' id='word_1_739' title='bbox 2696 4724 2711 4749; x_wconf 91' lang='lat'><strong>,</strong></span> <span class='ocrx_word' id='word_1_740' title='bbox 2744 4683 2863 4736; x_wconf 85' lang='lat' dir='ltr'><strong>sive</strong></span> <span class='ocrx_word' id='word_1_741' title='bbox 2903 4683 3019 4738; x_wconf 86' lang='lat' dir='ltr'><strong>alas</strong></span> <span class='ocrx_word' id='word_1_742' title='bbox 3067 4700 3217 4740; x_wconf 87' lang='lat' dir='ltr'><strong>meas</strong></span> <span class='ocrx_word' id='word_1_743' title='bbox 3246 4698 3493 4755; x_wconf 86' lang='lat' dir='ltr'><strong>superte</strong></span> <span class='ocrx_word' id='word_1_744' title='bbox 3519 4704 3534 4742; x_wconf 88' lang='lat'><strong>:</strong></span> 
     </span>
    </p>
   </div>
   <div class='ocr_carea' id='block_1_92' title="bbox 225 4766 1825 4839">
    <p class='ocr_par' dir='ltr' id='par_1_92' title="bbox 225 4766 1825 4839">
     <span class='ocr_line' id='line_1_92' title="bbox 225 4766 1825 4839; baseline -0.004 -13"><span class='ocrx_word' id='word_1_745' title='bbox 225 4770 684 4836; x_wconf 83' lang='lat' dir='ltr'><strong>mansuetudinis,</strong></span> <span class='ocrx_word' id='word_1_746' title='bbox 717 4769 1010 4839; x_wconf 66' lang='lat' dir='ltr'><strong>patientiae,</strong></span> <span class='ocrx_word' id='word_1_747' title='bbox 1029 4768 1178 4838; x_wconf 88' lang='lat' dir='ltr'><strong>jacet</strong></span> <span class='ocrx_word' id='word_1_748' title='bbox 1206 4782 1370 4838; x_wconf 88' lang='lat' dir='ltr'><strong>super</strong></span> <span class='ocrx_word' id='word_1_749' title='bbox 1401 4766 1595 4821; x_wconf 85' lang='lat' dir='ltr'><strong>faciem</strong></span> <span class='ocrx_word' id='word_1_750' title='bbox 1629 4776 1825 4821; x_wconf 67' lang='lat' dir='ltr'><strong>terras:</strong></span> 
     </span>
    </p>
   </div>
   <div class='ocr_carea' id='block_1_93' title="bbox 223 4858 1832 4936">
    <p class='ocr_par' dir='ltr' id='par_1_93' title="bbox 223 4858 1832 4936">
     <span class='ocr_line' id='line_1_93' title="bbox 223 4858 1832 4936; baseline -0.005 -16"><span class='ocrx_word' id='word_1_751' title='bbox 223 4873 281 4920; x_wconf 81' lang='lat' dir='ltr'><strong>et</strong></span> <span class='ocrx_word' id='word_1_752' title='bbox 310 4862 673 4936; x_wconf 88' lang='lat' dir='ltr'><strong>pulchritudo</strong></span> <span class='ocrx_word' id='word_1_753' title='bbox 713 4861 834 4932; x_wconf 88' lang='lat' dir='ltr'><strong>ejus</strong></span> <span class='ocrx_word' id='word_1_754' title='bbox 881 4860 1198 4916; x_wconf 84' lang='lat' dir='ltr'><strong>confusione</strong></span> <span class='ocrx_word' id='word_1_755' title='bbox 1222 4902 1238 4929; x_wconf 95' lang='lat'><strong>,</strong></span> <span class='ocrx_word' id='word_1_756' title='bbox 1284 4872 1338 4915; x_wconf 91' lang='lat' dir='ltr'><strong>et</strong></span> <span class='ocrx_word' id='word_1_757' title='bbox 1370 4858 1616 4914; x_wconf 90' lang='lat' dir='ltr'><strong>nuditate</strong></span> <span class='ocrx_word' id='word_1_758' title='bbox 1656 4866 1683 4894; x_wconf 77' lang='grc' dir='ltr'><strong>ι</strong></span> <span class='ocrx_word' id='word_1_759' title='bbox 1719 4866 1832 4912; x_wconf 89' lang='lat' dir='ltr'><strong>tur-</strong></span> 
     </span>
    </p>
   </div>
   <div class='ocr_carea' id='block_1_94' title="bbox 223 4968 404 5027">
    <p class='ocr_par' dir='ltr' id='par_1_94' title="bbox 223 4968 404 5027">
     <span class='ocr_line' id='line_1_94' title="bbox 223 4968 404 5027; baseline -0.017 -14"><span class='ocrx_word' id='word_1_760' title='bbox 223 4968 404 5027; x_wconf 83' lang='lat' dir='ltr'><strong>patur.</strong></span> 
     </span>
    </p>
   </div>
   <div class='ocr_carea' id='block_1_95' title="bbox 294 5047 1833 5122">
    <p class='ocr_par' dir='ltr' id='par_1_95' title="bbox 294 5047 1833 5122">
     <span class='ocr_line' id='line_1_95' title="bbox 294 5047 1833 5122; baseline -0.004 -17"><span class='ocrx_word' id='word_1_761' title='bbox 294 5050 501 5122; x_wconf 70' lang='lat' dir='ltr'><strong>(Vere.</strong></span> <span class='ocrx_word' id='word_1_762' title='bbox 553 5050 646 5121; x_wconf 88' lang='lat'><strong>8.)</strong></span> <span class='ocrx_word' id='word_1_763' title='bbox 677 5048 741 5105; x_wconf 84' lang='lat' dir='ltr'><strong>Et</strong></span> <span class='ocrx_word' id='word_1_764' title='bbox 786 5049 997 5104; x_wconf 83' lang='lat' dir='ltr'><strong>transivi</strong></span> <span class='ocrx_word' id='word_1_765' title='bbox 1049 5066 1137 5120; x_wconf 87' lang='lat' dir='ltr'><strong>per</strong></span> <span class='ocrx_word' id='word_1_766' title='bbox 1174 5058 1251 5114; x_wconf 90' lang='lat' dir='ltr'><strong>te,</strong></span> <span class='ocrx_word' id='word_1_767' title='bbox 1298 5056 1342 5101; x_wconf 89' lang='lat' dir='ltr'><strong>et</strong></span> <span class='ocrx_word' id='word_1_768' title='bbox 1376 5047 1480 5101; x_wconf 87' lang='lat' dir='ltr'><strong>vidi</strong></span> <span class='ocrx_word' id='word_1_769' title='bbox 1519 5056 1567 5100; x_wconf 88' lang='lat' dir='ltr'><strong>te</strong></span> <span class='ocrx_word' id='word_1_770' title='bbox 1593 5062 1612 5099; x_wconf 90' lang='lat'><strong><em>:</em></strong></span> <span class='ocrx_word' id='word_1_771' title='bbox 1646 5054 1689 5099; x_wconf 87' lang='lat' dir='ltr'><strong>et</strong></span> <span class='ocrx_word' id='word_1_772' title='bbox 1720 5060 1833 5099; x_wconf 86' lang='lat' dir='ltr'><strong>ecce</strong></span> 
     </span>
    </p>
   </div>
   <div class='ocr_carea' id='block_1_96' title="bbox 226 5139 1827 5216">
    <p class='ocr_par' dir='ltr' id='par_1_96' title="bbox 226 5139 1827 5216">
     <span class='ocr_line' id='line_1_96' title="bbox 226 5139 1827 5216; baseline -0.004 -19"><span class='ocrx_word' id='word_1_773' title='bbox 226 5155 427 5215; x_wconf 82' lang='lat' dir='ltr'><strong>tempus</strong></span> <span class='ocrx_word' id='word_1_774' title='bbox 447 5154 599 5197; x_wconf 86' lang='lat' dir='ltr'><strong>tuum</strong></span> <span class='ocrx_word' id='word_1_775' title='bbox 622 5188 637 5213; x_wconf 87' lang='lat'><strong>,</strong></span> <span class='ocrx_word' id='word_1_776' title='bbox 661 5151 863 5216; x_wconf 86' lang='lat' dir='ltr'><strong>tempus</strong></span> <span class='ocrx_word' id='word_1_777' title='bbox 887 5144 1191 5198; x_wconf 82' lang='lat' dir='ltr'><strong>amantium.</strong></span> <span class='ocrx_word' id='word_1_778' title='bbox 1234 5139 1303 5195; x_wconf 87' lang='lat' dir='ltr'><strong>Et</strong></span> <span class='ocrx_word' id='word_1_779' title='bbox 1329 5142 1556 5205; x_wconf 74' lang='lat' dir='ltr'><strong>expandi</strong></span> <span class='ocrx_word' id='word_1_780' title='bbox 1581 5140 1827 5194; x_wconf 79' lang='lat' dir='ltr'><strong>antictum</strong></span> 
     </span>
    </p>
   </div>
   <div class='ocr_carea' id='block_1_97' title="bbox 226 5234 1827 5307">
    <p class='ocr_par' dir='ltr' id='par_1_97' title="bbox 226 5234 1827 5307">
     <span class='ocr_line' id='line_1_97' title="bbox 226 5234 1827 5307; baseline -0.004 -16"><span class='ocrx_word' id='word_1_781' title='bbox 226 5252 400 5291; x_wconf 72' lang='lat' dir='ltr'><strong>meum</strong></span> <span class='ocrx_word' id='word_1_782' title='bbox 428 5252 584 5304; x_wconf 82' lang='lat' dir='ltr'><strong>super</strong></span> <span class='ocrx_word' id='word_1_783' title='bbox 604 5243 677 5299; x_wconf 89' lang='lat' dir='ltr'><strong>te,</strong></span> <span class='ocrx_word' id='word_1_784' title='bbox 708 5242 755 5288; x_wconf 88' lang='lat' dir='ltr'><strong>et</strong></span> <span class='ocrx_word' id='word_1_785' title='bbox 793 5235 976 5302; x_wconf 83' lang='lat' dir='ltr'><strong>operui</strong></span> <span class='ocrx_word' id='word_1_786' title='bbox 1004 5234 1342 5307; x_wconf 85' lang='lat' dir='ltr'><strong>ignominiam</strong></span> <span class='ocrx_word' id='word_1_787' title='bbox 1378 5244 1540 5288; x_wconf 87' lang='lat' dir='ltr'><strong>tuam.</strong></span> <span class='ocrx_word' id='word_1_788' title='bbox 1584 5234 1827 5302; x_wconf 89' lang='lat' dir='ltr'><strong>Septua-</strong></span> 
     </span>
    </p>
   </div>
   <div class='ocr_carea' id='block_1_98' title="bbox 230 5326 1828 5403">
    <p class='ocr_par' dir='ltr' id='par_1_98' title="bbox 230 5326 1828 5403">
     <span class='ocr_line' id='line_1_98' title="bbox 230 5326 1828 5403; baseline 0.003 -22"><span class='ocrx_word' id='word_1_789' title='bbox 230 5328 412 5399; x_wconf 83' lang='lat' dir='ltr'><strong>ginta:</strong></span> <span class='ocrx_word' id='word_1_790' title='bbox 446 5326 519 5381; x_wconf 69' lang='grc' dir='ltr'><strong>Εἰ</strong></span> <span class='ocrx_word' id='word_1_791' title='bbox 547 5328 763 5383; x_wconf 83' lang='lat' dir='ltr'><strong>transivi</strong></span> <span class='ocrx_word' id='word_1_792' title='bbox 796 5344 885 5393; x_wconf 87' lang='lat' dir='ltr'><strong>per</strong></span> <span class='ocrx_word' id='word_1_793' title='bbox 928 5337 996 5390; x_wconf 90' lang='lat' dir='ltr'><strong>te,</strong></span> <span class='ocrx_word' id='word_1_794' title='bbox 1046 5335 1095 5381; x_wconf 88' lang='lat' dir='ltr'><strong>et</strong></span> <span class='ocrx_word' id='word_1_795' title='bbox 1130 5326 1236 5381; x_wconf 86' lang='lat' dir='ltr'><strong>vidi</strong></span> <span class='ocrx_word' id='word_1_796' title='bbox 1268 5336 1335 5394; x_wconf 86' lang='lat' dir='ltr'><strong>te,</strong></span> <span class='ocrx_word' id='word_1_797' title='bbox 1379 5337 1425 5380; x_wconf 87' lang='lat' dir='ltr'><strong>et</strong></span> <span class='ocrx_word' id='word_1_798' title='bbox 1476 5345 1588 5382; x_wconf 81' lang='lat' dir='ltr'><strong>ecce</strong></span> <span class='ocrx_word' id='word_1_799' title='bbox 1629 5339 1828 5403; x_wconf 86' lang='lat' dir='ltr'><strong>tempus</strong></span> 
     </span>
    </p>
   </div>
   <div class='ocr_carea' id='block_1_99' title="bbox 233 5419 1829 5490">
    <p class='ocr_par' dir='ltr' id='par_1_99' title="bbox 233 5419 1829 5490">
     <span class='ocr_line' id='line_1_99' title="bbox 233 5419 1829 5490; baseline 0.003 -17"><span class='ocrx_word' id='word_1_800' title='bbox 233 5430 401 5487; x_wconf 82' lang='lat' dir='ltr'><strong>tuum,</strong></span> <span class='ocrx_word' id='word_1_801' title='bbox 424 5432 621 5490; x_wconf 85' lang='lat' dir='ltr'><strong>tentpus</strong></span> <span class='ocrx_word' id='word_1_802' title='bbox 652 5420 1020 5475; x_wconf 86' lang='lat' dir='ltr'><strong>divertentium</strong></span> <span class='ocrx_word' id='word_1_803' title='bbox 1046 5435 1062 5472; x_wconf 90' lang='lat'><strong><em>:</em></strong></span> <span class='ocrx_word' id='word_1_804' title='bbox 1093 5429 1142 5473; x_wconf 87' lang='lat' dir='ltr'><strong>et</strong></span> <span class='ocrx_word' id='word_1_805' title='bbox 1170 5420 1399 5489; x_wconf 80' lang='lat' dir='ltr'><strong>expandi</strong></span> <span class='ocrx_word' id='word_1_806' title='bbox 1428 5419 1540 5475; x_wconf 85' lang='lat' dir='ltr'><strong>alas</strong></span> <span class='ocrx_word' id='word_1_807' title='bbox 1568 5439 1703 5477; x_wconf 87' lang='lat' dir='ltr'><strong>meas</strong></span> <span class='ocrx_word' id='word_1_808' title='bbox 1740 5441 1829 5477; x_wconf 82' lang='lat' dir='ltr'><strong>su-</strong></span> 
     </span>
    </p>
   </div>
   <div class='ocr_carea' id='block_1_100' title="bbox 236 5513 1832 5586">
    <p class='ocr_par' dir='ltr' id='par_1_100' title="bbox 236 5513 1832 5586">
     <span class='ocr_line' id='line_1_100' title="bbox 236 5513 1832 5586; baseline 0.003 -18"><span class='ocrx_word' id='word_1_809' title='bbox 236 5530 323 5581; x_wconf 89' lang='lat' dir='ltr'><strong>per</strong></span> <span class='ocrx_word' id='word_1_810' title='bbox 343 5523 392 5568; x_wconf 85' lang='lat' dir='ltr'><strong>te</strong></span> <span class='ocrx_word' id='word_1_811' title='bbox 413 5557 430 5583; x_wconf 97' lang='lat'><strong>,</strong></span> <span class='ocrx_word' id='word_1_812' title='bbox 463 5516 701 5586; x_wconf 85' lang='lat' dir='ltr'><strong>etoperui</strong></span> <span class='ocrx_word' id='word_1_813' title='bbox 722 5513 1059 5585; x_wconf 84' lang='lat' dir='ltr'><strong>ignominiam</strong></span> <span class='ocrx_word' id='word_1_814' title='bbox 1088 5521 1250 5566; x_wconf 80' lang='lat' dir='ltr'><strong>tuam.</strong></span> <span class='ocrx_word' id='word_1_815' title='bbox 1277 5513 1491 5581; x_wconf 88' lang='lat' dir='ltr'><strong>Quanta</strong></span> <span class='ocrx_word' id='word_1_816' title='bbox 1512 5516 1832 5572; x_wconf 86' lang='lat' dir='ltr'><strong>clementia!</strong></span> 
     </span>
    </p>
   </div>
   <div class='ocr_carea' id='block_1_101' title="bbox 236 5592 1839 5667">
    <p class='ocr_par' dir='ltr' id='par_1_101' title="bbox 236 5592 1839 5667">
     <span class='ocr_line' id='line_1_101' title="bbox 236 5592 1839 5667; baseline 0.004 -6"><span class='ocrx_word' id='word_1_817' title='bbox 236 5604 351 5663; x_wconf 88' lang='lat' dir='ltr'><strong>Non</strong></span> <span class='ocrx_word' id='word_1_818' title='bbox 376 5592 665 5664; x_wconf 81' lang='lat' dir='ltr'><strong>sutl&#39;ecerat</strong></span> <span class='ocrx_word' id='word_1_819' title='bbox 686 5609 858 5665; x_wconf 88' lang='lat' dir='ltr'><strong>semel</strong></span> <span class='ocrx_word' id='word_1_820' title='bbox 883 5608 1081 5663; x_wconf 83' lang='lat' dir='ltr'><strong>vidisse</strong></span> <span class='ocrx_word' id='word_1_821' title='bbox 1101 5622 1221 5663; x_wconf 87' lang='lat' dir='ltr'><strong>eam</strong></span> <span class='ocrx_word' id='word_1_822' title='bbox 1245 5609 1618 5665; x_wconf 87' lang='lat' dir='ltr'><strong>conculcatam</strong></span> <span class='ocrx_word' id='word_1_823' title='bbox 1644 5613 1695 5665; x_wconf 91' lang='lat' dir='ltr'><strong>in</strong></span> <span class='ocrx_word' id='word_1_824' title='bbox 1715 5627 1839 5667; x_wconf 89' lang='lat' dir='ltr'><strong>san-</strong></span> 
     </span>
    </p>
   </div>
   <div class='ocr_carea' id='block_1_102' title="bbox 238 5700 1837 5775">
    <p class='ocr_par' dir='ltr' id='par_1_102' title="bbox 238 5700 1837 5775">
     <span class='ocr_line' id='line_1_102' title="bbox 238 5700 1837 5775; baseline 0.004 -20"><span class='ocrx_word' id='word_1_825' title='bbox 238 5701 431 5772; x_wconf 83' lang='lat' dir='ltr'><strong>guine,</strong></span> <span class='ocrx_word' id='word_1_826' title='bbox 464 5713 520 5757; x_wconf 87' lang='lat' dir='ltr'><strong>et</strong></span> <span class='ocrx_word' id='word_1_827' title='bbox 548 5700 616 5758; x_wconf 89' lang='lat' dir='ltr'><strong>ad</strong></span> <span class='ocrx_word' id='word_1_828' title='bbox 659 5701 1036 5772; x_wconf 63' lang='lat' dir='ltr'><strong>penitentiam</strong></span> <span class='ocrx_word' id='word_1_829' title='bbox 1068 5715 1395 5771; x_wconf 88' lang='lat' dir='ltr'><strong>provocasse</strong></span> <span class='ocrx_word' id='word_1_830' title='bbox 1425 5721 1437 5757; x_wconf 91' lang='lat'><strong>:</strong></span> <span class='ocrx_word' id='word_1_831' title='bbox 1479 5704 1572 5759; x_wconf 87' lang='lat' dir='ltr'><strong>sed</strong></span> <span class='ocrx_word' id='word_1_832' title='bbox 1606 5721 1837 5775; x_wconf 81' lang='lat' dir='ltr'><strong>peccan-</strong></span> 
     </span>
    </p>
   </div>
   <div class='ocr_carea' id='block_1_103' title="bbox 1939 4774 3535 4853">
    <p class='ocr_par' dir='ltr' id='par_1_103' title="bbox 1939 4774 3535 4853">
     <span class='ocr_line' id='line_1_103' title="bbox 1939 4774 3535 4853; baseline 0.006 -24"><span class='ocrx_word' id='word_1_833' title='bbox 1939 4784 1994 4830; x_wconf 90' lang='lat' dir='ltr'><strong>et</strong></span> <span class='ocrx_word' id='word_1_834' title='bbox 2021 4776 2209 4845; x_wconf 87' lang='lat' dir='ltr'><strong>operui</strong></span> <span class='ocrx_word' id='word_1_835' title='bbox 2240 4774 2618 4830; x_wconf 87' lang='lat' dir='ltr'><strong>confusionem</strong></span> <span class='ocrx_word' id='word_1_836' title='bbox 2648 4786 2793 4831; x_wconf 87' lang='lat' dir='ltr'><strong><em>tuam</em></strong></span> <span class='ocrx_word' id='word_1_837' title='bbox 2830 4794 2843 4830; x_wconf 90' lang='lat'><strong>:</strong></span> <span class='ocrx_word' id='word_1_838' title='bbox 2877 4789 3170 4848; x_wconf 89' lang='lat' dir='ltr'><strong>propterea</strong></span> <span class='ocrx_word' id='word_1_839' title='bbox 3196 4781 3374 4849; x_wconf 87' lang='lat' dir='ltr'><strong>juravi</strong></span> <span class='ocrx_word' id='word_1_840' title='bbox 3406 4783 3535 4853; x_wconf 90' lang='lat' dir='ltr'><strong>tibi,</strong></span> 
     </span>
    </p>
   </div>
   <div class='ocr_carea' id='block_1_104' title="bbox 1939 4869 3534 4939">
    <p class='ocr_par' dir='ltr' id='par_1_104' title="bbox 1939 4869 3534 4939">
     <span class='ocr_line' id='line_1_104' title="bbox 1939 4869 3534 4939; baseline 0.005 -16"><span class='ocrx_word' id='word_1_841' title='bbox 1939 4880 1993 4923; x_wconf 91' lang='lat' dir='ltr'><strong>et</strong></span> <span class='ocrx_word' id='word_1_842' title='bbox 2025 4869 2307 4939; x_wconf 89' lang='lat' dir='ltr'><strong>ingressus</strong></span> <span class='ocrx_word' id='word_1_843' title='bbox 2327 4883 2446 4928; x_wconf 76' lang='lat' dir='ltr'><strong>sum</strong></span> <span class='ocrx_word' id='word_1_844' title='bbox 2477 4879 2725 4935; x_wconf 88' lang='lat' dir='ltr'><strong>pactum,</strong></span> <span class='ocrx_word' id='word_1_845' title='bbox 2753 4870 2868 4925; x_wconf 89' lang='lat' dir='ltr'><strong>sive</strong></span> <span class='ocrx_word' id='word_1_846' title='bbox 2891 4880 3278 4928; x_wconf 87' lang='lat' dir='ltr'><strong>testamentum</strong></span> <span class='ocrx_word' id='word_1_847' title='bbox 3311 4886 3488 4931; x_wconf 88' lang='lat' dir='ltr'><strong>tecum</strong></span> <span class='ocrx_word' id='word_1_848' title='bbox 3520 4893 3534 4931; x_wconf 90' lang='lat'><strong>:</strong></span> 
     </span>
    </p>
   </div>
   <div class='ocr_carea' id='block_1_105' title="bbox 1941 4963 3538 5034">
    <p class='ocr_par' dir='ltr' id='par_1_105' title="bbox 1941 4963 3538 5034">
     <span class='ocr_line' id='line_1_105' title="bbox 1941 4963 3538 5034; baseline 0.005 -18"><span class='ocrx_word' id='word_1_849' title='bbox 1941 4970 2001 5017; x_wconf 92' lang='lat' dir='ltr'><strong><em>ut</em></strong></span> <span class='ocrx_word' id='word_1_850' title='bbox 2026 4963 2158 5015; x_wconf 90' lang='lat' dir='ltr'><strong>mihi</strong></span> <span class='ocrx_word' id='word_1_851' title='bbox 2187 4963 2368 5031; x_wconf 91' lang='lat' dir='ltr'><strong>potius</strong></span> <span class='ocrx_word' id='word_1_852' title='bbox 2396 4978 2560 5031; x_wconf 90' lang='lat' dir='ltr'><strong>quam</strong></span> <span class='ocrx_word' id='word_1_853' title='bbox 2591 4964 2808 5018; x_wconf 78' lang='lat' dir='ltr'><strong>czcteris</strong></span> <span class='ocrx_word' id='word_1_854' title='bbox 2827 5005 2842 5030; x_wconf 95' lang='lat'><strong>,</strong></span> <span class='ocrx_word' id='word_1_855' title='bbox 2871 4965 2962 5034; x_wconf 92' lang='lat' dir='ltr'><strong>qui</strong></span> <span class='ocrx_word' id='word_1_856' title='bbox 2995 4966 3061 5020; x_wconf 92' lang='lat' dir='ltr'><strong>ad</strong></span> <span class='ocrx_word' id='word_1_857' title='bbox 3094 4974 3148 5022; x_wconf 90' lang='lat' dir='ltr'><strong>te</strong></span> <span class='ocrx_word' id='word_1_858' title='bbox 3176 4969 3432 5025; x_wconf 81' lang='lat' dir='ltr'><strong>volebant</strong></span> <span class='ocrx_word' id='word_1_859' title='bbox 3455 4970 3538 5024; x_wconf 89' lang='lat' dir='ltr'><strong>di-</strong></span> 
     </span>
    </p>
   </div>
   <div class='ocr_carea' id='block_1_106' title="bbox 1941 5052 3539 5124">
    <p class='ocr_par' dir='ltr' id='par_1_106' title="bbox 1941 5052 3539 5124">
     <span class='ocr_line' id='line_1_106' title="bbox 1941 5052 3539 5124; baseline 0.005 -17"><span class='ocrx_word' id='word_1_860' title='bbox 1941 5063 2184 5118; x_wconf 88' lang='lat' dir='ltr'><strong>vertere,</strong></span> <span class='ocrx_word' id='word_1_861' title='bbox 2232 5052 2570 5123; x_wconf 89' lang='lat' dir='ltr'><strong>jungereris,</strong></span> <span class='ocrx_word' id='word_1_862' title='bbox 2613 5055 2766 5122; x_wconf 81' lang='lat' dir='ltr'><strong>juxta</strong></span> <span class='ocrx_word' id='word_1_863' title='bbox 2810 5055 2982 5124; x_wconf 91' lang='lat' dir='ltr'><strong>illud,</strong></span> <span class='ocrx_word' id='word_1_864' title='bbox 3024 5055 3233 5114; x_wconf 76' lang='lat' dir='ltr'><strong>Iuravit</strong></span> <span class='ocrx_word' id='word_1_865' title='bbox 3284 5060 3539 5115; x_wconf 85' lang='lat' dir='ltr'><strong>Dominus</strong></span> 
     </span>
    </p>
   </div>
   <div class='ocr_carea' id='block_1_107' title="bbox 1934 5149 3542 5223">
    <p class='ocr_par' dir='ltr' id='par_1_107' title="bbox 1934 5149 3542 5223">
     <span class='ocr_line' id='line_1_107' title="bbox 1934 5149 3542 5223; baseline 0.005 -21"><span class='ocrx_word' id='word_1_866' title='bbox 1934 5158 1981 5202; x_wconf 91' lang='lat' dir='ltr'><strong>et</strong></span> <span class='ocrx_word' id='word_1_867' title='bbox 2004 5165 2104 5203; x_wconf 88' lang='lat' dir='ltr'><strong>non</strong></span> <span class='ocrx_word' id='word_1_868' title='bbox 2133 5149 2391 5220; x_wconf 69' lang='lat' dir='ltr'><strong>paenitebit</strong></span> <span class='ocrx_word' id='word_1_869' title='bbox 2420 5165 2536 5202; x_wconf 90' lang='lat' dir='ltr'><strong>eum</strong></span> <span class='ocrx_word' id='word_1_870' title='bbox 2563 5167 2583 5204; x_wconf 88' lang='lat'><strong><em>:</em></strong></span> <span class='ocrx_word' id='word_1_871' title='bbox 2613 5160 2669 5203; x_wconf 90' lang='lat' dir='ltr'><strong>tu</strong></span> <span class='ocrx_word' id='word_1_872' title='bbox 2710 5168 2761 5205; x_wconf 84' lang='lat' dir='ltr'><strong>es</strong></span> <span class='ocrx_word' id='word_1_873' title='bbox 2789 5152 3031 5209; x_wconf 84' lang='lat' dir='ltr'><strong>sacerdos</strong></span> <span class='ocrx_word' id='word_1_874' title='bbox 3056 5154 3108 5208; x_wconf 87' lang='lat' dir='ltr'><strong>in</strong></span> <span class='ocrx_word' id='word_1_875' title='bbox 3138 5165 3418 5223; x_wconf 79' lang='lat' dir='ltr'><strong>wternum,</strong></span> <span class='ocrx_word' id='word_1_876' title='bbox 3459 5172 3542 5210; x_wconf 80' lang='lat' dir='ltr'><strong>se-</strong></span> 
     </span>
    </p>
   </div>
   <div class='ocr_carea' id='block_1_108' title="bbox 1936 5243 3538 5319">
    <p class='ocr_par' dir='ltr' id='par_1_108' title="bbox 1936 5243 3538 5319">
     <span class='ocr_line' id='line_1_108' title="bbox 1936 5243 3538 5319; baseline 0.006 -22"><span class='ocrx_word' id='word_1_877' title='bbox 1936 5244 2163 5297; x_wconf 89' lang='lat' dir='ltr'><strong>cundum</strong></span> <span class='ocrx_word' id='word_1_878' title='bbox 2183 5244 2416 5298; x_wconf 87' lang='lat' dir='ltr'><strong>ordinem</strong></span> <span class='ocrx_word' id='word_1_879' title='bbox 2440 5243 2780 5300; x_wconf 78' lang='lat' dir='ltr'><strong>Melchisedec</strong></span> <span class='ocrx_word' id='word_1_880' title='bbox 2810 5246 2944 5319; x_wconf 85' lang='lat' dir='ltr'><strong>(Ps.</strong></span> <span class='ocrx_word' id='word_1_881' title='bbox 2978 5264 3086 5315; x_wconf 80' lang='lat' dir='ltr'><strong>crx,</strong></span> <span class='ocrx_word' id='word_1_882' title='bbox 3117 5249 3185 5312; x_wconf 61' lang='grc' dir='ltr'>ὦς</span> <span class='ocrx_word' id='word_1_883' title='bbox 3219 5248 3382 5303; x_wconf 86' lang='lat' dir='ltr'><strong>Hebr.</strong></span> <span class='ocrx_word' id='word_1_884' title='bbox 3418 5265 3473 5306; x_wconf 78' lang='lat' dir='ltr'><strong>vr</strong></span> <span class='ocrx_word' id='word_1_885' title='bbox 3498 5250 3538 5317; x_wconf 91' lang='lat'><strong>).</strong></span> 
     </span>
    </p>
   </div>
   <div class='ocr_carea' id='block_1_109' title="bbox 1936 5337 3541 5409">
    <p class='ocr_par' dir='ltr' id='par_1_109' title="bbox 1936 5337 3541 5409">
     <span class='ocr_line' id='line_1_109' title="bbox 1936 5337 3541 5409; baseline 0.006 -17"><span class='ocrx_word' id='word_1_886' title='bbox 1936 5337 2126 5392; x_wconf 89' lang='lat' dir='ltr'><strong>Omnis</strong></span> <span class='ocrx_word' id='word_1_887' title='bbox 2155 5337 2302 5392; x_wconf 89' lang='lat' dir='ltr'><strong>enim</strong></span> <span class='ocrx_word' id='word_1_888' title='bbox 2336 5340 2727 5393; x_wconf 69' lang='lat' dir='ltr'><strong>controversia:</strong></span> <span class='ocrx_word' id='word_1_889' title='bbox 2761 5339 2883 5395; x_wconf 81' lang='lat' dir='ltr'><strong>ﬁnis</strong></span> <span class='ocrx_word' id='word_1_890' title='bbox 2915 5352 3000 5397; x_wconf 92' lang='lat' dir='ltr'><strong>est</strong></span> <span class='ocrx_word' id='word_1_891' title='bbox 3042 5344 3435 5409; x_wconf 89' lang='lat' dir='ltr'><strong>juramentum.</strong></span> <span class='ocrx_word' id='word_1_892' title='bbox 3472 5344 3541 5401; x_wconf 87' lang='lat' dir='ltr'><strong>Et</strong></span> 
     </span>
    </p>
   </div>
   <div class='ocr_carea' id='block_1_110' title="bbox 1938 5430 3538 5505">
    <p class='ocr_par' dir='ltr' id='par_1_110' title="bbox 1938 5430 3538 5505">
     <span class='ocr_line' id='line_1_110' title="bbox 1938 5430 3538 5505; baseline 0.006 -21"><span class='ocrx_word' id='word_1_893' title='bbox 1938 5430 2063 5485; x_wconf 91' lang='lat' dir='ltr'><strong>vivo</strong></span> <span class='ocrx_word' id='word_1_894' title='bbox 2110 5446 2234 5499; x_wconf 84' lang='lat' dir='ltr'><strong>ego,</strong></span> <span class='ocrx_word' id='word_1_895' title='bbox 2285 5430 2414 5485; x_wconf 90' lang='lat' dir='ltr'><strong>dicit</strong></span> <span class='ocrx_word' id='word_1_896' title='bbox 2462 5430 2725 5488; x_wconf 88' lang='lat' dir='ltr'><strong>Dominus</strong></span> <span class='ocrx_word' id='word_1_897' title='bbox 2779 5452 2793 5488; x_wconf 85' lang='lat'><strong>:</strong></span> <span class='ocrx_word' id='word_1_898' title='bbox 2844 5433 2947 5489; x_wconf 90' lang='lat' dir='ltr'><strong>nisi</strong></span> <span class='ocrx_word' id='word_1_899' title='bbox 2983 5436 3126 5491; x_wconf 88' lang='lat' dir='ltr'><strong>malo</strong></span> <span class='ocrx_word' id='word_1_900' title='bbox 3165 5434 3538 5505; x_wconf 85' lang='lat' dir='ltr'><strong>paenitentiam</strong></span> 
     </span>
    </p>
   </div>
   <div class='ocr_carea' id='block_1_111' title="bbox 1940 5522 3546 5603">
    <p class='ocr_par' dir='ltr' id='par_1_111' title="bbox 1940 5522 3546 5603">
     <span class='ocr_line' id='line_1_111' title="bbox 1940 5522 3546 5603; baseline 0.008 -26"><span class='ocrx_word' id='word_1_901' title='bbox 1940 5522 2249 5593; x_wconf 86' lang='lat' dir='ltr'><strong>peccatoris</strong></span> <span class='ocrx_word' id='word_1_902' title='bbox 2271 5564 2286 5589; x_wconf 92' lang='lat'><strong>,</strong></span> <span class='ocrx_word' id='word_1_903' title='bbox 2320 5540 2478 5594; x_wconf 89' lang='lat' dir='ltr'><strong>quam</strong></span> <span class='ocrx_word' id='word_1_904' title='bbox 2522 5538 2751 5582; x_wconf 88' lang='lat' dir='ltr'><strong>mortem</strong></span> <span class='ocrx_word' id='word_1_905' title='bbox 2785 5524 3019 5599; x_wconf 82' lang='lat' dir='ltr'><strong>(Ezech.</strong></span> <span class='ocrx_word' id='word_1_906' title='bbox 3054 5526 3238 5599; x_wconf 84' lang='lat' dir='ltr'><strong>xvm).</strong></span> <span class='ocrx_word' id='word_1_907' title='bbox 3273 5528 3546 5603; x_wconf 87' lang='lat' dir='ltr'><strong>Tempore</strong></span> 
     </span>
    </p>
   </div>
   <div class='ocr_carea' id='block_1_112' title="bbox 1945 5618 3547 5695">
    <p class='ocr_par' dir='ltr' id='par_1_112' title="bbox 1945 5618 3547 5695">
     <span class='ocr_line' id='line_1_112' title="bbox 1945 5618 3547 5695; baseline 0.006 -25"><span class='ocrx_word' id='word_1_908' title='bbox 1945 5618 2111 5687; x_wconf 87' lang='lat' dir='ltr'><strong>igitur</strong></span> <span class='ocrx_word' id='word_1_909' title='bbox 2153 5618 2492 5686; x_wconf 86' lang='lat' dir='ltr'><strong>nuptiarum,</strong></span> <span class='ocrx_word' id='word_1_910' title='bbox 2542 5618 2709 5673; x_wconf 85' lang='lat' dir='ltr'><strong>Israel</strong></span> <span class='ocrx_word' id='word_1_911' title='bbox 2748 5620 3121 5688; x_wconf 88' lang='lat' dir='ltr'><strong>juramentum</strong></span> <span class='ocrx_word' id='word_1_912' title='bbox 3173 5622 3372 5694; x_wconf 87' lang='lat' dir='ltr'><strong>accipit</strong></span> <span class='ocrx_word' id='word_1_913' title='bbox 3412 5624 3547 5695; x_wconf 87' lang='lat' dir='ltr'><strong>Dei,</strong></span> 
     </span>
    </p>
   </div>
   <div class='ocr_carea' id='block_1_113' title="bbox 1947 5711 3553 5787">
    <p class='ocr_par' dir='ltr' id='par_1_113' title="bbox 1947 5711 3553 5787">
     <span class='ocr_line' id='line_1_113' title="bbox 1947 5711 3553 5787; baseline 0.009 -25"><span class='ocrx_word' id='word_1_914' title='bbox 1947 5726 2048 5781; x_wconf 86' lang='lat' dir='ltr'><strong>pro</strong></span> <span class='ocrx_word' id='word_1_915' title='bbox 2098 5712 2245 5768; x_wconf 90' lang='lat' dir='ltr'><strong>omni</strong></span> <span class='ocrx_word' id='word_1_916' title='bbox 2291 5712 2463 5769; x_wconf 87' lang='lat' dir='ltr'><strong>dotali</strong></span> <span class='ocrx_word' id='word_1_917' title='bbox 2533 5711 2685 5784; x_wconf 78' lang='lat'><strong>151</strong></span> <span class='ocrx_word' id='word_1_918' title='bbox 2718 5727 2965 5768; x_wconf 87' lang='lat' dir='ltr'><strong>munere.</strong></span> <span class='ocrx_word' id='word_1_919' title='bbox 3016 5715 3083 5770; x_wconf 88' lang='lat' dir='ltr'><strong>Et</strong></span> <span class='ocrx_word' id='word_1_920' title='bbox 3127 5716 3254 5787; x_wconf 91' lang='lat' dir='ltr'><strong>quia</strong></span> <span class='ocrx_word' id='word_1_921' title='bbox 3286 5717 3454 5773; x_wconf 89' lang='lat' dir='ltr'><strong>David</strong></span> <span class='ocrx_word' id='word_1_922' title='bbox 3483 5716 3553 5777; x_wconf 77' lang='lat' dir='ltr'><strong>de</strong></span> 
     </span>
    </p>
   </div>
   <div class='ocr_carea' id='block_1_114' title="bbox 316 5887 2682 5967">
    <p class='ocr_par' dir='ltr' id='par_1_114' title="bbox 316 5887 2682 5967">
     <span class='ocr_line' id='line_1_114' title="bbox 316 5887 2682 5967; baseline 0.003 -24"><span class='ocrx_word' id='word_1_923' title='bbox 316 5898 345 5927; x_wconf 63' lang='grc' dir='ltr'>δ</span> <span class='ocrx_word' id='word_1_924' title='bbox 371 5887 550 5945; x_wconf 79' lang='lat' dir='ltr'><strong>Antea</strong></span> <span class='ocrx_word' id='word_1_925' title='bbox 603 5888 963 5945; x_wconf 89' lang='lat' dir='ltr'><strong>incommodo</strong></span> <span class='ocrx_word' id='word_1_926' title='bbox 1015 5902 1183 5945; x_wconf 88' lang='lat' dir='ltr'><strong>sensu</strong></span> <span class='ocrx_word' id='word_1_927' title='bbox 1231 5897 1350 5945; x_wconf 89' lang='lat' dir='ltr'><strong>erat</strong></span> <span class='ocrx_word' id='word_1_928' title='bbox 1424 5888 1661 5943; x_wconf 82' lang='lat' dir='ltr'><strong>turbatur</strong></span> <span class='ocrx_word' id='word_1_929' title='bbox 1709 5908 1725 5943; x_wconf 90' lang='lat'><em>:</em></span> <span class='ocrx_word' id='word_1_930' title='bbox 1762 5907 1860 5962; x_wconf 90' lang='lat' dir='ltr'><strong>pro</strong></span> <span class='ocrx_word' id='word_1_931' title='bbox 1887 5907 1996 5964; x_wconf 90' lang='lat' dir='ltr'><strong>quo</strong></span> <span class='ocrx_word' id='word_1_932' title='bbox 2028 5902 2271 5967; x_wconf 88' lang='lat' dir='ltr'><strong>turpatur</strong></span> <span class='ocrx_word' id='word_1_933' title='bbox 2302 5894 2682 5952; x_wconf 84' lang='lat' dir='ltr'><strong>rescribimus.</strong></span> 
     </span>
    </p>
   </div>
  </div>
