3996 6322
532 274 640 337 135

1709 277 1957 339 SANCTI
1997 271 2268 340 unseen
2308 256 2699 339 murmurari

3722 282 3817 345 {36

532 402 942 467 peraurestuas.
968 396 1073 467 Qui
1104 396 1318 455 claudit
1348 412 1514 455 aures
1548 413 1694 465 suas,
1713 415 1783 454 ne
1801 400 1983 455 audiat
1993 400 2143 470 judi-
2172 404 2225 462 Α
2249 400 2490 456 Joannes
2515 409 2638 471 post
2665 411 2869 470 pueros
2889 396 2935 470 (ι
2958 395 3117 454 Joan.
3150 393 3245 468 ιι),
3276 402 3331 451 et
3355 392 3576 467 juvenes
3596 396 3680 466 qui
3711 412 3824 468 pose

439 564 448 575 .
528 491 670 547 cium
698 493 997 562 sanguinis,
1024 501 1081 547 et
1111 494 1256 562 sepit
1282 509 1376 549 eas
1407 493 1599 563 spinis,
1631 509 1697 547 ne
1732 492 2010 563 particeps
2043 491 2138 546 ﬁat

528 583 751 651 invidis,
795 595 849 641 et
901 586 1334 652 detractoribus,
1386 586 1454 642 de
1498 587 1693 656 quibus
1721 587 1982 655 scriptum
2012 594 2132 639 est:

528 680 657 736 Cum
687 680 1061 735 detractoribus
1111 698 1172 734 ne
1211 682 1619 748 commiscearis,
1651 680 1893 749 quoniam
1930 686 2139 748 repente

532 774 697 826 veniet
726 773 965 827 interitus
997 789 1173 827 eorum
1199 814 1213 836 ,
1240 781 1284 825 et
1314 772 1521 826 ruinam
1572 773 1835 841 utriusque
1862 770 1976 841 quis
2003 768 2141 822 novit

525 862 708 936 (Prov.
737 881 890 933 xxiv,
918 866 1011 933 2i,
1037 865 1174 934 9.2)?
1198 875 1304 919 tam
1335 864 1593 921 videlicet
1618 865 1736 933 ejus
1762 864 1852 933 qui
1878 861 2135 929 detrahit,

526 974 689 1030 quam
717 960 866 1014 illius
895 959 987 1029 qui
1023 960 1258 1015 libenter
1292 960 1602 1014 auscultat:
1640 959 1742 1013 iste
1770 956 2004 1012 circulos
2038 955 2135 1009 ha-

526 1055 639 1124 bet,
666 1064 721 1109 et
748 1054 957 1109 rotulas
989 1055 1040 1108 in
1066 1055 1311 1119 auribus,
1360 1070 1466 1108 non
1518 1062 1663 1107 rotas
1688 1067 1807 1121 quae
1836 1057 2138 1118 sequuntur

520 1149 813 1206 Cherubim
840 1150 995 1221 (illud
1017 1151 1162 1204 enim
1188 1148 1560 1219 angelicarum
1594 1146 1972 1201 fortitudinum
2001 1143 2135 1213 est),

524 1247 621 1301 sed
656 1246 866 1300 rotulas
917 1244 1258 1311 diminutive,
1325 1257 1447 1313 quia
1504 1240 1755 1295 humana:
1806 1236 2139 1292 conveniunt

524 1337 831 1407 fragilitati.
886 1336 1255 1404 Quamobrem
1305 1342 1359 1388 et
1408 1332 1473 1387 ad
1506 1332 1678 1388 Deum
1732 1330 1979 1385 dicitur:
2022 1326 2137 1382 Vox

524 1431 738 1486 tonitrui
772 1431 848 1485 tui
879 1430 935 1483 in
965 1443 1078 1483 rota
1110 1427 1283 1501 (Psal.
1319 1442 1503 1495 Lxxvt,
1531 1424 1642 1497 19).
1675 1425 1732 1479 ln
1759 1425 1843 1477 his
1872 1422 2017 1478 enim
2044 1421 2135 1492 qui

525 1533 744 1581 terrena
771 1533 1177 1593 pertranseunt,
1203 1531 1257 1577 et
1287 1521 1375 1576 vix
1399 1520 1627 1574 modicis
1650 1517 1895 1588 vestigiis
1916 1515 2135 1571 contin-

524 1630 660 1693 gunt.
687 1631 909 1684 terram,
944 1618 1013 1674 de
1042 1617 1239 1688 quibus
1270 1618 1537 1685 scriptum
1562 1622 1648 1668 est
1676 1631 1689 1664 :
1723 1611 1943 1680 Lapides
1970 1607 2135 1663 sancti

524 1717 799 1771 volvuntur
836 1731 992 1785 super
1046 1722 1235 1768 terram
1263 1710 1450 1784 (Zach.
1488 1725 1560 1775 Ix,
1596 1707 1715 1778 16),
1771 1721 1873 1760 vox
1909 1700 2133 1757 tonitrui

2239 506 2367 549 Sunt
2397 494 2584 549 dicere
2619 510 2632 546 :
2667 492 2889 560 Quando
2913 508 3053 545 eram
3077 487 3346 560 parvulus,
3368 489 3606 560 loquebar
3635 500 3685 542 ut
3712 507 3823 558 par-

2239 589 2411 653 vulus,
2455 586 2719 655 sapiebam
2750 595 2807 639 ut
2845 584 3115 654 parvulus,
3147 581 3434 654 cogitabam
3463 588 3519 634 ut
3546 581 3776 651 parvulus
3804 598 3821 635 :

2238 680 2449 753 quando
2506 690 2682 735 autem
2738 682 2906 752 factus
2935 696 3050 733 sum
3090 679 3188 745 vir,
3237 675 3469 731 destruxi
3499 692 3559 731 ea
3584 692 3690 745 qua:
3717 691 3821 747 par-

2242 776 2347 829 vuli
2372 783 2492 830 sunt
2522 775 2565 845 (l
2587 773 2712 831 Cor.
2747 790 2868 840 xttt,
2904 773 3017 844 Η).

2315 869 2502 941 (Vers.
2535 866 2650 936 15.)
2698 865 2767 921 Et
2817 876 3000 920 ornata
3031 881 3084 919 es
3116 879 3246 918 auro
3278 874 3326 917 et
3353 872 3584 935 argento.
3628 861 3820 917 Crebro

2239 961 2483 1016 diximus
2509 977 2705 1015 aurum
2735 961 2800 1015 ad
2837 968 3098 1024 mentem,
3129 965 3416 1027 argentum
3446 954 3514 1009 ad
3557 954 3819 1025 eloquium

2239 1055 2534 1125 pertinere.
2568 1053 2905 1123 Trihuatque
2935 1052 3096 1107 nobis
3143 1050 3445 1114 Dominus,
3489 1060 3547 1104 ut
3596 1048 3821 1103 divinum

2238 1163 2459 1203 sensum
2492 1145 2744 1215 accipere
2776 1158 3086 1199 mereamur
3114 1152 3279 1211 atque
3309 1141 3657 1211 sapientiam,
3690 1148 3742 1195 et
3777 1138 3823 1196 id

2239 1239 2383 1310 quod
2414 1248 2595 1293 mente
2616 1238 2981 1307 concipimus,
3009 1235 3210 1302 eloquii
3239 1242 3528 1289 venustate
3566 1234 3818 1303 proferre,

2240 1342 2293 1388 et
2323 1346 2665 1402 nequaquam
2696 1345 2764 1385 ex
2820 1328 2906 1383 his
2951 1328 3134 1383 lacere
3186 1327 3391 1381 idolum
3444 1327 3586 1382 sicut
3635 1325 3823 1379 faciunt

2240 1424 2505 1486 hmretici,
2533 1422 2601 1478 de
2630 1422 2829 1493 quibus
2850 1422 3110 1490 scriptum
3143 1429 3256 1477 est:
3290 1418 3431 1475 Dedi
3478 1421 3546 1473 eis
3568 1429 3819 1490 argentum

2239 1527 2285 1572 et
2314 1528 2533 1583 aurum;
2564 1516 2666 1584 ipsi
2696 1532 2812 1569 vero
2839 1532 2902 1570 ex
2926 1523 3141 1587 argento
3164 1558 3177 1581 ,
3211 1523 3257 1567 et
3290 1529 3422 1566 auro
3450 1512 3673 1581 {errrunt
3700 1509 3821 1565 Baal

2192 1650 2201 1657 .
2240 1607 2396 1681 (Osee
2428 1624 2486 1676 ιι,
2514 1608 2591 1677 8).
2627 1609 2692 1662 Ει
2723 1607 2827 1661 hoc.
2848 1612 3042 1679 magis,
3084 1607 3239 1677 juxta
3283 1606 3692 1676 intelligentiam
3722 1605 3821 1676 spi-

2240 1702 2514 1767 ritualem,
2562 1704 2779 1757 ornatui
2812 1715 2995 1772 aptum
3044 1712 3129 1757 est
3176 1700 3531 1756 feminarum.
3583 1700 3822 1771 Alioquin

526 1810 744 1865 Domini
774 1851 787 1875 ,
839 1818 897 1863 et
943 1808 1290 1863 excelsorutu
1333 1805 1646 1875 dogmatum
1699 1808 1980 1870 personat.
2029 1796 2130 1861 Qui
2164 1793 2212 1853 B
2240 1796 2446 1864 argenti
2470 1794 2629 1849 vilior
2663 1794 2914 1862 materia,
2948 1794 3277 1849 rusticarum
3310 1805 3367 1849 et
3397 1808 3694 1864 pauperum
3734 1808 3823 1847 an-

523 1912 705 1959 autetn
734 1902 1020 1957 erroribus
1061 1901 1338 1955 ducuntur
1383 1896 1668 1961 humanis,
1706 1903 1892 1949 etnon
1927 1891 2131 1946 habent

524 1996 698 2053 solida
723 1997 978 2067 vestigia,
1010 1997 1108 2050 sed
1140 1992 1611 2049 circumferuntur
1633 1992 1779 2043 omni
1804 1997 1966 2042 vento
1999 1986 2129 2040 doc-

522 2094 683 2149 trinae
707 2090 927 2164 (Ep/tes.
958 2094 1041 2162 ιι),
1075 2090 1312 2160 etejecti
1336 2088 1404 2143 de
1433 2086 1683 2158 paradiso
1715 2082 2012 2145 ﬁrmitatis,
2042 2083 2130 2134 ha-

520 2188 697 2245 bitant
734 2188 785 2240 in
814 2188 1036 2256 regione
1070 2184 1237 2249 Naid,
1265 2199 1385 2252 qua:
1411 2182 1800 2250 interpretatur
1829 2177 2122 2246 ﬂuctuatio,

524 2281 1036 2349 merenturlingum
1086 2278 1361 2332 mendacis
1404 2278 1546 2329 terre
1599 2272 1953 2335 sententiam,
2006 2285 2126 2341 quae

522 2371 825 2428 inﬂammat
854 2381 1029 2425 rotam
1057 2369 1359 2425 nativitatis
1383 2377 1585 2422 nostra:
1614 2364 1823 2434 (Genes.
1856 2363 1954 2435 tv).

595 2463 663 2518 Et
686 2480 932 2519 coronam
962 2462 1161 2515 decoris
1206 2460 1262 2514 in
1290 2461 1453 2531 capite
1496 2468 1602 2512 tuo.
1637 2455 1782 2512 LXX
1818 2474 1832 2510 :
1866 2454 1933 2510 Et
1981 2470 2125 2508 coro-

520 2576 639 2614 nam
671 2560 997 2631 gloriationis
1051 2574 1207 2627 super
1258 2566 1413 2628 caput
1472 2565 1638 2609 tuum.
1690 2551 2122 2620 Decoremjuxta

521 2652 907 2719 Symmachum
948 2651 1019 2706 oh
1073 2665 1266 2706 sensus
1301 2648 1627 2718 elegantiam
1659 2645 1997 2714 interpretati
2028 2658 2122 2698 su-

517 2759 659 2799 mus.
695 2745 952 2815 Alioquin
987 2754 1041 2798 et
1064 2743 1117 2797 in
1152 2742 1383 2797 Hebraeo
1412 2755 1735 2795 ruornearu
1760 2738 2035 2807 (mann),
2070 2746 2125 2790 et

514 2839 569 2893 in
594 2838 821 2910 reliquis
846 2835 1265 2892 translatoribus
1290 2836 1582 2905 καύχησις,
1616 2831 1857 2902 gloriatio
1897 2829 2117 2883 dicitur.

513 2928 845 2986 Ornamenta
903 2940 1123 2992 caetera,
1159 2928 1530 2982 membrorum
1587 2932 1715 2979 sunt
1762 2921 2117 2990 singulorum.

512 3022 720 3092 Capitis
743 3032 990 3085 ornatus,
1011 3022 1177 3077 totius
1199 3020 1445 3091 corporis
1465 3019 1703 3089 dignitas
1726 3024 1828 3072 est.
1850 3016 2119 3071 Coronam

513 3128 695 3174 autem
728 3130 885 3195 vocat
934 3117 1187 3172 diadema
1218 3115 1539 3173 feminarum
1570 3155 1585 3180 ,
1643 3130 1748 3183 quo
1792 3110 2117 3179 capillorum

2234 1886 2594 1957 cillarumque
2616 1899 2847 1942 ornatus
2871 1896 2979 1954 est,
3024 1888 3117 1957 qui
3165 1903 3272 1942 non
3320 1887 3583 1943 convenit
3621 1885 3824 1942 Jerusa-

2234 1976 2360 2045 lem,
2386 1992 2513 2047 qnae
2542 1978 2594 2031 in
2620 1978 2864 2048 reginam
2896 1977 3097 2033 dicitur
3128 1978 3454 2048 profecisse.

2306 2096 2374 2149 Et
2396 2095 2578 2151 vestita
2609 2111 2661 2149 es
2686 2095 2864 2166 bysso,
2906 2105 2953 2148 et
2992 2096 3262 2167 polymita,
3308 2103 3356 2150 et
3392 2094 3815 2159 multicoloribus,

2229 2187 2407 2243 LXX:
2442 2186 2510 2241 Et
2534 2188 2753 2242 amictus
2776 2188 2853 2243 tui
2877 2188 3096 2258 byssini,
3131 2196 3180 2241 et
3210 2186 3499 2253 trichapta,
3528 2200 3573 2243 et
3611 2188 3819 2242 versico-

2231 2284 2383 2339 loria.
2413 2284 2650 2339 Verbum
2673 2282 2700 2321 δ
2724 2282 3058 2338 Hebraicum
3088 2298 3212 2339 uesr
3234 2282 3433 2354 (nam),
3463 2292 3519 2337 et
3549 2283 3635 2338 hic
3657 2282 3818 2336 Theo-

2228 2374 2378 2430 dotio
2411 2374 2585 2443 ipsum
2634 2382 2695 2427 ut
2741 2388 2902 2443 supra
2935 2373 3140 2442 posuit,
3194 2374 3393 2442 Aquila
3426 2370 3647 2447 ἄνθιμον,
3677 2374 3819 2443 Sym-

2228 2466 2455 2522 machus
2494 2467 2823 2537 polymilum.
2865 2464 2977 2521 Nos
3007 2476 3188 2521 autem
3236 2465 3383 2536 quod
3417 2480 3583 2536 supra
3623 2466 3816 2531 subtile,

2227 2560 2315 2617 hic
2338 2561 2489 2630 juxta
2525 2559 2939 2631 Symmachum,
2993 2560 3303 2632 polymitum
3349 2560 3637 2627 diximus;
3687 2559 3819 2617 LXX

2225 2656 2498 2730 τρίχαπτα
2548 2654 2967 2719 transtulerunt,
3004 2664 3291 2709 servantes
3322 2653 3816 2724 interpretationem

2227 2747 2589 2817 prietes-itam:
2632 2757 2690 2801 ut
2722 2745 2787 2800 ad
2822 2745 3242 2801 similitudinem
3273 2747 3605 2815 capillorum
3647 2749 3816 2804 tenuia

2225 2841 2549 2895 vestimenta
2584 2848 2975 2895 monstrarent.
3009 2838 3198 2895 Omnis
3231 2850 3417 2897 autem
3470 2852 3698 2897 ornatus
3725 2840 3815 2896 dc-

2221 2931 2481 2986 scribitur
2507 2915 2873 2997 feminarum,
2927 2943 2985 2986 ut
3009 2931 3246 3000 lavetur,
3298 2941 3357 2987 ut
3406 2933 3717 3009 mandetur,
3765 2941 3819 2985 ut

2222 3035 2457 3096 ungatur
2503 3026 2653 3093 oleo,
2706 3035 2761 3082 et
2787 3026 3161 3082 discoloribus
3214 3028 3505 3099 vestiatur,
3571 3027 3817 3084 calcietur

2223 3118 2539 3189 hyacintho,
2597 3118 2916 3189 accingatnr
2944 3119 3134 3190 bysso,
3194 3119 3458 3176 induatur
3513 3120 3810 3190 tricbaptis,

510 3211 796 3282 stringitur
818 3221 875 3266 et
902 3220 1128 3266 ornatur
1155 3206 1400 3262 ambitio.
1432 3207 1695 3262 Volumus
1721 3204 1861 3258 scire
1888 3216 2011 3273 quae
2041 3204 2113 3257 sit
2142 3183 2187 3246 C
2218 3210 2336 3266 sive
2365 3210 2674 3280 ευιηίιίιιυε,
2731 3210 2963 3282 accipiat
2993 3211 3260 3279 armillas,
3312 3221 3368 3267 et
3430 3183 3704 3284 torquem.
3725 3183 3814 3267 an;

504 3318 707 3359 corona
751 3304 968 3361 dewris
1017 3304 1070 3358 iu
1129 3304 1310 3372 capite
1361 3300 1668 3357 Jerusalem
1700 3341 1715 3361 ,
1767 3297 2110 3354 revolvamus

510 3397 756 3452 Exodnm
782 3440 797 3464 ,
840 3397 893 3452 in
933 3412 1045 3464 quo
1091 3396 1352 3465 scriptum
1404 3402 1533 3449 est:
1573 3392 1641 3446 Et
1696 3391 1813 3462 fecit
1861 3390 2108 3444 laminam

505 3510 737 3556 auream,
794 3502 841 3547 et
869 3493 1077 3563 scripsit
1104 3493 1157 3545 in
1212 3507 1273 3543 ea
1321 3490 1515 3542 litteras
1574 3487 1887 3554 deformatus
1933 3483 2107 3555 sigillo

502 3589 929 3659 sanctiﬁcationis
982 3583 1213 3646 Domini,
1258 3591 1304 3634 et
1346 3580 1515 3651 posuit
1537 3596 1693 3645 super
1739 3585 1889 3649 caput
1932 3578 2107 3630 Aaron

504 3680 702 3751 (Exod.
735 3695 919 3743 χχχιιι,
937 3678 1055 3745 29).
1076 3676 1296 3747 Signum
1323 3672 1621 3728 Dominicm
1636 3669 2102 3735 sanctilicatiOnis,

504 3790 704 3830 nomen
736 3783 821 3829 est
861 3771 1255 3840 omnipotentis
1311 3770 1431 3835 Dei,
1473 3768 1615 3839 quod
1646 3777 1879 3837 quatuor
1908 3764 2103 3819 litteris

508 3869 794 3923 Hebraicis
825 3866 1083 3921 scribitur
1108 3862 1303 3934 (runt).
1330 3874 1384 3917 et
1405 3861 1546 3931 apud
1581 3874 1675 3914 eos
1700 3868 1929 3914 vocatur
1968 3855 2100 3911 inef-

502 3964 689 4026 fabile,
718 3963 845 4019 dum
881 3977 1081 4017 nomen
1110 3960 1229 4031 ejus
1260 3975 1369 4013 non
1425 3964 1606 4026 potest
1633 3955 1761 4011 dici.
1792 3953 1959 4025 Cujus
1984 3968 2100 4007 ma-

496 4056 751 4129 iestatem
776 4057 940 4111 etiam
982 4052 1260 4125 gentilitas
1292 4069 1396 4106 non
1428 4052 1659 4121 ignorat,
1712 4059 1767 4104 et
1794 4048 2100 4119 Athenien-

501 4153 642 4207 sium
671 4160 899 4205 testatur
929 4163 1042 4216 ara,
1074 4157 1099 4184 ³
1125 4146 1313 4218 Ignoto
1336 4143 1467 4199 Deo.
1506 4143 1659 4200 Unde
1688 4155 1741 4199 et
1767 4143 2061 4212 Apostolus
2085 4159 2097 4195 :

505 4246 667 4312 Quem
694 4260 800 4307 vos,
824 4242 1019 4314 inquit,
1048 4243 1279 4312 ignotum
1309 4240 1499 4299 colitis,
1531 4237 1669 4290 hunc
1698 4253 1789 4291 nos
1818 4237 2101 4289 annuntia-

502 4354 615 4392 mus
640 4337 781 4391 vobis
813 4337 951 4408 (Act.
982 4350 1113 4400 xvn,
1140 4335 1258 4403 25).
1293 4333 1455 4388 Istam
1490 4345 1619 4401 puto
1651 4346 1912 4385 coronam
1944 4336 2097 4395 esse,"

509 4432 663 4504 157
696 4436 762 4485 de
791 4446 894 4502 qua
917 4439 975 4485 et
1005 4429 1289 4485 PSaltnista
1338 4428 1470 4482 dicit
1500 4444 1513 4480 ε
1547 4426 1823 4499 Signatum
1850 4435 1923 4479 est
1949 4440 2102 4495 super

502 4544 596 4582 nos
622 4530 791 4580 lumen
820 4525 991 4579 vultus
1015 4525 1112 4591 tui,
1165 4522 1383 4577 Domine
1408 4519 1525 4606 (Ps.
1554 4537 1627 4586 1v,
1655 4517 1732 4590 7).
1770 4520 1829 4572 Et
1866 4517 2100 4585 Aposto-

2214 3319 2387 3372 ream,
2418 3304 2657 3360 circulos
2688 3307 2739 3359 in
2772 3320 2867 3359 ora
2909 3304 3233 3375 pendentes,
3286 3314 3344 3361 et
3372 3306 3588 3361 rotulas
3634 3306 3685 3361 in
3723 3321 3811 3360 au-

2213 3397 2386 3462 ribus,
2423 3396 2582 3469 158
2610 3396 2860 3453 diadema
2892 3396 2944 3451 in
2967 3397 3173 3467 capite,
3198 3412 3333 3454 auro
3364 3409 3707 3470 argentoque
3726 3397 3814 3452 de-

2213 3503 2468 3547 coretur:
2519 3506 2848 3561 quamquam
2882 3490 3094 3561 argenti
3131 3491 3295 3546 vilior
3340 3491 3413 3547 sit
3467 3494 3717 3557 materia,
3762 3499 3812 3546 et

2209 3595 2332 3656 post
2360 3585 2541 3638 omnia
2573 3584 2875 3639 inferatur:
2915 3582 3114 3637 Vestitu
3150 3602 3202 3639 es
3230 3584 3409 3656 bysso,
3435 3596 3486 3640 et
3530 3586 3809 3657 polymita,

2207 3688 2254 3733 et
2285 3678 2718 3743 versicoloribus;
2747 3678 2883 3745 sive,
2919 3688 2977 3733 ut
3003 3677 3358 3749 Septuaginta
3390 3682 3807 3746 transtulerunt,

2208 3774 2398 3827 amictu
2430 3782 2476 3826 et
2517 3772 2717 3843 palliis,
2753 3772 2855 3827 hoc
2878 3772 3023 3826 enim
3057 3773 3361 3849 περιϐόλαια
3388 3774 3724 3845 signiﬁcant,
3755 3780 3811 3826 ut

2207 3882 2319 3923 non
2364 3866 2536 3921 solum
2571 3867 2726 3922 cultu
2777 3868 3027 3937 corporis
3071 3878 3219 3923 esset
3248 3880 3479 3937 ornata,
3534 3879 3589 3924 et
3635 3868 3809 3924 omnia

2170 3962 2177 3966 ’
2206 3962 2438 4019 haberet
2468 3963 2691 4018 monilia
2721 3963 3071 4032 feminarum,
3102 3963 3199 4019 scd
3231 3965 3393 4019 strati
3423 3980 3651 4038 quoque
3672 3964 3806 4036 ejus,

2205 4065 2259 4111 et
2284 4057 2467 4111 lectuli
2498 4057 2738 4113 sollicita
2770 4065 2918 4113 esset
2943 4057 3228 4129 diligentia
3260 4059 3557 4119 maritalis.
3582 4068 3644 4115 ut
3665 4066 3808 4129 pust—

2205 4167 2364 4222 quam
2392 4153 2498 4207 ista
2524 4153 2882 4219 enmplesset,
2911 4152 3123 4206 veniret
3165 4152 3230 4207 ad
3262 4152 3529 4208 ciborum
3557 4153 3806 4219 delicias,

2203 4255 2257 4301 et
2276 4250 2353 4301 ‘ne
2380 4248 2431 4301 in
2452 4246 2536 4301 his
2566 4246 2783 4317 quidem
2809 4245 3011 4317 aliquid
3037 4246 3086 4300 ei
3118 4245 3315 4301 deesse
3346 4256 3648 4314 pateretur.
3678 4244 3806 4313 Quae

2203 4336 2381 4392 omnia
2409 4337 2564 4408 juxta
2614 4338 2955 4407 superiorem
2998 4337 3449 4406 explanationem
3498 4336 3807 4407 aptabimus

2205 4429 2577 4501 intelligentiae
2627 4429 2938 4499 spirituali:
2974 4438 3031 4484 ut
3061 4430 3298 4501 hyssinis
3328 4431 3618 4499 operiatur
3648 4442 3809 4499 atque

2204 4524 2519 4595 subtilibus,
2552 4540 2619 4578 ne
2649 4522 2884 4579 delicata
2932 4522 3183 4594 conjugis
3230 4522 3479 4577 membra
3512 4522 3666 4593 gravi
3700 4519 3811 4592 pal-

496 4620 584 4676 lus
616 4619 939 4689 loquebatur
974 4634 986 4670 :
1020 4616 1241 4671 Cursum
1269 4596 1639 4679 consummavi,
1670 4613 1827 4680 ﬁdem
1875 4612 2090 4676 servavi,
2124 4588 2179 4651 Β
2204 4617 2399 4672 liorum
2449 4631 2617 4673 onere
2664 4626 3110 4687 praagmventur,
3163 4613 3260 4670 sed
3288 4623 3348 4670 et
3390 4628 3553 4670 usum
3606 4612 3809 4684 pariter

498 4714 565 4768 de
594 4723 777 4769 cratera
803 4710 1027 4782 reposita
1062 4721 1136 4764 est
1159 4709 1286 4763 mihi
1312 4726 1499 4763 corona
1519 4707 1759 4779 justitiw,
1791 4721 1945 4776 quam
1978 4703 2098 4757 red-

499 4807 585 4861 det
639 4794 767 4861 milii
795 4807 972 4877 justus
1010 4804 1181 4876 jndea:
1209 4803 1277 4869 (ll
1306 4802 1439 4856 Tim.
1467 4817 1542 4867 ιν,
1568 4803 1618 4867 7,
1649 4800 1727 4870 8).
1776 4799 1841 4853 Et
1890 4800 1942 4853 in
1989 4798 2096 4852 alio

499 4901 619 4957 loco
647 4898 718 4955 ad
758 4898 1055 4955 Credenles
1088 4915 1102 4950 :
1144 4895 1405 4950 Gaudium
1462 4910 1649 4958 meum,
1695 4902 1741 4946 et
1773 4896 1960 4946 corona
1984 4909 2096 4946 mea

500 4996 674 5069 (Phil.
706 5012 781 5060 tv,
818 4992 895 5065 1).
929 4993 1114 5049 Gloria
1148 4993 1295 5045 enim
1331 4998 1567 5057 patrum,
1595 4988 1710 5042 filii.
1745 4987 1813 5042 Et
1852 4987 1904 5041 in
1942 4988 2097 5043 Salo-

497 5105 661 5147 mone
697 5087 993 5143 scribitur:
1036 5084 1239 5139 Corona
1270 5081 1449 5154 gloria:
1489 5092 1719 5136 senectus
1765 5078 1950 5149 (Prov.
1992 5095 2089 5146 xtl,

494 5186 551 5257 6)
576 5201 592 5252 ;
636 5197 823 5239 eorum
845 5180 1105 5235 videlicet
1133 5179 1225 5249 qui
1251 5180 1633 5232 destruxcruut
1665 5191 1727 5231 ea
1748 5192 1869 5246 qua:
1894 5191 2091 5245 parvu-

494 5279 671 5334 lorum
695 5286 840 5343 sunt,
880 5284 937 5331 et
982 5284 1104 5345 post
1132 5281 1347 5327 aetatem
1398 5270 1621 5342 perfecti
1664 5272 1793 5337 viri,
1828 5281 2092 5327 venerunt

495 5374 563 5430 ad
585 5383 944 5436 seneCtutem,
967 5379 1022 5425 et
1058 5368 1125 5423 ad
1156 5377 1371 5439 patrum
1398 5367 1635 5429 nomina,
1678 5366 1873 5436 quibus
1901 5367 2092 5423 scribit

569 5564 596 5594 δ
634 5555 689 5611 Si
733 5551 1068 5610 (Erumenio
1107 5550 1418 5616 credimus,
1482 5550 1751 5619 ejusmodi
1804 5547 2092 5618 inscriptio

499 5627 641 5685 fuit:
671 5635 812 5701 Θεοζς
847 5626 1025 5701 Ἀσίας
1048 5628 1160 5701 -καὶ
1201 5626 1447 5701 Εὐρώπης
1481 5626 1567 5701 uoti
1601 5624 1816 5701 Λιϐᾖης,
1836 5622 2094 5701 ’ἀγνώστῳ

499 5704 583 5757 καὶ
600 5702 743 5767 ξένῳ.
766 5698 857 5752 Dis
880 5699 1017 5751 Astra
1039 5692 1365 5767 Eitropwijue
1391 5706 1437 5748 et
1468 5693 1666 5765 Libyae,
1694 5692 2005 5767 Deoignoto
2032 5692 2094 5747 ac

498 5757 1223 5857 peregtin‘o..Conlernantem
1268 5757 1661 5838 Hieronymum
1706 5768 1760 5822 in
1804 5757 2093 5821 commen-

498 5838 605 5902 tar.
623 5838 687 5902 in
712 5840 889 5914 Epist.
912 5841 979 5897 ad
1005 5838 1187 5895 Titum
1214 5852 1337 5909 cap.
1373 5854 1409 5893 ι.

2199 4711 2514 4773 exhibeant,
2545 4721 2597 4764 et
2628 4709 2913 4763 decorem.

2274 4801 2519 4859 Similam
2548 4811 2596 4855 et
2623 4800 2725 4854 mel
2748 4812 2796 4854 et
2829 4802 3000 4853 oleum
3038 4799 3333 4867 comedisti,
3366 4810 3415 4856 et
3438 4801 3638 4857 decora
3666 4805 3806 4872 facta

2197 4914 2248 4952 es
2280 4897 2596 4952 vehementer
2631 4894 2806 4949 nimis.
2842 4894 2973 4949 Post
3003 4895 3284 4962 vestitum,
3313 4894 3569 4951 ciborum
3619 4908 3806 4952 curam

2196 4994 2360 5061 gerit,
2386 4999 2443 5045 ut
2463 4990 2712 5047 comedat
2733 4988 3038 5045 Jerusalem
3061 4990 3296 5045 similam
3316 5000 3372 5046 et
3391 4991 3502 5047 mel
3525 4994 3801 5056 etoleum,

2199 5090 2281 5142 vel
2311 5104 2406 5158 per
2432 5098 2635 5158 partes,
2667 5098 2725 5141 ut
2759 5086 3007 5157 plerique
3046 5091 3336 5155 aestimant,
3378 5087 3468 5144 vel
3520 5089 3802 5143 commix-

2199 5182 2346 5236 tione
2378 5183 2562 5247 trinm,
2589 5179 2891 5237 dulciorem
2941 5196 3158 5249 panem,
3206 5182 3297 5251 qui
3336 5178 3491 5251 panis
3544 5180 3617 5235 de
3659 5179 3800 5236 coelo

2198 5273 2477 5328 descendit
2511 5270 2694 5345 (Joan.
2725 5275 2840 5345 vr);
2871 5289 2935 5329 ac
2962 5274 3063 5328 sub
3114 5273 3288 5329 tribus
3338 5271 3665 5329 nominibus
3692 5315 3709 5340 ,
3743 5281 3800 5329 ut

2198 5366 2445 5421 nonnulli
2499 5375 2712 5437 putant,
2751 5380 3153 5423 sacramentum
3210 5365 3418 5422 indicat
3469 5364 3794 5423 Trinitatis:

2268 5548 2298 5587 δ
2318 5549 2408 5606 Sic
2430 5550 2614 5614 legunt
2635 5550 2857 5621 codices
2876 5566 3008 5606 mss.
3037 5551 3139 5607 hoc
3161 5552 3317 5619 loco;
3353 5552 3481 5609 licet
3504 5567 3676 5621 supra
3705 5570 3784 5609 re-

2205 5621 2410 5676 tineant
2466 5622 2655 5686 Messe,
2691 5623 2775 5677 vel
2808 5620 2940 5677 Mse.
2994 5624 3130 5678 llinc
3158 5624 3346 5680 videas
3385 5620 3621 5681 verbum
3668 5629 3793 5686 tum

2204 5693 2527 5749 Hebraicum
2554 5704 2608 5749 et
2631 5694 2810 5766 Mssa,
2828 5702 2882 5748 ct
2911 5692 3044 5748 Μεδὶ
3073 5696 3177 5766 legi
3202 5692 3466 5764 potuisse,
3490 5712 3618 5753 cum
3644 5707 3799 5754 esset

2204 5765 2417 5833 punctis
2462 5766 2742 5820 vocalibus
2782 5764 3330 5824 destitutumfbisn'r.
3355 5796 3427 5810 ——
3449 5771 3795 5825 Arcliinteus

2201 5835 2643 5904 Mediolaneusis,
2676 5852 2787 5909 quo
2814 5852 2959 5896 nunc
2981 5837 3062 5895 uti
3085 5838 3375 5911 incipimus
3404 5855 3541 5911 ms.,
3578 5841 3711 5898 Msi.
