4018 6322
256 215 337 274 lli
930 212 1584 274 COMMENTARIORUM
1622 212 1691 273 IN
1729 210 2171 274 EZECHIELEM
2209 208 2340 273 LIB.
2385 216 2448 273 V.
2493 214 2650 274 CAP.
2691 215 2833 274 XVI.

3436 223 3539 281 142

256 341 523 404 agnoscat,
567 340 767 405 quotus
795 333 899 390 sibi
928 334 1066 392 liber
1091 335 1354 407 legendus
1375 376 1391 402 ,
1423 343 1477 391 et
1508 351 1630 407 quae
1678 335 1835 390 nobis
1863 340 1911 396 Α
1941 335 1985 388 si
2017 333 2272 389 lueretica
2297 332 2659 389 lraudulentia
2687 333 3033 404 supplantata
3071 332 3266 403 fuerit,
3304 316 3447 393 tollit
3471 341 3535 394 ﬁ-

257 427 530 498 propbetia
551 427 890 497 explananda
916 427 1007 484 sit.
1037 427 1096 483 lu
1122 428 1401 497 prusterito
1425 428 1583 497 igitur
1604 427 1835 482 volumi-

252 534 332 586 ne,
358 518 412 573 id
446 531 553 587 est,
582 529 799 589 quarto,
830 529 1041 591 partem
1069 518 1381 591 prophetiae
1396 529 1585 575 contra
1615 520 1837 575 Jerusa-

254 612 368 677 lem,
392 611 554 682 eujus
583 612 728 667 istud
750 610 1036 668 exordium
1083 620 1167 667 est
1194 627 1206 664 :
1236 612 1416 667 Radix
1437 622 1525 665 tua
1549 620 1593 665 et
1624 628 1837 682 genera-

249 708 312 761 tio
359 717 451 761 tua
481 708 546 762 de
572 716 708 761 terra
729 706 1004 773 Chanaan,
1029 722 1203 777 usque
1233 706 1300 761 ad
1327 722 1451 762 eum
1487 707 1689 773 locum,
1744 705 1835 761 ubi

248 802 508 873 scriptum
539 813 628 860 est
656 822 671 857 :
704 803 948 859 Similam
971 811 1020 858 et
1052 804 1223 857 oleum
1249 810 1296 857 et
1322 802 1445 869 mel,
1477 802 1660 873 quibus
1711 817 1838 857 enu-

246 896 353 949 triri
383 904 459 962 te,
497 897 719 969 posuisti
749 897 804 950 in
830 905 1103 967 conspectu
1141 912 1315 951 eorum
1342 895 1395 949 in
1421 894 1633 951 odorem
1661 894 1835 949 suavi-

248 989 389 1055 tatis,
424 999 487 1045 ut
506 990 660 1061 potui
688 990 840 1046 brevi
859 1005 1114 1047 sermone
1133 989 1392 1046 disserui.
1418 988 1570 1043 Nunc
1594 988 1836 1058 ejusdem

246 1082 544 1152 prephetiaa
571 1098 702 1154 pars
729 1083 932 1155 reliqua
960 1098 1081 1139 cum
1120 1084 1329 1138 caeteris
1368 1097 1487 1152 qua:
1511 1092 1836 1151 sequuntur,

247 1176 426 1245 quinto
478 1177 770 1244 volumini,
802 1186 859 1233 et
904 1188 1016 1244 tuo,
1062 1176 1446 1239 Eustochium,
1506 1175 1709 1231 nomini
1743 1173 1839 1231 de-

246 1266 475 1323 dicatur.
528 1267 591 1323 ln
640 1283 748 1339 quo
798 1269 928 1324 nihil
974 1285 1043 1324 ex
1097 1278 1217 1324 arte
1246 1267 1541 1334 rhetorica,
1577 1267 1714 1323 nihil
1770 1283 1836 1323 ex

244 1362 645 1432 compositione
678 1365 952 1435 reperies,
982 1373 1036 1420 et
1057 1372 1342 1419 venustate
1375 1364 1662 1419 verborum
1699 1380 1712 1416 :
1743 1362 1838 1419 sed

243 1470 420 1511 curam
452 1457 718 1527 simplicis
748 1467 806 1515 et
833 1460 1050 1514 solertis
1070 1458 1395 1529 diligentiae,
1422 1468 1479 1514 ut
1506 1460 1611 1516 ista
1636 1469 1691 1515 et
1721 1459 1837 1515 sola

246 1547 353 1604 laus
379 1564 507 1605 mea
539 1551 634 1618 sit,
683 1551 729 1607 si
782 1552 1064 1623 prophetae
1090 1567 1187 1623 per
1228 1569 1315 1610 me
1339 1553 1486 1610 dicta
1537 1552 1832 1624 intelligas.

311 1824 496 1895 (Vers.
528 1829 601 1885 20
623 1830 805 1901 seqq.)
840 1828 905 1884 Et
936 1830 1131 1899 factum
1158 1840 1258 1897 est,
1293 1831 1363 1883 ait
1389 1830 1646 1885 Dominus
1676 1830 1836 1898 Deus,

248 1927 291 1972 et
313 1918 485 1974 tulisti
511 1920 654 1988 filios
677 1932 793 1976 tuos
821 1932 871 1977 et
891 1923 1032 1989 filias
1060 1933 1200 1992 tuas,
1230 1940 1359 1992 quas
1399 1924 1623 1995 genuisti
1655 1922 1836 1994 [Vulg.

246 2011 523 2084 generasti]
573 2012 699 2067 mihi
732 2024 824 2068 :et
878 2014 1161 2069 immolasti
1217 2017 1290 2070 eis
1338 2015 1407 2069 ad
1466 2016 1842 2071 deuorandum.

248 2104 520 2177 Numquid
551 2124 713 2177 parva
732 2117 808 2163 est
840 2109 1121 2179 fornicatio
1146 2119 1256 2176 tua,
1294 2119 1319 2147 ιι
1354 2110 1673 2164 imntolantis
1706 2110 1843 2178 ﬁlios

247 2200 419 2253 meos?
457 2210 506 2253 et
535 2199 731 2256 dedisti
771 2200 893 2257 illos
936 2218 1241 2257 consecrans
1263 2203 1356 2256 eis.
1387 2201 1457 2255 Et
1506 2213 1621 2274 post
1667 2219 1842 2257 omnes

248 2288 657 2347 abominationes
684 2303 802 2349 tuas
822 2303 871 2349 et
909 2297 1309 2366 fornicationes,
1344 2312 1445 2350 non
1471 2313 1523 2351 es
1570 2298 1845 2351 recordata

247 2383 445 2439 dierum
469 2386 837 2444 adolescentiae
863 2397 985 2452 tute,
1032 2390 1244 2460 quando
1273 2405 1388 2445 eras
1414 2389 1559 2444 nuda
1586 2401 1633 2445 et
1665 2392 1847 2463 confu-

250 2478 404 2531 sionis
439 2478 621 2550 plena,
656 2482 964 2535 conculcata
1002 2482 1053 2537 in
1098 2484 1355 2555 sanguine
1400 2493 1509 2539 tuo.
1551 2484 1696 2541 LXX
1729 2503 1742 2539 :
1776 2484 1846 2540 Et

248 2571 445 2639 factum
471 2582 545 2626 est
577 2585 691 2644 post
712 2572 845 2643 hwc,
875 2575 998 2628 dicit
1026 2574 1232 2629 Adonai
1264 2575 1544 2645 Dominus,
1590 2587 1637 2631 et
1681 2578 1846 2633 tulisti

249 2664 383 2734 ﬁlios
409 2679 550 2729 tuos,
585 2676 631 2722 et
662 2669 802 2739 filias
832 2680 945 2725 tuas
969 2687 1097 2741 quas
1126 2670 1369 2742 genuisti,
1394 2681 1442 2726 et
1470 2672 1749 2727 immolasti
1773 2674 1846 2728 eis

248 2759 301 2812 in
327 2764 792 2834 consumptionem,
814 2766 965 2835 quasi
995 2782 1185 2834 parum
1214 2766 1472 2836 fornicata
1500 2766 1593 2837 sis,
1626 2765 1655 2805 ι)
1683 2776 1730 2822 et
1760 2769 1844 2821 in-

249 2857 492 2925 terfecisti
524 2857 666 2925 filios
690 2868 826 2925 tuos,
859 2870 906 2912 et
934 2858 1123 2917 dedisti
1148 2876 1237 2916 eos
1265 2877 1381 2915 cum
1427 2861 1642 2933 offerres
1697 2861 1802 2916 illis
1827 2903 1842 2928 ,

248 2953 343 3005 hoc
368 2961 467 3016 est,
501 2969 662 3020 super
693 2969 895 3008 omnem
918 2954 1313 3023 fornicationem
1341 2966 1483 3009 tuam
1508 2970 1557 3010 et
1584 2955 1850 3011 abomina-

247 3046 414 3100 tiones
460 3054 600 3115 tuas,
649 3057 831 3101 etnon
878 3064 933 3103 es
975 3048 1251 3104 recordata
1294 3050 1395 3103 diei
1444 3050 1678 3120 infantia:
1720 3059 1844 3119 tute,

1940 427 2045 483 lios
2070 442 2217 495 suos,
2247 426 2337 497 qui
2358 423 2385 464 ά
2410 427 2749 483 robustiores
2780 436 2908 483 sunt
2930 428 2981 483 in
3015 427 3142 497 ﬁde,
3168 438 3221 485 et
3248 430 3385 487 ﬁlias
3414 448 3535 503 qua:

1939 538 2050 579 non
2080 523 2286 579 habent
2313 532 2519 578 tantam
2545 522 2671 578 ﬁdei
2705 522 3099 579 fortitudinem.
3149 527 3255 580 Aut
3295 537 3446 581 certe
3475 527 3537 581 ﬁ-

1942 621 2084 686 lios,
2130 623 2221 692 qui
2267 624 2500 694 mystica
2540 635 2770 692 quasque
2803 632 3187 692 cognoscunt:
3224 622 3361 679 ﬁlias
3414 640 3535 693 qua:

1940 714 2246 784 simplicem
2302 724 2611 785 sequuntur
2643 713 2961 781 historiam;
2991 722 3046 769 ct
3074 715 3240 770 tradit
3266 715 3537 772 daemoni-

1939 808 2040 863 bus
2066 807 2406 865 devorandos
2425 853 2439 877 ,
2473 818 2532 865 et
2557 823 2679 864 cum
2701 807 2999 864 interﬁciat
3025 822 3139 873 eos,
3175 809 3451 866 viviﬁcare
3479 825 3540 867 se

1940 902 2138 973 credit,
2163 911 2220 958 et
2243 903 2458 972 placare
2489 902 2800 970 simulacra,
2826 916 3059 972 quorum
3088 904 3364 960 occisione
3385 912 3536 959 satu-

1938 1005 2150 1054 rantur.
2191 997 2456 1068 Quodque
2481 997 2679 1053 dicitur
2702 998 2855 1065 juxta
2876 997 3248 1068 Septuaginta,
3284 998 3386 1054 hoc
3413 1009 3533 1067 est,

1939 1106 2094 1162 super
2144 1107 2347 1146 omnem
2394 1090 2789 1157 fornicationem
2837 1099 3002 1157 tuam,
3043 1099 3090 1145 et
3131 1092 3540 1148 abominationes

1942 1193 2078 1247 tuas.
2110 1184 2238 1239 illttd
2272 1184 2561 1255 signiﬁcat,
2611 1184 2754 1255 quod
2784 1184 3000 1240 cunctis
3032 1186 3273 1255 peccatis
3295 1195 3350 1241 et
3372 1186 3543 1241 forni-

1940 1276 2245 1331 cationibus
2287 1278 2442 1347 pejor
2469 1277 2539 1332 sit
2572 1276 2817 1332 doetriua
2850 1278 3161 1331 daemonum
3213 1294 3227 1331 :
3259 1278 3426 1333 immo
3458 1278 3540 1333 in-

1943 1367 2180 1423 terﬁciet
2205 1382 2323 1437 eos,
2349 1383 2482 1439 quos
2510 1369 2597 1423 vel
2643 1368 2815 1423 multo
2842 1356 3029 1424 labore
3071 1378 3334 1439 genuerat
3388 1371 3499 1424 Deo
3522 1412 3537 1435 ,

1941 1462 2029 1517 vel
2080 1475 2207 1518 suos
2247 1461 2458 1518 fecerat
2488 1463 2651 1532 ﬁlios,
2703 1478 2842 1535 quos
2874 1464 2927 1519 in
2968 1463 3329 1521 fornicatione
3370 1448 3540 1537 gene-

1943 1559 2103 1611 ravit.
3071 1608 3078 1615 .

2016 1648 2179 1721 (Vers
2202 1649 2274 1706 ‘23
2301 1649 2486 1720 seqq.)
2518 1649 2585 1703 Et
2633 1650 2823 1704 accidit
2873 1658 2989 1722 post
3039 1666 3239 1705 onmem
3288 1652 3542 1707 malitiam

1873 1739 1922 1800 B
1952 1751 2097 1797 tuam
2126 1760 2144 1797 :
2166 1758 2261 1811 me,
2298 1759 2371 1797 rte
2398 1742 2511 1810 tibi,
2536 1741 2663 1796 dicit
2689 1741 2947 1797 Dominus
2988 1741 3153 1799 Deus.
3185 1742 3255 1797 Et
3274 1744 3550 1815 wdiﬁcasti

1948 1836 2041 1889 tibi
2066 1835 2311 1904 lupanar,
2337 1847 2384 1890 et
2422 1836 2590 1907 fecisti
2619 1836 2709 1889 tibi
2739 1835 3086 1906 prostibulum
3116 1838 3169 1891 in
3201 1839 3400 1891 cunctis
3432 1840 3549 1910 pla-

1950 1929 2064 1984 teis.
2094 1929 2177 1982 Ad
2206 1944 2357 1983 omne
2384 1938 2541 1997 caput
2565 1930 2658 1981 via:
2688 1927 2963 1997 wdiﬁcasti
2987 1929 3191 2000 signant
3217 1931 3547 2001 prostitutio-

1949 2022 2029 2075 nis
2062 2029 2181 2087 luat,
2214 2030 2259 2077 et
2284 2021 2682 2077 abominabilem
2705 2021 2874 2091 fecisti
2897 2022 3133 2077 decorem
3184 2034 3350 2087 tuum,
3378 2034 3425 2077 et
3459 2025 3545 2079 di-

1948 2115 2115 2169 visisti
2141 2113 2253 2187 [ΑΙ.
2294 2113 2563 2186 dimisisti]
2618 2114 2777 2185 pedes
2816 2124 2931 2169 tuos
2962 2117 3103 2169 omni
3133 2118 3461 2182 transeunti,
3497 2128 3545 2172 et

1947 2206 2306 2276 multiplicasti
2334 2206 2704 2277 fornicationes
2749 2215 2883 2261 tuas.
2932 2205 3003 2261 Et
3050 2208 3309 2277 fornicata
3343 2226 3395 2264 es
3426 2226 3546 2264 cum

1948 2297 2074 2367 filiis
2097 2297 2322 2369 zEgypti
2349 2299 2532 2352 vicinis
2558 2299 2658 2352 tuis
2682 2315 2988 2369 magnarum
3011 2301 3272 2368 carnium,
3300 2311 3347 2355 et
3377 2303 3550 2355 multi-

1946 2393 2152 2464 plicasti
2185 2392 2577 2463 fornicationem
2608 2402 2752 2447 tuam
2782 2394 2851 2446 ad
2882 2394 3197 2449 irritandam
3226 2411 3330 2450 me.
3354 2395 3498 2451 LXX
3530 2415 3541 2450 :

1947 2484 2017 2562 Et
2056 2489 2251 2556 factunt
2296 2496 2369 2539 est
2413 2494 2528 2557 post
2558 2502 2734 2541 omnes
2772 2488 3001 2541 malitias
3040 2496 3155 2541 tuas
3305 2505 3412 2555 ore,
3471 2504 3544 2541 ure

1947 2577 2039 2632 tibi
2080 2592 2097 2635 :
2142 2578 2267 2632 dicit
2316 2578 2547 2632 Adonai'
2573 2577 2851 2633 Dominus.
2897 2578 2965 2632 Et
2994 2580 3264 2649 aedi/icasti
3311 2580 3405 2633 tibi
3452 2579 3551 2633 ha-

1949 2669 2234 2724 bitaculum
2263 2670 2646 2741 fornicationis,
2678 2679 2725 2724 et
2751 2671 2918 2741 fecisti
2942 2670 3033 2724 tibi
3055 2672 3475 2741 prostitutionem
3496 2673 3549 2727 in

1947 2764 2088 2818 omni
2120 2763 2313 2831 platea.
2337 2762 2404 2817 Et
2433 2764 2489 2818 in
2518 2763 2779 2833 principio
2801 2764 2967 2818 onmis
2992 2765 3087 2818 vita
3126 2766 3398 2832 azdificasti
3431 2768 3544 2837 for-

1948 2858 2233 2912 nicationes
2264 2866 2420 2911 tuas:
2450 2865 2496 2912 et
2523 2857 2804 2924 corrupisti
2832 2856 3068 2911 decorem
3102 2858 3258 2930 166
3300 2869 3466 2923 tuum,
3498 2870 3548 2913 et

1950 2953 2249 3007 diuaricasti
2275 2968 2433 3007 crura
2463 2962 2556 3006 tua
2594 2954 2733 3007 omni
2763 2952 3083 3019 transeunti,
3115 2962 3162 3006 et
3190 2953 3553 3023 multiplicasti

1949 3046 2345 3115 fornicationem
2396 3055 2541 3098 tuam
2580 3061 2598 3098 :
2627 3053 2675 3098 et
2706 3045 2969 3114 fornicata
2999 3060 3050 3097 es
3088 3059 3206 3097 cum
3233 3044 3359 3113 ﬁliis
3385 3043 3537 3118 [Egit

244 3140 461 3211 quando
489 3157 607 3195 eras
637 3143 779 3195 nuda
804 3151 851 3195 et
871 3142 1221 3215 ignominiosa
1252 3159 1270 3196 :
1300 3143 1464 3197 mimta
1490 3143 1542 3197 in
1597 3143 1847 3215 sanguine
1876 3130 1922 3194 C
1952 3140 2028 3209 pti
2057 3139 2238 3193 uicinis
2268 3139 2390 3203 tuis,
2419 3140 2509 3209 qui
2537 3147 2655 3193 sunt
2688 3155 2995 3209 magnarum
3024 3140 3302 3207 carnium,
3336 3148 3383 3194 et
3414 3141 3551 3195 mul-

246 3241 334 3286 tuo
354 3233 557 3288 risisti.
590 3233 745 3301 Quod
778 3234 918 3290 ﬁlios
937 3249 1090 3301 suos,
1134 3245 1189 3290 et
1218 3235 1357 3290 ﬁlias
1408 3234 1734 3299 Jerusalem,
1777 3235 1848 3291 de

245 3325 447 3395 quibus
472 3329 736 3395 scriptum
790 3337 875 3381 est
904 3343 917 3379 :
947 3324 1121 3382 Filios
1151 3328 1307 3397 genui
1360 3334 1408 3381 et
1448 3326 1675 3382 exaltari
1701 3342 1720 3380 :
1748 3327 1849 3397 ipsi

248 3426 421 3470 autem
444 3428 755 3487 spreverunt
784 3434 864 3473 me
890 3416 1025 3491 (Isa.
1052 3434 1092 3485 ι,
1114 3418 1204 3490 2);
1240 3418 1403 3475 idolis
1460 3419 1843 3487 immolaverit,

247 3519 432 3566 sancta
475 3509 756 3581 Scriptura
800 3520 1196 3566 commemorat
1224 3511 1664 3567 :lmmolaverunt
1713 3512 1847 3580 ﬁlios

244 3618 363 3656 suos
391 3612 443 3657 et
466 3601 611 3670 filias
633 3618 756 3657 suas
777 3603 1097 3658 dtemonibus
1122 3601 1242 3673 (Ps.
1267 3619 1361 3672 cv,
1385 3601 1500 3674 57).
1528 3604 1594 3659 Et
1614 3604 1843 3659 iterum:

245 3693 575 3765 Effuderunt
595 3698 899 3767 sanguinem
930 3697 1255 3751 innocentem
1302 3694 1498 3768 (Ibid.,
1522 3694 1615 3767 58)
1642 3736 1656 3763 ,
1690 3695 1845 3767 165

241 3790 558 3859 sanguinem
593 3789 824 3857 filiarum
847 3806 1080 3855 suorum,
1108 3800 1156 3843 et
1181 3788 1414 3858 ﬁliarum
1442 3805 1678 3852 suarum,
1716 3807 1846 3859 quas

238 3881 641 3936 immolaverunt
657 3881 983 3951 sculptilibus
1004 3880 1251 3937 Chanaan
1272 3879 1467 3952 (Exod.
1486 3896 1561 3947 tv,
1577 3880 1669 3952 ξε)
1680 3921 1693 3936 .
1708 3881 1848 3937 Suos

240 3988 428 4033 autem
454 3977 1143 4048 rocatjuxtallebraicum.
1169 3976 1290 4046 Ipse
1316 3976 1461 4030 enim
1490 3975 1558 4031 de
1587 3976 1668 4032 eis
1689 3974 1846 4031 dixe-

240 4080 325 4127 rat
359 4090 371 4123 :
410 4082 433 4109 ε
467 4069 517 4122 F
521 4069 645 4124 ilius
671 4070 1042 4142 primogenitus
1092 4086 1234 4124 meus
1272 4067 1460 4123 Israel.
1517 4066 1644 4124 Sive
1694 4069 1848 4137 juxta

239 4162 631 4234 Septuaginta,
665 4173 800 4232 tuos,
832 4177 974 4234 quos
1000 4161 1068 4218 de
1107 4160 1471 4217 fornicatione
1494 4161 1755 4232 genuisti.
1788 4162 1846 4218 ln

239 4272 309 4314 eo
334 4267 528 4312 autem
577 4257 701 4312 loco
742 4257 796 4310 in
820 4270 930 4327 quo
951 4270 1054 4311 nos
1082 4256 1387 4327 posuimus,
1420 4266 1466 4310 et
1495 4255 1686 4310 dedisti
1728 4257 1850 4311 illos

239 4368 558 4407 consecrans
607 4351 702 4416 eis,
756 4365 853 4418 pro
883 4365 990 4420 quo
1025 4349 1380 4420 Septuaginta
1416 4348 1848 4415 transtulerunt,

240 4456 289 4499 et
318 4444 514 4498 dedisti
544 4459 631 4498 eos
660 4442 727 4496 ad
752 4440 1093 4513 placandum,
1124 4442 1237 4496 sive
1265 4442 1603 4512 expiandum,
1628 4440 1847 4509 Aquila,

1950 3231 2191 3304 tipliciter
2218 3232 2476 3303 fornicata
2500 3248 2575 3300 es,
2602 3241 2660 3285 ut
2682 3247 2763 3285 me
2778 3232 2847 3285 ad
2869 3232 3200 3286 iracundiam
3222 3249 3547 3299 pravocares.

1953 3323 2067 3380 Hoc
2094 3326 2241 3395 quod
2272 3325 2515 3380 secundo
2542 3325 2766 3390 dicitur,
2796 3341 2894 3393 rte,
2918 3342 2992 3380 υιε
3018 3326 3129 3393 tibi,
3168 3326 3401 3397 Vulgata
3433 3328 3552 3383 edi-

1951 3417 2027 3472 tio
2050 3432 2156 3471 uon
2184 3416 2371 3484 habet,
2391 3416 2486 3472 sed
2510 3416 2581 3471 de
2603 3415 3007 3473 Theodotionis
3030 3416 3276 3473 editione
3301 3417 3550 3473 additum

1951 3518 2056 3564 est.
2101 3508 2454 3579 Rursumque
2481 3509 2571 3564 ubi
2609 3526 2707 3564 nos
2740 3508 2990 3564 diximus
3021 3528 3032 3563 :
3066 3508 3130 3563 Et
3158 3510 3432 3579 (ediﬁcasti
3460 3512 3553 3566 tibi

1950 3600 2203 3670 lupanar,
2254 3616 2357 3672 pro
2404 3616 2513 3671 quo
2558 3600 2919 3671 Septuaginta
2971 3602 3378 3657 transtulerunt
3428 3621 3440 3657 :
3488 3602 3558 3658 Et

1950 3695 2227 3766 tediﬁcasti
2256 3696 2348 3749 tibi
2370 3695 2724 3749 habitaculum
2762 3694 3156 3765 fornicationis,
3188 3695 3553 3768 Symmachus

1949 3795 2005 3842 et
2033 3785 2342 3842 Theodotio
2359 3795 2591 3863 πορνεῖον
2620 3786 2975 3855 interpretati
3010 3797 3164 3852 sunt;
3220 3788 3418 3858 Aquila
3451 3806 3548 3843 Vn-

1949 3879 2071 3935 lens
2100 3878 2418 3948 exprimere
2452 3880 2836 3951 etymologiam
2871 3879 3147 3936 sermonis
3176 3879 3431 3937 Hebraici
3451 3898 3552 3939 eos

1952 3974 2090 4047 (3:),
2118 3975 2300 4040 posuit
2324 3975 2550 4045 βάθυνον,
2590 3974 2736 4044 quod
2766 3988 2869 4029 nos
2899 3975 3088 4032 dicere
3116 3989 3432 4047 possumus,
3459 3979 3547 4047 fo-

1949 4083 2096 4122 veam
2120 4083 2138 4121 :
2164 4076 2227 4121 ut
2257 4066 2533 4138 signiﬁcet
2562 4080 2791 4136 ganeam
2817 4080 2881 4121 ac
2905 4066 3183 4122 defossum
3216 4083 3442 4137 specum
3465 4081 3555 4124 at-

1949 4174 2056 4229 que
2090 4158 2467 4223 tenebrosum,
2493 4157 2546 4212 in
2584 4173 2693 4227 quo
2737 4160 3164 4227 prostitutarum
3211 4159 3382 4216 libido
3427 4177 3551 4217 ver-

1950 4259 2123 4308 satur.
2155 4251 2420 4322 Quodque
2442 4250 2693 4320 sequitur
2734 4267 2746 4303 :
2777 4250 2846 4304 Et
2870 4250 3040 4321 fecisti
3071 4252 3163 4305 tibi
3204 4253 3547 4325 prostibulum

1950 4347 2007 4402 in
2028 4348 2225 4401 cunctis
2251 4346 2457 4416 plateis,
2493 4360 2594 4416 pro
2623 4360 2731 4417 quo
2752 4344 3114 4416 Septuaginta
3148 4348 3550 4404 transtulerunt

1956 4448 1979 4477 θ
2006 4439 2213 4513 ἕκθεμα,
2249 4438 2303 4493 in
2336 4438 2611 4494 Hebraico
2651 4438 2816 4493 habet
2864 4454 3007 4493 tum
3044 4450 3141 4494 :et
3171 4448 3279 4494 tam
3327 4439 3550 4512 Aquila,

239 4537 635 4611 Symmachus,
678 4545 734 4591 et
756 4534 1064 4591 Theodotio
1096 4544 1417 4605 posuerunt,
1445 4534 1759 4589 transtulisti
1800 4543 1851 4590 et
1874 4529 1931 4591 D
1955 4550 2115 4607 quam
2144 4533 2506 4606 Symmachus
2530 4543 2585 4588 et
2611 4531 2922 4588 Theodotio
2943 4574 2957 4600 ,
2988 4533 3248 4588 excelsum
3292 4535 3408 4591 sive
3457 4553 3547 4589 su-

241 4631 593 4687 transduxisti
643 4647 728 4684 eos
782 4648 799 4684 :
850 4628 974 4699 quia
1048 4627 1254 4684 ethnici
1312 4643 1406 4699 per
1461 4626 1638 4698 ignem
1707 4627 1849 4683 ﬁlios

238 4742 395 4793 suos,
430 4725 519 4781 vel
556 4721 1193 4792 lransl'eruntparvulos,
1228 4722 1313 4780 vel
1343 4720 1559 4777 adultos
1614 4721 1848 4779 transire

240 4822 608 4893 compellunt.
640 4819 776 4874 Cum
819 4817 956 4883 haec,
1010 4817 1107 4884 ait,
1157 4816 1375 4881 feceris,
1407 4831 1514 4872 non
1565 4830 1625 4871 es
1657 4830 1845 4872 recor-

242 4915 369 4969 data
405 4913 653 4968 infantiae
679 4923 807 4978 tuas,
834 4912 1050 4981 quando
1085 4911 1181 4966 tuli
1215 4918 1269 4966 te
1312 4924 1664 4979 conspersum
1717 4925 1846 4967 san-

240 5009 411 5079 guine
443 5015 499 5062 et
521 5006 650 5073 lavi,
675 5014 731 5060 et
759 5015 879 5075 post
909 5005 1077 5059 multa
1107 5020 1228 5074 quae
1266 5004 1622 5075 propheticus
1666 5020 1846 5060 sermo

244 5099 517 5167 narravit,
551 5099 802 5170 copulari
832 5098 984 5154 mihi.
1016 5098 1208 5154 Nostra
1236 5106 1468 5170 quoque
1517 5100 1842 5166 Jerusalem,

320 5272 344 5299 ε
402 5262 481 5317 Ex
517 5261 783 5317 Hebraico
834 5268 1084 5328 uanam,
1125 5268 1180 5315 et
1228 5257 1383 5330 Vulg.
1417 5258 1549 5314 edit.
1604 5257 1848 5330 reposuit

249 5330 528 5389 Victorius
557 5335 857 5388 immolasti.

320 5404 347 5442 δ
379 5407 583 5460 Locum
617 5408 761 5459 hunc
786 5405 861 5459 ita
890 5402 1066 5472 reﬁgit
1098 5403 1305 5459 Victor.
1335 5418 1348 5455 :
1378 5408 1428 5455 et
1451 5401 1639 5455 dedisti
1663 5416 1749 5472 eos
1778 5400 1846 5454 ad

248 5476 568 5543 placandum
594 5478 650 5529 in
678 5476 804 5534 illis.
848 5491 913 5531 ex
940 5470 1106 5535 LXX.
1140 5476 1229 5545 qui
1278 5472 1479 5528 habent
1529 5476 1613 5530 καὶ
1652 5470 1847 5536 ἔδωκας

248 5549 389 5622 εὖτὰ
436 5551 485 5603 ἐν
534 5557 609 5622 τῷ
661 5547 1131 5622 ἀποτροπιάζςσθαι
1168 5548 1217 5601 ἐν
1248 5547 1421 5622 aurai;
1446 5561 1464 5598 :
1501 5547 1587 5622 cui
1628 5546 1844 5622 lectioni

250 5616 619 5692 Hieronymus
647 5616 859 5689 quoque
883 5621 938 5673 in
958 5618 1269 5692 Comment.
1291 5616 1621 5692 sull'ragium
1668 5616 1842 5680 addit,

248 5689 342 5744 ubi
376 5707 390 5742 :
431 5687 495 5745 In
519 5707 581 5745 eo
614 5687 807 5752 autem,
834 5689 1028 5760 inquit,
1054 5687 1191 5755 loco,
1217 5688 1301 5742 ubi
1328 5688 1759 5760 nqs__posuimus,
1795 5697 1845 5742 et

251 5705 342 5744 UDI
376 5707 390 5742 Σ
431 5705 495 5745 In
519 5707 581 5745 eo
614 5705 807 5752 autem,
834 5705 1028 5760 tnqutt,
1054 5705 1191 5755 ιοεο,
1217 5705 1301 5742 ποι
1328 5705 1423 5741 nos
1507 5705 1759 5754 osutmus,
1795 5705 1844 5742 ει

251 5760 446 5817 dedisti
484 5762 606 5819 illos
656 5778 958 5818 consecrans
997 5762 1091 5831 eis,
1117 5776 1215 5832 pro
1243 5775 1352 5831 quo
1374 5705 1519 5815 LX§
1551 5760 1844 5816 transtule-

1958 4631 2109 4685 blime
2134 4628 2475 4697 interpretati
2508 4636 2658 4681 sunt.
2694 4625 2941 4697 Denique
2987 4635 3044 4680 et
3073 4626 3128 4681 in
3158 4628 3551 4697 consequenti-

1955 4724 2079 4788 btts,
2112 4722 2202 4777 ubi
2222 4710 2487 4790 scriptum
2514 4728 2599 4775 est
2632 4735 2643 4771 :
2680 4717 2761 4771 Ad
2792 4733 2948 4771 omne
2976 4719 3249 4787 caputviw
3269 4718 3550 4788 wdificasti

1951 4818 2156 4887 signum
2184 4812 2570 4885 prostitutionis
2592 4820 2721 4879 tute,
2750 4824 2852 4879 pro
2881 4810 3040 4880 signo
3061 4820 3117 4865 et
3148 4811 3543 4880 fornicatione,

1949 4923 2167 4965 rursum
2200 4907 2252 4961 in
2278 4905 2507 4961 Hebraeo
2539 4904 2707 4959 habet
2729 4918 2873 4959 usus
2902 4900 3099 4974 (nm),
3131 4903 3276 4974 quod
3322 4919 3423 4961 nos
3459 4905 3549 4961 vel

1952 4998 2326 5072 prostibulum,
2358 4997 2443 5051 vel
2477 4997 2685 5066 signum
2735 4995 3084 5063 interpretati
3135 5009 3325 5050 sumus
3350 5036 3366 5063 ,
3424 5010 3549 5051 cum

1950 5096 2092 5167 apud
2124 5094 2382 5151 Hebraeos
2414 5109 2578 5149 unum
2609 5090 2933 5147 vocabulum
2963 5090 3054 5146 sit.
3085 5090 3203 5148 Hoc
3231 5101 3414 5149 autem
3444 5107 3545 5165 po-

1955 5264 2165 5318 ruut,et
2180 5254 2365 5309 dedisti
2385 5271 2471 5309 eos
2494 5256 2561 5309 ad
2585 5254 2919 5324 placandum.
2944 5256 3049 5309 sive
3066 5255 3412 5325 expiandum,
3441 5263 3549 5311 etc.

2031 5338 2053 5365 ο
2086 5326 2261 5397 Penes
2283 5325 2588 5390 Rabanum,
2612 5328 2676 5380 de
2701 5326 2774 5379 eis
2806 5325 3032 5395 dixerat,
3064 5326 3234 5381 Filios
3266 5342 3422 5397 meos,
3451 5327 3557 5383 sive

1955 5402 2105 5470 iurata
2135 5396 2493 5470 Septuaginta,
2526 5408 2663 5460 tuos,
2696 5405 2803 5470 etc.

2024 5468 2051 5507 ἀ
2082 5467 2237 5539 Apud
2268 5467 2519 5525 euindetn
2541 5512 2554 5536 ,
2584 5471 2671 5537 qui
2697 5467 2992 5522 subtiliores
3006 5478 3159 5539 sunt,
3192 5476 3297 5524 etc.

2030 5552 2053 5579 θ
2085 5536 2482 5619 Polychronius
2506 5585 2520 5608 ,
2543 5540 2763 5619 {uesicae
2787 5542 2933 5619 Δλέγει
2978 5536 3089 5619 olor.
3129 5543 3189 5596 τὸ
3233 5545 3556 5619 προχγὼγιοη

1952 5612 2070 5670 ἔνθα
2104 5610 2208 5691 Διςὰέ
2239 5614 2435 5691 «opust;
2464 5615 2657 5691 τρέφειν
2693 5610 2933 5691 εἰώθαάς,
2971 5610 3222 5667 Ecthema
3254 5610 3559 5687 dicit-quasi

1954 5683 2318 5757 prostibulum,
2352 5688 2436 5741 ubi
2463 5683 2626 5741 solent
2653 5692 2825 5737 scorta
2850 5683 3010 5737 alere.
