4018 6322
452 241 559 301 N3
1694 234 1754 297 Β.
1797 233 2067 299 BUSEBH
2102 235 2491 299 HIERONYIII
3649 242 3755 302 Ml

452 358 625 431 nitur,
659 354 805 428 quod
834 353 1087 413 excelsus
1124 351 1236 419 sit;
1281 357 1341 407 ιιι
1389 348 1697 409 volentibus
1746 351 2047 423 fornicari,
2075 357 2126 419 A
2153 358 2423 429 quotidie,
2447 367 2503 416 et
2530 373 2631 431 per
2658 358 2890 415 virtutes
2920 364 3279 415 attenuentur
3311 375 3325 413 :
3357 359 3430 419 ita
3460 366 3517 416 ut
3546 377 3756 435 nequa-

457 450 648 524 procul
682 458 948 521 appareat
981 445 1363 504 fornicationis
1395 446 1578 515 locus,
1602 457 1659 503 ct
1684 462 1793 503 non
1826 460 2059 528 seseese
2156 467 2320 524 quam
2345 467 2475 510 caro
2503 453 2836 524 appelletur,
2892 454 2988 511 sed
3018 454 3251 525 spiritus
3282 472 3297 508 :
3329 463 3385 510 et
3415 455 3671 527 loqttalur
3701 458 3758 512 in

460 550 530 603 sit
558 545 755 619 tltimri.
783 543 938 613 Quod
969 541 1144 599 semel
1170 552 1226 600 et
1251 542 1450 601 iterum
1487 551 1654 615 atque
1682 542 1882 601 iterum
1907 542 2060 601 dixi-
2159 548 2376 621 psalmo
2407 565 2422 605 :
2457 549 2629 607 Sitiuit
2653 550 2830 606 anima
2851 566 2964 605 mea
2989 549 3057 605 ad
3082 558 3150 617 te,
3178 547 3344 619 Deus,
3377 567 3531 622 quam
3580 552 3763 606 multi-

460 659 603 708 mus,
636 642 690 697 in
716 648 1039 713 perpetuum
1078 638 1285 697 dixisse
1327 636 1572 695 sufﬁciat
1598 680 1615 707 ,
1668 636 1771 694 sub
1823 651 2057 709 persona
2158 642 2361 716 pliciter
2394 644 2489 698 tibi
2536 660 2657 700 caro
2700 660 2812 699 mea
2840 643 3021 717 (Psal.
3055 658 3181 709 an,
3213 642 3273 717 ἓ)
3304 662 3315 699 :
3350 646 3464 701 sive
3494 646 3580 717 (ut
3609 661 3763 717 quie-

463 733 715 790 mulieris
748 741 873 803 post
913 731 1087 789 multa
1138 730 1328 791 mariti
1378 729 1651 787 beneﬁcia
1704 729 2057 798 fornicantis,
2159 736 2285 791 dam
2334 736 2538 793 habent
2576 738 2981 809 *exemplaria)
3025 739 3287 806 quomodo
3332 746 3637 812 consumpta
3682 747 3762 793 est

469 826 709 885 describi
735 825 1156 885 lornicationem
1179 823 1495 882 Jerusalem
1523 866 1537 892 ,
1580 821 1858 895 quomodo
1885 837 1917 879 a
1946 822 2061 879 Deo
2169 828 2330 901 ιω
2354 844 2479 884 caro
2508 844 2665 886 mea:
2698 829 2767 885 In
2807 839 2946 886 terra
2990 832 3192 887 deserta
3219 841 3269 886 et
3296 832 3436 886 invia
3468 841 3514 887 et
3546 833 3764 904 inaquo-

468 919 783 987 recesserit,
815 928 869 976 et
896 918 1086 990 juncta
1126 918 1199 975 sit
1245 916 1411 979 idolis
1435 956 1451 985 ,
1504 931 1607 975 nec
1654 917 1869 973 occulta
1901 915 2068 973 fuerit

458 1012 825 1071 fornicatione
848 1019 1109 1070 contenta
1133 1029 1149 1081 ;
1177 1010 1273 1071 sed
1299 1010 1659 1071 aediﬁcaverit
1676 1010 1784 1069 sibi
1807 1011 2061 1082 lupanar,

460 1115 518 1164 et
545 1105 601 1165 in
631 1106 781 1162 omni
823 1105 908 1163 via
943 1106 1162 1177 signum
1212 1105 1632 1163 transeuntibus
1667 1104 1950 1176 posueﬂt,
1992 1109 2068 1161 ραι

469 1201 721 1258 venirent
751 1200 821 1256 ad
865 1207 1107 1255 scortum
1128 1239 1144 1266 ,
1194 1205 1249 1255 et
1295 1196 1564 1255 satiarent
1598 1196 1885 1253 libidinem
1909 1238 1924 1263 ,
1956 1209 2067 1255 non

468 1303 581 1352 tam
622 1309 773 1351 suam
801 1334 817 1361 ,
866 1306 1030 1365 quam
1074 1291 1194 1365 ejus
1235 1306 1358 1362 qua:
1407 1290 1734 1347 divaricavit
1762 1304 1922 1347 crura
1970 1303 2068 1345 sua

472 1386 622 1444 omni
661 1384 1005 1454 transeunti,
1066 1394 1121 1441 et
1175 1382 1606 1456 pulchritudinis
1635 1379 2068 1454 magnitudinem

472 1479 853 1538 fornicationis
903 1476 1285 1553 magnitudine
1316 1475 1628 1549 deturparit
1661 1482 1755 1532 :et
1790 1474 1933 1531 inter
1960 1488 2072 1535 ca-

473 1586 591 1634 tera
638 1576 805 1632 etiam
858 1573 1133 1645 [Egyptiis
1166 1571 1365 1627 vicinis
1393 1571 1509 1626 suis
1535 1584 1722 1625 amore
1755 1583 2072 1641 magnarum

2164 938 2225 978 aa
2246 939 2267 977 :
2293 924 2370 978 sic
2390 925 2446 979 ia
2465 934 2647 981 sancto
2669 926 2895 997 apparui
2921 925 3015 980 tibi
3037 925 3085 995 (l
3118 923 3243 980 Cor.
3272 923 3357 998 ν).
3386 924 3761 994 Quamobrem

2164 1025 2223 1072 et
2254 1016 2577 1075 Corinthius
2622 1018 2922 1076 fornicator
2968 1019 3206 1076 traditur
3249 1019 3303 1075 in
3336 1017 3615 1075 interitum
3642 1033 3770 1078 car-

2167 1110 2277 1178 nis,
2306 1122 2367 1166 ut
2393 1112 2623 1182 spiritus
2645 1113 2831 1170 salvus
2876 1113 2986 1169 ﬂat.
3041 1114 3121 1170 De
3150 1113 3253 1171 bac
3293 1130 3457 1169 carne
3503 1113 3767 1185 scriptum

2167 1212 2253 1259 est
2288 1221 2302 1258 :
2338 1203 2521 1260 Omnis
2567 1221 2689 1262 cura
2719 1210 2898 1277 {etiam
2924 1249 2939 1276 ,
2978 1216 3029 1262 et
3055 1208 3222 1262 omnis
3251 1207 3422 1279 gloria
3465 1212 3578 1280 ejus
3620 1208 3769 1279 quasi

2169 1298 2267 1366 [los
2288 1297 2413 1369 (cui.
2444 1297 2595 1352 Aratit
2626 1302 2801 1370 fenum
2827 1341 2841 1366 ,
2889 1308 2938 1354 et
2989 1302 3086 1370 ﬂos
3127 1303 3243 1373 ejus
3295 1300 3529 1356 decidit:
3561 1300 3767 1354 verbum

2170 1400 2342 1446 autem
2370 1388 2585 1447 Domini
2616 1403 2788 1448 manet
2808 1404 2811 1405 '
2832 1394 2889 1448 in
2928 1403 3178 1449 (sternam
3212 1391 3345 1464 (Isa.
3376 1408 3465 1459 xc,
3496 1396 3549 1458 6,
3582 1395 3660 1464 Ἰ).
3690 1394 3768 1449 De

2172 1498 2278 1556 qua
2300 1494 2355 1541 ct
2377 1485 2676 1556 Apostolus
2703 1488 3030 1559 loquebatur
3055 1506 3068 1543 :
3093 1487 3228 1544 Caro
3247 1497 3295 1545 et
3316 1489 3528 1562 sanguis
3549 1503 3769 1559 regnum

2174 1574 2276 1633 Dei
2327 1594 2433 1633 non
2487 1580 2820 1651 possidebunt
2851 1580 2898 1652 (l
2925 1581 3047 1637 Cor.
3080 1597 3173 1649 xv,
3204 1580 3319 1652 50).
3355 1580 3422 1636 Et
3471 1581 3523 1635 in
3562 1578 3769 1637 Genesi

474 1671 725 1729 carnium
750 1677 1025 1743 prostrata
1049 1667 1139 1723 sit.
1174 1667 1242 1723 Et
1264 1676 1321 1723 ut
1346 1680 1510 1721 omne
1525 1678 1701 1737 genus
1722 1663 2075 1736 turpitudinis
2177 1670 2418 1742 loquitur
2447 1673 2587 1730 Deus
2620 1691 2633 1726 ε
2664 1673 2789 1729 Non
2835 1675 3153 1746 permanebit
3184 1675 3398 1745 ερξτειαε
3430 1691 3571 1729 ,ηεαδ
3597 1675 3648 1728 in
3674 1673 3772 1727 ho-

475 1763 890 1824 demonstraret
912 1802 927 1828 ,
959 1758 1260 1833 multiplici
1309 1758 1592 1831 spurcitiae
1644 1772 1846 1829 genere
1891 1754 2072 1813 delor-
2102 1755 2151 1816 B
2180 1765 2402 1818 minibus
2440 1765 2572 1833 istis,
2604 1768 2727 1837 quia
2754 1782 2877 1821 caro
2906 1776 3027 1821 sunt
3056 1766 3209 1840 (Gen.
3243 1783 3313 1833 vi,
3348 1767 3425 1837 5).
3460 1766 3529 1822 Et
3556 1766 3621 1821 ad
3647 1782 3774 1821 cre-

479 1870 628 1917 mata
657 1859 746 1917 sit.
783 1855 930 1915 Nulli
957 1866 1140 1913 autem
1170 1853 1420 1922 dubium,
1452 1851 1595 1924 quod
1624 1849 1862 1923 Εεςμιο
1901 1849 2077 1907 vieini!
2179 1858 2376 1916 dentes
2415 1859 2619 1915 dicitur
2664 1876 2678 1914 :
2726 1860 2828 1929 Qui
2864 1861 2920 1914 in
2948 1876 3104 1915 carne
3132 1870 3273 1927 sunt,
3306 1858 3418 1915 Deo
3444 1862 3647 1932 placere
3673 1875 3778 1914 non

478 1953 552 2013 sit
583 1950 907 2016 Palaestina.
929 1949 1151 2007 dicente
1175 1947 1410 2003 Domino
1465 1944 1622 2019 167
1652 1943 1721 2001 ad
1753 1943 2033 2003 Abraham
2067 1960 2078 1995 :
2182 1961 2419 2023 possunt.
2464 1952 2569 2009 Vos
2603 1962 2776 2008 autem
2814 1970 2917 2010 non
2949 1954 3066 2009 estis
3096 1955 3149 2009 in
3180 1970 3351 2022 carne,
3386 1953 3476 2008 sed
3508 1954 3559 2006 in
3589 1953 3781 2024 spiritu

481 2042 631 2103 Dabo
659 2044 752 2099 tibi
783 2060 986 2099 onmem
1019 2052 1212 2097 terram
1241 2058 1273 2094 α
1296 2040 1455 2112 ﬂuvio
1510 2037 1731 2111 zEgypli
1753 2078 1770 2106 ,
1801 2053 1964 2109 usque
2011 2036 2081 2091 ad
2182 2044 2364 2116 (Rom.
2389 2060 2508 2115 vni,
2538 2046 2594 2111 8,
2618 2045 2701 2119 9).
2724 2047 2847 2103 Alia
2872 2055 3052 2103 autem
3077 2061 3208 2103 caro
3237 2053 3547 2101 sanctorum
3579 2054 3684 2106 est.
3711 2044 3784 2101 dc

477 2139 700 2212 ﬂuuium
726 2153 972 2210 magnum
997 2134 1322 2208 Euphratem
1346 2133 1503 2209 (Gen.
1529 2148 1620 2201 xv,
1657 2132 1774 2204 18),
1805 2141 1867 2191 ut
1888 2147 1956 2193 ex
1976 2145 2082 2189 una
2182 2152 2288 2209 qua
2329 2138 2591 2210 scriptum
2628 2149 2712 2196 est
2756 2158 2770 2196 :
2814 2139 2999 2195 Omnis
3040 2154 3163 2196 caro
3195 2139 3385 2195 videbit
3428 2138 3656 2195 salutare
3686 2136 3784 2192 Dei

487 2244 645 2312 parte
672 2232 979 2307 AEgyptios,
1014 2240 1071 2287 et
1092 2247 1159 2288 ex
1188 2231 1363 2287 altera
1393 2229 1595 2289 habeat
1624 2228 1912 2301 Assyrios,
1955 2240 2082 2285 cum
2182 2230 2340 2305 (Issi.
2375 2249 2467 2300 ιι,
2500 2233 2578 2304 5).

479 2329 685 2403 quibus
707 2329 839 2384 etin
874 2326 1284 2399 posterioribus
1309 2324 1511 2381 dicitur
1563 2323 1850 2380 fornicata.
1884 2321 2085 2378 Forni-
2256 2325 2441 2396 (Vers.
2468 2324 2586 2394 27.)
2608 2326 2743 2383 Ecce
2780 2345 2877 2400 ego
2913 2329 3120 2384 extendi
3140 2327 3321 2403 [Vulg
3359 2326 3654 2401 extendam]
3679 2345 3790 2383 ma-

489 2424 635 2483 catio
662 2431 846 2483 autem
864 2421 1170 2479 Jerusalem
1190 2434 1315 2476 cum
1327 2417 1973 2491 Egyptiisﬁdololatrim
1992 2429 2089 2475 ee-
2187 2435 2312 2474 num
2355 2436 2525 2474 meum
2551 2436 2705 2491 super
2738 2431 2818 2489 te,
2848 2431 2899 2477 et
2926 2426 3163 2492 auferam
3184 2422 3613 2496 justi/irationem
3641 2431 3788 2475 luant

484 2532 609 2573 rum
647 2514 886 2571 imitatio
925 2523 1033 2571 est.
1079 2512 1162 2569 Ad
1216 2520 1462 2569 nostram
1519 2520 1703 2567 autem
1750 2508 2084 2578 Jerusalem,
2187 2511 2371 2584 [γυιε.
2395 2515 2490 2585 jtts
2527 2513 2718 2587 tanta],
2748 2522 2798 2567 et
2826 2514 2959 2569 dabo
2985 2524 3033 2570 le
3056 2515 3244 2569 animis
3272 2514 3451 2588 [Vulg
3482 2516 3534 2570 in
3560 2512 3788 2587 animas]

486 2608 605 2667 sive
631 2607 966 2675 Ecclesiam,
997 2606 1116 2665 sive
1143 2604 1493 2665 credentium
1512 2604 1760 2673 animus,
1811 2602 1861 2659 si
1887 2602 2091 2658 fuerint
2188 2604 2477 2659 clientium
2524 2614 2577 2658 te
2605 2649 2619 2673 ,
2667 2606 2897 2676 ﬁliarum
2934 2602 3336 2662 Palaestinarum
3368 2650 3383 2675 ,
3440 2623 3554 2677 qua:
3608 2606 3792 2661 erube-

486 2699 851 2773 uegligentes,
886 2708 944 2757 et
964 2697 1221 2755 omnibus
1244 2696 1394 2753 vitiis
1424 2694 1721 2766 patuerint,
1749 2694 1949 2764 duplex
1975 2706 2091 2750 ma-

483 2791 796 2852 ledictionis
821 2806 1003 2851 sermo
1031 2791 1310 2861 dirigitur,
1337 2797 1399 2845 ut
1424 2788 1655 2847 audiant
1684 2786 1851 2857 Vw,
1879 2803 1952 2841 vat
1975 2786 2089 2853 tibi,

486 2890 559 2944 ait
588 2886 845 2945 Domitius
892 2884 1037 2941 Deus
1062 2926 1080 2954 ,
1118 2884 1276 2956 juxta
1318 2883 1460 2941 illud
1510 2882 1654 2955 quod
1680 2885 1735 2939 ia
1766 2881 2093 2953 Apocalypsi

2191 2707 2339 2752 acuta
2378 2695 2486 2769 [AL
2529 2697 2831 2770 ardescunt]
2866 2699 2923 2753 in
2960 2700 3045 2752 eia
3078 2707 3169 2753 tua
3194 2699 3463 2754 scelerata.
3498 2697 3641 2756 LXX
3674 2717 3686 2752 :
3723 2697 3791 2754 Si

2192 2803 2365 2847 autem
2403 2793 2678 2848 extendere
2720 2809 2933 2847 manum
2972 2810 3140 2848 meam
3181 2810 3338 2867 super
3376 2803 3444 2860 te,
3476 2803 3523 2847 et
3550 2792 3791 2863 auferam

2196 2888 2423 2961 legitima
2442 2899 2554 2956 tua,
2578 2897 2624 2943 et
2640 2888 2773 2943 dabo
2795 2898 2845 2944 te
2863 2888 2917 2942 in
2937 2889 3139 2944 animas
3163 2888 3449 2943 odietttium
3469 2897 3535 2951 te,
3558 2886 3793 2957 filiarum

486 2982 715 3039 Joannis
746 2981 1016 3051 scriptum
1061 2986 1192 3035 est:
1235 2977 1325 3035 Vat
1357 2993 1521 3049 super
1552 2993 1735 3035 omnes
1780 2975 2094 3033 habitatum
2193 2980 2620 3053 alienigenarum,
2659 2996 2776 3052 qm
2813 2990 2863 3036 ιε
2898 2976 3164 3036 declinare
3201 2982 3427 3051 fecerunt
3467 2978 3531 3034 de
3567 2980 3648 3033 ria
3677 2987 3789 3033 tua.

486 3085 640 3137 terrw
668 3077 860 3149 (Apoc.
890 3090 1010 3141 vta,
1036 3073 1149 3144 15).
1193 3072 1252 3131 Si
1283 3072 1432 3131 enim
1476 3082 1707 3129 saueius
1758 3068 1897 3126 dicit
1942 3086 1957 3122 :
1987 3068 2092 3122 Ad-

2198 3077 2457 3147 Quodque
2486 3077 2729 3147 sequitur
2772 3093 2786 3131 :
2829 3078 3115 3142 ήσεϐησας,
3150 3076 3253 3131 hoc
3290 3081 3393 3142 est,
3437 3075 3593 3144 impie
3620 3072 3790 3144 egisti,

488 3189 616 3231 uena
640 3148 780 3238 sum,
813 3180 860 3225 et
890 3170 1198 3242 peregrinus
1221 3169 1356 3224 sicut
1387 3182 1565 3225 omnes
1589 3174 1760 3237 patres
1787 3164 1886 3220 mei
1913 3161 2086 3234 (Paul.

2198 3168 2341 3239 juxta
2378 3168 2733 3240 Septuaginta
2756 3172 3006 3239 sequenti
3037 3168 3273 3239 capitqu
3299 3176 3607 3240 coaptatur,
3637 3167 3793 3236 juxta

491 3280 701 3323 xxxvnt
721 3306 738 3332 ,
769 3261 859 3334 l5)
894 3281 908 3319 :
938 3278 1114 3334 quare
1153 3278 1263 3319 non
1320 3272 1579 3331 peccator
1625 3258 1900 3315 habitator
1928 3266 2090 3315 terra:
2192 3274 2425 3318 cancros
2444 3264 2571 3317 ﬁnis
2590 3263 2893 3333 superioris
2915 3270 3017 3318 est.
3039 3261 3293 3318 Extendit
3321 3270 3500 3315 autem
3530 3259 3798 3315 Dominus

491 3372 620 3417 esse
648 3356 893 3418 dicitur?
918 3354 1182 3417 Ediﬁcat
1210 3364 1395 3415 autem
1424 3353 1533 3409 sibi
1561 3352 1811 3422 lupanar,
1854 3351 1945 3422 qui
1976 3358 2090 3406 tua

2198 3371 2359 3427 super
2402 3357 2705 3412 Jerusalem
2748 3371 2968 3411 manum
3014 3371 3199 3424 suam,
3242 3366 3302 3411 ut
3340 3355 3577 3425 corrigat
3619 3351 3798 3408 delin-

491 3453 690 3511 frontis
711 3451 967 3511 libertate
986 3449 1258 3521 delinquit
1276 3465 1292 3516 ;
1312 3449 1468 3520 quta
1498 3447 1629 3505 illud
1654 3447 1797 3518 quod
1824 3447 2090 3517 scriptum
2190 3460 2472 3521 queutcm,
2502 3459 2559 3505 et
2582 3447 2794 3505 auferat
2820 3449 3059 3520 legitima
3090 3449 3229 3519 ejus,
3264 3462 3387 3518 qus:
3414 3444 3669 3518 quamdiu
3697 3444 3797 3501 Dei

492 3561 578 3607 est
612 3567 626 3604 ι
657 3547 908 3607 Peccator
939 3563 1059 3601 cum
1101 3545 1294 3603 uerterit
1336 3545 1391 3599 in
1417 3542 1739 3615 profundum
1782 3541 2090 3612 iniquitatis,
2194 3551 2465 3614 prmcepta
2523 3544 2823 3610 servabat,
2890 3543 3128 3613 legitima
3188 3541 3397 3597 Domini
3448 3539 3795 3596 dicebantur.

495 3642 775 3701 contemnit
824 3639 1009 3711 (Prov.
1056 3654 1227 3703 xvut,
1280 3637 1359 3709 5).
1406 3637 1473 3693 Et
1504 3635 1743 3692 exstruit
1768 3635 2092 3690 altissimum
2195 3634 2425 3703 Quando
2455 3650 2587 3691 vero
2618 3636 2861 3707 adoravit
2891 3635 3057 3697 idola,
3091 3643 3145 3690 et
3175 3634 3493 3704 religionem
3524 3634 3577 3687 in
3606 3631 3800 3702 impie-

495 3739 679 3795 locum
713 3737 767 3793 in
792 3736 1012 3792 cunctis
1042 3734 1240 3805 plateis
1273 3750 1285 3785 :
1328 3730 1462 3786 Lata
1488 3730 1707 3786 cateia
1735 3729 1965 3801 spatiosa
2008 3728 2096 3782 uie
2194 3737 2361 3787 tatem
2407 3730 2655 3797 mutavit,
2705 3744 3043 3802 nequaquam
3074 3727 3108 3768 λ)
3156 3728 3391 3800 legitima
3438 3727 3583 3783 illius
3612 3724 3801 3797 appel-

495 3838 572 3885 est
590 3844 704 3898 quat
732 3828 876 3883 ducit
904 3827 974 3883 ad
1002 3835 1236 3883 mortem.
1272 3823 1341 3879 Et
1370 3823 1426 3878 in
1448 3822 1599 3878 omni
1632 3821 1935 3891 eapiteviaa
1966 3820 2099 3876 acdi-
2196 3823 2398 3879 lantur.
2430 3824 2587 3891 Quod
2629 3839 2736 3881 non
2767 3825 2948 3880 solum
2979 3824 3030 3879 in
3066 3823 3186 3895 lege
3215 3831 3271 3878 et
3299 3820 3661 3887 caeremoniis,
3695 3820 3797 3875 sed

497 3922 661 3987 licat;
692 3927 755 3979 ut
780 3918 933 3979 nulla
958 3929 1319 3990 peccatorum
1345 3929 1549 3985 genera
1590 3913 1937 3984 derelinquat
1960 3928 1976 3979 ;
1996 3911 2099 3969 sed

497 4013 727 4071 imitans
768 4022 1012 4073 scorttuu
1062 4008 1527 4073 Proverbiorum,
1578 4005 1869 4063 manifeste
1900 4006 1956 4061 in
1986 4005 2100 4074 pla-

498 4105 605 4163 teis
636 4115 693 4163 et
728 4104 784 4161 in
813 4103 1031 4174 anguiis
1064 4102 1371 4173 platearum
1394 4139 1411 4165 ,
1471 4107 1869 4169 pratereuntes
1903 4098 2099 4155 stultos

494 4200 729 4273 juvenes
755 4198 824 4257 ad
848 4213 980 4259 suos
1008 4196 1206 4251 invitet
1233 4194 1556 4265 auipleaus,
1600 4204 1661 4250 et
1698 4193 1909 4264 polluat
1935 4192 2101 4252 de”.

498 4302 619 4355 rem
646 4292 881 4355 animae,
914 4304 1081 4360 quem
1135 4301 1239 4359 pro
1291 4285 1564 4344 beneficio
1590 4300 1623 4339 a
1651 4285 1769 4341 Deo
1812 4285 2101 4342 conditore

501 4385 697 4443 sortita
744 4392 831 4443 est
875 4380 1061 4454 (Prw.
1099 4399 1127 4435 v
1156 4390 1205 4435 et
1227 4379 1345 4453 vn).
1397 4379 1470 4437 Et
1500 4380 1691 4437 omnia
1739 4380 1937 4435 itinera
1982 4379 2103 4449 ejus

504 4478 666 4550 plena
688 4484 823 4535 sunt
856 4472 1211 4545 turpitudinis
1234 4513 1251 4540 ,
1306 4473 1635 4544 cunctisque
1672 4472 2103 4544 cogitationibus

2199 3915 2253 3971 in
2306 3915 2547 3973 sabbatis
2602 3931 2819 3988 quoque
2859 3925 2916 3972 et
2958 3915 3151 3973 diebus
3192 3915 3347 3971 festis
3385 3923 3438 3969 et
3490 3910 3800 3969 ncomeniis

2198 4012 2579 4084 accipiendum
2619 4022 2724 4069 est.
2770 4010 2918 4067 Dans
2961 4010 3110 4067 enim
3152 4011 3353 4081 legem,
3398 4008 3475 4063 ait
3515 4025 3527 4060 :
3569 4005 3799 4059 Sabbata

2198 4123 2313 4163 mea
2339 4117 2385 4163 et
2408 4108 2519 4162 dies
2551 4110 2708 4179 festos
2730 4122 2888 4162 meos.
2919 4106 3152 4175 Quando
3178 4114 3361 4161 autem
3390 4108 3740 4157 recesserunt
3766 4114 3796 4152 τι

2202 4199 2336 4268 Deo,
2385 4200 2585 4256 dicitur
2623 4202 2705 4256 eis
2751 4218 2767 4256 :
2810 4198 3126 4255 Neomenias
3169 4206 3379 4263 rastros,
3411 4204 3460 4250 et
3488 4194 3719 4260 sabbata,
3753 4199 3802 4245 ct

2200 4293 2338 4349 diem
2362 4309 2609 4367 magnam
2644 4309 2748 4348 non
2782 4304 2807 4333 ο
2833 4293 3081 4364 recipiam
3114 4308 3133 4346 :
3161 4290 3432 4363 Jejunium
3460 4299 3508 4343 et
3537 4288 3721 4353 otium,
3752 4292 3802 4337 et

2200 4387 2553 4442 solemnitates
2596 4394 2789 4441 uestras
2837 4385 2947 4439 odit
2990 4385 3165 4439 anima
3216 4400 3327 4438 mea
3372 4380 3586 4453 (Exod.
3638 4393 3797 4445 xxxr;

2204 4480 2363 4535 Deut.
2402 4497 2471 4545 v;
2510 4478 2642 4535 Isai.
2686 4494 2725 4546 ι,
2770 4479 2880 4551 lt).
2924 4478 3078 4548 Quod
3117 4485 3171 4533 et
3210 4477 3283 4534 de
3308 4476 3507 4549 papula
3538 4475 3803 4544 scriptum

506 4546 631 4645 qua:
690 4571 951 4626 vitiorum
1006 4568 1289 4627 incentiva
1336 4568 1691 4640 suppeditant
1714 4606 1731 4634 ,
1774 4568 1954 4638 aperit
2005 4580 2103 4624 cor
2127 4546 2182 4613 θ
2204 4584 2288 4630 est
2326 4571 2507 4645 (Deut.
2552 4574 2670 4644 vn).
2698 4572 2803 4641 Qui
2831 4546 2976 4628 enim
3006 4572 3155 4645 prius
3185 4571 3276 4626 Dei
3308 4546 3541 4641 populus
3571 4568 3806 4621 vocaba-

504 4682 692 4734 suum,
715 4674 774 4721 et
802 4680 967 4723 crura
1005 4665 1298 4732 divaricet,
1330 4674 1386 4721 et
1432 4666 1737 4721 fornicatur
1766 4679 1889 4719 cum
1939 4663 2108 4736 Egy-

504 4760 634 4832 ptiis
663 4760 855 4817 vicinis
882 4760 1035 4827 suis,
1063 4774 1300 4830 quorum
1331 4760 1583 4829 exempla
1624 4768 1896 4826 sectatur,
1928 4757 2108 4814 cibat-

503 4854 586 4911 cis
605 4851 888 4919 videlicet,
919 4854 1012 4924 qui
1056 4853 1113 4908 in
1144 4854 1260 4908 suis
1293 4851 1732 4921 turpitudinibus
1770 4851 2105 4921 gloriantur,

504 4952 567 5001 et
593 4953 705 5005 tam
735 4942 949 5001 nefaria
972 4952 1079 5010 est.
1100 4953 1161 4999 ut
1189 4944 1340 5013 ipsos
1369 4958 1589 5014 quoque
1626 4948 1853 5014 superet
1885 4943 1937 4998 in
1992 4951 2106 4998 tur-

506 5036 777 5108 pitudine.
810 5037 881 5093 Et
911 5037 1031 5092 haec
1057 5036 1243 5093 stultia
1284 5035 1414 5091 facit
1437 5076 1453 5102 ,
1508 5044 1571 5090 ut
1594 5036 1763 5092 Deum
1786 5035 1854 5091 ad
1884 5036 2107 5092 iracun—

506 5130 659 5193 diam
689 5139 970 5199 provocet.
1006 5129 1325 5199 Magnarum
1356 5137 1544 5185 autem
1574 5130 1823 5185 carnium
1866 5127 2105 5200 Egyptii

509 5238 635 5279 csse
667 5223 961 5287 dicuntur,
992 5222 1107 5278 sive
1128 5221 1199 5276 ob
1260 5220 1612 5290 turpitudinis
1647 5220 2103 5292 magnitudinem,

507 5318 627 5373 sire
661 5318 733 5372 ob
774 5324 1127 5387 peccatorum
1170 5315 1598 5373 deformitatem.
1658 5312 1810 5375 Unde
1858 5322 2103 5382 sanctus,

505 5414 757 5467 carnium
782 5410 982 5467 dicitur
1013 5413 1390 5483 parvularum,
1419 5424 1540 5481 quze
1571 5408 1629 5464 in
1669 5422 1735 5467 en
1774 5405 2106 5467 decrescunt

584 5585 609 5610 ⁸³
630 5574 929 5645 Utramque
946 5574 1257 5639 lectionem,
1273 5585 1587 5645 quae‘penes
1598 5569 1740 5625 LXX
1758 5576 1898 5645 erat.
1917 5568 2102 5624 recole

508 5645 739 5707 inferius
789 5642 852 5703 in'
901 5662 1022 5717 cap.
1066 5662 1188 5705 xciv
1211 5688 1231 5713 ,
1266 5644 1361 5703 ubi
1395 5643 1757 5717 Hieronymus
1796 5642 2099 5717 Attenuatis,

507 5717 703 5790 inquit,
732 5711 1133 5790 jejuniis'caro,
1178 5711 1225 5773 et
1258 5714 1563 5771 circumcisa
1600 5711 1938 5781 continentia,
1968 5711 2103 5783 fugit

510 5788 846 5862 opprobrium
870 5788 1264 5864 aﬂgyptiorum,
1297 5793 1401 5845 etc.

2203 4675 2313 4736 tur,
2357 4678 2640 4739 postquam
2684 4667 2913 4722 recessit
2956 4682 2986 4722 a
3036 4666 3289 4732 Domino,
3321 4665 3520 4719 dicitur
3549 4663 3616 4717 de
3642 4677 3708 4716 eo
3736 4658 3802 4713 ad

2203 4760 2423 4833 Moysen
2454 4778 2467 4815 :
2501 4758 2738 4815 Peccavit
2759 4757 2986 4829 populus
3008 4766 3127 4813 tuus
3149 4774 3299 4827 quem
3327 4756 3554 4811 eduxiin
3581 4755 3646 4809 de
3668 4765 3807 4808 terra

2206 4850 2430 4922 ngypti
2470 4850 2669 4921 (Exod.
2700 4864 2873 4916 χχχιι,
2908 4850 2984 4921 7).
3017 4850 3150 4919 Quae
3192 4848 3277 4903 hic
3312 4847 3564 4903 extensio
3589 4859 3805 4911 manus,

2203 4944 2329 4999 alibi
2370 4944 2631 5009 elevatio,
2678 4944 2794 4999 sive
2835 4943 3077 4998 visitatio
3116 4944 3335 4998 dicitur.
3380 4939 3614 5007 Quando
3656 4938 3808 4993 enim

2207 5042 2524 5105 peccantem
2545 5050 2655 5090 non
2674 5036 2904 5106 corripit
2924 5034 3379 5100 Deus,contraltit
3400 5048 3617 5086 manum
3647 5029 3810 5104 169

2206 5143 2383 5184 suam.
2413 5128 2508 5186 Sin
2548 5138 2728 5185 autem
2772 5130 3102 5201 peccaverit,
3136 5139 3190 5184 et
3222 5128 3275 5183 in
3312 5126 3401 5183 Dei
3431 5128 3548 5198 lege
3577 5125 3812 5194 emperit

2209 5233 2494 5295 aegrotare,
2524 5224 2761 5279 mittitur
2787 5224 2853 5279 ad
2885 5240 3006 5279 cum
3030 5223 3308 5289 visitatio;
3326 5222 3476 5293 juxta
3501 5221 3636 5279 illud
3664 5218 3806 5290 quod

2210 5312 2264 5369 in
2306 5316 2512 5384 psalmo
2550 5316 2765 5370 canitur
2810 5331 2823 5369 :
2868 5314 2927 5369 Si
2967 5313 3347 5383 dereliquerunt
3374 5312 3474 5382 ﬁlii
3505 5314 3618 5385 ejus
3645 5311 3810 5380 legent

2210 5423 2397 5475 nteant,
2437 5419 2485 5463 et
2525 5409 2579 5462 in
2617 5406 2831 5477 iudiciis
2851 5407 2978 5461 meis
3004 5423 3112 5462 tota
3134 5406 3509 5461 ambulaverint
3541 5421 3561 5459 :
3588 5403 3809 5459 visitabo

2283 5565 2310 5605 ιο
2340 5565 2422 5621 Ex
2465 5565 2664 5621 nostris
2706 5573 2767 5619 et
2805 5559 3029 5617 Victorii
3068 5577 3199 5618 mss.
3229 5571 3413 5633 utpote
3443 5562 3811 5618 necessariam

2212 5637 2662 5725 uegagdivm
2688 5648 3013 5725 ualuaun
3034 5636 3457 5725 supplev‘i'n‘i'us.‘
3532 5706 3543 5725 ‘
3592 5707 3603 5722 Ι

2287 5705 2308 5749 δ
2339 5708 2579 5782 Βοροὼ
2604 5705 2807 5765 Victor.
2850 5706 3065 5776 recipio,
3093 5720 3165 5765 ex
3211 5705 3377 5777 LXX,
3406 5708 3494 5764 οὐκ
3521 5706 3805 5779 ἀνέχομαι.
