3996 6322
476 367 579 424 M7
1726 365 1783 421 S.
1828 362 2102 422 EUSEBII
2142 359 2528 419 HIERONYMI
3655 363 3748 421 “8

477 481 646 549 tibus,
675 481 917 536 sentires
940 479 1281 537 calamitates
1304 489 1442 538 luas.
1480 481 1637 551 Quod
1666 481 1887 552 quidem
1923 488 1975 535 et
2005 479 2071 535 ad
2102 483 2149 543 Α
2180 490 2286 547 est,
2318 480 2479 535 tertia
2514 487 2569 533 et
2612 476 2864 533 sublimis
2906 490 3170 547 sacraque
3204 476 3583 547 intelligentia,
3610 477 3751 547 juxta

478 590 699 631 omnem
723 574 963 629 animam
989 573 1357 630 Christianam
1380 576 1574 630 referri
1601 584 1807 645 potest,
1830 588 1953 644 quin
1976 572 2074 629 de-

482 679 633 726 serto
663 670 811 725 cultu
842 670 960 735 Dei,
986 670 1135 724 vitiis
1156 685 1236 735 se,
1264 679 1287 706 ⁸
1312 669 1661 738 luxuriaeque
1692 667 1977 735 permisit,
2024 675 2079 722 et

480 762 795 817 saecularem
823 772 1007 817 secuta
1030 764 1219 828 vitam,
1254 777 1321 817 ne
1352 761 1403 816 in
1434 776 1498 817 ea
1529 761 1748 831 quidem
1774 762 1886 831 egit
1907 760 2081 816 lelici-‘

484 864 593 922 ter,
631 854 728 911 sed
767 865 822 911 et
864 854 1086 910 divitias
1113 855 1394 926 religionis
1420 853 1679 926 perdidit,
1707 862 1763 909 et
1787 852 1974 908 mundi
2004 851 2079 907 di-

486 948 650 1003 vitias
674 964 781 1005 non
822 949 1071 1018 accepit:
1118 964 1219 1004 nec
1248 949 1303 1004 in
1335 948 1741 1019 constupranda
1772 963 1833 1003 ea
1864 947 1963 1002 fuit
1983 947 2083 1001 ali—

484 1058 588 1114 qua
616 1042 937 1109 difficultas,
970 1043 1066 1098 sed
1092 1044 1207 1112 ipsa
1237 1057 1295 1097 se
1320 1043 1547 1113 ingessit
1576 1042 1913 1097 amatoribus
1947 1041 2078 1097 suis.

489 1139 587 1193 Est
617 1147 800 1194 autem
834 1148 887 1193 et
916 1138 1022 1191 alia
1068 1136 1363 1193 fornicatio
1392 1138 1711 1207 spiritualis,
1745 1135 1964 1207 quando
1990 1135 2088 1190 de-

486 1238 736 1285 serentes
792 1224 1136 1298 Ecclesiam,
1191 1230 1463 1285 haereticis
1510 1230 1814 1301 jungimur,
1871 1238 1925 1283 et
1958 1226 2090 1282 aedi-

488 1320 716 1377 ﬁcamus
747 1322 975 1392 lupanar
1010 1331 1260 1379 nostrum
1300 1324 1352 1377 in
1384 1323 1563 1393 capite
1597 1324 1776 1377 omnis
1802 1321 1942 1387 vim,
1970 1321 2091 1390 qui-

483 1416 587 1470 bus
622 1416 871 1486 prmcipit
912 1431 1097 1472 sermo
1132 1416 1395 1472 divinus:
1456 1416 1603 1471 State
1649 1416 1702 1469 in
1727 1416 1845 1479 viis,
1871 1424 1917 1467 et
1944 1429 2088 1482 qutu-

488 1513 587 1565 rite
614 1514 828 1567 semitas
857 1512 1071 1567 Domini
1098 1513 1466 1583 sempiternas,
1496 1521 1543 1565 et
1574 1510 1743 1563 videte
1773 1525 1889 1578 qua:
1912 1510 1975 1562 sit
2008 1507 2092 1560 via

493 1607 659 1669 bona,
690 1616 736 1660 et
776 1607 1041 1661 ambulate
1067 1609 1121 1659 in
1149 1624 1207 1662 ea
1233 1606 1449 1677 (Jerem.
1480 1621 1557 1671 vt,
1590 1603 1705 1675 46),
1741 1604 1910 1674 Moysi
1944 1600 2095 1655 vide-

496 1699 648 1767 licet,
702 1702 853 1765 Jesu,
910 1699 1161 1755 Judicum
1204 1707 1259 1753 et
1300 1699 1505 1766 Regum
1550 1698 1728 1763 libris,
1759 1696 2009 1765 lsaiaque
2040 1702 2095 1749 et

493 1790 770 1859 Jeremia,
820 1804 872 1848 et
904 1792 1026 1847 aliis
1070 1792 1372 1863 prophetis.
1419 1793 1573 1865 172
1616 1791 1673 1846 In
1702 1791 1956 1845 omnibus
1983 1789 2097 1842 via-

2182 573 2318 629 illud
2360 572 2603 643 ejusdem
2652 572 2808 645 173
2843 571 3087 642 Apostoli
3124 589 3137 625 :
3204 571 3484 642 Propterea
3512 577 3752 645 relinquet

2182 669 2333 723 homo
2364 676 2563 740 patrem
2589 674 2637 721 et
2668 677 2903 729 matrem,
2928 674 2974 719 et
3005 666 3291 722 adhaerebit
3319 669 3467 721 uxori
3497 684 3618 723 sum.
3661 668 3753 724 Sa-

2183 775 2501 820 cramentum
2532 764 2627 817 hoc
2650 779 2895 835 magnum
2918 770 3014 816 est.
3069 761 3185 835 Ego
3203 771 3370 817 autem
3398 763 3511 817 dico
3544 764 3594 817 in
3616 763 3755 818 Chri-

2184 869 2283 926 sto,
2338 868 2382 913 et
2427 859 2484 912 in
2534 857 2762 912 Ecclesia
2809 856 3024 929 (Ephes.
3052 858 3220 924 v,5l,
3252 857 3363 926 5'2).
3409 858 3560 912 Filiae
3588 868 3753 914 autem

2185 960 2312 1005 sunt
2341 948 2598 1005 Ecclesim
2626 948 2971 1014 fornicantis,
3024 947 3367 1005 credentium
3401 950 3570 1021 prius,
3598 962 3647 1005 et
3674 966 3759 1021 po-

2188 1053 2301 1099 stea
2331 1043 2683 1112 deceptorum
2712 1043 2764 1095 in
2788 1041 2978 1096 hmresi
3011 1042 3231 1107 animae,
3258 1056 3481 1112 quarum
3511 1042 3660 1112 culpa
3682 1057 3761 1098 re-

2190 1138 2360 1194 fertur
2389 1137 2456 1192 ad
2485 1145 2740 1192 matrem.

2257 1232 2439 1307 (Vers.
2473 1232 2546 1287 3‘2
2580 1229 2761 1303 seqq.)
2804 1230 2911 1287 Sed
2940 1233 3090 1303 quasi
3130 1232 3319 1286 mulier
3350 1231 3589 1288 adultera
3610 1274 3624 1298 ,
3654 1250 3763 1305 qua:

2184 1342 2339 1398 super
2362 1326 2529 1380 virum
2556 1342 2709 1378 suum
2739 1325 2936 1379 inducit
2966 1326 3183 1379 alienos.
3215 1325 3468 1380 Omnibus
3492 1327 3763 1381 meretrici—

2190 1420 2282 1473 bus
2310 1419 2500 1472 dantur
2526 1418 2779 1472 mercedes
2802 1435 2819 1472 .°
2846 1427 2901 1472 tu
2930 1430 3101 1472 autent
3124 1419 3312 1474 dedisti
3335 1419 3588 1474 mercedes
3619 1437 3763 1474 cunc-

2193 1512 2257 1565 tis
2299 1511 2618 1564 amatoribus
2654 1510 2779 1575 tuis,
2812 1519 2858 1564 et
2899 1511 3129 1565 donabas
3161 1512 3233 1565 eis
3262 1521 3317 1565 ut
3356 1513 3605 1566 intrarent
3629 1512 3693 1566 ad
3720 1520 3764 1567 te

2195 1605 2421 1671 undique
2450 1604 2518 1656 ad
2558 1604 2930 1674 fornicandum
2970 1614 3156 1659 tecum.
3190 1605 3517 1679 Factumque
3548 1616 3619 1661 est
3647 1608 3696 1660 in
3723 1615 3765 1659 te

2195 1704 2373 1750 contra
2393 1696 2816 1750 consuetudinem
2837 1697 3111 1750 mulierum
3133 1698 3186 1750 in
3207 1697 3629 1766 fornicationibus
3656 1697 3763 1763 tuis,

2196 1798 2243 1843 et
2269 1797 2380 1858 post
2406 1797 2453 1841 te
2484 1804 2584 1842 non
2617 1789 2717 1842 erit
2742 1790 3042 1858 fornicatio.
3072 1787 3139 1843 In
3168 1807 3227 1845 eo
3258 1792 3395 1845 enim
3427 1790 3563 1861 quod
3592 1790 3765 1845 dedisti

496 1901 623 1942 rum
654 1886 937 1956 principiis
968 1886 1266 1941 fabricatur
1298 1886 1528 1956 lupanar
1550 1902 1728 1947 suum,
1763 1885 1853 1955 qui
1877 1883 1942 1938 ad
1972 1899 2096 1953 pcr-
2127 1873 2173 1933 B
2201 1884 2480 1945 mercedes,
2511 1892 2560 1936 et
2595 1883 2851 1937 mercedes
2880 1898 2983 1936 non
3008 1884 3254 1956 accepisti
3286 1901 3305 1938 :
3341 1886 3535 1956 factum
3564 1893 3635 1939 est
3659 1885 3707 1937 in
3729 1893 3771 1936 te

499 1980 817 2033 versitatem
883 1979 1189 2047 doctrinae,
1261 1979 1595 2034 testimoniis
1650 1979 1797 2034 male
1858 1978 2097 2033 abutitur

498 2067 913 2139 Scripturarum
960 2078 1014 2123 et
1053 2069 1229 2124 dicit:
1275 2069 1402 2123 Haec
1444 2070 1521 2123 ait
1554 2068 1760 2123 Isaias:
1811 2070 1924 2123 hmo
1966 2069 2097 2124 dicit

504 2158 678 2215 Osee:
704 2160 820 2214 haec
844 2160 1060 2215 locutus
1085 2172 1168 2215 est
1199 2161 1452 2232 Moyses:
1487 2161 1603 2215 haec
1626 2160 1841 2216 Daniel.
1877 2161 1940 2215 Et
1973 2160 2097 2230 pul-

502 2251 639 2307 chre
668 2266 773 2305 non
796 2252 849 2305 in
882 2251 1078 2306 mediis
1103 2252 1227 2319 viis,
1261 2266 1365 2307 nec
1392 2253 1443 2306 in
1480 2254 1690 2305 viarum
1722 2251 1974 2307 terminis
2007 2267 2103 2321 po-

504 2343 583 2397 nit
625 2342 857 2413 lupanar
906 2358 1105 2407 suum,
1161 2342 1256 2399 sed
1289 2343 1342 2397 in
1398 2343 1689 2414 principio.
1746 2343 1802 2400 Si
1849 2345 1992 2400 enim
2035 2345 2100 2400 ad

506 2434 815 2501 scientiam,
843 2441 899 2488 et
920 2433 1184 2505 profunda
1217 2434 1529 2490 divinorum
1570 2436 1788 2491 venerit
1814 2436 2099 2504 librorum,

509 2542 699 2583 errare
738 2544 845 2582 non
892 2529 1111 2597 poterit.
1168 2527 1459 2584 Excelsum
1504 2545 1723 2601 quoque
1755 2544 1939 2596 suum,
1990 2532 2106 2587 sive

515 2618 712 2685 basim,
745 2619 872 2673 facit
893 2618 948 2672 in
975 2620 1123 2673 omni
1152 2620 1351 2689 platea,
1383 2620 1740 2676 Ethnicorum
1783 2637 1864 2687 se,
1918 2632 1971 2678 et
2004 2622 2108 2677 lm-

512 2712 731 2781 piorum
783 2713 1021 2768 Iascivim
1060 2713 1321 2784 vitiisque
1364 2716 1709 2785 permittens,
1755 2717 1919 2772 etiam
1963 2717 2109 2774 inter

508 2808 658 2876 ipsos
691 2805 984 2861 haaretieos
1032 2822 1154 2861 cum
1204 2808 1271 2863 ab
1318 2809 1398 2863 eis
1443 2807 1611 2865 fuerit
1656 2808 1968 2876 delurpata,
2002 2825 2109 2865 non

513 2900 724 2956 habens
758 2902 1023 2971 gratiam,
1058 2902 1152 2957 sed
1181 2910 1372 2972 patens
1401 2905 1757 2973 contemptui,
1793 2903 1918 2973 quia
1951 2904 2112 2959 facile

514 2997 850 3066 praeteritam
903 2995 1028 3050 fidei
1073 2996 1313 3065 perdidit
1360 2998 1692 3052 castitatem.
1775 2998 1885 3052 Hoc
1930 3006 2112 3052 autem

512 3088 659 3158 quod
706 3087 801 3157 (ut
830 3104 993 3159 supra
1027 3089 1299 3160 diximus)
1341 3090 1393 3144 in
1424 3089 1690 3146 Hebraico
1714 3105 1821 3145 non
1858 3089 2111 3144 habetur:

518 3178 811 3236 Fornicata
844 3199 897 3236 es
930 3183 1205 3251 tripliciter
1240 3185 1293 3236 in
1323 3184 1533 3251 ﬁliabus
1555 3186 1678 3248 tuis,
1723 3184 1837 3238 sive
1864 3182 1933 3238 ad
1959 3182 2115 3237 Jeru-

2200 1975 2539 2029 contrarium.
2578 1973 2724 2029 LXX
2757 1993 2769 2027 :
2805 1974 3000 2029 Mulier
3032 1976 3272 2031 adultera
3298 1984 3351 2043 -:-
3396 1976 3578 2032 similis
3607 1977 3714 2031 tui:
3744 1992 3771 2027 tt

2198 2071 2307 2123 viro
2334 2085 2427 2122 suo
2456 2070 2718 2141 accipiens
2749 2069 3008 2124 mercedes
3037 2086 3053 2122 :
3080 2070 3315 2125 onmibus
3345 2073 3434 2137 qui
3466 2070 3775 2142 fornicuban-

2202 2171 2286 2215 tur
2319 2177 2437 2214 cum
2479 2176 2537 2215 ea
2578 2160 2735 2214 dabat
2772 2162 3029 2216 mercedes
3064 2173 3153 2216 :et
3198 2172 3252 2215 tu
3295 2163 3488 2218 dedisti
3535 2152 3776 2217 mercedes

2205 2255 2401 2307 cunctis
2441 2254 2761 2307 amatoribus
2801 2254 2935 2320 tuis,
2970 2264 3017 2307 et
3051 2254 3300 2309 onerabas
3329 2254 3453 2309 illos
3484 2264 3537 2308 ut
3565 2254 3778 2308 venirent

2205 2345 2275 2399 ad
2306 2355 2372 2411 te,
2407 2363 2499 2417 per
2518 2346 2788 2400 circuitum
2814 2346 2867 2400 in
2900 2348 3241 2417 fornicatione
3264 2359 3373 2402 tua.
3408 2348 3477 2403 Et
3508 2350 3692 2421 factum
3714 2355 3777 2400 est

2206 2442 2260 2495 in
2294 2452 2341 2494 te
2371 2456 2663 2511 peruersum
2705 2451 2883 2495 contra
2918 2443 3162 2496 mulieres
3200 2443 3257 2496 in
3289 2443 3631 2512 fornicatione
3666 2452 3777 2507 tua,

2208 2542 2258 2587 et
2284 2543 2398 2602 post
2419 2544 2467 2586 te
2492 2550 2593 2587 non
2622 2544 2741 2587 sunt
2765 2534 3035 2605 fornicata:
3060 2551 3078 2589 :
3104 2536 3157 2589 in
3185 2551 3242 2589 eo
3265 2536 3409 2606 quod
3432 2536 3580 2588 dares
3604 2548 3783 2587 merce.

2210 2627 2331 2693 des,
2365 2637 2412 2681 et
2437 2627 2699 2682 mercedes
2727 2644 2829 2681 non
2856 2636 2975 2682 sunt
3006 2628 3144 2682 data:
3173 2628 3265 2682 tibi
3292 2644 3309 2680 :
3341 2639 3392 2683 et
3420 2632 3617 2700 factum
3642 2634 3709 2680 est
3735 2624 3782 2677 in

2212 2729 2260 2774 te
2286 2735 2603 2790 perversum.
2640 2719 2755 2775 Hoc
2781 2720 2925 2789 quod
2954 2721 3005 2774 in
3034 2720 3180 2775 LXX
3203 2720 3469 2790 scriptum
3501 2728 3603 2783 est,
3621 2716 3785 2773 similis

2214 2814 2321 2878 tui,
2348 2814 2401 2866 iu
2436 2813 2706 2868 Hebraico
2730 2829 2837 2867 non
2863 2814 3115 2878 habetur,
3141 2822 3197 2869 et
3227 2814 3489 2868 lectionis
3512 2810 3787 2867 conturbat

2213 2907 2461 2961 ordinem
2482 2949 2495 2972 ,
2543 2917 2596 2961 et
2642 2906 2770 2961 facit
2814 2922 2921 2961 non
2954 2906 3238 2961 minimam
3271 2906 3651 2977 quaestionem,
3682 2915 3789 2973 qua:

2215 3001 2431 3062 mulier,
2457 3003 2616 3072 cujus
2636 3003 2833 3057 similis
2862 3004 2935 3057 sit
2962 3021 2973 3057 :
3000 3018 3123 3058 cum
3145 3002 3458 3059 Jerusalem
3484 3004 3592 3074 ipsa
3611 2998 3789 3053 mulier

2216 3094 2462 3148 adultera
2488 3108 2610 3148 esse
2638 3093 2872 3148 dicatur.
2906 3094 3055 3149 'l‘ulit
3086 3094 3255 3165 igitur
3280 3093 3589 3150 Jerusalem
3620 3102 3787 3146 rerum

2218 3186 2461 3239 omnium
2502 3185 2891 3240 abundantiam
2915 3228 2929 3252 ,
2973 3202 3079 3255 qua
3123 3187 3299 3241 fuerat
3337 3186 3446 3241 viri
3483 3183 3790 3240 liberalitate

517 3272 687 3328 salem
723 3275 878 3341 juxta
910 3275 1149 3330 litteram
1178 3275 1399 3342 dicitur,
1452 3275 1603 3346 quod
1639 3277 1785 3330 omni
1823 3291 2026 3347 genere
2060 3277 2111 3331 in
2141 3268 2188 3333 C
2220 3276 2417 3333 donata
2438 3286 2523 3343 ,et
2548 3277 2698 3333 dedit
2736 3294 2856 3333 eam
2884 3278 3096 3344 alienis,
3111 3278 3458 3333 dzemonibus
3484 3277 3727 3333 videlicet
3745 3279 3792 3328 et

521 3367 637 3421 suis
668 3368 905 3437 oppidis,
940 3378 993 3423 et
1013 3369 1210 3425 viculis
1235 3369 1498 3425 fornicata
1516 3370 1679 3435 sit;et
1701 3369 1881 3425 nullus
1898 3385 2113 3425 reman-

516 3462 653 3516 serit
699 3463 926 3533 angulus
970 3465 1053 3518 vel
1088 3466 1291 3534 platea,
1338 3466 1430 3519 ubi
1462 3481 1571 3519 non
1608 3465 1933 3520 idololatriae
1959 3466 2113 3536 signa

517 3553 853 3611 condiderit:
904 3558 1020 3612 sive
1048 3558 1308 3613 Ecclesiae
1351 3558 1814 3629 credentibusque
1842 3559 2111 3628 deceptis.

519 3648 610 3717 qui
642 3665 749 3703 non
782 3649 1075 3704 audierunt
1115 3651 1251 3705 illud
1288 3651 1572 3719 Apostoli:
1617 3652 1745 3720 Ipse
1771 3662 1940 3707 autem
1972 3651 2119 3706 Deus

519 3741 665 3810 pacis
696 3742 987 3809 sanctiﬁcet
1014 3758 1102 3797 vos
1128 3759 1218 3814 per
1249 3744 1443 3809 omnia,
1480 3754 1535 3797 ut
1560 3746 1758 3815 integer
1784 3746 1998 3815 spiritus
2030 3762 2115 3797 ve.-

518 3840 644 3897 ster,
675 3840 723 3884 et
749 3834 949 3897 anima,
991 3843 1039 3888 et
1078 3851 1270 3905 corpus
1295 3837 1408 3890 sine
1442 3836 1653 3905 querela
1683 3838 1735 3889 in
1758 3837 1842 3890 die
1864 3838 2118 3891 adventus

523 3923 741 3979 Domini
772 3927 935 3979 nostri
959 3925 1089 3980 Jesu
1130 3928 1320 3983 Christi
1348 3938 1575 3984 servetur
1615 3930 1657 3999 (l
1690 3929 1870 3985 Thess.
1904 3946 1959 3997 ν,
1990 3928 2114 4001 ‘23);

525 4017 622 4073 sed
667 4020 814 4074 omni
842 4035 1046 4090 genere
1067 4020 1315 4078 fornicati
1339 4032 1464 4077 sunt
1486 4033 1541 4078 et
1562 4038 1817 4090 corpore.
1838 4032 1893 4079 et
1912 4024 2113 4088 anima,

525 4118 582 4164 et
612 4111 831 4180 Spiritu.
858 4112 1115 4183 Legimus
1140 4115 1192 4168 in
1221 4114 1568 4170 Proverbiis:
1592 4114 1619 4153 δ
1650 4114 1731 4169 Tu
1758 4123 1931 4168 autem
1958 4116 2121 4170 scribe

525 4219 587 4257 ea
617 4202 914 4272 lripliciler,
956 4216 1011 4259 ut
1054 4207 1372 4279 respondeas
1420 4224 1685 4262 sermones
1732 4209 1982 4272 t-eritatis,
2033 4210 2121 4279 qui

525 4306 893 4366 proponuntur
923 4298 1015 4351 tibi
1038 4298 1225 4371 (Prov.
1256 4316 1388 4367 χχιι,
1415 4300 1508 4365 ‘20,
1528 4299 1648 4369 21).
1686 4300 1755 4355 Et
1776 4300 2004 4371 jubetur
2024 4316 2125 4356 no-

528 4384 635 4452 bis,
670 4397 728 4440 ut
758 4388 971 4458 eloquia
1000 4392 1271 4457 veritatis,
1304 4391 1355 4445 id
1386 4400 1491 4456 est,
1543 4393 1856 4463 Seripturas
1878 4404 2119 4459 sanctas,

530 4479 902 4552 intelligamus
936 4485 1245 4554 tripliciter.
1310 4485 1592 4551 Primum,
1638 4486 1790 4556 juxta
1838 4488 2119 4554 litteram;

526 4574 792 4638 secundo,
828 4575 1009 4631 medie
1040 4592 1135 4646 per
1171 4577 1561 4647 tropologiam;
1595 4576 1780 4641 tertio,
1807 4579 2118 4643 sublimius,

2220 3369 2577 3440 idolis,juxta
2609 3371 2742 3424 illud
2766 3370 2909 3440 quod
2940 3372 3204 3441 scriptum
3227 3372 3376 3426 estin
3393 3371 3533 3427 Osee
3566 3388 3579 3424 :
3605 3368 3671 3422 Et
3694 3367 3792 3419 hac

2220 3479 2322 3517 non
2351 3464 2584 3535 cognovit
2611 3505 2625 3526 ,
2656 3463 2777 3531 quia
2797 3480 2893 3533 ego
2933 3465 3052 3517 dedi
3081 3465 3125 3517 ei
3166 3465 3425 3534 triticum,
3457 3474 3502 3518 et
3533 3464 3731 3525 vinum,
3753 3465 3795 3511 et

2220 3557 2411 3621 oleum,
2439 3568 2485 3610 et
2506 3567 2776 3628 argentum
2805 3558 3143 3628 multiplicavi
3174 3561 3221 3613 ei
3250 3576 3270 3614 :
3297 3560 3413 3631 ipsa
3446 3575 3561 3614 vero
3574 3563 3796 3629 argentea

2222 3659 2266 3703 et
2296 3665 2456 3703 aurea
2482 3649 2599 3720 fecit
2631 3648 2834 3703 Baulim
2854 3649 3010 3723 (Osee
3034 3666 3091 3715 ιι,
3117 3650 3197 3722 8.)
3239 3651 3400 3708 Unde
3430 3653 3599 3707 iratus
3629 3647 3793 3704 statim

2224 3742 2391 3797 infert
2413 3760 2426 3795 :
2447 3741 2731 3814 Pt'bpterea
2746 3754 3059 3808 convertam,
3079 3754 3125 3798 et
3146 3746 3383 3815 auferam
3400 3746 3627 3800 triticum
3646 3755 3798 3796 meum

2223 3838 2276 3890 in
2291 3847 2518 3908 tempore
2537 3854 2653 3905 suo,
2667 3850 2714 3893 et
2731 3840 2902 3893 vinum
2918 3856 3085 3893 meum
3107 3840 3160 3894 in
3181 3850 3410 3907 tempore
3422 3856 3517 3895 suo
3535 3855 3553 3904 ;
3570 3849 3615 3894 et
3636 3836 3799 3892 tollam

2224 3932 2521 3984 vestimenta
2535 3948 2666 3997 mea,
2688 3942 2733 3986 et
2747 3931 3051 3987 linteamina
3065 3950 3194 4000 mea,
3213 3945 3265 3988 ut
3280 3951 3383 3989 non
3401 3947 3423 3974 (⁵
3441 3935 3661 4008 operiant
3675 3930 3800 3985 ultra

2225 4022 2563 4095 ignominiam
2581 4028 2689 4097 ejus
2714 4039 2733 4077 :
2750 4033 2795 4078 et
2814 4025 3198 4079 nuncrevelabo
3219 4028 3601 4081 immunditiam
3624 4027 3730 4096 ejus
3753 4020 3801 4073 in

2227 4126 2506 4185 conspectu
2527 4126 2818 4171 ornatorum
2835 4115 3005 4182 illius,
3033 4126 3079 4171 et
3111 4134 3258 4172 nemo
3279 4129 3423 4173 eruet
3445 4134 3555 4172 eam
3579 4116 3641 4169 de
3660 4128 3801 4169 manu

2227 4224 2358 4262 mea.
2407 4206 2655 4278 Cumque
2707 4224 2901 4264 omnes
2938 4210 3201 4265 mulieres
3239 4209 3579 4265 fornicantes
3609 4207 3782 4262 solean

2228 4300 2477 4370 accipere
2509 4301 2795 4356 mercedes
2843 4302 2911 4357 ab
2960 4304 3298 4357 amatoribus
3347 4304 3487 4369 suis,
3517 4300 3803 4359 Jerusalem

2229 4392 2357 4448 fecit
2387 4397 2745 4464 contrarium,
2778 4405 2839 4451 ut
2862 4397 3032 4468 magis
3054 4398 3212 4453 claret
3237 4413 3396 4468 quam
3423 4398 3716 4467 acciperet.
3749 4393 3809 4449 Et

2231 4497 2289 4542 ut
2340 4489 2643 4560 largitatem
2689 4492 2957 4546 mercedis
2996 4492 3356 4550 ostenderet:
3404 4492 3678 4550 Onerabat
3706 4487 3804 4560 (Al.

2230 4580 2594 4654 Honorabat),
2626 4583 2833 4653 inquit,
2871 4584 3031 4657 174
3054 4600 3148 4641 eos
3179 4595 3234 4639 ut
3269 4586 3522 4641 venirent
3551 4584 3616 4640 ad
3639 4597 3697 4639 se
3723 4593 3811 4650 per

530 4674 593 4720 ut
633 4667 865 4737 mystica
893 4683 1125 4738 quaeque
1165 4684 1475 4725 noscamus.
1518 4669 1831 4725 Secundum
1858 4671 2119 4736 litteram,
2151 4670 2205 4730 D
2231 4673 2551 4737 circuitum;
2579 4690 2648 4730 ne
2678 4677 2799 4746 quis
2824 4687 2971 4732 esset
3005 4678 3216 4733 vicinus
3243 4678 3333 4747 qui
3361 4685 3482 4749 ejus
3514 4673 3809 4749 ignominia!

531 4760 666 4815 illud
697 4771 812 4818 est:
858 4762 1404 4835 Neque‘fornicemur,
1435 4766 1569 4818 sicut
1591 4765 1801 4834 quidam
1824 4782 2001 4819 eorum
2025 4771 2127 4836 for-

530 4853 693 4906 nicati
740 4864 881 4921 sunt,
932 4864 978 4908 et
1007 4856 1303 4910 ceciderunt
1350 4874 1455 4911 una
1500 4858 1584 4912 die
1616 4858 1797 4929 viginti
1826 4860 1931 4911 tria
1957 4859 2125 4913 millia

531 4943 575 5014 (Ι
604 4943 726 4999 Cor.
755 4961 816 5008 Χ,
843 4945 921 5017 8).
966 4946 1037 5001 Ει
1074 4966 1088 5002 :
1145 4947 1324 5003 Nolite
1358 4966 1685 5004 murmurare
1707 4990 1720 5012 ,
1753 4952 1881 5003 sicut
1914 4951 2125 5019 quidam

534 5039 599 5092 de
642 5040 714 5093 eis
766 5053 1221 5097 murmuraverunt
1259 5054 1305 5098 et
1345 5046 1613 5113 perierunt
1645 5046 1707 5099 ab
1729 5047 2128 5100 exterminatore

533 5130 727 5202 (lCor.
780 5149 834 5197 x,
869 5134 979 5204 10).
1024 5135 1202 5192 Medic
1244 5146 1426 5194 autem
1459 5147 1513 5193 et
1551 5140 1703 5208 juxta
1745 5138 2125 5209 tropologiant,

530 5224 755 5291 quando
786 5224 1094 5283 recedimus
1125 5243 1153 5282 a
1185 5228 1393 5295 littera,
1446 5240 1501 5284 et
1541 5230 1817 5299 paululum
1846 5231 1912 5284 ad
1937 5232 2129 5285 altiora

529 5317 986 5387 conscendimus,
1062 5320 1280 5375 dicente
1333 5320 1637 5391 Apostolo:
1699 5321 1970 5390 Scriptum
2009 5330 2123 5376 est:

530 5407 656 5463 Non
685 5412 929 5482 alligabis
957 5430 1014 5467 os
1043 5414 1157 5469 bovi
1181 5416 1468 5471 trituranti.
1503 5417 1812 5486 Statimque
1838 5417 2119 5486 sequitur:

530 5501 802 5574 Numquid
831 5510 894 5560 de
916 5507 1078 5563 bobus
1112 5526 1240 5563 cura
1261 5520 1336 5565 est
1363 5509 1511 5565 Deo?
1548 5511 1627 5565 An
1654 5520 1865 5579 propter
1896 5526 1990 5565 nos
2018 5511 2123 5563 uti-

527 5608 627 5662 que
671 5596 873 5653 locutus
899 5604 1021 5655 est?
1075 5601 1261 5674 (lCor.
1296 5620 1372 5669 Ix,
1404 5603 1482 5673 9).
1536 5602 1793 5658 Extrema
1833 5614 2039 5670 autem,
2067 5602 2123 5658 id

596 5738 623 5765 ι
663 5729 721 5809 In
744 5731 919 5809 Vatic.
944 5753 1064 5809 gms.
1108 5740 1194 5793 cui
1225 5750 1281 5794 et
1314 5739 1567 5795 Rabanus
1592 5737 1856 5809 concinit,
1899 5738 2035 5794 vitiis
2061 5755 2116 5795 se

532 5800 762 5874 luxuria:
785 5806 952 5874 pollui
983 5810 1232 5868 permisit.

595 5872 621 5910 δ
664 5872 1049 5941 Λιμυρεθνίὺρ
1079 5889 1244 5933 autem
1277 5882 1366 5935 tibi
1396 5883 1687 5952 tripliciter.

2230 4784 2337 4824 non
2384 4770 2728 4825 misceretur.
2772 4772 2839 4826 Et
2867 4772 3091 4843 quidem
3121 4773 3426 4829 Jerusalem
3460 4776 3513 4828 in
3549 4772 3652 4826 hoc
3687 4781 3811 4839 quo-

2230 4877 2338 4932 que
2378 4862 2511 4916 vicit
2538 4862 2678 4917 alias
2706 4865 3055 4929 meretrices,
3092 4875 3151 4920 ut
3195 4882 3303 4920 non
3366 4866 3549 4921 solum
3604 4876 3698 4917 sua
3727 4857 3814 4914 da-

2234 4966 2340 5017 ret,
2375 4970 2497 5025 qum
2537 4971 2635 5023 pro
2680 4957 2788 5010 ritu
2834 4957 3186 5027 turpitudinis
3215 4956 3403 5012 labore
3442 4956 3809 5026 qumsiverat;

2229 5047 2325 5102 sed
2355 5058 2410 5102 et
2442 5062 2668 5102 munera
2708 5049 2979 5104 maritalia
3009 5050 3374 5115 amatoribus,
3404 5061 3460 5105 et
3498 5044 3815 5119 stupratori-

2232 5142 2332 5197 btts
2375 5141 2487 5196 suis
2512 5143 2799 5201 tribueret.
2824 5146 3105 5217 Tantaque
3130 5146 3231 5201 fuit
3256 5146 3533 5216 expositio
3564 5143 3816 5199 adulterat

2231 5234 2298 5289 ad
2327 5250 2545 5291 omnem
2581 5239 2946 5307 turpitudinis
2977 5239 3433 5310 magnitudinem,
3473 5248 3530 5292 ιιι
3578 5250 3685 5291 non
3730 5246 3816 5286 so—

2235 5328 2344 5383 lum
2396 5332 2779 5399 praesentibus,
2837 5332 2933 5387 sed
2976 5333 3138 5387 etiam
3187 5331 3390 5388 futuris
3443 5326 3821 5386 meretricibus

2231 5422 2572 5493 praeferatur.
2617 5425 2773 5482 Unde
2809 5436 2863 5482 et
2893 5441 2992 5481 nos
3020 5427 3176 5495 juxta
3221 5427 3614 5498 Symmachum
3655 5424 3819 5478 inter-

2231 5517 2432 5585 pretati
2468 5533 2654 5572 sumus
2686 5536 2699 5573 :
2734 5518 2800 5572 Et
2821 5528 2936 5590 post
2965 5529 3011 5573 te
3035 5536 3139 5573 non
3181 5520 3276 5573 erit
3307 5519 3607 5591 fornicatio.
3637 5514 3813 5571 Colla-

2233 5607 2379 5662 tione
2433 5609 2578 5664 enim
2626 5609 2728 5677 tui,
2777 5609 2956 5663 omnis
3000 5608 3261 5678 deinceps
3311 5609 3605 5665 fornicatio
3651 5606 3817 5663 levior

2301 5755 2321 5781 “-
2352 5743 2621 5800 Rescribit
2642 5744 3221 5817 Victorius,operiant,
3246 5761 3315 5801 ex
3338 5754 3431 5804 τοῦ
3451 5753 3523 5817 μή
3544 5746 3812 5800 καλύπτειν

2223 5814 2395 5871 ϐιωρὶ
2430 5826 2634 5881 textus,
2668 5826 2726 5872 ιιι
2752 5815 2859 5870 sibi
2878 5816 3115 5879 videtur,
3150 5814 3577 5887 signifiCatione.
