4018 6322
274 294 369 351 “9

954 292 1615 351 COMMENTARIORUM
1653 294 1720 351 ΙΝ
1762 293 2207 353 EZECHIELEM
2249 298 2376 354 LIB.
2420 299 2487 354 V.
2528 299 2680 355 CAP.
2728 298 2870 357 XVI.

3456 301 3557 359 I50

257 411 677 470 existimabitur.
710 412 989 485 Quidquid
1015 413 1087 469 de
1115 412 1420 469 Jerusalem
1450 411 1691 469 diximus
1715 453 1729 478 ,
1756 427 1845 468 re-
1874 414 1929 473 Α
1954 422 2118 471 tuam.
2160 415 2230 470 Et
2260 416 2483 471 ulciscar
2512 428 2558 471 te
2581 418 2774 472 ultione
2804 417 3170 472 adulterarum
3198 425 3247 472 et
3278 416 3557 485 effunden-

258 504 427 561 fertur
472 503 541 559 ad
594 503 903 561 Ecclesiam
949 506 1272 575 animasque
1315 503 1681 571 credentium,
1733 519 1853 575 qua:

258 611 483 653 munera
508 598 807 664 maritalia,
851 614 1043 653 aurum
1074 597 1332 654 videlicet
1363 600 1414 653 in
1443 612 1638 665 sensu,
1672 606 1728 653 et
1754 612 1848 652 ar-

256 702 473 762 gentum
514 692 571 746 in
614 692 858 762 eloquio,
892 703 946 748 et.
982 691 1334 759 vestimenta,
1383 693 1582 762 quibus
1632 690 1851 748 foeditas

254 793 436 838 nostra
468 797 533 838 ac
563 783 849 854 turpitudo
879 784 1116 853 velatur,
1162 785 1299 840 dant
1339 786 1676 841 amatoribus
1704 785 1849 851 suis;

250 876 333 931 vel
362 875 660 932 contrariis
703 876 1155 943 fortitudinibus,
1187 879 1275 933 vel
1310 879 1583 949 magistris
1626 878 1852 948 dogma-

255 979 360 1025 tum
405 984 834 1041 perversurum,
886 970 1104 1042 quando
1154 981 1411 1026 asserunt
1462 972 1596 1026 nihil
1650 985 1852 1027 nocere

253 1062 554 1129 luxuriam,
586 1073 645 1119 et
670 1065 938 1133 passivam
963 1063 1270 1132 libidinem,
1297 1065 1453 1134 juxta
1479 1066 1724 1135 corporis
1751 1080 1845 1134 ge-

253 1156 467 1219 nitalia,
495 1160 702 1214 coitum
726 1158 961 1213 naturali
989 1159 1112 1229 lege
1125 1158 1425 1229 deposcere
1460 1175 1473 1213 :
1507 1157 1645 1213 cibis
1672 1158 1850 1213 omni-

254 1251 351 1308 bus
378 1250 771 1309 indiﬂ‘erenter
796 1253 1079 1320 utendum,
1109 1253 1201 1324 qui
1229 1253 1296 1307 ad
1322 1252 1426 1309 hoc
1457 1252 1587 1307 facti
1612 1260 1763 1318 sunt,
1789 1261 1849 1307 ut

252 1354 565 1401 sumantur.
600 1345 953 1402 Prudentiam
987 1347 1042 1401 in
1082 1361 1149 1401 eo
1180 1354 1390 1402 tantum
1429 1346 1797 1402 necessariam
1832 1385 1848 1411 ,

252 1449 307 1494 ut
332 1437 441 1493 sibi
476 1439 651 1508 prosit
678 1457 695 1503 ;
730 1454 833 1496 nec
858 1439 1126 1510 justitiam
1152 1439 1354 1496 habere
1396 1440 1576 1496 locum
1600 1482 1615 1507 ,
1646 1456 1767 1507 quae
1800 1442 1847 1495 si

247 1530 447 1596 valeat,
463 1531 886 1587 mendicaudum
899 1534 993 1598 sit,
1007 1540 1063 1587 et
1083 1544 1282 1588 caetera
1301 1533 1695 1603 hujuscemodi.
1717 1533 1849 1600 Quae

252 1623 531 1693 accipiens
560 1622 762 1679 misera
788 1624 1124 1689 Jerusalem,
1168 1625 1223 1679 in
1254 1640 1358 1695 qua
1391 1624 1528 1679 visio
1552 1625 1704 1694 pacis
1726 1639 1849 1681 esse

249 1715 502 1780 deberet,
527 1730 759 1772 acumen
784 1716 985 1787 ingenii
1017 1727 1072 1771 et
1107 1717 1311 1787 eloquii
1343 1727 1684 1773 venustatem
1717 1733 1840 1774 ver-

1957 511 2085 564 tium
2115 512 2439 582 sanguinem,
2478 520 2525 564 et
2563 527 2754 583 ponam
2795 520 2842 565 te
2878 512 2932 565 in
2967 512 3217 583 sanguine
3262 512 3459 584 furoris
3500 522 3551 568 et

1958 603 2077 670 zeli,
2110 613 2156 657 et
2185 603 2386 657 tradam
2416 613 2462 657 te
2492 605 2545 656 in
2576 620 2757 658 manus
2781 620 2959 658 eorum
2985 620 3003 658 :
3026 615 3073 659 et
3093 604 3377 672 suffodient
3397 605 3547 677 lupa-

1958 712 2057 749 nar
2093 704 2262 763 tuum,
2300 704 2346 750 et
2391 697 2654 751 destruent
2701 696 2868 751 basim
2907 706 3073 761 tuam,
3120 708 3166 751 et
3212 696 3480 752 nudabunt
3508 708 3557 753 te

1958 791 2270 844 vestimentis
2310 792 2434 852 tuis,
2463 800 2509 844 et
2540 790 2721 845 tollent
2744 806 2867 844 vasa
2883 790 3209 860 gloriationis
3239 802 3362 856 tute,
3390 800 3439 844 et
3462 790 3552 845 de-

1957 884 2247 954 relinquent
2279 893 2325 937 te
2352 884 2545 937 nudam
2575 893 2619 937 et
2644 885 2853 952 plenam
2874 882 3194 953 ignominiaa,
3224 890 3271 935 et
3292 881 3555 936 adducent

1956 994 2110 1049 super
2138 988 2186 1031 te
2216 977 2636 1040 multitudinem,
2681 985 2727 1029 et
2764 974 3071 1048 lapidabunt
3100 983 3147 1028 te
3178 973 3469 1045 lapidibus,
3510 982 3560 1028 et

1958 1073 2267 1126 truncabunt
2310 1080 2356 1125 te
2397 1070 2587 1141 gladiis
2626 1071 2756 1124 suis.
2784 1067 2855 1123 Et
2884 1068 3189 1122 succendent
3220 1066 3398 1122 domos
3434 1078 3552 1122 tuas

1957 1166 2087 1238 igni,
2124 1176 2171 1220 et
2213 1168 2404 1231 facient
2434 1167 2489 1218 in
2522 1175 2569 1219 te
2596 1166 2820 1218 ultiones
2848 1178 3024 1216 coram
3051 1160 3355 1215 mulieribus
3378 1161 3547 1229 pluri-

1956 1260 2055 1313 mis
2098 1276 2113 1311 :
2139 1268 2187 1312 et
2221 1266 2447 1313 avertam
2478 1268 2524 1311 te
2557 1275 2589 1310 a
2618 1258 2993 1327 fornicatione,
3024 1264 3074 1307 et
3112 1255 3369 1310 mercedes
3400 1252 3547 1307 ultra

1956 1370 2060 1409 non
2090 1352 2240 1408 dabis
2270 1369 2287 1408 :
2321 1362 2367 1407 et
2396 1354 2672 1407 immittam
2715 1356 2946 1425 furorem
2987 1368 3158 1406 meum
3194 1365 3349 1419 super
3393 1359 3463 1413 te,
3502 1356 3551 1402 et

1955 1453 2220 1521 auferetur
2262 1448 2405 1503 zelus
2445 1465 2583 1502 meus
2620 1465 2651 1501 a
2694 1458 2762 1514 te,
2806 1458 2853 1503 et
2892 1448 3228 1518 requiescam,
3269 1454 3315 1499 et
3341 1459 3442 1497 non
3465 1458 3552 1496 ero

1955 1544 2092 1597 ultra
2122 1543 2371 1597 sollicitus
2416 1558 2434 1597 :
2462 1544 2583 1612 quia
2629 1559 2731 1596 non
2777 1558 2829 1597 es
2869 1541 3145 1596 recordata
3174 1539 3280 1594 diei
3309 1537 3549 1610 infantia:

1956 1646 2130 1703 tute,et
2144 1637 2474 1690 contristabas
2490 1652 2570 1690 me
2582 1637 2634 1690 in
2647 1638 2726 1690 his
2742 1636 2996 1689 omnibus.
3013 1635 3080 1689 Et
3093 1650 3203 1689 ecce
3214 1649 3306 1704 ego
3320 1632 3427 1687 vias
3441 1641 3557 1685 tuas

1954 1730 2007 1783 in
2030 1738 2184 1799 caput
2209 1740 2353 1783 tuum
2373 1731 2525 1797 dabo,
2550 1730 2673 1783 dicit
2696 1729 2900 1783 Adonui
2926 1728 3178 1782 Dominus
3194 1743 3211 1781 :
3229 1733 3276 1779 et
3288 1725 3363 1779 sic
3380 1723 3549 1794 fecisti

251 1807 311 1862 ιίῑ
339 1807 393 1862 in
445 1808 867 1879 '“rpimdi'lem-
901 1809 967 1863 Ει
998 1822 1096 1878 Ρτο
1122 1809 1463 1864 amatoribus
1498 1808 1610 1863 SUiS
1646 1809 1843 1866 advel“
1866 1813 1923 1873 -B
1949 1824 2265 1890 iniquitatem
2284 1840 2435 1894 super
2451 1824 2646 1877 cunctis
2666 1822 3022 1891 iniquitatibus
3040 1819 3415 1874 tuis.Primum
3445 1816 3556 1871 his-

248 1914 362 1957 sum
410 1903 677 1957 maritum
715 1910 906 1957 ornata
947 1904 1220 1972 processit
1259 1902 1346 1957 bis
1396 1906 1755 1974 ornamentis,
1792 1906 1847 1961 in

248 1995 442 2064 quibus
490 1995 550 2049 in
603 1994 734 2050 boni
778 1996 1099 2052 abusionem
1146 2011 1177 2051 a
1230 1996 1349 2052 viro
1402 1996 1585 2053 fuerat
1630 2008 1844 2055 ornata.

246 2090 516 2163 Quodque
559 2093 807 2163 semiitur
855 2111 869 2149 :
909 2093 976 2147 Et
1015 2094 1246 2149 donabas
1275 2096 1349 2149 eis
1389 2104 1447 2149 ut
1482 2097 1741 2149 intrarent
1779 2098 1848 2151 ad

248 2194 295 2239 te
313 2185 550 2257 undique
576 2185 643 2241 ad
675 2187 1042 2255 fornicandum
1072 2197 1260 2255 tecum,
1280 2203 1447 2244 omne
1475 2203 1646 2258 genus
1676 2190 1848 2259 signi-

250 2279 372 2334 fiest
394 2291 775 2350 peccatorum,
796 2289 857 2336 ut
876 2296 982 2335 non
1010 2297 1119 2335 uno
1146 2282 1217 2336 sit
1237 2292 1495 2338 contenta
1513 2282 1736 2350 delicto,
1753 2282 1849 2338 sed

246 2373 513 2446 peccandi
533 2374 802 2431 sustineat
824 2375 1045 2444 famem,
1064 2386 1120 2432 et
1139 2388 1332 2432 contra
1356 2376 1479 2446 jura
1506 2384 1715 2431 naturae
1736 2391 1849 2432 om-

248 2470 412 2525 nibus
444 2479 665 2540 turpata
696 2470 957 2525 membris
981 2485 1152 2541 usque
1172 2470 1239 2525 ad
1267 2473 1522 2526 verticem
1550 2472 1845 2539 polluatur.

315 2560 512 2634 (Vers.
543 2562 614 2617 55
635 2560 819 2634 seqq.)
848 2561 1158 2631 Propterea,
1190 2564 1456 2629 meretrix,
1486 2564 1611 2617 audi
1642 2564 1848 2618 verbum

252 2655 486 2709 Domini.
521 2654 655 2711 Htec
679 2657 806 2711 dicit
842 2654 1102 2711 Dominus
1138 2656 1280 2713 Deus
1308 2674 1325 2711 :
1357 2658 1493 2725 Quia
1520 2657 1744 2725 effusum
1774 2666 1848 2712 est

248 2764 317 2803 es
342 2758 513 2814 tuum,
544 2758 595 2803 et
622 2751 848 2804 revelata
876 2759 950 2804 est
978 2751 1269 2821 ignominia
1306 2760 1398 2805 tua
1424 2754 1479 2805 in
1503 2751 1850 2820 fornicatione

249 2851 336 2895 tua
359 2840 549 2912 (Vulg.
579 2841 1008 2913 fornicationibus
1036 2842 1160 2913 tuis)
1179 2860 1336 2913 super
1363 2852 1617 2897 amatores
1645 2852 1782 2909 tuos,
1802 2852 1850 2896 et

247 2951 405 3006 super
434 2936 580 2990 idola
608 2937 1046 2991 abominationum
1085 2947 1291 2991 tuarum
1334 2938 1389 2990 in
1427 2938 1678 3009 sanguine
1708 2937 1850 3006 ﬁlio-

248 3049 363 3087 rum
405 3042 639 3098 tuorum,
672 3048 798 3103 quos
842 3032 1031 3087 dedisti
1073 3037 1167 3086 cis.
1213 3031 1349 3087 Ecce
1385 3048 1477 3102 ego
1527 3033 1849 3102 congregabo

247 3142 425 3182 omnes
467 3135 725 3181 amatores
757 3136 873 3180 tuos
892 3167 908 3191 ,
937 3125 1123 3195 quibus
1153 3125 1436 3179 commixta
1468 3141 1519 3179 es
1540 3166 1555 3190 ,
1594 3133 1641 3178 et
1674 3140 1849 3177 omnes

1953 1914 2109 1969 toria:
2137 1914 2477 1969 fundamenta
2495 1914 2740 1982 jacimus.
2759 1912 2895 1981 Quia
2915 1913 3032 1967 haec
3045 1911 3200 1966 etilla
3217 1909 3553 1978 fecisti,qu:e

1959 2009 2116 2081 176
2144 2010 2390 2077 superior
2439 2022 2620 2062 sermo
2655 2005 3065 2075 comprehendit
3097 2022 3110 2058 :
3145 2004 3346 2059 idcirco
3389 2001 3549 2066 audi,

1954 2100 2234 2167 meretrix,
2265 2115 2387 2169 qua:
2418 2098 2634 2163 feceris,
2663 2107 2719 2153 et
2747 2112 2869 2167 quae
2899 2111 3123 2167 passura
3161 2095 3261 2151 sis.
3297 2094 3554 2151 Effudisti

1954 2208 2028 2248 aes
2057 2202 2205 2247 tuum
2233 2192 2374 2262 quod
2400 2206 2428 2244 a
2460 2206 2545 2247 me
2593 2205 2902 2260 acceperas,
2927 2197 2982 2245 et
3010 2188 3209 2245 dedisti
3240 2188 3551 2244 mercedem

1954 2285 2287 2340 amatoribus
2310 2286 2436 2351 tuis,
2464 2300 2583 2355 qua:
2632 2284 2881 2354 accipere
2910 2282 3200 2350 debueras,
3232 2290 3291 2337 et
3326 2281 3553 2339 interfe-

1953 2378 2075 2432 cisti
2108 2377 2246 2433 ﬁlios
2280 2387 2420 2445 tuos,
2452 2377 2579 2431 dum
2608 2392 2703 2433 eos
2734 2377 2964 2432 offerres
3001 2375 3163 2431 idolis
3190 2393 3202 2429 :
3232 2384 3295 2430 ut
3324 2391 3431 2431 non
3462 2390 3553 2430 so.

1955 2470 2067 2525 lum
2111 2471 2388 2537 adultera,
2420 2470 2516 2525 sed
2556 2480 2613 2524 et
2674 2470 2942 2538 parricida
2995 2469 3291 2525 exstiteris.
3344 2468 3555 2525 idcirco

1955 2565 2301 2635 congregaho
2352 2579 2516 2635 super
2561 2573 2613 2620 te
2662 2578 2854 2619 omnes
2900 2572 3175 2618 amatores
3233 2570 3393 2628 tuos,
3429 2577 3556 2617 cum

1955 2660 2148 2727 quibus
2198 2659 2457 2714 fornicata
2492 2674 2576 2724 es,
2607 2669 2714 2713 tam
2762 2673 2861 2713 eos
2898 2674 3035 2728 quos
3082 2656 3360 2721 dilexisti,
3392 2672 3556 2727 quam

1955 2750 2082 2807 illos
2131 2767 2269 2821 quos
2300 2752 2516 2817 oderas,
2558 2760 2614 2807 et
2643 2752 3019 2807 adulterarum
3059 2759 3111 2806 te
3153 2750 3270 2822 lege
3312 2751 3554 2818 nudabo,

1958 2856 2017 2899 ut
2044 2860 2234 2901 omnes
2284 2846 2499 2901 videant
2548 2846 2938 2917 turpitudinem
2986 2854 3169 2911 tuam,
3199 2855 3254 2899 et
3300 2844 3558 2915 genitalia

1958 2946 2181 3008 propter
2206 2954 2328 3009 qua:
2373 2939 2523 3007 prius
2550 2939 2756 2994 amoris
2784 2939 3022 2993 amentia
3062 2937 3400 2995 ferebantur.
3427 2937 3555 2992 Haec

1957 3040 2140 3086 autem
2163 3031 2347 3085 omnia
2378 3046 2474 3101 per
2504 3031 2879 3102 metaphoram
2926 3032 3170 3086 mulieris
3210 3031 3477 3086 adulterae
3504 3039 3559 3087 et

1960 3122 2267 3192 homicidae,
2292 3140 2411 3195 quae
2437 3141 2543 3179 non
2576 3125 2751 3180 solum
2774 3135 2961 3180 contra
2993 3127 3165 3179 virum
3188 3140 3346 3179 suum
3388 3122 3562 3178 forni-

245 3235 373 3287 quos
395 3218 627 3273 dilexisti
657 3233 773 3271 cum
797 3217 1048 3273 universis
1072 3233 1199 3286 quos
1232 3218 1438 3279 oderas,
1474 3216 1629 3288 175
1660 3225 1706 3271 et
1723 3233 1846 3270 con-
1877 3195 1927 3260 (ἶ
1957 3225 2075 3270 cata
2120 3217 2210 3279 sit,
2244 3216 2339 3273 sed
2369 3226 2424 3271 et
2465 3216 2609 3271 ﬁlios
2643 3217 3010 3283 interfecerit,
3044 3216 3303 3271 dicuntur
3350 3217 3418 3270 ad
3468 3214 3560 3271 Je«

248 3313 470 3385 gregabo
497 3328 583 3366 eos
612 3327 770 3382 super
801 3320 849 3365 te
888 3311 1135 3380 undique,
1170 3322 1219 3364 et
1256 3310 1465 3365 nudnbo
1506 3310 1849 3381 ignominiam

248 3416 389 3459 tuam
411 3422 592 3459 coram
613 3405 686 3459 eis
717 3414 764 3458 et
782 3404 1024 3458 videbunt
1048 3420 1248 3459 omnem
1276 3404 1656 3475 turpitudinem
1685 3413 1847 3458 tuam.

248 3495 317 3551 Et
350 3499 611 3569 judicabo
651 3505 699 3549 te
728 3496 948 3570 judiciis
979 3495 1360 3561 adulterarum,
1391 3504 1436 3549 et
1474 3494 1854 3561 effundentium

248 3592 579 3661 sanguinem,
605 3598 653 3642 et
684 3588 820 3643 dabo
849 3597 899 3642 te
925 3589 981 3643 in
1015 3589 1267 3660 sanguine
1291 3586 1479 3659 (Vulg.
1514 3586 1849 3658 sanguinem)

248 3683 447 3755 furoris
474 3690 527 3737 et
554 3681 676 3751 zeli,
694 3691 741 3735 et
767 3680 904 3735 dabo
923 3691 968 3735 te
994 3682 1047 3735 in
1077 3698 1261 3736 manus
1285 3696 1485 3747 eorum,
1514 3689 1564 3734 et
1590 3680 1855 3733 destruent

247 3779 478 3849 lupanar
517 3786 686 3843 tuum,
728 3785 775 3831 et
817 3776 1159 3830 demolientur
1198 3774 1544 3844 prostibulum
1587 3782 1754 3837 tuum,
1807 3780 1853 3826 et

246 3875 592 3930 denudabunt
615 3883 663 3928 te
689 3873 1001 3927 vestimentis
1032 3872 1155 3937 tuis,
1189 3879 1236 3924 et
1260 3873 1495 3940 auferent
1516 3884 1641 3923 vasa
1659 3868 1856 3921 decoris

248 3970 347 4035 tui,
378 3976 428 4021 et
452 3968 815 4035 derelinquent
857 3975 906 4018 te
936 3964 1165 4025 nudam,
1206 3963 1520 4033 plenamque
1548 3962 1853 4032 ignominia.

248 4057 318 4114 Et
363 4058 631 4113 adducent
657 4074 811 4126 super
849 4067 896 4111 te
933 4056 1339 4120 multitudinem,
1383 4067 1428 4109 et
1464 4054 1775 4120 lapidabunt
1811 4063 1859 4107 te

251 4153 545 4224 lapidibus,
596 4158 644 4203 et
691 4149 1024 4204 trucidabant
1048 4148 1162 4217 (ΑΙ.
1196 4146 1533 4219 truncabunt)
1584 4158 1631 4200 te
1669 4146 1861 4217 gladiis

250 4248 380 4301 suis.
419 4244 488 4298 Et
528 4244 830 4298 comburent
864 4242 1045 4296 domos
1086 4251 1205 4296 tuas
1242 4242 1375 4311 igni,
1417 4251 1463 4295 et
1506 4240 1696 4311 facient
1732 4240 1786 4292 in
1813 4246 1860 4291 te

246 4340 457 4410 judicia
479 4339 536 4392 in
558 4338 723 4391 oculis
745 4336 1019 4389 mulierum
1050 4333 1418 4405 plurimarum,
1447 4342 1497 4385 et
1526 4332 1729 4386 desines
1759 4332 1861 4399 for-

256 4435 425 4487 nicari
453 4441 501 4487 et
536 4434 795 4486 mercedes
821 4430 961 4485 ultra
990 4444 1092 4482 non
1125 4427 1291 4482 dabis.
1320 4426 1387 4480 Et
1416 4426 1691 4496 requiescet
1723 4423 1861 4477 indi-

256 4527 433 4597 gnatio
456 4542 570 4579 mea
600 4528 654 4578 in
683 4533 750 4584 te,
775 4533 822 4578 et
844 4525 1111 4593 auferetur
1140 4520 1284 4575 zelus
1317 4536 1459 4575 meus
1484 4536 1517 4574 a
1542 4528 1609 4583 te,
1643 4528 1688 4573 et
1719 4519 1862 4588 quie-

259 4637 424 4685 scam,
455 4636 551 4673 nec
589 4620 791 4671 irascar
822 4617 1047 4688 amplius
1071 4632 1088 4668 :
1117 4632 1174 4669 eo
1200 4615 1337 4686 quod
1364 4630 1469 4668 non
1496 4614 1658 4683 fueris
1684 4629 1858 4667 recor-
1883 4587 1940 4649 Ῑ)

262 4713 385 4764 data
442 4712 649 4765 dierum
694 4709 1059 4765 adolescentia:
1098 4718 1221 4776 tua},
1262 4716 1313 4761 et
1344 4708 1636 4779 provocasti
1683 4722 1764 4759 me
1805 4707 1862 4761 in

267 4802 505 4856 omnibus
535 4801 639 4856 his.
675 4800 1001 4872 QuaprOpter
1033 4810 1078 4854 et
1110 4816 1201 4871 ego
1224 4800 1331 4854 tias
1364 4808 1479 4854 tuas
1499 4800 1551 4851 in
1582 4799 1750 4867 capite
1771 4806 1861 4851 tuo

266 4898 406 4962 dedi,
436 4899 514 4950 ait
544 4895 802 4950 Dominus
832 4895 996 4962 Deus,
1024 4904 1069 4951 et
1108 4913 1209 4951 non
1244 4897 1343 4967 feci
1361 4899 1517 4967 juxta
1551 4894 1747 4949 scelera
1775 4906 1863 4949 tua

264 4992 315 5044 in
355 4990 597 5044 omnibus
645 4989 1114 5044 abominationibus
1156 4992 1280 5047 tuis.
1311 4988 1455 5045 LXX
1496 5008 1508 5043 :
1550 4988 1859 5061 Propterea,

269 5088 535 5153 meretrix,
567 5084 694 5138 audi
720 5084 925 5138 verbum
957 5085 1196 5138 Domini:
1223 5083 1349 5139 Htec
1375 5085 1498 5138 dicit
1525 5082 1733 5138 Adonai
1754 5082 1866 5137 Do-

270 5180 440 5232 minus
468 5196 486 5232 :
523 5178 662 5246 Quia
689 5175 924 5244 effudisti
967 5192 1036 5231 tes
1077 5188 1246 5241 tuum,
1277 5186 1324 5231 et
1358 5177 1669 5231 revelabitur
1717 5178 1865 5247 igno-

275 5274 434 5326 minia
464 5283 555 5326 tua
578 5274 633 5325 in
666 5273 1023 5342 fornicatione
1054 5282 1141 5325 tua
1169 5273 1237 5325 ad
1265 5281 1520 5327 amatores
1553 5283 1690 5338 tuos,
1728 5281 1775 5324 et
1817 5272 1869 5323 in

276 5382 445 5420 omnes
466 5365 809 5437 cogitationes
835 5364 1171 5432 iniquitatum
1205 5373 1432 5427 tuarum,
1465 5374 1512 5419 et
1539 5368 1592 5419 in
1610 5364 1866 5435 sanguine

276 5458 504 5527 ﬁliorum
527 5465 758 5520 tuorum,
783 5473 910 5527 quos
938 5456 1128 5510 dedisti
1151 5456 1243 5511 eis.
1285 5455 1416 5511 Ideo
1439 5473 1553 5513 ecce
1579 5473 1674 5529 ego
1703 5473 1859 5526 super

276 5559 321 5602 te
338 5548 661 5622 congregabo
694 5565 868 5602 omnes
905 5557 1164 5602 amatores
1200 5557 1337 5617 tuos,
1372 5550 1554 5616 quibus
1590 5549 1867 5601 commixta

277 5657 349 5709 es,
380 5652 428 5695 et
456 5656 636 5695 omnes
664 5657 792 5709 quos
819 5640 1047 5694 dilexisti
1071 5656 1187 5694 cum
1212 5641 1463 5695 unirersis
1485 5658 1614 5711 quos
1638 5643 1828 5694 oderas
1852 5682 1868 5709 ,

279 5744 327 5787 et
347 5733 671 5805 congregabo
701 5748 786 5786 eos
816 5749 973 5804 super
1003 5743 1048 5786 te
1083 5750 1173 5805 per
1193 5733 1466 5787 circuitum
1495 5775 1510 5800 ,
1558 5741 1604 5786 et
1632 5733 1869 5787 revelabo

282 5826 508 5880 malitias
537 5835 653 5879 tuas
679 5825 747 5878 ad
776 5842 880 5893 eos,
927 5836 973 5880 et
999 5825 1237 5879 videbunt
1266 5835 1500 5880 cunctam
1532 5826 1870 5898 ignominiam

1958 3311 2218 3373 rusalem,
2252 3319 2303 3364 et
2335 3309 2477 3379 quod
2506 3310 2902 3380 congreganda:
2933 3310 3042 3365 sint
3073 3309 3342 3365 universae
3369 3318 3560 3380 gentes

1958 3403 2248 3459 adversum
2274 3418 2416 3471 eam,
2452 3419 2683 3474 quarum
2725 3404 3034 3459 adoraverit
3067 3404 3245 3471 idola,
3277 3412 3332 3458 et
3378 3403 3562 3458 omnia

1962 3495 2059 3550 Dei
2114 3510 2339 3550 munera
2384 3497 2438 3550 in
2470 3496 2673 3550 cultum
2716 3511 2906 3551 eorum
2949 3496 3316 3563 converterit,
3364 3502 3420 3550 et
3467 3495 3564 3551 de-

1961 3599 2203 3645 struatur
2234 3588 2493 3658 templum
2521 3589 2667 3656 Baal,
2698 3602 2754 3643 et
2784 3605 2893 3644 arte
2909 3590 3086 3643 omnis
3112 3587 3351 3644 civitatis
3374 3588 3562 3645 incen-

1962 3681 2052 3736 dio
2084 3682 2489 3748 subvertantur,
2525 3681 2773 3751 nihilque
2806 3682 2859 3736 in
2901 3697 2962 3737 ea
2992 3690 3292 3736 remaneat.
3326 3679 3396 3735 Et
3423 3680 3565 3736 sicut

1964 3777 2143 3832 solent
2197 3786 2385 3831 contra
2418 3776 2721 3832 adulteram
2772 3790 2963 3831 omnes
3003 3776 3212 3846 lapides
3259 3776 3473 3845 jacere,
3506 3784 3567 3830 et

1965 3870 2239 3924 trucidare
2266 3870 2629 3935 meretricem,
2664 3880 2722 3925 ut
2750 3870 3088 3940 Singulorum
3115 3869 3434 3925 vulneribus
3462 3884 3558 3924 oc-

1964 3962 2182 4016 cidatur
2212 3979 2224 4015 :
2258 3963 2331 4015 ita
2364 3970 2422 4016 ut
2447 3977 2639 4018 omnes
2670 3964 2929 4018 mulieres
2959 3977 3171 4031 ptenam
3195 3961 3420 4017 videant
3449 3962 3560 4017 for-

1966 4055 2185 4109 nicariaa
2216 4072 2230 4109 :
2265 4054 2343 4108 sic
2385 4055 2439 4109 in
2482 4065 2778 4124 conspectu
2808 4056 3039 4110 aliarum
3074 4056 3126 4109 in
3168 4054 3399 4110 circuitu
3428 4052 3566 4110 civi-

1967 4157 2163 4213 tatum,
2186 4159 2240 4203 et
2263 4148 2505 4203 omnium
2536 4147 2813 4202 nationum
2837 4147 3196 4203 deserendum
3228 4146 3561 4203 Jerusalem.

1968 4242 2037 4296 Et
2077 4243 2181 4296 hoc
2208 4241 2344 4305 ﬁeri,
2381 4252 2433 4295 ut
2487 4241 2700 4296 desinat
2731 4240 3009 4306 fornicari,
3041 4250 3095 4295 et
3127 4255 3236 4295 non
3281 4240 3374 4295 det
3419 4239 3565 4293 ultra

1967 4338 2250 4393 mercedes
2296 4338 2629 4392 amatoribus
2660 4337 2795 4399 suis,
2827 4345 2880 4390 et
2918 4334 3226 4405 requiescat
3254 4333 3562 4404 indignatio

1973 4430 2087 4493 Dei,
2121 4445 2221 4485 nec
2254 4430 2519 4484 irascatur
2549 4432 2600 4484 ei
2629 4445 2791 4499 quam
2834 4443 3020 4483 amare
3061 4427 3305 4483 desierit.
3350 4427 3429 4482 Ex
3458 4442 3567 4497 quo

1968 4523 2329 4591 perspicimus
2355 4522 2614 4592 grandem
2639 4522 2897 4576 offensam
2926 4537 3071 4586 esse,
3102 4535 3444 4591 nequaquam
3466 4535 3565 4574 cu-

1966 4630 2041 4669 ra:
2074 4614 2260 4669 haberi
2290 4631 2319 4669 a
2360 4616 2467 4669 Deo
2488 4655 2502 4680 ,
2537 4615 2631 4669 sed
2667 4614 2904 4684 permitti
2938 4613 3219 4668 hominem
3253 4612 3560 4669 sceleribus

1966 4708 2081 4762 suis
2109 4715 2270 4774 atque
2301 4708 2561 4776 peccatis.
2608 4707 2911 4776 Auferetur,
2945 4706 3160 4775 inquit,
3193 4706 3333 4760 zelus
3360 4722 3502 4760 meus
3528 4722 3562 4760 a

1967 4810 2035 4867 te,
2060 4809 2107 4853 et
2131 4801 2480 4869 requiescam,
2506 4814 2599 4853 nec
2630 4801 2831 4853 irascar
2852 4800 3076 4872 amplius
3095 4839 3109 4865 ,
3138 4800 3291 4871 quasi
3322 4800 3520 4855 alieme
3548 4842 3563 4866 ,

1969 4901 2024 4947 et
2050 4907 2170 4962 qua:
2195 4906 2226 4945 a
2256 4907 2343 4946 me
2370 4893 2689 4955 recesserit,
2723 4901 2778 4945 et
2806 4907 2964 4960 quam
2997 4901 3216 4946 aeterna:
3240 4890 3563 4947 tradiderim

1969 4983 2220 5040 nuditati.
2267 4983 2327 5039 Si
2371 4994 2551 5038 autem
2586 4984 2689 5039 huc
2733 4999 2894 5054 passa
2938 4994 3021 5039 est
3066 4984 3397 5051 Jerusalem,
3434 4983 3563 5063 quia

1972 5094 2094 5133 cum
2138 5076 2296 5133 idolis
2339 5077 2608 5132 fornicata
2640 5085 2746 5143 cst,
2780 5078 2911 5147 quid
2943 5093 3059 5132 eam
3094 5092 3380 5148 passuram
3408 5083 3565 5146 puta-

1972 5180 2114 5232 mus,
2168 5164 2386 5235 quando
2440 5164 2531 5219 Dei
2573 5164 2769 5219 Filium
2814 5165 3133 5220 trucidarit?
3178 5166 3245 5220 Et
3275 5165 3412 5229 haec,
3453 5163 3553 5230 ait,

1972 5259 2228 5312 universa
2272 5256 2470 5323 fecisti,
2526 5256 2691 5312 oblita
2743 5256 3132 5312 beneficiorum
3181 5255 3566 5327 pristinorum,

1978 5358 2033 5405 et
2073 5366 2160 5406 me
2200 5349 2267 5404 ad
2308 5349 2640 5405 iracundiam
2685 5351 3021 5420 provocasti,
3067 5350 3182 5405 sive
3219 5346 3563 5404 contristasti

1976 5461 2083 5513 me,
2111 5460 2272 5515 quem
2310 5445 2467 5500 bonis
2498 5445 2755 5515 operibus
2788 5445 3053 5500 debueras
3088 5442 3153 5497 ad
3193 5441 3385 5512 gaudia
3431 5455 3559 5511 pro-

1974 5554 2190 5594 vocare.
2220 5539 2539 5609 Propterea,
2591 5549 2645 5594 et
2692 5555 2793 5610 ego
2839 5537 3046 5592 reddidi
3104 5535 3196 5591 tibi
3251 5549 3418 5605 opera
3478 5542 3572 5589 tua

1975 5637 2028 5691 in
2065 5642 2224 5702 caput
2273 5641 2447 5689 tuum.
2495 5633 2559 5686 Et
2608 5648 2728 5685 cum
2790 5639 2841 5685 te
2886 5629 3228 5695 subvertere,
3284 5644 3317 5685 0
3359 5627 3573 5684 adulte-

1976 5746 2057 5795 ra,
2108 5739 2290 5783 tamen
2344 5726 2521 5780 minus
2560 5725 2613 5778 in
2652 5734 2707 5779 te
2748 5724 2841 5777 irae
2882 5737 3017 5777 mea:
3060 5722 3377 5789 exercebo,
3405 5733 3570 5793 quam

1979 5822 2224 5877 meruisti
2257 5838 2269 5873 :
2302 5833 2408 5890 quo
2447 5828 2502 5871 et
2544 5817 2598 5871 in
2637 5816 2738 5871 hoc
2775 5815 2955 5869 divina
2985 5816 3270 5871 clementia
3312 5815 3573 5869 demons-
