4018 6322
454 298 554 356 151
1416 354 1423 360 ,
1714 294 1773 354 8.
1818 288 2061 355 πωπω

2169 290 2528 365 βιΕΗοΝΥΜΕ
3657 304 3767 359 £59..

456 414 655 483 iretur,
673 420 732 472 at
750 415 959 485 majora
980 412 1330 483 sintpeecata
1360 416 1521 483 quam
1547 420 1745 483 mae.
1776 410 1940 469 Juxta
1961 420 2068 470 troi-
2092 418 2147 478 Α
2172 416 2300 486 quid
2331 417 2479 471 enim
2506 412 2749 471 dixerint
2778 417 2831 471 in
2860 417 3235 473 defensionem
3265 418 3411 473 illius
3443 420 3766 489 testimonii,

460 511 768 581 pokrgiain,
821 508 978 580 177
1011 507 1195 563 omnis
1226 508 1408 562 anima
1444 506 1643 574 accipit
1681 522 1711 560 α
1745 508 1863 563 Deo
1895 522 2063 578 pecu-
2168 508 2272 563 hoc
2301 518 2401 564 nos
2436 509 2487 563 in
2520 511 2952 565 satisfactionem
2985 512 3276 582 prmaentis
3309 513 3579 568 sermonis
3611 520 3767 584 apta-

458 604 610 658 niam
663 600 1039 671 spiritualetn,
1074 600 1379 656 secundum
1408 600 1541 655 illud
1578 601 1869 672 Evangelii
1898 601 2059 673 (Mat.

455 706 581 759 ην,
616 692 743 747 ινδ.
772 692 888 765 xta)
920 692 1069 761 quod
1103 692 1305 749 dicitur
1336 692 1395 747 in
1426 693 1709 762 parabolis
1739 694 1980 763 quinque
2007 701 2064 749 et

449 790 635 853 deum
661 796 717 843 et
730 788 891 843 unius
913 786 1262 853 talentorum,
1294 795 1351 843 et
1377 794 1663 843 servorum
1690 788 1883 843 decem
1909 802 2061 844 muas

462 883 705 954 singulas
735 882 1155 952 accipientium,
1185 881 1277 953 qui
1304 895 1433 936 eum
1454 882 1667 952 egerint
1697 882 2058 952 negligenter,

456 978 735 1032 debitores
760 980 894 1031 riunt
915 975 1313 1048 quinquaginta
1370 974 1497 1047 [AL
1533 976 1771 1049 decem}
1810 976 2060 1032 denario-

458 1078 576 1124 rum
609 1078 665 1125 et
702 1068 1131 1141 quingentorum
1154 1109 1169 1135 ,
1205 1076 1261 1123 et
1291 1079 1522 1139 propter
1553 1068 1658 1124 hoc
1698 1070 2063 1139 praesentibus

454 1165 794 1219 amatoribus
815 1205 830 1229 ,
861 1174 997 1233 quos
1024 1162 1335 1227 dammas,
1372 1164 1793 1233 conti-ariasque
1822 1164 2060 1222 virtutes

457 1260 838 1331 intelligimus,
865 1260 1152 1316 reveletur
1182 1260 1476 1330 ignominia
1506 1260 1808 1315 Jerusalem
1835 1304 1849 1329 ,
1884 1262 1975 1318 vel
2006 1264 2057 1320 in

457 1356 551 1411 die
573 1354 802 1424 iudicii,
847 1354 935 1410 vel
964 1354 1017 1408 in
1046 1362 1293 1423 tempore
1323 1352 1664 1421 poenitentiae
1688 1355 1908 1425 quando
1937 1369 2062 1411 cor-

461 1450 758 1520 ripiuntur.
793 1448 859 1502 Et
891 1449 1044 1519 prius
1074 1448 1303 1519 quidem
1334 1448 1483 1503 solus
1517 1450 1871 1519 omnipotens
1915 1450 2062 1506 Deus

461 1543 637 1597 cernit
659 1540 899 1607 occulta,
930 1536 1153 1596 dicente
1176 1553 1435 1595 sermone
1451 1538 1783 1611 Evangelieo
1812 1558 1825 1594 :
1862 1540 1931 1595 Et
1956 1541 2061 1595 Pa-

462 1642 540 1686 ter
585 1634 677 1703 qui
712 1632 853 1687 uidet
894 1633 948 1687 in
990 1632 1299 1687 abscondito
1340 1631 1500 1704 (Mat.
1534 1647 1609 1695 vr,
1647 1631 1742 1705 ϐ).
1774 1634 1841 1689 Et
1871 1635 1925 1689 in
1955 1633 2062 1689 alio

461 1728 625 1781 loco:
662 1722 922 1782 Srrutans
952 1727 1113 1780 corda
1138 1734 1186 1780 et
1214 1742 1362 1779 renes
1391 1724 1535 1780 Deus
1566 1724 1687 1797 (Ps.
1721 1740 1814 1792 vn,
1852 1724 1965 1797 10).
1998 1727 2065 1782 Et

2167 602 2366 658 bimas.

2237 692 2421 766 (Vers.
2451 695 2585 769 M.)
2616 697 2747 752 Ecce
2768 698 2941 753 omnis
2959 699 3046 768 qui
3073 699 3202 752 dicit
3229 699 3389 770 vulgo
3408 700 3768 772 proverbium,

2165 791 2219 844 in
2256 800 2304 844 te
2340 800 2565 845 aestimet
2604 792 2766 855 illud,
2810 791 3024 845 dicens:
3063 790 3213 847 Sicut
3243 800 3427 858 mater,
3462 793 3535 846 ita
3570 800 3619 845 et
3651 793 3771 862 ﬁlia

2164 886 2296 956 ejus.
2327 881 2469 937 Filia
2492 885 2677 938 matris
2696 894 2796 938 tute
2823 901 2893 953 es,
2921 899 3041 955 q'tte
3070 886 3289 957 profecit
3312 886 3477 939 virum
3508 899 3681 950 suum,
3714 893 3768 940 et

2164 975 2302 1046 ﬁlios
2331 990 2453 1029 suos
2476 1021 2489 1043 ,
2517 984 2566 1029 et
2588 991 2733 1029 soror
2759 990 2997 1030 sororum
3021 984 3231 1030 timum
3270 984 3354 1041 tu,
3391 988 3506 1048 quae
3529 979 3770 1049 projeee—

2164 1078 2287 1124 runt
2317 1070 2456 1123 viros
2482 1078 2627 1135 sues,-
2649 1080 2699 1123 et
2728 1069 2867 1139 ﬁlios
2890 1086 3029 1126 suos.
3062 1070 3206 1125 LXX
3234 1088 3245 1125 τ
3282 1070 3417 1125 Ha'e
3438 1079 3561 1126 sant
3591 1073 3771 1127 omnia

2164 1174 2281 1233 qua:
2307 1165 2555 1218 dixerunt
2595 1173 2773 1218 eontra
2803 1174 2850 1219 te
2878 1166 2933 1219 in
2980 1165 3261 1236 parabola,
3314 1166 3544 1221 (licentes
3568 1183 3587 1221 :
3619 1164 3771 1221 Sient

2166 1266 2354 1322 niater,
2383 1266 2432 1311 et
2456 1257 2588 1327 ﬁlia.
2617 1255 2767 1312 Filia
2797 1260 2983 1313 matris
3008 1267 3111 1313 ειηῑι
3126 1268 3183 1313 tn
3208 1274 3287 1326 es,
3328 1270 3445 1330 quia
3476 1259 3671 1330 repulit
3694 1256 3774 1315 vi-

2164 1365 2282 1404 rnm
2312 1364 2461 1405 suam
2484 1386 2500 1417 ,
2531 1359 2578 1405 et
2599 1351 2738 1420 ﬁlios
2770 1366 2894 1405 suos
2918 1367 2936 1405 :
2962 1361 3010 1405 et
3038 1364 3249 1406 sorores
3279 1362 3519 1406 sororum
3562 1361 3772 1408 tuarum

2164 1456 2281 1513 qua:
2305 1443 2605 1515 repulerunt
2630 1443 2765 1496 viros
2796 1454 2941 1512 suos,
2974 1452 3023 1497 et
3046 1446 3181 1513 [illos
3213 1452 3356 1498 suos.
3394 1445 3526 1500 Post
3554 1447 3775 1502 κατάλο-

2166 1552 2256 1610 γον
2278 1535 2537 1589 vitiorum
2566 1542 2622 1589 et
2649 1537 3008 1605 correptionis
3033 1535 3147 1608 [Δις
3174 1536 3577 1608 correptiones]
3608 1536 3771 1593 leru-

2166 1627 2334 1681 salom
2356 1666 2372 1695 ,
2406 1640 2502 1696 per
2531 1642 2696 1698 quam
2741 1628 3042 1682 retrahitur
3068 1629 3133 1683 ad
3165 1629 3397 1683 salutem
3418 1669 3431 1693 ,
3463 1637 3681 1700 aptatur
3718 1630 3773 1685 ei

2168 1722 2355 1775 tritum
2386 1722 2533 1792 vulgi
2574 1734 2830 1777 sermone
2870 1722 3240 1792 proverbium,
3287 1725 3403 1779 sive
3434 1733 3493 1778 ut
3532 1723 3771 1793 Septua-

466 1821 521 1873 in
550 1818 758 1889 Regum
789 1819 1103 1874 uolumine:
1136 1818 1214 1871 Tu
1240 1818 1383 1873 solus
1414 1818 1551 1872 nosti
1577 1819 1735 1873 corda
1754 1827 2061 1873 cunctorum
2097 1810 2142 1877 Β
2167 1814 2315 1885 ginta
2342 1814 2670 1869 transtulere
2691 1855 2705 1881 ,
2745 1814 2998 1885 parabole
3026 1832 3043 1867 :
3073 1815 3267 1883 Qualis
3308 1826 3503 1883 muter,
3549 1817 3669 1872 talis
3716 1827 3777 1874 et

462 1913 697 1981 ﬁlim-inn
725 1911 991 1979 hominist
1027 1909 1095 1966 Π
1130 1908 1261 1983 lle-9.
1298 1909 1449 1980 vni).
1480 1909 1711 1976 Quando
1737 1918 1868 1966 tero
1895 1910 2061 1966 luerit

462 2005 737 2074 expletum
769 2021 782 2055 :
814 2002 935 2057 Non
976 2012 1052 2057 est
1074 2002 1435 2057 absconditum
1460 2003 1601 2074 quod
1633 2019 1739 2057 non
1764 2003 2063 2073 manifeste-

463 2107 569 2166 tur,
613 2105 660 2151 et
691 2104 928 2169 opertum
957 2098 1097 2166 quod
1126 2112 1229 2152 non
1270 2098 1520 2151 reveletur
1554 2096 1709 2168 (Luc.
1739 2112 1849 2163 tm,
1882 2097 1963 2167 2).
1996 2098 2062 2153 Et

461 2192 517 2245 in
549 2192 659 2246 n‘lio‘
686 2192 811 2247 loco
842 2208 856 2240 :
895 2190 1076 2245 Nolite
1100 2199 1221 2244 ante
1249 2199 1455 2259 tempus
1473 2190 1720 2260 judicare
1739 2232 1753 2256 ,
1788 2189 1951 2243 donec
1983 2203 2062 2245 u-

458 2284 569 2336 niat
600 2281 881 2348 Dominus,
907 2285 998 2352 qui
1018 2282 1342 2337 illuminabit
1368 2282 1672 2336 abscondita
1699 2282 2057 2349 tenebrarum,

463 2386 515 2431 et
534 2377 889 2447 manifestabil
918 2378 1142 2431 consilia
1169 2376 1404 2431 co‘rdinm
1428 2418 1443 2444 ,
1473 2384 1520 2429 et
1552 2385 1671 2428 tunc
1708 2376 1823 2429 lana
1853 2376 2059 2429 unicui-

462 2485 559 2539 que
591 2470 685 2523 erit
733 2484 765 2521 a
807 2468 918 2522 Deo
948 2469 1005 2539 (ι
1035 2468 1154 2523 Cor.
1189 2484 1241 2523 tv
1262 2506 1276 2535 ,
1302 2468 1407 2538 5);
1451 2468 1507 2523 et
1543 2482 1668 2522 eum
1699 2463 2062 2537 correptionis

462 2570 676 2630 tempus
699 2561 1009 2627 advenerit,
1041 2569 1169 2617 tunc
1190 2559 1514 2631 implebltur
1544 2560 1679 2615 illud
1702 2560 1876 2616 Osee:
1905 2559 2063 2615 Nunc

464 2653 924 2708 circumdederunt
965 2669 1049 2709 eos
1094 2655 1432 2725 cogitationes
1473 2670 1583 2709 suae
1614 2653 1787 2724 (Osee
1819 2670 1895 2709 vu
1920 2695 1933 2719 ,
1961 2654 2055 2725 9).

464 2748 531 2802 Et
554 2748 609 2801 in
639 2748 747 2802 alio
775 2749 894 2804 loco
920 2766 933 2801 :
978 2746 1126 2802 Inter
1146 2764 1202 2803 se
1222 2749 1632 2820 cogitationibus
1661 2749 2058 2816 accusantibus,

463 2842 579 2895 sive
608 2840 1024 2908 defendentibus,
1054 2843 1105 2894 in
1133 2842 1216 2894 die
1243 2843 1460 2912 quando
1478 2841 1741 2914 judicabit
1775 2840 1915 2895 Dens
1940 2842 2057 2896 abs-

463 2932 673 2985 condita
715 2933 984 2986 hominum
1013 2932 1194 3001 (Rom.
1238 2947 1306 2999 ll,
1354 2933 1467 3004 ill).
1517 2934 1579 2988 Et
1625 2948 1887 2989 rursum:
1934 2934 2062 2989 Ecce

466 3025 639 3092 homo,
685 3036 733 3081 et
775 3042 937 3095 opera
965 3030 1078 3096 ejus
1113 3036 1233 3081 ante
1268 3028 1459 3099 facient
1502 3027 1669 3082 illius.
1705 3029 1773 3083 Et
1799 3028 2062 3084 videbunt

467 3132 658 3173 omnes
690 3122 1083 3189 turpitudinem
1124 3121 1241 3192 ejus
1270 3121 1361 3192 qui
1398 3122 1548 3191 prius
1584 3137 1707 3177 cum
1748 3138 1811 3179 ea
1846 3121 2063 3179 fuerant
2094 3146 2115 3159 ο

2167 1904 2299 1959 tilia.
2342 1906 2513 1960 Mater
2554 1914 2737 1961 autem
2765 1907 3106 1974 Jerusalem,
3149 1908 3293 1961 sicut
3339 1916 3394 1963 et
3433 1918 3599 1977 supra
3631 1914 3683 1964 et
3715 1909 3773 1966 in

2163 1999 2628 2069 consequentibus
2669 2000 2937 2070 scriptum
2966 2010 3072 2067 est,
3127 1992 3389 2056 Chetbtea
3440 2002 3767 2072 appellatur,

2165 2091 2667 2161 interpretaturque
2693 2092 2983 2160 insaniens,
3015 2092 3130 2149 site
3158 2094 3207 2147 in
3237 2096 3520 2148 amentiam
3543 2103 3770 2149 vertens:

2168 2201 2264 2256 per
2294 2200 2415 2257 quae
2446 2187 2631 2242 szeculi
2680 2186 2843 2257 hujus
2887 2187 3159 2243 incentiva
3201 2198 3594 2255 monstrantur,
3648 2198 3772 2261 quae

2166 2281 2435 2349 captivam
2462 2280 2698 2335 animum
2724 2281 2931 2336 ducunt
2960 2280 3027 2335 ad
3061 2283 3362 2349 interitum,
3389 2292 3443 2338 et
3469 2296 3499 2335 tt
3522 2283 3639 2337 viro
3668 2296 3772 2339 suo

2169 2380 2426 2445 separant
2468 2373 2649 2445 (haud
2687 2375 2912 2429 dubium
2956 2375 3087 2445 quin
3107 2375 3334 2430 verbum
3365 2375 3462 2430 Dei
3490 2374 3772 2432 doctrina-

2166 2482 2272 2537 que
2300 2467 2575 2538 dicatur).
2609 2467 2679 2522 Et
2725 2482 2883 2522 soror
2938 2482 3189 2523 sororum
3244 2480 3488 2533 sitarum,
3541 2476 3599 2522 ut
3646 2477 3773 2538 post

2168 2562 2447 2631 paululum
2476 2563 2669 2617 lecturi
2695 2575 2905 2627 sumus,
2937 2560 3173 2617 Sodoma
3207 2570 3452 2627 vocatur,
3487 2570 3541 2616 et
3573 2560 3773 2617 Sama-

2167 2655 2244 2708 ria
2277 2673 2288 2707 :
2323 2664 2550 2724 quarum
2584 2654 2753 2710 altera
2785 2655 3043 2725 gentilem
3079 2654 3244 2707 vitam
3275 2652 3663 2723 luxuriamque
3689 2652 3767 2707 si-

2165 2745 2392 2817 gniﬁcat
2417 2788 2431 2812 ,
2463 2747 2633 2802 altera
2673 2746 3054 2802 htrrctieorum
3085 2747 3387 2815 declptt’as.
3420 2746 3593 2799 Porro
3622 2744 3773 2815 quod

2166 2841 2219 2895 in
2262 2840 2616 2909 Septuaginta
2670 2840 2903 2909 legitur:
2958 2848 2982 2874 η
3028 2852 3227 2893 sorores
3261 2852 3499 2893 sororum
3538 2848 3769 2906 tuarum,

2165 2946 2281 3005 qua!
2312 2933 2614 3005 repulerunt
2657 2935 2789 2987 riros
2813 2948 2962 2997 suos,
2991 2942 3039 2990 et
3078 2932 3221 3003 filios
3254 2947 3379 2985 suos
3402 2972 3416 2997 ,
3461 2944 3567 2985 non
3607 2930 3774 2986 habet

2167 3042 2411 3087 sensum.
2436 3029 2583 3097 Quas
2614 3032 2759 3085 enim
2803 3029 2940 3082 alias
2977 3042 3195 3083 sorores
3230 3027 3502 3083 habebant
3532 3026 3770 3083 Sodoma

2167 3132 2219 3179 et
2265 3123 2548 3189 Samaria,
2596 3136 2717 3192 qua!
2760 3134 2981 3176 sorores
3021 3129 3149 3176 sunt
3187 3119 3529 3175 Jerusalem?
3565 3120 3629 3173 Et
3667 3120 3773 3175 hoc

469 3211 750 3279 fornicati,
777 3222 827 3267 et
862 3212 1012 3281 dabit
1048 3226 1168 3267 eam
1203 3214 1343 3269 Deus
1374 3214 1429 3269 in
1468 3216 1731 3284 sanguine
1773 3216 1977 3271 furoris
2004 3226 2062 3272 et
2086 3205 2133 3277 Ο
2166 3212 2542 3287 querendum,
2594 3212 2754 3286 179
2775 3228 2913 3285 quos
2953 3212 3101 3268 viros
3147 3212 3387 3269 Sodoma
3414 3213 3775 3283 Samariaqne

469 3304 592 3360 zeli.
627 3304 831 3360 Plenus
852 3314 931 3359 est
954 3305 1099 3359 enim
1130 3304 1285 3359 furor
1312 3307 1411 3360 viri
1442 3316 1636 3362 contra
1662 3320 1887 3362 uxorem
1910 3308 2063 3364 adul-

468 3408 664 3461 teram.
698 3408 755 3453 et
777 3398 929 3452 nullo
952 3398 1127 3467 pretio
1151 3407 1335 3468 potest
1360 3399 1578 3454 redimi.
1614 3402 1846 3470 Sanguis
1877 3410 2061 3456 autem

467 3490 705 3545 filiorum
730 3491 809 3544 sic
835 3489 1064 3561 lntelligi
1098 3499 1315 3560 potest,
1349 3501 1404 3545 ut
1438 3491 1579 3545 filios
1601 3493 1940 3561 appellemus
1970 3491 2062 3547 Je-

468 3586 704 3640 rusalem
737 3585 1017 3659 λυγισμοὺς
1046 3586 1255 3650 καλοὺς,
1292 3584 1347 3639 id
1375 3592 1479 3649 est,
1510 3587 1846 3657 cogitationes
1876 3586 2061 3653 bonas,

467 3693 586 3749 quas
628 3692 659 3733 tt
692 3679 802 3734 Deo
844 3679 1158 3734 hominibus
1201 3680 1381 3735 insitte
1414 3690 1586 3745 sunt;
1634 3696 1771 3751 quos
1810 3682 2066 3738 interﬁcit

463 3772 710 3827 adultera
732 3814 747 3838 ,
777 3772 997 3843 quando
1020 3773 1087 3827 ad
1115 3773 1252 3828 mala
1285 3788 1451 3843 opera
1478 3773 1858 3829 declinaverit.
1894 3774 2066 3831 Prod-

464 3876 548 3921 est
587 3880 803 3937 quoque
832 3865 1136 3922 Jerusalem
1160 3904 1177 3934 ,
1201 3876 1262 3922 ut
1305 3866 1634 3923 suﬂ‘odiatur
1661 3868 1892 3938 lupanar
1922 3869 2062 3938 ejus,

462 3967 518 4014 ct
549 3960 729 4015 omnis
758 3958 1135 4016 lornicatlonis
1174 3960 1295 4030 ejus
1332 3962 1687 4016 seminarium
1725 3963 2061 4018 destruatur.

461 4049 598 4108 Cum
632 4054 778 4108 enim
812 4053 917 4109 hoc
957 4053 1157 4109 factum
1198 4052 1401 4121 fuerit,
1436 4055 1727 4111 mercedes
1763 4056 1905 4110 ultra
1954 4071 2063 4112 non

462 4143 643 4212 dabit,
674 4154 729 4201 et
756 4145 1068 4216 requiescet
1098 4146 1193 4202 Dei
1245 4146 1586 4217 indignatio,
1628 4157 1681 4203 et
1725 4158 2062 4219 nequaquam

466 4250 589 4293 eam
621 4239 910 4307 zelabitur,
944 4238 1014 4294 de
1040 4239 1188 4295 illius
1220 4240 1474 4296 castitate
1503 4254 1729 4297 securus
1759 4260 1771 4295 :
1811 4243 2067 4300 videlicet

462 4332 621 4401 juxta
659 4344 754 4387 eos
796 4333 892 4404 qui
934 4332 988 4387 in
1021 4332 1219 4388 bonam
1267 4343 1477 4405 partem
1520 4336 1797 4406 accipiunt
1825 4348 1944 4406 qua:
1982 4337 2066 4392 dl-

467 4433 686 4477 euntur.
720 4424 824 4480 Alii
857 4438 1025 4490 vero,
1066 4427 1223 4498 178
1250 4434 1311 4481 ut
1343 4441 1508 4498 supra
1537 4428 1807 4495 diximus,
1839 4430 1906 4485 ad
1928 4442 2065 4486 con-

471 4517 695 4571 trariam
723 4526 937 4586 partem
969 4518 1247 4587 referunt,
1280 4528 1340 4576 ut
1361 4536 1571 4591 magna:
1600 4524 1693 4578 irae
1724 4523 1820 4579 Dei
1854 4524 1925 4579 sit
1957 4539 2063 4581 non
2102 4586 2107 4593 ,

2164 3308 2491 3376 dimiserint,
2539 3317 2594 3362 et
2652 3322 2787 3375 quos
2841 3306 3181 3377 projecerint
3231 3306 3417 3361 illius?
3459 3306 3573 3360 Nisi
3630 3304 3774 3362 forte

2168 3400 2445 3471 possimus
2470 3396 2573 3454 hoe
2595 3399 2811 3462 dicere,
2858 3398 3004 3468 quod
3047 3413 3269 3468 semper
3299 3399 3602 3453 errantium
3634 3397 3776 3453 ﬂuc-

2168 3503 2319 3549 tnent
2349 3492 2546 3564 pedes,
2586 3507 2685 3546 nec
2734 3493 2843 3547 sint
2883 3491 3052 3546 solida
3084 3492 3310 3560 vestigia
3352 3506 3475 3561 quas
3503 3489 3531 3529 ι’
3578 3500 3774 3547 contra

2165 3588 2449 3642 veritatem
2476 3592 2637 3649 sunt;
2673 3585 2768 3638 sed
2801 3582 2905 3641 huc
2928 3584 3164 3655 illucque
3194 3583 3507 3639 discurrant
3530 3624 3543 3649 ,
3573 3592 3629 3639 et
3657 3584 3773 3638 cir-

2165 3675 2539 3733 cumferuntur
2564 3676 2711 3732 omni
2745 3686 2906 3731 vento
2929 3676 3195 3731 doctrinm
3220 3720 3233 3743 ,
3265 3675 3391 3730 dum
3424 3675 3493 3731 de
3536 3674 3774 3755 falsitate

2169 3781 2451 3828 transeunt
2500 3770 2565 3827 ad
2614 3771 2776 3827 aliam
2810 3772 3105 3833 falsitatem
3137 3772 3372 3845 (Epltea.
3406 3772 3525 3842 tv).
3559 3772 3772 3827 Etcum

2168 3866 2221 3919 in
2254 3865 2445 3936 primis
2471 3864 2673 3920 frustra
2696 3880 2755 3921 se
2780 3866 3011 3920 sudasse
3032 3865 3411 3936 cognoverint,
3436 3864 3504 3919 ad
3529 3864 3774 3921 secunda

2171 3961 2436 4030 tertiaque
2470 3960 2880 4016 transcendant.

2241 4053 2417 4125 (Vers.
2456 4052 2528 4107 45
2566 4068 2717 4124 seqq.
2748 4053 2766 4125 )
2798 4052 2964 4108 Mater
3002 4063 3171 4109 vestra
3216 4050 3436 4107 liethtea
3479 4052 3610 4124 (Al.
3637 4050 3772 4107 Clio-

2171 4143 2353 4217 thtea),
2385 4160 2432 4200 et
2460 4154 2606 4218 pater
2634 4155 2796 4200 uester
2825 4145 3187 4215 Amorrlueus,
3222 4154 3269 4198 et
3295 4160 3443 4199 soror
3486 4155 3574 4198 tua
3603 4148 3773 4216 major

2170 4240 2413 4296 Samaria
2438 4256 2454 4293 :
2483 4242 2596 4311 ipsa
2617 4250 2665 4295 et
2684 4241 2816 4310 ﬁlia:
2844 4244 2959 4314 ejus
2989 4256 3105 4312 quat
3135 4240 3374 4294 habitant
3402 4240 3470 4293 ad
3500 4241 3773 4294 sinistram

2170 4343 2334 4388 tuam.
2367 4334 2531 4391 Soror
2556 4345 2727 4389 autem
2754 4344 2843 4390 tua
2871 4338 3041 4390 minor
3072 4345 3120 4391 te
3142 4376 3155 4401 ,
3203 4351 3319 4407 quae
3343 4334 3543 4389 habitat
3573 4353 3604 4389 a
3636 4335 3771 4388 dea:-

2171 4431 2261 4483 tris
2294 4431 2395 4483 tuis
2417 4471 2431 4496 ,
2467 4428 2697 4484 Sodoma
2723 4439 2770 4482 et
2791 4428 2919 4499 ﬁliae
2965 4432 3098 4501 ejus.
3134 4429 3241 4484 Sed
3271 4444 3362 4482 nee
3389 4429 3444 4481 in
3469 4429 3565 4482 viis
3589 4443 3773 4483 eorum

2170 4523 2449 4578 ambulasti
2477 4565 2490 4589 ,
2545 4538 2707 4594 neque
2768 4523 3055 4577 secundum
3112 4523 3309 4577 scelera
3365 4538 3543 4577 earnm
3599 4522 3772 4592 fecisti

471 4614 633 4667 irasci
663 4654 676 4677 ,
709 4624 831 4668 cum
866 4613 1039 4669 semel
1058 4600 1461 4687 contempserit
1491 4616 1871 4685 fornicantem,
1913 4630 1966 4675 et
1997 4620 2064 4676 de
2094 4598 2142 4665 Ῑ)
2170 4617 2326 4688 paulo
2356 4615 2537 4686 [Vulg.
2574 4614 2898 4687 pauwillum]
2930 4616 3100 4671 minus
3129 4630 3145 4668 .·
3174 4630 3301 4687 pene
3324 4615 3659 4670 sceleratiora
3689 4614 3769 4685 fe-

468 4704 643 4759 salute
671 4704 814 4760 illius
840 4706 1332 4776 desperaverit.Sin
1363 4719 1543 4765 autem
1578 4710 1820 4767 haeretici
1850 4713 1939 4783 qui
1968 4728 2062 4769 ve-

468 4810 553 4855 tus
582 4813 692 4855 non
724 4802 994 4872 recipiunt
1017 4801 1441 4859 lnstrumentum
1467 4849 1481 4874 ,
1512 4805 1665 4875 juxta
1703 4805 2061 4877 Septuaginta

473 4891 803 4961 editionem,
843 4895 897 4948 ln
945 4893 1047 4950 huc
1086 4896 1207 4951 loco
1249 4897 1703 4966 reprehenderint
1741 4899 1875 4954 illud
1915 4900 2060 4971 quod

468 4985 676 5043 dictum
701 4992 820 5041 est:
863 4984 934 5040 Et
961 4987 1304 5042 contristabat
1345 5006 1427 5044 me
1454 4990 1509 5043 in
1546 4990 1780 5045 erunibus
1807 4992 1962 5056 istis;
1993 5006 2059 5047 eo

471 5078 618 5149 quod
644 5078 787 5134 Dens
825 5088 933 5133 non
962 5080 1135 5135 solum
1165 5081 1299 5136 iram
1331 5082 1559 5153 recipiat
1581 5125 1595 5151 ,
1627 5084 1722 5140 sed
1749 5092 1803 5139 et
1834 5086 2057 5140 πλωτοτί

464 5172 745 5241 subjaceat
772 5179 933 5240 atque
958 5173 1212 5244 tristitiae,
1239 5174 1638 5249 interrogemus
1664 5188 1759 5233 eos
1783 5176 2059 5249 quomodo

462 5262 595 5319 illud
627 5264 947 5337 suscipiant,
972 5264 1117 5338 quod
1140 5276 1289 5324 certe
1310 5268 1439 5325 boni
1462 5269 1559 5325 Dei
1591 5270 1908 5327 mandatum
1934 5280 2017 5328 est
2042 5290 2056 5327 :

466 5356 650 5414 Nolite
681 5361 995 5416 contristare
1031 5359 1293 5431 Spiritum
1334 5373 1570 5418 sanctum
1601 5364 1728 5431 Dei,
1772 5365 1823 5418 in
1855 5382 1957 5436 quo
1984 5366 2059 5419 si-

462 5454 603 5521 gnati
622 5454 745 5509 estis
774 5454 829 5508 in
860 5453 944 5508 die
969 5453 1347 5527 redemptionis
1374 5455 1593 5529 (Ep/tes.
1628 5468 1700 5523 tv,
1734 5455 1846 5529 50).
1881 5457 2050 5525 Quid-

539 5623 566 5652 ι
596 5615 872 5688 Distinctis
898 5617 1078 5672 verbis
1106 5654 1119 5683 ,
1150 5616 1367 5688 alioque
1391 5616 1528 5688 adeo
1557 5632 1745 5685 sensu,
1776 5618 1864 5674 hic
1885 5626 1942 5674 et
1961 5632 2053 5674 su-

444 5685 950 5759 ,pramlllartiatttnus
992 5688 1145 5758 legit,
1181 5685 1425 5759 sorores.
1455 5687 1575 5759 Nec,
1608 5689 1866 5755 difﬁteor,
1902 5690 2047 5759 quod

465 5764 521 5811 et
548 5755 759 5831 Nobilio
788 5768 1032 5831 notatum
1050 5755 1188 5831 'est,
1221 5758 1275 5814 in
1307 5757 1513 5831 aliquot
1539 5758 1746 5831 Graecis
1768 5755 1947 5831 libris,
1993 5770 2048 5817 et

456 5841 624 5899 penes
650 5826 1039 5886 'l‘heodoritum
1079 5826 1269 5887 haberi
1304 5826 1507 5903 ἀδελφή.
1540 5829 1740 5889 Verum
1782 5841 1839 5890 et
1870 5826 2047 5891 tentus

2170 4708 2285 4763 οἰδα
2323 4708 2431 4762 illis
2474 4708 2528 4761 in
2586 4708 2822 4763 omnibus
2854 4709 2950 4762 uiis
2992 4709 3114 4762 tuis.
3163 4707 3342 4763 LXX:
3392 4708 3563 4763 Mater
3600 4716 3771 4763 vestra

2168 4801 2410 4857 Cltetha’a
2436 4847 2449 4871 ,
2498 4811 2545 4856 et
2568 4812 2714 4872 pater
2742 4810 2904 4856 vester
2933 4802 3288 4869 Amorrlurus,
3320 4818 3467 4858 soror
3496 4812 3662 4857 eestra
3687 4819 3773 4858 se-

2167 4896 2283 4949 nior
2313 4896 2561 4951 Samaria
2588 4909 2605 4947 :
2628 4895 2739 4949 [nec
2767 4903 2815 4949 et
2845 4895 2972 4964 ﬁliae
3000 4897 3111 4968 ejus
3140 4912 3257 4967 quat
3288 4894 3525 4949 habitant
3573 4913 3605 4948 a
3639 4896 3772 4951 sini—

2164 4990 2283 5043 stris
2312 4988 2409 5042 tuis
2436 4997 2479 5040 et
2511 4996 2655 5041 soror
2685 4996 2776 5041 tua
2805 4988 2989 5058 junior
3016 4996 3093 5057 te,
3121 5004 3237 5058 qua,
3266 4986 3467 5041 habitat
3505 5004 3536 5040 a
3570 4988 3771 5043 dextris

2171 5083 2302 5149 tuis,
2332 5082 2562 5138 Sodoma
2585 5091 2635 5136 et
2660 5082 2784 5151 ﬁlia:
2830 5086 2987 5155 ejus:
3016 5091 3063 5135 et
3101 5096 3197 5137 nec
3226 5085 3300 5135 sic
3336 5084 3540 5151 quidem
3578 5084 3633 5137 in
3672 5085 3773 5139 viis

2168 5180 2278 5250 ejus
2295 5176 2590 5243 ambulasti,
2616 5186 2779 5247 neque
2806 5176 3083 5230 secundum
3110 5176 3410 5246 iniquitates
3440 5175 3588 5248 illius
3616 5178 3770 5247 egisti

2168 5270 2326 5339 paulo
2346 5270 2539 5334 minus,
2571 5276 2619 5322 et
2645 5276 2961 5339 transgressa
2991 5284 3041 5322 es
3070 5284 3158 5321 eas
3181 5269 3235 5320 in
3262 5267 3498 5322 omnibus
3522 5268 3614 5321 viis
3642 5270 3765 5324 tuis.

2166 5362 2342 5432 Supra
2370 5362 2582 5418 dixerat
2613 5379 2625 5415 :
2652 5359 2812 5416 Pater
2843 5371 2961 5415 tuus
2991 5360 3359 5427 Amorrlurus,
3392 5371 3441 5414 et
3477 5371 3637 5416 mater
3675 5372 3768 5416 tua

2166 5452 2441 5521 Chethtea;
2472 5453 2560 5510 hic
2589 5451 2782 5509 ordine
2810 5463 2865 5508 et
2907 5467 3134 5508 numero
3162 5462 3503 5508 commutato
3536 5472 3551 5508 :
3594 5452 3768 5509 Mater

2160 5617 2305 5674 LXX
2337 5617 2575 5688 plurium
2618 5630 2847 5672 numero
2867 5657 2881 5682 ,
2909 5616 3232 5691 «aliastlcpai
3259 5625 3363 5674 τῶν
3394 5617 3617 5691 ἁδιλφῶν
3641 5640 3761 5691 qw,

2155 5701 2203 5747 et
2245 5706 2445 5745 sorores
2474 5705 2709 5743 sororum
2739 5700 2949 5744 tuarum
3001 5688 3185 5756 habet,
3233 5699 3288 5747 et
3332 5688 3592 5747 subiiciat
3629 5688 3765 5749 Hie-

2156 5760 2493 5834 ropyﬁmiana‘.
2518 5760 2873 5832 eapositionis
2897 5760 3071 5834 series
3097 5760 3179 5834 sic
3209 5761 3313 5832 legi
3350 5762 3609 5832 postulat.

2206 5832 2403 5891 'b'Dtto
2434 5846 2595 5901 mss.,
2623 5846 2739 5904 qua:
2766 5832 2977 5904 preprie
3000 5833 3228 5889 veritatis
3245 5842 3387 5889 sunt.
