4018 6322
242 304 336 361 ibi
925 288 1578 355 COMMENTARIORUM
1618 288 1687 354 ΙΝ
1730 288 2170 352 ΕΖΕΟΗΙΕΕΕΜ
2207 288 2338 352 LIB.
2382 292 2446 349 V.
2486 293 2641 352 CAP.
2684 292 2823 353 XVI.
3424 292 3524 355 154

232 432 384 476 mira
416 416 684 483 Chetluea,
712 416 937 489 et‘patcr
965 423 1128 469 uester
1144 410 1495 467 Amorrhteus.
1518 411 1656 466 Cum
1677 411 1822 467 enim
1854 419 1900 475 Α
1932 412 2041 483 peri
2100 422 2205 465 non
2256 410 2611 482 porrigebant.
2656 410 2725 466 Et
2762 419 2969 469 etcum
3008 418 3148 480 sunt,
3195 422 3243 468 et
3298 417 3528 487 fecerant

232 515 429 570 scelera
464 510 825 582 profecerim,
868 507 1187 564 scinduntur
1213 507 1268 561 in
1297 515 1499 575 mnes;
1530 514 1587 561 et
1610 506 1816 561 unione

228 610 458 674 deserta,
485 609 539 662 in
572 606 786 662 turbam
819 602 1109 675 proficiunt
1138 614 1202 655 ac
1232 598 1633 654 multitudinem
1653 639 1668 665 ,
1699 612 1819 668 quae

228 712 339 758 eum
368 698 502 756 Jesu
528 712 639 755 non
671 699 818 755 valet
845 696 911 751 ad
938 703 1193 748 montana
1227 691 1615 771 conscendere.
1648 690 1820 746 Suro-

223 803 508 849 resautem
548 790 859 848 Jerusalem
899 787 1235 852 Samariam,
1267 792 1322 839 et
1358 784 1650 840 Sodomam
1680 798 1817 854 quae

222 898 333 942 ram
361 887 542 942 altera
573 901 604 942 a
633 884 892 947 sinistris,
920 881 1140 935 alteras
1174 877 1380 934 destris
1404 888 1513 944 est,
1544 879 1707 932 etiam
1740 891 1818 931 se-

220 981 454 1038 cundum
489 979 906 1050 intelligentiam
935 974 1278 1045 corporalem
1313 974 1356 1028 si
1391 972 1459 1028 de
1489 970 1815 1040 templole-

220 1074 455 1129 malem
488 1072 771 1128 Orientem
800 1069 1062 1140 aspicias,
1098 1064 1421 1137 approbabis
1451 1070 1499 1119 α.
1541 1064 1819 1133 Majorque

220 1168 414 1224 dicitur
449 1166 732 1234 Samaria,
759 1164 882 1233 quia
910 1163 1057 1233 prior
1088 1163 1348 1232 peccavit,
1390 1170 1444 1221 ct
1471 1160 1538 1213 ab
1576 1158 1819 1230 Assyriis

218 1264 367 1319 ducta
420 1268 509 1317 est
547 1262 603 1315 in
644 1259 1047 1330 captivitatem:
1093 1266 1145 1310 et
1186 1257 1362 1309 minor
1402 1268 1464 1309 ac
1506 1253 1687 1323 jnnior
1719 1253 1818 1308 So-

220 1358 393 1423 doma,
425 1371 555 1427 quae
579 1354 815 1410 refertur
836 1353 900 1407 ad
923 1352 1163 1422 gentium
1196 1350 1430 1405 turbam.
1466 1349 1722 1418 Alioquin
1748 1362 1815 1403 eo

220 1460 465 1519 tempore
490 1449 732 1505 Sodoma
766 1458 873 1503 non
899 1452 1034 1514 erat,
1059 1459 1183 1515 qua:
1206 1445 1354 1513 prius
1382 1456 1543 1513 quam
1578 1442 1632 1495 in
1659 1441 1809 1496 Sari.

220 1546 383 1614 pluris
418 1545 670 1614 legamus
698 1542 1025 1606 Jerusalem,
1058 1554 1180 1595 cunt
1208 1538 1497 1604 Gomorra,
1528 1538 1733 1593 Adams
1763 1546 1818 1592 et

218 1639 462 1704 Selinim,
486 1638 678 1692 divino
715 1636 892 1692 fuerat
924 1636 1045 1706 igne
1066 1634 1243 1689 deleta
1278 1632 1486 1703 (Genes.
1523 1635 1672 1701 sis).
1708 1633 1816 1687 Me-

217 1731 295 1785 dia
321 1738 515 1785 antem
560 1731 702 1785 inter
732 1729 869 1784 duas
896 1741 1117 1783 sorores
1155 1726 1459 1782 Jerusalem
1482 1766 1497 1793 ,
1541 1740 1664 1796 qua:
1705 1724 1813 1780 alio

1922 504 2328 560 abominationes
2344 518 2518 559 coram
2541 518 2641 571 me,
2667 514 2715 558 et
2737 506 2929 562 abstuli
2950 522 3037 562 eas
3056 508 3193 563 sicut
3211 508 3521 583 oidisti‘[Ai.

1922 601 2025 654 uidi
2045 598 2088 673 ].
2134 598 2204 653 Et
2236 601 2480 656 Samaria
2513 600 2794 655 dimidium
2822 610 3150 674 peccatorum
3186 613 3395 659 tuorum
3418 618 3523 660 non

1928 695 2082 765 181
2105 695 2357 766 peccavit;
2373 692 2464 748 sed
2484 693 2511 731 ι)
2533 694 2697 748 uicisti
2713 710 2822 748 eam
2842 696 3115 750 sceleribus
3135 699 3261 763 tuis,
3276 708 3325 752 et
3328 699 3527 769 justiﬁ-

1920 789 2051 841 casti
2078 803 2281 842 sorores
2310 798 2425 841 tuas
2444 789 2499 842 in
2518 788 2755 842 omnibus
2772 788 3240 847 abominationibus
3263 794 3364 846 tuis
3384 804 3522 864 quas

1920 889 2131 952 operata
2152 894 2223 936 es.
2252 879 2424 938 LXX:
2458 881 2583 936 Viuo
2604 898 2722 955 ego,
2742 883 2865 935 dicit
2895 880 3098 937 Adonai
3124 880 3379 941 Dominus
3402 900 3421 942 :
3448 887 3522 942 sic

1921 976 2039 1047 fecit
2079 975 2309 1031 Sodoma
2346 991 2492 1029 soror
2533 983 2625 1028 tua
2662 974 2800 1041 liceo,
2834 984 2882 1028 et
2910 976 3036 1044 ﬁlice
3057 977 3167 1046 ejus
3195 978 3326 1030 sicut
3356 978 3523 1048 fecisti

1921 1079 1976 1121 tu
2002 1079 2049 1123 cl
2083 1069 2211 1137 ﬁlia;
2249 1079 2375 1123 tute.
2426 1067 2791 1122 Verumtamen
2839 1069 2937 1139 fuit
2978 1069 3227 1139 iniquitas
3271 1070 3520 1127 Sodoma

1919 1164 2117 1216 sororis
2142 1171 2245 1216 tute
2271 1162 2513 1234 superbia
2539 1163 2595 1215 in
2626 1162 2897 1215 saturitate
2921 1176 3134 1230 panum,
3165 1169 3215 1217 et
3252 1162 3306 1217 in
3350 1164 3522 1218 abun-

1920 1256 2118 1310 dantia.
2156 1255 2367 1311 Deliciis
2385 1256 2620 1326 attinebat
2646 1257 2763 1325 ipsa
2791 1263 2839 1310 et
2864 1256 2991 1325 ﬁlice
3006 1259 3122 1328 ejus
3158 1261 3216 1321 -ξο
3243 1256 3339 1311 hec
3364 1257 3522 1313 liabe-

1921 1349 2005 1402 bat
2026 1349 2139 1418 ipsa
2161 1356 2209 1405 et
2240 1349 2365 1418 ﬁlia:
2394 1350 2508 1419 ejus
2538 1350 2580 1415 ⁴,
2606 1357 2654 1401 et
2677 1364 2888 1402 nimum
2906 1349 3151 1419 pauperis
3170 1357 3216 1401 et
3240 1352 3386 1422 egeni
3411 1367 3517 1408 non

1920 1443 2269 1508 assumebant,
2295 1453 2342 1498 ct
2370 1443 2731 1515 gloriabantur
2760 1444 3052 1517 magniﬁce,
3084 1454 3131 1499 et
3159 1447 3389 1516 fecerunt
3417 1446 3521 1502 ini—-

1920 1538 2140 1608 quitates
2160 1538 2212 1590 in
2232 1547 2508 1607 conspectu
2530 1552 2676 1604 meo,
2708 1545 2755 1592 et
2787 1537 2979 1592 abstuli
3016 1551 3105 1591 eas
3141 1539 3276 1592 sicut
3318 1540 3515 1595 uidisti.

1920 1630 1989 1683 Et
2012 1630 2254 1685 Samaria
2276 1630 2551 1683 dimidium
2569 1639 2895 1699 peccatorum
2917 1641 3121 1685 tuorum
3142 1647 3243 1686 non
3264 1636 3514 1705 peccarit,

1919 1733 1965 1777 et
1989 1724 2346 1795 multiplicasti
2372 1723 2668 1795 iniquitates
2696 1734 2809 1779 tuas
2829 1740 2984 1796 super
3004 1742 3123 1781 eas:
3149 1736 3197 1780 et
3208 1729 3518 1799 justiﬁeasti

219 1824 434 1878 nomine
464 1824 775 1893 appellatur
804 1822 965 1890 Juda,
989 1835 1019 1876 ιι
1041 1820 1310 1876 Chaldaeis
1340 1821 1502 1874 ducta
1530 1828 1612 1875 est
1636 1821 1686 1873 in
1712 1819 1814 1873 Ba-
1846 1814 1890 1876 Β
1918 1832 2122 1871 sorores
2146 1826 2261 1870 tuas
2282 1818 2337 1871 in
2362 1818 2600 1871 omnibus
2627 1818 2983 1887 iniquitatibus
3004 1821 3127 1887 tuis,
3157 1835 3283 1891 quas
3304 1831 3519 1893 operata

218 1917 510 1988 bylonem:
543 1916 821 1986 multoque
855 1914 1157 1970 Jerusalem
1200 1913 1547 1967 sceleratiora
1575 1914 1818 1983 peccavit

219 2022 371 2078 quam
412 2007 668 2062 Samaria
696 2014 751 2062 et
775 2005 1030 2071 Sodoma,
1066 2006 1120 2059 in
1158 2005 1316 2076 ιω
1349 2005 1551 2073 templo
1580 2004 1817 2058 adorans

1921 1927 1991 1967 es.
2024 1912 2177 1977 Quod
2212 1924 2442 1980 posuere
2466 1910 2626 1975 LXX,
2652 1910 2749 1966 hoc
2769 1912 2987 1966 habebat
3018 1915 3133 1984 ipsa
3154 1922 3205 1969 et
3227 1913 3353 1981 ﬁlia:
3375 1920 3513 1988 ejus,

1920 2004 1973 2057 in
2013 2003 2280 2059 Hebraico
2313 2018 2425 2058 non
2459 2004 2708 2059 habetur.
2740 2004 2797 2058 in
2826 2006 3000 2060 veteri
3036 2006 3388 2061 Testamento
3420 2008 3517 2063 Dei

219 2098 415 2155 idolum
441 2099 560 2154 Zeli
582 2140 598 2166 ,
622 2107 679 2153 et
699 2108 886 2169 postea
918 2097 1013 2153 Dei
1038 2096 1234 2151 Filium
1258 2094 1612 2151 interﬁciens.
1647 2095 1818 2152 Porro
1916 2101 2285 2169 juramentum
2309 2107 2420 2153 est:
2456 2098 2587 2153 Vivo
2608 2113 2728 2171 ego,
2755 2099 2879 2152 dicit
2901 2096 3157 2154 Dominus
3176 2101 3198 2169 (
3217 2099 3382 2156 Num.
3404 2114 3517 2171 xiv,

220 2191 521 2247 secundum
551 2191 941 2262 tropologiam,
972 2190 1219 2245 Samaria
1251 2197 1306 2244 et
1332 2188 1591 2255 Sodoma,
1625 2187 1679 2242 id
1710 2196 1813 2257 est,

223 2285 460 2341 διετειὼί
488 2294 549 2341 et
579 2285 818 2352 Ethnici,
852 2300 996 2354 Stt'pe
1028 2285 1231 2340 leviora
1262 2285 1629 2351 committunt,
1656 2298 1817 2353 quam

225 2381 273 2433 hi
306 2380 399 2449 qui
452 2387 712 2449 putantur
736 2378 1039 2434 Jerusalem
1072 2419 1087 2444 ,
1128 2379 1229 2432 hoc
1265 2386 1381 2443 est,
1425 2374 1816 2431 Ecciesiastici.

225 2471 376 2528 Unde
399 2472 467 2525 ad
488 2470 808 2526 Corinthios
833 2471 1059 2537 dicitur,
1084 2472 1173 2541 qui
1201 2470 1497 2526 credebant
1519 2469 1735 2540 quidem
1762 2470 1815 2523 in

220 2564 528 2629 Christum,
575 2565 673 2619 sed
713 2563 875 2618 malis
911 2563 1171 2634 operibus
1211 2563 1597 2633 premebantur
1632 2579 1645 2615 :
1693 2562 1819 2616 0m-

226 2658 339 2712 uino
377 2658 597 2711 auditur
633 2659 769 2715 inter
813 2673 898 2712 vos
944 2659 1239 2724 fornicatio.
1288 2667 1335 2711 et
1377 2658 1492 2712 talis
1544 2656 1821 2728 {oriricatio

224 2756 384 2821 qualis
414 2770 509 2808 nec
543 2756 675 2808 inter
704 2765 881 2827 gentes
922 2754 1158 2824 quidem,
1202 2754 1276 2807 ita
1313 2762 1367 2807 ut
1408 2769 1621 2807 uxorem
1660 2752 1821 2822 patris

223 2846 331 2914 quis
353 2847 541 2899 habeat
570 2847 629 2918 (Ι
658 2846 778 2900 Cor.
812 2861 865 2913 ν,
902 2848 919 2899 ι
946 2846 985 2916 ).
1009 2854 1063 2901 et
1092 2856 1311 2901 cmtera.
1337 2846 1519 2901 Solent
1553 2845 1817 2912 hatretici,

226 2941 308 3007 qui
338 2948 525 2994 tamen
568 2950 724 2993 vetus
749 2938 1049 3011 suscipiunt
1087 2936 1545 3005 instrumentum,
1582 2948 1690 2992 tres
1720 2954 1819 2991 na-

226 3043 368 3087 turas
390 3049 458 3088 ex
487 3033 592 3089 hoc
614 3034 736 3088 loco
764 3034 1089 3104 intelligere,
1116 3033 1478 3103 spiritualem,
1507 3032 1819 3098 animalem,

222 3139 384 3200 atque
414 3136 714 3183 terrenam.
744 3127 811 3181 Et
849 3128 1187 3197 Spiritualem
1220 3127 1465 3181 relerunt
1503 3126 1568 3180 ad
1602 3125 1822 3181 Jerusa-

1919 2192 1983 2269 2l
2005 2191 2045 2263 ).
2078 2190 2137 2245 In
2173 2205 2315 2246 novo
2345 2199 2559 2247 autem:
2591 2191 2771 2257 Amen,
2804 2206 2953 2248 amen
2988 2193 3103 2246 dico
3135 2195 3276 2248 vobis
3318 2193 3512 2266 (Joan.

1925 2300 2038 2353 xm,
2074 2285 2197 2355 16).
2234 2285 2328 2341 Sin
2362 2297 2540 2341 autem
2565 2284 2671 2341 hoc
2692 2299 2982 2343 commune
3002 2298 3125 2342 cum
3159 2288 3374 2343 caeteris
3404 2294 3520 2344 est:

1925 2377 2062 2433 Deus
2080 2378 2361 2445 Abraham,
2382 2377 2519 2433 Deus
2540 2378 2713 2447 Isaac,
2734 2388 2781 2434 et
2800 2380 2936 2440 Deus
2952 2376 3139 2447 Iacob,
3159 2397 3259 2435 non
3282 2391 3354 2436 est
3375 2381 3519 2438 Deus

1924 2485 2263 2539 mortuorum,
2303 2475 2392 2527 scd
2427 2475 2699 2528 uiuentium
2750 2474 2952 2546 (Marc.
2999 2488 3097 2541 ut,
3145 2475 3230 2543 16,
3277 2477 3403 2548 97).
3454 2476 3523 2534 Et

1924 2570 1976 2623 in
2016 2568 2125 2623 alio
2161 2569 2311 2623 loco:
2367 2567 2595 2622 Placebo
2632 2568 2852 2622 Domino
2892 2569 2947 2621 in
2996 2569 3203 2642 regione
3243 2570 3522 2626 uiuentium

1924 2660 2104 2735 (Psal.
2137 2675 2281 2730 cxrv,
2312 2661 2422 2731 9):
2466 2662 2788 2741 quaerimus,
2834 2676 2942 2733 qua
2982 2662 3191 2718 ratione
3230 2674 3522 2720 commune

1923 2757 2245 2811 vocabulum
2272 2756 2496 2826 proprie
2518 2757 2620 2811 sibi
2658 2756 2899 2813 vindicet
2923 2757 3085 2813 Deus.
3111 2757 3219 2827 Sed
3245 2759 3522 2829 quomodo

1926 2848 2144 2915 dicitur,
2168 2850 2330 2905 arbor
2352 2851 2516 2919 bona,
2541 2861 2596 2907 et
2618 2852 2796 2908 bonus
2817 2852 3006 2920 homo,
3033 2863 3088 2907 et
3110 2853 3283 2908 bonus
3313 2862 3518 2923 pastor,

1924 2956 1977 3001 et
2011 2945 2184 3001 bonus
2210 2959 2403 3001 servus
2431 2946 2595 3017 (Luc.
2623 2947 2826 3020 svnt);
2865 2964 3027 3003 nemo
3053 2954 3233 3003 autem
3267 2947 3521 3004 absolute

1927 3043 2125 3108 bonus,
2165 3041 2271 3097 nisi
2315 3042 2462 3098 solus
2509 3044 2683 3099 Deus:
2718 3044 2797 3099 sic
2827 3058 2951 3099 cum
2991 3042 3167 3115 angeli
3198 3051 3521 3113 cmtcrmque

1928 3137 2178 3204 virtutes,
2211 3138 2533 3201 patriarcha:
2559 3152 2771 3209 quoque
2792 3147 2845 3193 et
2872 3139 3176 3209 prOpbetre,
3204 3148 3369 3207 atque
3391 3150 3521 3206 apo-

224 3224 363 3288 |em;
392 3222 690 3277 animalem
714 3266 728 3290 ,
763 3220 830 3275 ad
861 3220 1185 3285 Samariam;
1216 3229 1512 3285 lerl‘ﬂttam.
1550 3218 1615 3271 ad
1646 3217 1818 3273 5οάοο
1848 3216 1889 3277 C
1925 3232 2051 3285 stoli
2082 3233 2193 3286 sint
2224 3233 2467 3288 viventes
2499 3234 2908 3301 comparatione
2956 3233 3049 3288 Dei
3091 3231 3478 3311 omnipotentis
3499 3275 3514 3299 ,

223 3334 385 3372 mam.
440 3318 592 3385 Quos
636 3316 876 3371 breviter
917 3316 1354 3385 interrogemus,
1395 3312 1669 3380 quomodo
1709 3322 1819 3366 trcs

223 3420 451 3473 natum,
482 3409 809 3480 spiritualis,
833 3408 1101 3474 animalis,
1136 3414 1193 3461 et
1217 3418 1456 3473 terrena,
1483 3420 1604 3474 qua:
1633 3404 1819 3475 utiquc

223 3508 361 3561 inter
394 3521 457 3560 se
487 3506 730 3559 diversa:
752 3512 874 3558 sunt
899 3544 911 3568 ,
955 3516 1115 3557 unam
1164 3510 1392 3555 matrem
1429 3512 1482 3555 et
1524 3515 1685 3553 unum
1727 3515 1817 3568 pa-

223 3606 353 3653 trem
400 3597 613 3651 habere
654 3594 948 3649 dicantur?
992 3593 1136 3664 quod
1177 3592 1438 3663 figmento
1482 3606 1668 3646 eorum
1712 3606 1818 3646 non

218 3692 492 3763 congruit.
530 3691 599 3744 Et
626 3688 899 3759 quomodo
928 3686 1212 3753 animalis,
1248 3695 1302 3741 et
1334 3695 1549 3739 terrena
1581 3692 1772 3738 natura
1803 3724 1817 3749 ,

212 3786 359 3851 juxta
394 3784 545 3837 hunc
572 3780 824 3836 eumdem
855 3778 1174 3850 prophetam
1207 3778 1564 3832 restituantur
1596 3777 1647 3831 in
1678 3776 1822 3831 anti-

213 3893 378 3949 quum
409 3886 641 3944 statum,
676 3875 727 3931 id
754 3882 836 3930 est
884 3875 936 3927 in
963 3872 1341 3943 spiritualcm?
1372 3871 1513 3941 quod
1545 3881 1600 3925 et
1643 3870 1819 3939 ipsum

214 3987 410 4027 eorum
448 3969 759 4025 rationibus
786 3967 1117 4023 contrarium
1153 3975 1256 4021 est.
1293 3964 1447 4032 Quod
1494 3971 1677 4018 autem
1722 3962 1822 4017 Sa-

214 4066 387 4119 maria
412 4060 753 4133 intelligatur
778 4061 831 4115 in
856 4059 1178 4127 haeresibus,
1211 4068 1265 4113 et
1294 4058 1345 4111 in
1368 4057 1505 4113 Osee
1528 4056 1817 4127 propheta,

215 4168 269 4213 et
293 4160 347 4213 in
379 4158 574 4213 multis
606 4157 730 4211 aliis
755 4155 893 4212 locls
919 4196 935 4223 ,
966 4155 1345 4225 praecipueque
1375 4154 1467 4208 illo
1500 4153 1820 4209 testimonio

217 4251 651 4323 comprobatur:
688 4248 781 4304 Va:
805 4249 893 4318 qui
921 4248 1217 4319 despiciunt
1256 4246 1416 4313 Sion,
1448 4254 1494 4299 et
1525 4247 1612 4315 qui
1646 4246 1818 4316 conﬁ-

220 4350 345 4401 dunt
398 4348 453 4400 in
506 4354 681 4399 monte
729 4344 1016 4410 Samariat,
1070 4343 1505 4397 rindcmiaverunt
1558 4342 1821 4411 principia

218 4443 447 4513 gentium
490 4442 685 4516 (Amos
711 4454 783 4509 vr,
820 4439 843 4494 l
870 4438 909 4509 ).
941 4437 1145 4493 Omnes
1172 4437 1317 4493 enim
1362 4434 1609 4490 haeretici
1638 4434 1821 4503 despi-

219 4538 369 4592 ciunt
399 4537 537 4592 Sion
565 4577 581 4601 ,
614 4550 735 4605 qua:
767 4534 1180 4603 interpretatur,
1230 4530 1438 4604 specula
1460 4573 1473 4598 ,
1502 4536 1556 4584 et
1586 4529 1822 4585 refertur

1926 3326 2122 3380 mortui
2164 3326 2528 3396 appellantur.
2573 3326 2698 3394 Quis
2743 3337 2817 3381 est
2857 3327 2992 3381 enim
3038 3325 3192 3379 homo
3231 3327 3316 3397 qui
3360 3326 3519 3391 vivit,

1924 3429 1971 3473 et
2010 3436 2111 3473 non
2154 3421 2339 3474 uidebit
2389 3429 2603 3475 mortem
2652 3421 2832 3495 (Psal.
2876 3436 3141 3487 Lxxxwtt,
3185 3419 3332 3491 49)?
3366 3419 3520 3475 Unde

1925 3522 1979 3567 et
2006 3511 2286 3581 apostolus
2315 3508 2511 3566 Paulus
2532 3512 2599 3567 de
2621 3512 2771 3568 Deo:
2810 3513 2911 3580 Qui
2937 3514 3101 3581 solus,
3138 3513 3330 3582 inquit,
3372 3513 3521 3566 habet

1923 3604 2379 3671 immortalitatem,
2407 3612 2454 3657 et
2475 3606 2639 3659 lucem
2663 3604 2859 3659 habitat
2880 3603 3281 3659 inaccessibilcm
3307 3602 3352 3676 (Ι
3382 3601 3517 3658 Tim.

1930 3712 2002 3764 vt,
2039 3697 2154 3770 l6).
2194 3698 2256 3752 Et
2284 3698 2351 3753 de
2385 3698 2532 3754 fonte
2556 3698 2887 3753 viventium:
2925 3699 3063 3764 Vita,
3104 3700 3299 3771 inquit,
3344 3709 3521 3752 nostra

1925 3790 2228 3844 abscondita
2270 3800 2339 3845 est
2386 3807 2499 3845 cum
2544 3789 2751 3847 Christo
2792 3793 2846 3845 in
2884 3789 2996 3845 Deo
3037 3792 3273 3864 (Coloss.
3308 3806 3388 3856 Ill,
3427 3791 3519 3862 5).

1924 3882 2032 3938 Iste
2064 3883 2227 3955 igitur
2253 3886 2341 3954 qui
2367 3884 2533 3954 jurat,
2563 3892 2619 3941 et
2648 3884 2915 3956 loquitur:
2954 3883 3085 3938 Vivo
3111 3899 3227 3958 ego,
3259 3884 3384 3937 dicit
3413 3880 3522 3937 Do-

1925 3976 2114 4040 minus,
2148 3976 2465 4033 describens
2490 3976 2767 4046 Sodomcc,
2801 3985 2857 4033 et
2887 3976 3117 4031 ﬁliarum
3148 3976 3266 4048 ejus
3288 3974 3516 4044 scelera,

1927 4070 2157 4138 primam
2186 4072 2498 4140 superbiam
2537 4071 2750 4142 posuit,
2791 4070 3072 4147 pr0prium
3115 4068 3357 4134 diaboli,
3406 4069 3521 4139 pri-

1926 4176 2178 4233 mumque
2203 4173 2503 4233 peccatum.
2537 4163 2691 4220 Unde
2718 4164 2860 4219 idem
2902 4163 3225 4233 Apostolus:
3262 4158 3520 4231 Nein/ia-

1927 4264 2028 4323 tus,
2055 4259 2151 4324 ait,
2179 4257 2439 4329 superbia,
2473 4259 2527 4311 in
2539 4258 2800 4332 judicium
2832 4257 3028 4311 incidat
3064 4255 3259 4310 diaboli
3292 4252 3347 4327 (l
3377 4251 3516 4308 Tim.

1926 4363 2005 4415 ιιι,
2030 4349 2117 4420 ϐ),
2153 4358 2375 4419 propter
2396 4364 2557 4421 quam
2582 4349 2650 4405 de
2671 4351 2815 4406 creto
2837 4350 3064 4405 corruit.
3095 4348 3318 4403 Dixerat
3346 4348 3517 4402 enim:

1927 4439 2259 4496 Fortitudine
2286 4443 2493 4513 faciam,
2526 4453 2573 4497 et
2612 4444 2865 4515 sapientia
2898 4442 3250 4511 intelligantur:
3282 4444 3520 4509 auferam

1926 4536 2167 4589 terminos
2190 4536 2435 4608 gentium,
2464 4546 2511 4589 ct
2534 4538 2691 4590 robur
2715 4552 2887 4590 earum
2912 4534 3204 4602 devastabo,
3231 4544 3279 4588 et
3300 4548 3522 4587 commo-

219 4630 281 4684 ad
307 4629 652 4694 Eeclesiam;
702 4635 753 4682 et
783 4626 1063 4682 conﬁdunt
1094 4625 1194 4680 sibi
1228 4626 1281 4679 in
1310 4631 1492 4677 monte
1519 4622 1811 4688 Samariae,

1923 4628 2041 4683 vobo
2060 4629 2285 4683 civitates
2317 4628 2597 4696 habitatas,
2637 4639 2683 4683 et
2718 4629 2886 4683 orbem
2928 4637 3183 4684 terrarum
3220 4634 3383 4681 totum
3427 4642 3524 4695 ap-

222 4722 270 4776 in
299 4721 559 4790 superbia
591 4719 845 4773 videlicet
882 4718 1192 4789 dogmatum
1229 4727 1609 4785 perversurum
1634 4755 1650 4779 ,
1692 4727 1814 4780 quae

222 4824 409 4885 putant
436 4828 563 4870 esse
601 4812 877 4879 sublimia,
902 4820 957 4867 et
978 4825 1072 4882 per
1105 4812 1199 4865 has
1223 4809 1638 4881 praedicationes
1667 4808 1812 4864 frau-

219 4909 515 4974 dulentas,
570 4906 912 4962 vindemiant
962 4914 1122 4976 atque
1170 4904 1500 4975 populantur
1554 4903 1817 4974 principia

220 5006 467 5075 gentium
502 5022 516 5069 ;
555 5010 619 5059 ut
644 5002 909 5058 miraculo
935 4999 1301 5056 doctrinarum
1328 5041 1342 5065 ,
1377 5005 1628 5069 potentes
1653 5012 1819 5069 quos-

220 5116 319 5171 que
342 5100 631 5173 gentilium
665 5098 733 5154 ad
762 5114 1003 5155 errorem
1033 5097 1346 5152 hacreticum
1373 5096 1712 5166 pertrahunt.

289 5194 474 5267 (Vers.
511 5196 601 5261 48,
624 5194 744 5265 49.)
780 5193 907 5249 Viuo
928 5208 1044 5266 ego,
1077 5192 1201 5245 dicit
1242 5190 1494 5245 Dominus
1525 5208 1543 5245 :
1568 5192 1691 5262 quia
1714 5206 1817 5245 non

229 5289 342 5355 fecit
365 5288 599 5343 Sodoma
628 5303 776 5342 soror
806 5297 896 5340 tua
923 5288 1038 5358 ipsa
1068 5295 1115 5340 et
1145 5286 1269 5354 ﬁlice
1298 5288 1442 5357 ejus,
1484 5285 1619 5338 sicut
1650 5286 1816 5355 fecisti

228 5388 279 5432 tu
302 5390 350 5435 et
380 5381 510 5450 ﬁlio:
537 5392 657 5436 tute.
695 5380 822 5434 Ecce
850 5379 959 5435 haec
987 5381 1085 5451 fuit
1117 5378 1361 5438 iniquitas
1389 5377 1636 5433 Sodoma:
1664 5394 1815 5437 soro-

226 5473 293 5527 ris
313 5484 418 5529 tute
438 5492 458 5529 :
497 5475 769 5545 superbia,
802 5475 1049 5531 saturitas
1082 5474 1259 5545 panis,
1297 5484 1347 5529 et
1382 5474 1734 5539 abundantia,
1767 5484 1817 5528 et

231 5567 383 5620 otium
416 5569 599 5641 ipsius,
633 5578 678 5623 et
702 5568 927 5638 ﬁliarum
949 5571 1082 5640 ejus;
1113 5576 1162 5625 et
1190 5583 1404 5621 manum
1430 5583 1587 5641 egeno
1604 5577 1652 5621 et
1680 5584 1813 5634 pau-

302 5714 325 5742 ι
348 5706 594 5762 Vatican.
624 5716 725 5763 ms.
750 5722 874 5763 cum
908 5707 1155 5776 Rabano,
1188 5707 1519 5780 approbabis,
1546 5708 1686 5778 quod
1710 5724 1822 5762 ma-

224 5777 312 5852 jor
329 5780 394 5852 sit
416 5794 530 5848 quae
558 5780 748 5833 dicitur
778 5780 1049 5850 Samaria,
1080 5777 1231 5852 quia,
1254 5777 1360 5835 etc.

302 5848 328 5887 δ
358 5850 645 5920 Victorius,
664 5852 755 5908 sed
782 5860 830 5908 et
849 5853 1010 5910 uicisti
1034 5848 1139 5922 eas,
1155 5866 1375 5912 sorores
1396 5851 1624 5921 scilicet,
1646 5850 1821 5910 Sodo-

1926 4721 2241 4793 prehendam
2271 4738 2429 4776 manu
2449 4722 2602 4776 sicuti
2630 4722 2827 4791 nidum,
2855 4722 3046 4775 etsicut
3069 4721 3333 4791 confracta
3361 4718 3521 4790 182

1926 4833 2020 4871 oua
2060 4817 2299 4887 auferam
2345 4815 2509 4890 (Isai.
2543 4832 2600 4881 ι,
2645 4817 2729 4884 15,
2769 4815 2889 4886 14).
2939 4814 3041 4870 Et:
3085 4814 3335 4884 Superbia
3377 4812 3521 4866 Deus

1924 4910 2153 4978 resistit;
2180 4910 2462 4965 humilibus
2494 4920 2665 4963 autem
2699 4909 2788 4963 dat
2815 4910 3036 4982 gratiam
3083 4908 3271 4981 (Jacob
3312 4922 3401 4973 ιν,
3436 4905 3517 4977 6).

1926 5006 2178 5077 Legimus
2202 5016 2256 5061 et
2283 5005 2334 5060 in
2362 5005 2468 5060 alio
2493 5006 2642 5061 loco:
2673 5004 2810 5073 Quid
2832 5004 3087 5076 superbis,
3116 5014 3254 5058 terra
3277 5011 3333 5058 ει·
3350 5002 3523 5055 cinis?

1926 5102 1994 5157 Et
2022 5101 2368 5171 Evangeiium
2393 5102 2559 5156 refert
2588 5100 2844 5156 Pharisaei
2868 5100 3201 5171 superbiam,
3247 5094 3520 5169 publicani

1926 5194 2227 5249 humilitate
2250 5206 2557 5264 superatam
2590 5193 2753 5268 (Luc.
2776 5194 2903 5265 vm)
2931 5213 2941 5247 :
2977 5194 3136 5264 cujus
3164 5190 3517 5248 seminarium

1925 5298 2007 5344 est
2036 5289 2293 5344 saturitas
2325 5304 2544 5358 panum,
2574 5297 2629 5343 et
2660 5304 2837 5343 rerum
2870 5286 3112 5341 omnium
3144 5282 3476 5339 abundantia
3499 5324 3516 5351 ,

1919 5392 1974 5438 et
1997 5382 2199 5448 Otium;
2232 5383 2346 5439 sive
2379 5394 2435 5437 nt
2462 5381 2608 5439 LXX
2636 5382 3049 5446 transtulerunt,
3076 5377 3395 5433 deliciarum
3438 5375 3520 5428 lu-

1921 5475 2199 5545 xuriaeque
2232 5476 2530 5546 opulentia.
2574 5477 2734 5532 Dives
2776 5475 2869 5530 ille
2908 5476 2962 5529 in
2993 5471 3284 5541 Evangelia
3316 5484 3519 5539 purpu-

1919 5579 2072 5625 ratus
2095 5567 2260 5644 (Luc.
2292 5568 2405 5641 rm)
2434 5568 2573 5625 nihil
2602 5569 2751 5625 aliud
2784 5567 3020 5624 refertur
3046 5564 3307 5621 habuisse
3333 5561 3521 5617 crimi-

1926 5726 2068 5766 mam
2099 5718 2152 5766 et
2177 5710 2513 5771 Samariam:
2547 5710 2728 5780 sicque
2768 5706 3007 5780 plurium
3049 5720 3281 5763 numero
3316 5703 3369 5763 in
3408 5704 3520 5767 ile-

1928 5782 2131 5851 braica,
2154 5782 2365 5855 Graeca,
2399 5778 2697 5855 Latineque
2727 5780 2882 5837 editt.
2917 5778 3170 5838 habetur.
