3996 6322
502 262 617 323 155

1762 254 1821 315 s.
1865 253 2139 313 EUSEBII
2180 253 2565 313 HIERONYMI
3268 224 3271 225 γ
3698 264 3787 320 tuo

498 375 616 447 nis‘,
666 376 776 434 nisi
811 376 956 449 quod
983 375 1179 447 opibus
1210 383 1265 433 et
1288 374 1500 433 divitiis
1529 373 1781 441 amuens,
1811 372 1868 429 in
1898 380 2101 430 tantam
2128 378 2179 438 Λ
2208 374 2279 430 ita
2305 373 2398 431 ﬁet
2420 374 2795 432 manifestius:
2822 375 2990 448 Finge
3010 375 3249 447 aliquem
3271 373 3333 432 in
3360 376 3663 434 sacerdotali
3682 381 3786 437 cul-

499 479 757 543 eruperat
789 468 1142 542 superbiam,
1185 478 1245 525 ut
1284 484 1504 526 manum
1551 482 1726 541 egeno
1771 476 1830 524 et
1879 467 2105 539 pauperi

499 564 706 623 Lazaro
726 579 834 621 non
862 568 1192 637 porrigeret:
1219 572 1275 622 et
1296 565 1379 623 sic
1411 564 1617 621 oblitus
1662 565 1734 621 sit
1771 564 2106 621 conditionis

500 674 647 727 suae,
690 668 750 716 ut
788 675 859 717 ne
902 660 1006 718 hoc
1046 660 1268 731 quidem
1300 660 1509 718 misero
1538 659 1717 726 daret,
1750 659 1899 731 quod
1931 658 2105 730 proji-

500 752 755 811 ciendum
785 762 927 812 erat.
959 754 1043 810 οι»
1071 769 1234 827 quam
1266 769 1489 811 causam
1516 762 1574 812 et
1596 754 1649 810 in
1682 754 1790 809 alio
1820 753 1942 810 loco
1972 752 2107 809 scri-

500 844 688 904 bitur:
736 846 918 903 Omnis
966 847 1056 918 qui
1098 864 1153 903 se
1193 846 1421 917 exultat,
1452 848 1840 913 humiliubitur;
1867 856 1913 903 et
1939 848 2031 919 qui
2054 864 2109 903 se

499 941 761 1010 humiliat,
794 942 1104 998 eaaltabitur
1134 942 1301 1013 (Luc.
1326 958 1443 1010 nv,
1471 944 1584 1013 il).
1615 942 1919 1013 Superbia,
1952 952 2106 998 satu—

500 1036 635 1094 ritas
665 1036 839 1107 panis,
872 1050 1055 1091 rerum
1084 1036 1326 1092 omnium
1357 1036 1717 1103 abundantia,
1745 1036 1917 1091 Otium
1940 1047 1996 1091 et
2015 1035 2110 1092 de~

497 1125 675 1194 liciae,
727 1134 1008 1198 peccatum
1045 1127 1441 1185 Sodomiticutn
1482 1137 1598 1197 est,
1649 1138 1705 1184 et
1746 1138 1969 1200 propter
2009 1128 2111 1185 hoc

502 1223 750 1292 sequitur
778 1222 876 1279 Dei
904 1224 1126 1289 oblivio,
1155 1241 1277 1296 quae
1307 1226 1602 1297 praesentia
1632 1225 1778 1281 bona
1810 1233 1963 1296 putat
1986 1238 2111 1280 esse

505 1328 795 1389 perpetua,
824 1327 882 1375 et
908 1335 1200 1391 numquam
1227 1321 1328 1377 sibi
1368 1323 1691 1380 necessariis
1732 1319 2110 1389 indigentium.

502 1412 847 1487 Quapropter
877 1424 933 1472 et
961 1416 1082 1488 lege
1109 1417 1449 1488 praecipitur:
1477 1417 1720 1484 Attende,
1744 1432 1807 1470 ue
1838 1418 2113 1470 comedens

499 1515 551 1564 et
578 1506 753 1564 bibens
781 1518 829 1563 et
858 1518 1145 1578 saturatas,
1173 1511 1448 1580 teJi/icatis
1479 1510 1713 1565 domibus
1741 1510 1949 1582 Optimis
1971 1554 1984 1578 ,
2019 1508 2116 1562 Ita-

502 1603 719 1675 bensque
751 1620 866 1658 oves
885 1613 931 1659 et
958 1605 1126 1672 boves,
1162 1615 1454 1675 argentum,
1484 1614 1530 1658 et
1560 1620 1769 1670 aurum,
1801 1602 2116 1657 obliviscaris

505 1693 721 1751 Domini
767 1695 868 1752 Dei
897 1697 974 1751 tui
1013 1694 1213 1769 (Deut.
1252 1711 1372 1762 vttt,
1406 1694 1520 1768 Η).
1574 1695 1644 1751 Et
1675 1696 1728 1750 in
1759 1694 2017 1767 alioqloco
2046 1692 2114 1749 de

2208 469 2355 526 mine
2398 471 2756 527 constitutum
2809 486 2916 527 non
2960 470 3103 527 bene
3154 471 3369 539 vivere,
3416 479 3470 526 et
3512 470 3783 542 deturpare

2207 563 2465 634 Operibus
2488 563 2831 636 dignitatem.
2854 563 3046 620 Nonne
3070 563 3371 619 imitatione
3390 563 3634 620 vitiorum
3655 566 3782 637 ejus,

2209 656 2381 713 laicus
2410 655 2580 714 frater
2605 657 3008 729 corrumpitur?
3036 656 3171 713 Nam
3202 666 3256 714 et
3284 658 3372 728 qui
3404 672 3565 712 unum
3594 656 3660 713 de
3697 660 3786 714 mi-

2212 753 2373 808 nimis
2402 753 2874 817 scandalizaverit,
2909 752 3050 808 mola
3082 752 3224 808 collo
3245 751 3481 822 alligata.
3508 751 3789 822 prtecipita-

2213 854 2299 900 tur
2321 845 2378 899 in
2401 844 2726 915 prolundum
2761 844 2986 917 (Matth.
3018 860 3170 910 xvttt,
3201 844 3282 916 6).
3314 844 3546 900 Sorores
3589 862 3790 917 quoque

2210 936 2510 993 Jerusalem
2557 937 2829 1004 Sodoma,
2882 949 2936 993 et
2980 936 3223 993 Samaria
3264 935 3654 1007 justiﬁcantur:
3695 954 3791 994 non

2211 1047 2319 1103 quo
2348 1047 2444 1100 per
2470 1046 2530 1088 se
2555 1032 2715 1103 justas
2745 1033 2875 1099 sint,
2908 1031 3004 1088 sed
3036 1041 3094 1087 ut
3118 1031 3378 1100 diximus,
3405 1035 3793 1102 comparatione

2214 1123 2440 1196 pejoris.

2288 1215 2433 1289 Ergo
2459 1226 2581 1272 ettu
2602 1217 2949 1287 confundere;
2986 1226 3033 1273 ct
3062 1225 3213 1289 porta
3249 1218 3586 1288 ignominiam
3628 1225 3793 1285 tuam,

2214 1326 2330 1381 qtae
2353 1310 2657 1381 justiﬁcttsti
2684 1326 2886 1365 sorores
2916 1320 3054 1365 tuas.
3086 1311 3481 1381 Septuaginta:
3515 1311 3577 1365 Et
3607 1320 3661 1365 tu
3688 1328 3798 1367 con-

2218 1404 2459 1477 fundere,
2493 1414 2539 1459 et
2561 1405 2765 1466 suscipe
2785 1405 3121 1478 ignominiam
3151 1413 3330 1459 tuam:
3362 1421 3421 1459 eo
3454 1405 3591 1475 quod
3624 1405 3800 1475 iustiﬁ-

2217 1502 2409 1555 caveris
2430 1517 2632 1555 sorores
2659 1509 2794 1557 tuas.
2818 1498 3206 1556 Coniusionem
3230 1500 3478 1570 sequitur
3498 1498 3797 1569 ignominia:

2218 1592 2568 1663 ignominiam
2583 1592 2885 1665 correptio:
2906 1592 3309 1662 correptionem
3330 1591 3660 1647 consolatio:
3683 1605 3802 1646 cou-

2218 1670 2539 1741 solutionem
2588 1685 2766 1740 salus:
2810 1685 2965 1755 juxta
3011 1684 3145 1740 illud
3193 1683 3484 1754 Apustoli:
3536 1682 3802 1740 Tribulatio

503 1786 672 1845 lsrael
703 1789 968 1859 scriptum
989 1797 1105 1844 est:
1134 1786 1471 1842 Manducam't
1502 1796 1549 1841 et
1578 1787 1722 1856 bibit,
1767 1796 1816 1841 et
1852 1794 2117 1841 saturatus
2148 1780 2197 1841 B
2223 1787 2463 1850 operatur
2503 1778 2831 1848 patientiam:
2864 1778 3113 1850 patientia
3155 1777 3549 1849 probationem:
3588 1776 3803 1848 probatio

501 1892 599 1952 est,
620 1890 670 1937 et
688 1883 1058 1954 impinguatus,
1088 1889 1136 1935 et
1157 1880 1447 1935 calcitravit
1467 1879 1685 1935 dilectus
1716 1878 1908 1950 (Deut.
1945 1894 2113 1945 χχιιι,

510 1971 627 2043 15).
661 1971 818 2041 Quod
848 1973 1026 2027 sciens
1053 1979 1109 2028 et
1128 1971 1571 2044 sapientissimus
1591 1972 1834 2027 omnium
1854 1971 2114 2027 Salomon

510 2063 568 2119 in
598 2062 910 2120 Proverbiis
936 2063 1288 2135 deprecatur:
1340 2062 1530 2121 Tribue
1565 2063 1693 2119 mihi
1733 2065 2025 2119 necessaria
2069 2075 2115 2119 et

507 2170 623 2227 qua:
654 2156 941 2228 sufﬁciant:
986 2174 1049 2212 ne
1078 2164 1342 2212 saturatas
1385 2156 1608 2213 mendax
1647 2157 1794 2227 ﬁam,
1835 2165 1882 2212 et
1907 2159 2073 2211 dicam
2098 2174 2115 2211 :

505 2250 621 2320 quis
650 2267 730 2305 me
754 2250 979 2306 videbit?
997 2260 1087 2305 aut
1112 2267 1308 2323 pauper
1343 2251 1553 2320 effectus
1576 2298 1590 2323 ,
1637 2254 1778 2323 furer
1815 2261 1865 2307 et
1898 2256 2119 2325 pejerem

509 2358 698 2398 nomen
729 2340 829 2398 Dei
860 2343 961 2396 mei
988 2342 1185 2414 (Prov.
1230 2358 1360 2410 xxx,
1404 2344 1459 2411 8,
1508 2343 1587 2416 9).
1637 2343 1899 2415 Quodque
1939 2343 2122 2413 sequi-

506 2443 631 2493 tur:
665 2446 709 2490 et
729 2436 1039 2510 justiﬁcasti
1064 2452 1264 2492 sorores
1294 2445 1410 2491 tuas
1440 2437 1493 2491 in
1543 2438 1736 2492 cunctis
1776 2436 2121 2491 abominatio-

507 2528 657 2585 nisz
696 2529 832 2595 tuis,
873 2545 1005 2600 quas
1048 2539 1261 2600 operata
1301 2545 1389 2593 es,
1431 2543 1541 2584 non
1588 2528 1909 2600 simpliciter
1943 2528 2122 2599 justas

509 2620 811 2678 Sodomam
835 2629 892 2676 et
915 2619 1220 2677 Samariam
1252 2635 1375 2677 esse
1394 2619 1674 2687 decernit,
1702 2620 1800 2676 sed
1839 2635 2124 2690 compara-

507 2715 663 2773 tione
702 2715 1075 2772 deteriorum:
1121 2715 1396 2787 quomodo
1442 2725 1499 2772 et
1538 2715 1891 2783 Publicanus,
1921 2715 1990 2771 tle
2016 2731 2122 2786 quo

510 2822 678 2878 supra
704 2808 962 2877 diximus,
995 2822 1103 2864 non
1133 2807 1381 2863 absolute
1402 2810 1586 2879 justus
1616 2808 1845 2876 dicitur,
1880 2807 1975 2864 sed
2012 2808 2123 2863 col-

512 2901 724 2959 latione
760 2901 985 2973 pejoris.
1029 2902 1096 2957 Et
1133 2908 1314 2957 tamen
1343 2917 1465 2957 cum
1492 2902 1632 2958 tales
1659 2904 1770 2957 sint
1800 2901 2038 2958 Sodoma
2070 2912 2124 2958 et

514 2994 798 3061 Samaria,
838 3008 906 3050 ne
934 2993 1222 3049 dimidium
1255 2993 1374 3065 (At.
1403 2993 1718 3066 dimidiam)
1745 2993 1960 3065 quidem
1994 3010 2120 3065 pec-

513 3094 782 3147 caverunt
819 3087 1231 3156 comparatione
1269 3086 1597 3143 Jerusalem.
1646 3086 1835 3142 Servus
1866 3089 2003 3142 enim
2037 3088 2125 3159 qui

2219 1890 2397 1945 spem:
2425 1890 2540 1941 spes
2563 1884 2735 1928 autem
2759 1889 2864 1927 non
2891 1872 3165 1945 confundit
3196 1872 3392 1946 (Rom.
3421 1888 3473 1939 v,
3497 1872 3635 1938 5-5).
3666 1867 3805 1925 Haud

2218 1966 2438 2023 dubium
2469 1967 2597 2036 quin
2626 1966 2678 2021 in
2710 1969 2982 2021 luturum:
3017 1966 3144 2036 quia
3177 1966 3229 2021 in
3273 1964 3685 2035 praesentiarum
3721 1978 3806 2019 sua

2220 2077 2318 2133 per
2339 2062 2711 2119 conlusionem
2742 2070 2964 2134 peccata
2993 2062 3214 2118 delevit.
3238 2061 3373 2117 Tale
3399 2062 3530 2133 quid
3558 2072 3611 2119 et
3637 2070 3662 2098 α
3692 2060 3808 2116 illud

2222 2157 2501 2229 Evangelii
2532 2166 2725 2212 sonat:
2758 2155 2851 2212 Est
2879 2157 3113 2228 confusio
3142 2172 3257 2225 qua:
3282 2155 3429 2210 ducit
3470 2155 3540 2209 ad
3575 2165 3808 2220 mortem,

2221 2259 2267 2305 et
2309 2260 2382 2305 est
2423 2251 2661 2317 confusio
2705 2266 2822 2321 qua:
2864 2250 3009 2304 ducit
3044 2248 3114 2302 ad
3138 2249 3294 2304 vitam
3351 2247 3562 2319 (Eccli.
3605 2248 3808 2317 tv,25).

2223 2342 2452 2414 Spiritus
2472 2357 2689 2414 quoque
2709 2356 2931 2398 sanctus
2961 2351 3274 2413 peccatores
3303 2345 3559 2398 hortatur
3590 2342 3644 2397 in
3674 2340 3811 2397 Psal-

2224 2436 2356 2493 mis:
2382 2436 2780 2508 Confundantur
2806 2444 2853 2490 et
2876 2445 3205 2491 revereantur
3237 2452 3418 2491 omnes
3448 2436 3649 2490 inimici
3686 2434 3814 2490 mei:

2223 2538 2585 2585 convertantur
2604 2540 2910 2595 retrorsum,
2937 2538 2984 2583 et
3005 2530 3399 2600 confundantur
3419 2528 3572 2584 valde
3591 2529 3814 2584 velociter

2228 2621 2415 2691 (Psal.
2444 2638 2629 2690 xxxix,
2662 2623 2772 2692 i5).
2798 2622 3072 2692 Scriptum
3097 2631 3182 2677 est
3211 2621 3376 2694 184
3397 2622 3585 2678 etalio
3609 2621 3813 2677 inloco:

2225 2714 2325 2771 Dic
2354 2726 2409 2771 tu
2435 2718 2659 2786 primum
2694 2728 2902 2788 peccata
2929 2724 3041 2780 tua,
3073 2724 3129 2769 ut
3152 2715 3470 2786 justiﬁceris
3501 2713 3647 2787 (Isa.
3677 2728 3812 2780 xutt,

2225 2808 2325 2874 26,
2367 2824 2469 2863 sec.
2514 2804 2715 2878 LXX).
2774 2809 2838 2862 lit
2873 2823 3126 2863 rursum:
3152 2805 3338 2862 Justus
3364 2798 3641 2862 accusator
3658 2806 3736 2860 sui
3756 2812 3820 2859 est

2225 2902 2280 2955 in
2313 2901 2570 2973 principio
2613 2900 2865 2954 sermonis
2917 2899 3113 2973 (Prov.
3159 2915 3317 2966 xvm,
3356 2902 3473 2970 l7).
3513 2899 3628 2955 Non
3673 2899 3820 2970 igitur

2228 2994 2426 3048 mirum
2462 2992 2508 3047 si
2546 3005 2869 3063 provocetur
2907 2991 3209 3049 Jerusalem
3240 2993 3308 3048 ad
3339 2992 3749 3058 confusionem,
3776 3000 3825 3045 et

2228 3084 2611 3157 ignominiam;
2642 3101 2764 3156 qua:
2790 3087 3056 3142 intantum
3082 3087 3412 3157 peccaverit,
3434 3087 3825 3157 ntjustilicaret

516 3181 612 3236 scit
631 3180 946 3234 voluntatem
973 3180 1169 3233 domini
1200 3181 1313 3247 sui,
1343 3188 1388 3234 ct
1414 3197 1517 3234 non
1544 3180 1668 3249 facit
1699 3198 1833 3245 eam,
1864 3180 2123 3253 vapulabit
2152 3176 2199 3241 C
2230 3194 2450 3235 sorores
2477 3194 2633 3235 suas:
2666 3180 2751 3236 cui
2773 3180 3033 3250 deinceps
3052 3180 3278 3237 dicitur:
3306 3179 3379 3236 Et
3404 3192 3484 3249 ttt,
3509 3193 3555 3238 et
3581 3181 3707 3251 ﬁlia:
3733 3190 3825 3235 tua:

515 3272 693 3327 multis
732 3270 891 3341 (Luc.
954 3286 1048 3338 sit,
1091 3272 1205 3342 47).
1260 3273 1367 3327 Et:
1421 3272 1663 3328 Potentes
1716 3282 1950 3345 potenter
2010 3284 2123 3329 tor-

515 3375 688 3421 menta
719 3367 979 3436 patientur
1005 3365 1169 3438 (Sap.
1213 3382 1287 3432 vx,
1332 3368 1409 3438 7).
1465 3367 1635 3424 Porro
1673 3370 1817 3439 quod
1857 3385 1956 3442 pro
1995 3371 2126 3425 deli-

513 3460 606 3515 ciis
626 3458 752 3533 (Al.
776 3460 1003 3532 divitiis)
1029 3462 1193 3516 otium
1216 3461 1270 3517 in
1300 3461 1571 3519 llebraico
1594 3464 1926 3531 continetur,
1951 3465 2129 3520 scien-

519 3550 650 3607 dum
675 3550 744 3607 ad
773 3552 926 3607 illum
966 3565 1191 3609 sensum
1220 3555 1532 3623 pertinere:
1565 3553 1632 3609 In
1666 3556 1823 3628 183
1854 3557 2128 3612 desideriis

521 3653 599 3700 est
620 3646 787 3700 omnis
814 3646 989 3699 anima
1019 3648 1211 3713 otiosi;
1242 3647 1383 3717 quod
1405 3647 1664 3704 videlicet
1684 3666 1902 3721 semper
1926 3651 2128 3723 aliquid

519 3736 788 3807 agendum
814 3737 917 3793 sit:
947 3754 1015 3793 ne
1036 3754 1165 3810 ager
1188 3741 1425 3810 pectoris
1448 3741 1641 3809 nostri,
1666 3753 1916 3799 cessante
1942 3761 2127 3812 manu,

521 3826 793 3883 malarum
826 3828 1212 3899 cogitationum
1244 3830 1489 3887 sentibus
1519 3845 1838 3904 occupetur.

596 3918 792 3989 (Vera.
837 3919 962 3993 52.)
1006 3920 1149 3993 Ergo
1185 3932 1232 3979 et
1273 3935 1327 3979 tu
1369 3936 1519 3998 porta
1566 3929 1917 3999 confusionem
1952 3939 2129 3996 tuam,

525 4028 643 4083 qua:
682 4014 852 4068 vicisti
880 4032 1081 4070 sorores
1109 4026 1225 4071 tuas
1249 4020 1471 4087 peccatis
1501 4023 1623 4089 tuis,
1651 4023 1947 4079 sceleratius
1975 4042 2132 4095 agens

523 4104 633 4160 illis
662 4103 780 4176 [AL
810 4106 873 4160 ab
900 4105 1043 4181 eis]:
1063 4108 1368 4180 justiﬁcata:
1398 4113 1533 4167 enint
1552 4124 1672 4169 sunt
1693 4132 1725 4168 a
1755 4124 1823 4170 te.
1856 4114 2032 4171 LXX:
2064 4114 2131 4170 Et

523 4205 581 4252 tu
606 4198 800 4254 sustine
828 4206 1141 4255 tormentum
1167 4211 1315 4257 tuum
1344 4204 1397 4259 in
1421 4222 1480 4261 eo
1508 4207 1649 4279 quod
1677 4214 1971 4280 corruperis
1989 4227 2132 4265 soro-

520 4308 607 4349 res
628 4302 742 4349 tuas
770 4294 827 4348 in
854 4296 1075 4364 peccatis
1100 4297 1224 4365 tuis,
1254 4299 1439 4369 quibus
1465 4301 1638 4371 inique
1666 4303 1816 4376 egisti
1844 4321 1998 4377 super
2022 4320 2129 4371 eas,

522 4390 573 4437 et
605 4385 907 4456 justiﬁcasti
934 4386 1056 4442 illas
1088 4405 1242 4459 super
1271 4400 1338 4445 te.
1368 4391 1615 4447 Secunda
1639 4405 1761 4464 post
1791 4397 2130 4467 naufragium

522 4474 705 4530 tabula
744 4486 861 4543 est,
904 4493 1030 4534 cum
1075 4482 1404 4551 peccaveris,
1449 4484 1809 4554 erubescere;
1841 4498 1894 4543 et
1921 4503 2026 4543 non
2054 4487 2132 4543 illi

2234 3269 2260 3310 δ
2285 3273 2598 3327 revertimini
2619 3274 2671 3327 in
2698 3274 2968 3345 antiquum
2998 3284 3210 3331 statum.

2304 3364 2479 3438 (Vers
2508 3366 2595 3433 55,
2629 3365 2749 3436 54.)
2774 3365 2837 3421 Et
2859 3376 3148 3422 convertant
3193 3368 3471 3424 restituens
3508 3384 3597 3423 eus
3632 3381 3830 3422 conver—

2230 3462 2375 3517 sione
2405 3462 2749 3518 Sodomorum
2777 3481 2890 3518 cnm
2912 3464 3120 3534 ﬁliabus
3147 3466 3279 3528 suis,
3298 3475 3348 3519 et
3377 3466 3713 3521 conversione
3734 3463 3827 3519 Sa-

2233 3558 2429 3622 ntarite,
2451 3566 2498 3610 et
2525 3556 2755 3626 filiarum
2779 3561 2891 3631 ejus
2909 3574 2928 3612 :
2953 3568 2999 3612 et
3025 3569 3317 3612 convertam
3348 3562 3697 3615 reversionem
3721 3554 3831 3629 [AL

2233 3649 2632 3722 conversionem]
2662 3660 2803 3703 tuam
2830 3650 2881 3703 in
2909 3651 3076 3705 medio
3104 3667 3304 3715 earum,
3337 3662 3396 3705 ut
3415 3661 3592 3724 portes
3619 3650 3831 3724 ignomi-

2234 3742 2374 3795 niam
2403 3751 2566 3808 tuam,
2593 3752 2641 3795 et
2671 3741 3003 3813 confunderis
3026 3743 3133 3816 (Al.
3169 3743 3545 3817 confundaris]
3584 3746 3641 3800 in
3681 3743 3836 3799 omni—

2236 3832 2328 3887 bus
2348 3850 2462 3904 quw
2492 3835 2653 3906 fecisti
2675 3834 2948 3889 consolans
2971 3851 3077 3890 eas.
3103 3834 3279 3891 LXX:
3312 3834 3380 3890 Et
3407 3848 3710 3893 convertam
3725 3852 3838 3890 con-

2235 3930 2490 3984 versiones
2527 3946 2707 3984 earum
2747 3931 3078 3986 conversione
3119 3930 3478 3987 Sodomorum
3530 3941 3579 3987 et
3622 3932 3842 4001 ﬁliarum

2235 4025 2368 4095 ejus,
2383 4032 2669 4077 convertam
2691 4023 3074 4076 conversionem
3091 4016 3369 4087 samarite,
3393 4036 3444 4078 et
3459 4024 3699 4093 ﬁliarum
3715 4026 3762 4095 ej
3768 4039 3840 4083 us,

2237 4125 2285 4170 et
2330 4124 2620 4169 convertam
2664 4115 3041 4169 conversionem
3081 4123 3221 4168 tuam
3264 4115 3318 4168 in
3356 4117 3535 4170 medio
3564 4129 3768 4180 earum,
3799 4120 3847 4163 ttt

2237 4216 2408 4278 portes
2436 4215 2749 4261 torntentum
2783 4214 2963 4259 tuum:
2985 4215 3034 4260 et
3056 4204 3246 4260 habeas
3267 4206 3620 4278 ignominiam
3648 4221 3711 4261 ex
3738 4219 3845 4257 om-

2238 4302 2390 4355 nibus
2417 4315 2535 4371 qua:
2576 4300 2781 4370 fecisti,
2814 4308 2869 4351 ut
2910 4314 2989 4352 me
3028 4297 3097 4351 ad
3134 4298 3469 4352 iracundiam
3522 4312 3847 4371 provocares.

2238 4390 2468 4447 Grandis
2498 4390 2770 4463 profectus
2793 4390 3123 4457 Jerusalem,
3157 4400 3214 4446 ut
3252 4399 3379 4462 post
3422 4391 3810 4448 confusionem
3834 4426 3849 4452 ,

2237 4493 2291 4540 et
2320 4485 2692 4556 ignominiam,
2725 4499 2885 4555 quam
2917 4483 3123 4538 illatam
3156 4482 3257 4538 sibi
3291 4483 3385 4538 Dei
3423 4484 3641 4553 judicio
3682 4483 3851 4536 liben-

522 4566 809 4637 subjacere
832 4570 1213 4641 increpationi,
1238 4589 1357 4645 qute
1376 4584 1568 4631 contra
1586 4576 1891 4636 Jerusalem
1912 4580 2125 4637 dicitur:
2159 4573 2209 4634 D
2238 4586 2320 4633 ter
2343 4579 2560 4649 excepit
2580 4590 2742 4649 atque
2766 4578 3002 4650 portavit
3022 4576 3213 4632 dicens
3237 4594 3250 4630 :
3276 4575 3426 4631 Iram
3454 4576 3683 4633 Domini
3704 4574 3856 4631 susti-

521 4655 707 4713 Facies
742 4660 1024 4716 meretricis
1054 4666 1194 4734 facta
1224 4675 1297 4720 est
1331 4666 1455 4722 tibi:
1488 4670 1650 4724 nescis
1672 4671 1963 4728 erubescere
1994 4673 2127 4744 (Je-

523 4766 655 4807 rem.
682 4767 759 4819 ιιι,
784 4753 863 4823 5).
913 4755 1100 4812 Portat
1124 4766 1304 4815 autem
1328 4771 1656 4818 tormentum
1684 4779 1861 4834 suum,
1889 4767 1981 4838 qui
2005 4781 2131 4839 pro-

530 4846 643 4917 pria
674 4854 960 4918 torquetur
983 4852 1337 4922 conscientia,
1370 4864 1425 4911 et
1452 4856 1505 4912 in
1535 4857 1639 4913 isto
1666 4858 1867 4915 saeculo
1899 4862 2133 4917 sustinet

527 4941 751 5012 propria
802 4942 1082 5002 voluntate
1120 4949 1455 5018 cruciatum,
1506 4967 1572 5008 ne
1617 4962 1818 5010 aeterna
1864 4965 2131 5012 tormenta

555 5035 792 5091 nstineat
826 5036 1045 5107 (Cenes.
1074 5040 1179 5113 tv).
1219 5041 1738 5121 Corrumpimusque
1788 5050 1990 5107 fratres
2028 5067 2129 5108 no-

525 5138 693 5196 stros,
718 5128 804 5184 vel
830 5144 1051 5189 sorores
1074 5139 1311 5205 peccatis
1337 5143 1557 5210 nostris,
1582 5143 1800 5215 quando
1822 5160 1921 5215 per
1945 5155 2129 5201 nostra

526 5229 750 5291 peccata
778 5223 844 5279 ad
870 5225 1080 5297 majora
1111 5230 1316 5288 scelera
1348 5246 1735 5303 provocamur.
1769 5238 1924 5306 Quod
1967 5238 2089 5295 dico
2114 5281 2129 5308 ,

602 5362 791 5447 'Erat
817 5362 958 5420 forte
999 5368 1117 5447 inec
1164 5372 1547 5447 sententiain
1598 5374 1783 5446 aliquo
1834 5375 2128 5447 Evangelio

529 5435 883 5519 apoc‘ryplto,
921 5438 1016 5518 .vel
1058 5440 1113 5495 in
1159 5444 1565 5519 escmplaribus
1606 5435 1839 5517 antiqua:
1889 5435 2131 5517 Vulgata:

531 5503 715 5587 addita
741 5503 1032 5587 luit,si_cut
1053 5521 1108 5567 et
1134 5514 1241 5587 alia
1284 5503 1422 5570 bene
1461 5518 1629 5571 multa
1669 5503 1786 5587 qua:
1824 5503 2131 5575 modovnon

528 5573 786 5660 leguntur
810 5582 951 5660 apud
983 5597 1099 5660 eos.
1132 5583 1309 5640 ΜΑιιτ.
1332 5616 1409 5660 :-
1444 5573 1767 5643 Arcltinteus
1813 5573 1986 5657 liber,
2035 5573 2136 5645 tale

532 5646 726 5735 quid-et
748 5650 808 5735 in
827 5646 1111 5735 gvangdio
1130 5666 1301 5735 sonat.
1331 5657 1602 5735 Victorius
1626 5675 1843 5735 voceuL
1861 5646 2137 5735 Evangelii

533 5716 706 5805 delet,
736 5716 1043 5805 ttiltileni'tn
1074 5728 1181 5805 tale
1208 5730 1259 5783 itt
1285 5731 1561 5805 hodiernis
1586 5731 1779 5786 saltem
1807 5716 2133 5805 Eyangélio-

533 5803 655 5845 rum
684 5791 968 5851 codicibus
1001 5798 1297 5869 reperitur.
1327 5802 1546 5875 ReSpici
1574 5814 1754 5860 autem
1788 5791 2017 5875 t'idetui,
2045 5805 2136 5860 ubi

2231 4674 2383 4741 nebo,
2410 4674 2654 4738 quoniam
2676 4674 2879 4744 peccavi
2906 4673 2973 4738 ei,
3003 4670 3355 4743 promittatur
3388 4672 3441 4727 ei
3484 4671 3769 4727 restitutio
3805 4668 3855 4723 in

2234 4768 2517 4839 antiquum
2550 4776 2769 4822 statum.
2801 4765 2907 4821 Sed
2943 4774 3118 4819 tamen
3147 4764 3399 4835 quoniam
3433 4763 3858 4835 comparatione

2234 4861 2502 4917 scelerum
2532 4860 2676 4931 ejus,
2709 4859 2998 4929 justiticata
3030 4867 3115 4913 est
3141 4857 3411 4923 Sodoma,
3462 4866 3525 4912 et
3566 4855 3817 4914 Samaria
3844 4894 3857 4915 ,

2235 4969 2461 5025 quarum
2490 4953 2661 5008 altera
2689 4968 2721 5006 a
2751 4950 2981 5016 dextris,
3015 4951 3183 5006 altera
3213 4966 3243 5003 a
3284 4949 3534 5006 sinistris
3583 4959 3705 5016 est;
3750 4948 3860 5019 pri-

2237 5062 2386 5103 mum
2435 5044 2735 5101 restituitur
2783 5045 3042 5099 conversio
3064 5085 3080 5110 ,
3113 5043 3230 5099 sive
3261 5042 3545 5114 captivitas
3579 5032 3860 5103 Sodomae,

2240 5150 2299 5197 ut
2326 5141 2711 5211 interpretatus
2735 5146 2823 5195 est
2844 5137 3066 5209 Aquila:
3095 5135 3335 5191 secundo
3360 5137 3655 5205 captivitas
3677 5136 3865 5191 Sama-

2242 5235 2360 5301 rize,
2393 5242 2451 5289 ut
2476 5232 2617 5289 idem
2647 5232 2840 5303 Aquila
2859 5241 2915 5287 et
2938 5230 3300 5303 Symmachus
3332 5232 3791 5287 transtulerunt:
3816 5235 3868 5282 et

2238 5374 2355 5431 ltzt-c
2386 5382 2473 5429 est
2499 5388 2685 5429 eorum
2714 5373 3005 5428 verborum
3033 5373 3336 5427 sententia:
3372 5369 3470 5425 Est
3502 5374 3648 5425 enim
3681 5371 3869 5439 confu—

2237 5448 2317 5502 sio
2339 5446 2601 5500 adducens
2625 5454 2908 5515 peccatum,
2935 5454 2979 5515 et
3026 5456 3099 5497 est
3146 5444 3382 5515 confusio
3424 5442 3717 5498 adducens
3750 5441 3871 5515 "glo-

2236 5519 2372 5589 riam
2410 5528 2455 5571 et
2480 5514 2724 5589 gratiam.
2758 5516 2825 5571 Et
2851 5514 2894 5569 Il
2926 5514 3053 5570 Cor.
3082 5530 3193 5569 vtt:
3230 5514 3358 5589 Quae
3387 5516 3536 5568 enim
3578 5514 3870 5589 secundum

2241 5588 2409 5643 Deum
2432 5588 2641 5642 tristitia
2668 5599 2767 5652 est,
2790 5588 3137 5660 paenitentiam
3158 5588 3211 5641 in
3234 5588 3454 5641 salutem
3478 5588 3732 5641 stabilem
3754 5601 3871 5656 ope-

2240 5669 2412 5726 ratur,
2441 5660 2615 5714 sceculi
2647 5669 2820 5715 autem
2846 5660 3058 5714 tristitia
3086 5667 3299 5712 mortem
3324 5665 3608 5728 operatur.

2314 5732 2340 5771 ι’
2374 5732 2502 5787 Post
2540 5732 2830 5786 Victoriam
2864 5731 3090 5800 legimus
3119 5731 3184 5784 ad
3228 5734 3371 5784 sacri
3412 5737 3611 5784 textus
3662 5730 3864 5792 tidem,

2242 5804 2581 5872 rerertemini,
2618 5820 2714 5875 pro
2735 5820 2843 5874 quo
2876 5814 2991 5857 erat
3015 5801 3343 5857 revertimini.
