4018 6322
229 307 343 363 1δ7

910 299 1570 362 COMMENTARIORUM
1612 304 1680 363 IN
1718 306 2165 367 EZECIIIELEM
2205 311 2337 369 LIB.
2382 313 2447 370 V.
2490 316 2645 375 CAP.
2687 319 2829 378 XVI.

3427 322 3533 380 158

228 419 522 475 novissima
568 420 888 477 restituetur
926 418 1254 489 Jerusalem,
1281 433 1402 490 quae
1428 418 1639 490 majore
1660 419 1841 477 fuerat
1865 423 1918 486 Α
1947 432 2062 479 tuos
2088 427 2220 481 sicut
2251 428 2421 495 prius,
2450 439 2498 485 et
2538 434 2867 492 consiliarios
2896 446 3011 493 tuos
3043 437 3177 494 sicut
3200 456 3232 492 α
3257 437 3536 509 principio,

225 510 511 582 iniquitate
533 510 819 583 depressa,
864 520 919 568 et
961 512 1296 582 peccatrices
1342 525 1561 568 sorores
1606 527 1832 584 compa-

225 604 434 659 ratione
461 604 747 673 suijustas
776 619 900 661 esse
939 612 1360 661 monstraverat.
1406 603 1502 660 Cui
1542 606 1685 662 enim
1726 606 1829 662 du-

221 695 386 763 bium,
415 696 553 768 quin
586 699 729 754 inter
757 710 869 753 tres
896 705 1238 769 peccatores,
1265 698 1431 753 immo
1455 699 1673 769 impios,
1700 714 1830 770 gen-

222 789 388 857 tilem,
422 788 775 861 haereticum,
807 791 1237 847 ecclesiasticum
1259 833 1273 857 ,
1307 793 1483 847 multo
1531 793 1829 861 majoribus

218 884 389 952 pinnis
425 881 635 952 dignus
675 882 771 950 sit,
809 883 899 951 qui
933 882 1153 954 majoris
1176 883 1344 939 fuerit
1370 884 1685 955 dignitatis?
1716 883 1826 939 Po-

217 978 373 1027 tentes
408 975 551 1028 enim
577 1019 592 1041 ,
634 984 695 1030 ut
736 975 989 1041 diximus,
1021 986 1256 1047 potenter
1284 985 1537 1031 tormenta
1565 979 1828 1049 patientur

218 1065 379 1135 (Sep.
413 1082 493 1131 vr,
527 1068 609 1139 7).
642 1068 744 1136 Qui
774 1080 954 1124 autem
985 1070 1245 1124 minimus
1270 1068 1452 1139 fuerit,
1503 1068 1700 1139 dignus
1741 1078 1826 1125 est

213 1159 618 1215 misericordia.
663 1160 734 1215 Et
773 1178 945 1217 servus
994 1164 1083 1234 qui
1131 1166 1227 1218 scit
1266 1162 1581 1218 voluntatem
1624 1164 1826 1218 domini

210 1251 513 1317 sai,etnon
536 1256 663 1324 facit
687 1260 817 1319 cant,
864 1255 1127 1327 vapulabit
1161 1257 1338 1311 multis
1381 1255 1661 1328 (Lucan,
1703 1256 1816 1327 47).

213 1340 362 1399 Unde
388 1355 444 1399 ct
476 1345 710 1402 Petrus:
744 1347 991 1418 Tempus,
1024 1349 1224 1419 inquit,
1250 1357 1321 1402 est
1354 1360 1405 1401 ut
1429 1350 1648 1421 incipiat
1672 1350 1823 1421 judi-

211 1436 345 1489 cium
367 1455 399 1489 a
441 1438 604 1493 domo
646 1438 860 1494 Domini
906 1439 961 1514 (I
986 1438 1104 1494 Pet.
1134 1456 1214 1507 tv,
1246 1440 1359 1513 17).
1392 1440 1458 1496 Ει
1484 1441 1535 1496 in
1573 1442 1677 1497 hoc
1722 1456 1818 1497 eo-

209 1528 330 1585 dem
358 1533 633 1604 propheta
659 1548 752 1603 pra
774 1533 973 1604 cipitur
993 1547 1215 1590 secures
1238 1534 1592 1591 habentibus:
1624 1535 1667 1588 Α
1694 1552 1817 1590 san-

210 1623 301 1676 clis
317 1625 446 1679 meis
463 1624 678 1698 incipite
697 1628 713 1695 (
730 1624 903 1697 Supra
924 1641 999 1691 ιχ,
1021 1626 1097 1697 6),
1135 1635 1192 1681 ut
1223 1638 1470 1682 extrema
1491 1627 1813 1696 Jerusalem,

212 1717 367 1789 135
393 1720 691 1776 sororibus
719 1730 847 1775 ante
872 1720 1150 1777 conversis
1196 1733 1250 1777 et
1294 1723 1562 1779 restitutis
1592 1723 1644 1777 in
1677 1726 1817 1795 pris-

1934 525 1983 571 et
2012 528 2127 584 post
2157 520 2265 576 lucc
2288 522 2546 578 vocaberis
2566 526 2748 580 civitas
2775 530 3014 600 iustitia,
3048 540 3212 587 mater
3242 531 3530 598 civitatum,

1934 611 2107 683 ﬁdelis
2147 612 2275 669 Sion
2306 613 2442 688 (lsa.
2490 632 2528 681 ι,
2560 617 2653 691 26)
2679 637 2694 687 ;
2726 630 2781 676 et
2808 633 2995 679 nostra
3036 625 3288 698 loquatur
3318 627 3535 696 Apoca-

1933 706 2103 778 lypsis
2132 706 2318 779 (Apoc.
2359 709 2479 780 ut)
2505 727 2517 764 :
2555 711 2623 765 Et
2650 711 2813 768 David
2842 723 3025 771 cantat
3059 734 3073 772 :
3104 715 3244 772 Bene
3280 720 3388 788 fac,
3418 715 3531 772 Do-

1932 800 2090 865 mine,
2117 801 2171 855 in
2203 800 2335 856 bona
2370 802 2630 859 voluntate
2659 814 2749 860 tua
2786 806 2937 874 Sion,
2965 816 3014 862 ct
3039 809 3365 876 aediﬁcentur
3394 812 3530 865 muri

1928 889 2217 947 Jerusalem
2247 894 2365 966 (Ps.
2397 913 2448 960 ι,
2470 894 2586 967 20).
2615 898 2679 952 Et
2706 898 2759 952 in
2780 898 2885 953 alio
2908 899 3029 954 loco
3060 917 3074 954 :
3099 897 3533 970 Ediﬁcabuntur

1932 990 2161 1044 civitates
2193 987 2349 1046 Iuda:
2371 1033 2386 1056 ,
2422 1000 2470 1046 et
2501 992 2830 1060 habitabant,
2858 1003 2905 1048 et
2934 993 3391 1049 commorabuntur
3417 995 3492 1050 ibi
3513 1042 3527 1066 ,

1928 1093 1978 1137 et
2005 1100 2175 1138 semen
2193 1100 2375 1139 eorum
2405 1086 2460 1139 in
2483 1095 2733 1140 teternum
2762 1086 3017 1157 dirigetur
3046 1086 3163 1158 (Ps.
3197 1101 3380 1153 vatn,
3411 1085 3529 1159 56).

1926 1174 2040 1232 Nos
2066 1184 2246 1233 autem
2274 1176 2467 1232 horum
2502 1177 2802 1249 perfectam
2833 1178 3117 1235 scientiam
3144 1224 3158 1246 ,
3196 1179 3292 1235 Dei
3325 1177 3529 1249 judicio

1925 1268 2329 1341 relinquentes,
2375 1270 2541 1325 immo
2581 1271 2786 1343 liquido
2827 1273 3156 1329 conﬁtentes
3197 1271 3307 1345 [ΑΙ.
3348 1269 3523 1326 conﬁ-

1924 1363 2159 1437 dentes],
2183 1374 2306 1435 post
2326 1366 2625 1422 secundum
2650 1367 2942 1423 adventum
2968 1367 3185 1424 Domini
3205 1364 3526 1430 Salvatoris,

1924 1458 2055 1514 nihil
2089 1458 2314 1526 humile,
2349 1459 2478 1516 nihil
2501 1462 2737 1516 futurum
2761 1476 2883 1518 esse
2906 1472 3211 1528 terrenum;
3236 1458 3332 1516 sed
3356 1471 3523 1528 regna

1922 1552 2165 1607 cmlcstia
2218 1568 2343 1623 qua:
2385 1553 2620 1623 primum
2665 1554 2715 1609 in
2764 1554 3057 1624 Evangelia
3116 1552 3525 1623 promittuntur,

1921 1644 2025 1702 hoc
2050 1646 2303 1715 dicimus,
2337 1648 2480 1718 quod
2530 1648 2580 1702 in
2614 1647 2875 1705 Ecclesia:
2920 1656 3092 1715 statu,
3138 1656 3333 1703 cuncta
3375 1660 3528 1701 com-

1920 1741 2063 1811 pleta
2095 1743 2223 1811 sint,
2252 1752 2308 1798 et
2328 1744 2572 1813 quotidie
2597 1744 2998 1815 compleantur.
3029 1742 3268 1800 Sodoma
3304 1740 3529 1797 reverti-

206 1812 376 1865 tinutn
418 1818 654 1880 statum,
684 1824 868 1885 portet
895 1817 1245 1887 ignominiam
1278 1831 1456 1882 suam,
1497 1826 1551 1871 et
1580 1817 1809 1872 confun-

1919 1844 2006 1891 tur
2036 1834 2089 1890 in
2120 1812 2401 1907 antiquum
2439 1847 2660 1904 statum,
2685 1812 2906 1909 quando
2936 1847 3142 1894 natum
3173 1852 3285 1893 suae
3313 1834 3524 1892 reddita

206 1904 385 1973 datur,
414 1918 474 1963 et
501 1909 798 1966 erubescat
822 1926 987 1982 super
1035 1912 1119 1966 his
1149 1928 1269 1981 qua:
1301 1922 1636 1983 peccaverat,
1671 1922 1725 1967 et
1756 1913 1809 1967 in

204 2000 463 2056 omnibus
490 2003 812 2060 cnnsoletur
841 2020 1065 2061 sorores
1090 2020 1237 2073 suas,
1261 2005 1386 2060 dum
1409 2006 1665 2077 graviora
1689 2020 1813 2061 sus-

206 2094 342 2147 tinet
368 2093 598 2163 (Jerem.
627 2095 727 2166 vr).
758 2096 853 2153 Vel
884 2106 1035 2154 certe
1067 2097 1190 2153 ideo
1220 2097 1580 2154 confundatur
1602 2107 1656 2151 et
1685 2112 1813 2152 eru-

206 2187 413 2253 bescat,
438 2190 570 2259 quia
598 2190 769 2246 Deum
793 2192 858 2246 ad
879 2192 1213 2248 iracundiam
1244 2194 1574 2264 provocarit.
1604 2193 1681 2249 Ex
1704 2208 1811 2265 quo

205 2282 559 2351 perspicuum
598 2293 703 2344 est.
740 2300 845 2337 non
898 2301 1018 2342 esse
1057 2289 1361 2343 naturalem
1394 2289 1524 2342 iram
1566 2286 1682 2355 Dei,
1714 2286 1809 2342 sed

206 2375 410 2429 nostris
463 2377 611 2432 vitiis
662 2378 1145 2435 clementissimum
1202 2391 1256 2436 ct
1311 2378 1807 2437 niansuetissimum

204 2468 378 2523 Deum
427 2471 494 2525 ad
530 2470 866 2528 iracundiam
908 2474 1213 2543 provocari,
1247 2474 1460 2529 dicente
1502 2472 1806 2543 Apostolo:

203 2563 285 2617 Au
311 2563 524 2618 divitias
555 2564 799 2622 bonitatis
829 2568 964 2635 eius,
990 2578 1036 2622 et
1062 2569 1475 2636 sustentationis,
1521 2577 1567 2621 et
1602 2567 1809 2638 patien-

206 2657 293 2710 tire
320 2660 608 2713 contemnis
640 2677 657 2712 :
688 2662 935 2734 ignorans
960 2663 1083 2734 quia
1113 2663 1313 2717 bonitas
1340 2660 1437 2716 Dei
1466 2662 1536 2716 ad
1560 2662 1811 2731 paeniten-

204 2750 333 2804 tiam
359 2758 407 2803 te
439 2761 682 2821 provocat
701 2754 726 2806 Σ)
767 2754 1068 2815 Secundum
1095 2754 1340 2808 duritiant
1370 2764 1538 2808 autem
1570 2764 1732 2821 tuam,
1764 2764 1810 2808 et

204 2841 532 2913 inptenitens
562 2861 670 2913 cor,
697 2846 1016 2903 thesaurisas
1057 2848 1146 2902 tibi
1173 2849 1305 2902 iram
1337 2847 1514 2919 (Rom.
1546 2863 1605 2913 ll,
1642 2850 1698 2915 4,
1725 2847 1807 2918 5),

206 2953 370 3008 quam
400 2940 549 2996 Deus
588 2944 917 3000 naturaliter
961 2961 1067 3001 non
1121 2945 1307 3002 habet.
1352 2944 1507 3001 Unde
1536 2953 1591 3000 ct
1620 2946 1671 3001 in
1703 2946 1808 3001 alio

208 3030 331 3087 Ioco
358 3036 628 3105 scriptum
651 3046 735 3093 est
758 3055 771 3092 :
804 3036 1042 3093 Emisisti
1072 3042 1203 3094 iram
1224 3050 1389 3106 tuam,
1413 3056 1527 3111 quw
1549 3040 1809 3094 decoravit

205 3142 291 3181 eos
320 3129 455 3184 sicut
480 3129 731 3202 stipulam
758 3129 954 3203 (Exod.
980 3149 1071 3201 xv,
1098 3134 1173 3205 7).
1206 3134 1361 3201 Quod
1385 3134 1529 3189 enim
1553 3132 1811 3202 conjunc-

1914 1929 2135 1999 gentilis
2165 1929 2337 1999 prius,
2369 1939 2423 1985 et
2462 1930 2626 1999 impia
2669 1931 2848 1986 anima
2900 1932 3150 2001 intelligit
3178 1929 3517 1986 Creatorem.

1917 2023 2158 2080 Samaria
2183 2026 2373 2094 recipit
2391 2025 2667 2096 antiquam
2694 2026 3105 2092 beatitudinem,
3134 2024 3517 2081 haereticorum

1915 2131 2106 2173 errore
2133 2127 2469 2190 contempto,
2498 2129 2553 2174 et
2577 2118 2767 2187 juncta
2795 2117 3057 2174 doctrinae
3077 2160 3092 2184 ,
3121 2126 3177 2173 et
3199 2117 3323 2172 ﬁdei
3366 2115 3522 2172 Chri-

1914 2209 2125 2265 stianae.
2156 2208 2404 2280 Cumque
2436 2211 2540 2266 illae
2567 2226 2801 2269 reversa:
2833 2210 3055 2279 fuerint,
3109 2220 3164 2266 et
3190 2209 3516 2279 Jerusalem,

1914 2303 2040 2357 visio
2070 2308 2236 2375 pacis,
2266 2321 2389 2375 quae
2419 2306 2807 2375 interpretatur
2834 2305 3099 2370 Ecclesia,
3126 2312 3433 2361 revertetur
3460 2303 3517 2359 in

1914 2394 2199 2466 pristinum
2228 2405 2448 2453 statum.
2485 2397 2560 2453 De
2595 2413 2698 2469 qua
2724 2400 2981 2468 scriptum
3014 2406 3100 2453 cst
3144 2416 3157 2452 :
3192 2395 3390 2452 Factus
3441 2404 3519 2452 est

1911 2488 1965 2542 in
1997 2506 2122 2555 pace
2143 2490 2287 2545 locus
2310 2494 2425 2564 ejus
2449 2490 2625 2563 (Psal.
2656 2507 2820 2557 Lxxv,
2848 2490 2906 2562 2)
2933 2508 2946 2555 ;
2971 2500 3027 2546 et
3055 2510 3067 2545 :
3094 2489 3383 2546 Jerusalem
3402 2504 3520 2561 qua

1912 2583 2204 2649 wdiﬁcatur
2241 2593 2296 2637 ut
2341 2584 2522 2638 civitas
2555 2601 2572 2637 :
2604 2586 2753 2655 cujus
2788 2583 3119 2656 participatio
3159 2588 3269 2655 ejus
3295 2584 3349 2638 in
3379 2582 3519 2655 idip—

1911 2692 2025 2730 sum
2054 2675 2171 2746 (Ps.
2213 2692 2370 2743 cxxr,
2398 2677 2453 2747 5)
2479 2694 2493 2743 ;
2534 2686 2589 2732 et
2620 2677 2672 2732 in
2698 2677 2959 2751 Apostolo
2994 2696 3008 2733 :
3042 2677 3171 2746 Qua:
3199 2685 3374 2730 autem
3399 2692 3517 2731 sur-

1910 2784 2026 2822 sum
2045 2776 2118 2823 est
2144 2766 2463 2835 Jerusalem,
2515 2767 2674 2824 libera
2720 2778 2814 2833 est,
2856 2785 2971 2839 qute
3008 2780 3085 2824 est
3126 2779 3291 2823 mater
3335 2775 3516 2822 nostra

1914 2859 2113 2932 (Galat.
2149 2877 2225 2928 tv,
2271 2862 2396 2934 25);
2442 2872 2498 2918 et
2545 2861 2598 2917 in
2643 2863 2834 2918 eodem
2870 2882 2881 2916 :
2919 2863 3217 2917 Accessistis
3257 2861 3327 2915 ad
3376 2860 3511 2917 Sion

1912 2960 2154 3019 montem,
2186 2961 2234 3005 et
2263 2953 2332 3007 ad
2359 2953 2615 3009 civitatem
2640 2952 2736 3006 Dei
2767 2954 2982 3008 viventis
3004 2952 3301 3008 Jerusalem
3327 2950 3509 3007 coeles-

1913 3054 2035 3111 tent,
2063 3054 2111 3099 et
2142 3044 2307 3100 millia
2333 3044 2635 3117 angelorum
2649 3046 2995 3117 frequentium
3013 3046 3121 3118 [Αι.
3143 3044 3511 3119 frequentiam]

1914 3135 2100 3204 (Hebr.
2146 3152 2221 3191 xu
2252 3182 2266 3206 ,
2313 3138 2427 3208 22).
2466 3138 2534 3193 Et
2581 3140 2873 3194 revertitur
2922 3155 3045 3194 cum
3100 3139 3309 3195 ﬁliabus
3360 3139 3512 3206 suis,

209 3229 321 3276 tum
366 3232 474 3290 est,
505 3233 563 3280 et
613 3226 665 3281 in
718 3241 828 3282 uno
877 3242 1108 3298 corpore
1152 3228 1488 3298 copulatum,
1524 3226 1665 3282 mitti
1700 3241 1804 3281 non
1834 3217 1879 3279 C
1911 3245 2031 3302 qure
2061 3230 2114 3285 in
2145 3239 2256 3285 toto
2284 3232 2417 3287 orbe
2447 3231 2707 3303 diSpersa:
2730 3242 2878 3288 sunt.
2933 3232 3007 3314 De
3052 3248 3159 3304 quo
3205 3232 3418 3303 plenius
3457 3231 3511 3288 in

207 3326 405 3386 potest,
441 3319 537 3374 sed
565 3320 700 3375 illud
724 3322 867 3392 quod
897 3333 1053 3378 extra
1071 3336 1272 3393 corpus
1293 3310 1396 3379 est.
1422 3321 1584 3378 Verbi
1610 3320 1807 3391 gratia,

210 3409 424 3477 lancea,
446 3414 646 3479 telum,
664 3417 878 3486 sagitta,
897 3418 1130 3488 gladius.
1147 3419 1466 3489 Legimuset
1486 3418 1538 3473 in
1569 3417 1810 3486 Evange-

208 3506 285 3563 lio
308 3508 535 3582 (Hatth.
555 3512 743 3581 1,15),
771 3512 1108 3569 tolerabilius
1134 3513 1248 3569 lore
1268 3524 1427 3569 terra:
1441 3511 1804 3570 Sodomorum

207 3600 262 3657 in
288 3603 377 3659 die
394 3605 613 3674 judieii,
647 3622 807 3677 quam
828 3608 877 3664 ei
906 3623 1026 3678 quae
1046 3610 1323 3679 apostolos
1350 3624 1457 3664 non
1487 3605 1775 3677 receperit.

274 3696 457 3766 (Vers.
490 3697 609 3767 55.)
643 3698 708 3754 Et
728 3716 873 3755 soror
899 3711 989 3755 tua
1021 3700 1249 3755 Sodoma
1272 3710 1318 3754 et
1353 3701 1478 3769 ﬁlia:
1496 3700 1613 3769 ejus
1636 3713 1803 3752 rever-

209 3799 377 3845 tentur
405 3792 476 3845 ad
501 3792 860 3864 antiquitatem
879 3812 1044 3849 suam.
1082 3793 1149 3847 Et
1184 3794 1447 3862 Samaria,
1475 3800 1521 3847 et
1540 3793 1663 3862 ﬁlice
1696 3794 1805 3863 ejus

206 3894 522 3939 revertentur
561 3886 630 3940 ad
669 3888 1026 3957 antiquitatem
1064 3904 1232 3942 suam.
1280 3886 1349 3941 Et
1389 3897 1443 3941 tu
1470 3894 1514 3940 et
1545 3884 1672 3955 ﬁlia:
1702 3894 1807 3939 tute

204 3978 530 4033 rerertemini
568 3978 680 4050 [ΑΙ.
710 3980 1043 4053 revertimini]
1069 3982 1136 4035 ad
1183 3982 1543 4051 antiquitatem
1565 3991 1801 4036 vestram.

205 4068 345 4126 LXX
372 4090 386 4125 :
415 4072 480 4126 Et
517 4090 664 4129 soror
695 4082 783 4129 tua
815 4075 1068 4140 Sodoma,
1103 4086 1150 4131 et
1187 4077 1311 4145 ﬁlia:
1333 4078 1445 4143 eius
1466 4078 1805 4131 restituentur

203 4166 333 4219 sicut
363 4169 575 4233 fuerant
608 4184 641 4221 a
666 4170 922 4241 principio
942 4187 960 4225 :
982 4180 1031 4225 et
1059 4170 1322 4235 Samaria,
1349 4178 1396 4223 et
1424 4170 1548 4240 filia:
1582 4171 1691 4240 ejus
1723 4186 1806 4224 re-

204 4259 484 4311 stituentur
504 4260 635 4312 sicut
654 4263 859 4330 fuerant
880 4278 913 4314 a
931 4262 1208 4332 principio.
1233 4259 1298 4314 Et
1321 4270 1374 4314 tu
1393 4271 1437 4314 et
1461 4260 1584 4328 ﬁlia:
1604 4269 1704 4314 tua:
1725 4277 1802 4314 re-

204 4350 491 4404 stituentini
519 4395 533 4417 ,
562 4353 696 4405 sicut
719 4353 894 4423 fuistis
922 4354 986 4407 ab
1010 4353 1180 4406 initio.
1209 4351 1379 4407 Judtei
1412 4351 1557 4406 inter
1575 4362 1803 4406 cmteras

205 4441 453 4507 fabulas,
495 4454 551 4499 et
602 4445 1037 4500 interminabiles
1071 4444 1456 4514 genealogias,
1504 4453 1558 4497 et
1603 4442 1805 4497 delira-

205 4547 386 4593 menta
413 4553 538 4608 quaz
567 4538 800 4609 ﬁngunt,
832 4540 995 4594 etiam
1025 4537 1129 4593 hoc
1158 4539 1451 4603 somniant,
1483 4539 1535 4591 in
1566 4536 1802 4592 adventu

1912 3324 2066 3381 Isaiae
2087 3325 2562 3395 explanationibus
2589 3325 2968 3382 disseruimus.

1982 3416 2165 3489 (Vers.
2187 3416 2256 3473 56
2278 3418 2459 3489 seqq.)
2491 3417 2615 3472 Non
2638 3419 2734 3488 fuit
2757 3429 2926 3472 autent
2965 3418 3196 3473 Sodoma
3233 3434 3382 3473 soror
3420 3427 3513 3473 tua

1908 3508 2092 3563 audita
2114 3510 2166 3563 in
2198 3525 2284 3564 ore
2314 3519 2403 3563 tuo
2433 3509 2487 3563 in
2519 3510 2602 3563 die
2631 3512 2883 3581 superbia:
2920 3519 3021 3564 tum
3054 3519 3327 3581 antequam
3366 3525 3511 3564 reve-

1909 3600 2109 3655 laretur
2138 3602 2339 3655 malitia
2377 3611 2487 3667 tua,
2531 3603 2664 3655 sicut
2702 3603 2797 3656 hoc
2826 3612 3053 3674 tempore
3097 3604 3149 3656 in
3178 3601 3512 3672 opprobrium

1909 3695 2140 3765 ﬁliarum
2172 3694 2364 3765 Syrite,
2409 3702 2456 3748 et
2486 3705 2787 3749 cunctarum
2814 3697 2864 3749 in
2894 3696 3113 3749 circuitu
3150 3704 3237 3749 tuo
3278 3694 3511 3765 filiarum

1910 3785 2334 3855 Pala’stinarum,
2384 3802 2500 3856 qua:
2552 3787 2784 3841 ambiunt
2834 3797 2883 3842 te
2943 3804 3036 3859 per
3084 3788 3269 3859 girum.
3331 3786 3511 3843 Scelus

1908 3888 2077 3946 tuum,
2110 3889 2158 3934 et
2199 3878 2536 3946 ignominiam
2570 3888 2711 3932 t.~am
2766 3891 2820 3933 tu
2870 3880 3112 3951 portasti,
3149 3880 3222 3933 ait
3256 3877 3511 3934 Dominus

1911 3971 2073 4029 Deus.
2113 3971 2258 4027 LXX
2285 3990 2298 4025 :
2336 3970 2456 4026 Nisi
2485 3973 2703 4044 fuissent
2751 3972 2981 4029 Sodoma
3007 3989 3154 4028 soror
3203 3983 3293 4028 tua
3319 3973 3387 4026 ad
3417 3990 3512 4028 au-

1910 4066 2155 4122 diendum
2184 4067 2237 4119 in
2277 4083 2364 4120 ore
2398 4075 2487 4120 tuo
2527 4070 2578 4121 in
2609 4067 2788 4121 diebus
2824 4068 3077 4140 superbire
3109 4078 3211 4122 tua:
3237 4077 3512 4139 antequam

1908 4159 2259 4213 revelarentur
2284 4159 2499 4213 malitia:
2516 4168 2639 4223 tum,
2664 4160 2795 4214 sicut
2814 4175 2949 4211 nunc
2970 4169 3041 4213 est
3065 4158 3294 4227 ﬁliarum
3318 4158 3510 4230 Syriis,

1909 4260 1957 4305 et
1987 4251 2089 4305 nisi
2114 4252 2211 4304 hoc
2232 4250 2433 4319 fuisset,
2457 4251 2581 4321 quid
2606 4253 2801 4323 factum
2833 4265 2961 4309 esset
2988 4251 3098 4316 tibi,
3136 4260 3181 4305 et
3204 4251 3431 4305 omnium
3457 4251 3511 4306 in

1910 4344 2122 4399 circuitu
2145 4352 2235 4397 tuo
2261 4343 2491 4413 filiarum
2512 4344 2944 4416 alienigenarum,
2972 4359 3087 4415 qua:
3112 4343 3436 4398 circumdant
3465 4352 3514 4397 te

1910 4454 2001 4507 per
2025 4436 2196 4509 girum
2215 4435 2241 4489 Ξ)
2266 4436 2550 4505 impietates
2580 4446 2716 4503 tuas,
2738 4445 2786 4490 et
2802 4437 3097 4507 iniquitates
3120 4446 3235 4490 tuas
3256 4444 3309 4490 tu
3337 4444 3512 4507 porta.

1909 4526 2268 4600 Symmachus
2333 4527 2474 4582 hunc
2540 4527 2715 4583 locum
2786 4528 2857 4581 ita
2926 4527 3316 4597 interpretatus
3388 4538 3511 4583 est:

204 4625 405 4683 ChriSIi
439 4630 548 4697 sui,
595 4608 758 4699 quem
809 4645 909 4685 nos
951 4631 1347 4686 Antichristum
1387 4630 1615 4694 scimus,
1664 4639 1719 4683 et
1747 4630 1800 4683 in

1915 4622 2069 4693 187
2096 4620 2231 4687 Quia
2260 4635 2363 4674 non
2386 4619 2487 4688 fuit
2515 4619 2744 4673 Sodoma
2769 4636 2918 4674 soror
2940 4630 3027 4674 tua
3050 4621 3102 4674 in
3131 4621 3313 4676 auditu
3339 4637 3431 4690 per
3457 4637 3513 4676 os

204 4722 348 4778 mille
378 4738 650 4780 annorum
692 4739 878 4796 regno,
916 4724 1206 4780 Sodomam
1237 4738 1359 4780 esse
1405 4725 1800 4780 restituendam

206 4814 255 4871 in
283 4817 571 4887 atitiqunm
599 4827 799 4873 statum
824 4862 838 4886 ,
874 4816 947 4873 ita
977 4830 1028 4872 ut
1072 4819 1142 4873 sit
1183 4819 1335 4888 quasi
1377 4817 1655 4888 paradisus
1684 4817 1802 4881 Dei,

203 4918 255 4963 et
271 4911 429 4980 quasi
462 4922 608 4966 terra
640 4909 896 4984 eEgypti;
929 4921 985 4967 et
1014 4911 1316 4968 Samariam
1352 4914 1631 4983 pristinam
1666 4912 1806 4968 reci-

204 5018 327 5073 pere
344 5002 686 5071 felicitatem,
716 5014 775 5060 ut
797 5005 866 5061 de
891 5005 1135 5078 Assyriis
1166 5014 1504 5061 revertantur
1525 5007 1575 5060 in
1608 5014 1802 5061 terram

204 5094 443 5150 Judaaam
476 5095 570 5166 (IV
596 5097 751 5168 Reg.,
784 5113 916 5164 xvn,
942 5098 1120 5169 xvm).
1149 5097 1404 5169 Legimus
1432 5097 1575 5153 enim
1614 5098 1800 5153 decem

206 5190 374 5245 tribus
413 5200 603 5261 captas
631 5206 662 5246 a
712 5192 870 5258 Phul,
921 5203 976 5249 et
1023 5192 1430 5255 Salmanassar,
1463 5202 1518 5247 et
1549 5191 1805 5263 Teglath-

208 5281 488 5350 phalassar
537 5283 755 5354 regibus
799 5282 1182 5355 Assyriorum,
1236 5293 1291 5337 et
1334 5298 1505 5353 usque
1540 5282 1701 5337 hodie
1731 5281 1803 5337 ibi

208 5390 323 5431 esse
348 5378 615 5448 captivas.
645 5376 949 5433 Jerusalem
971 5391 1186 5448 quoque
1217 5387 1342 5431 tunc
1379 5390 1500 5431 esse
1537 5374 1804 5430 fabrican-

210 5472 350 5536 dam,
377 5481 434 5528 et
453 5487 646 5528 omnes
672 5472 812 5528 ﬁlias
831 5473 969 5544 ejus,
991 5472 1155 5530 urbes
1183 5471 1454 5538 videlicet,
1489 5480 1544 5527 et
1572 5470 1799 5539 viculos,

210 5576 264 5621 et
281 5568 524 5634 castella,
556 5583 677 5638 quae
707 5569 811 5623 sub
839 5569 1009 5639 ipsius
1039 5568 1216 5623 futura
1245 5568 1356 5622 sint
1384 5574 1669 5638 potestate,
1703 5566 1798 5623 ﬁo-

211 5660 405 5717 rituras
432 5672 489 5717 ut
518 5663 667 5733 prius
692 5663 1013 5730 floruerunt,
1043 5673 1099 5719 et
1139 5663 1310 5734 ipsam
1338 5661 1638 5718 Jerusalem
1664 5677 1799 5717 auro

214 5763 263 5808 et
283 5766 507 5825 argento
528 5796 546 5822 ,
594 5767 651 5812 et
680 5755 932 5826 pretiosis
978 5756 1249 5827 lapidibus
1277 5756 1659 5811 exstruendam
1682 5799 1698 5821 ,
1730 5756 1799 5813 de

217 5861 315 5915 qua
348 5849 504 5921 186
531 5858 588 5908 et
613 5850 781 5906 Isaias
807 5849 1135 5907 vaticinetur
1183 5867 1196 5907 :
1248 5848 1569 5906 Constituam
1592 5851 1795 5921 judiccs

1906 4721 2051 4766 tuum
2072 4713 2128 4765 in
2157 4712 2239 4765 die
2266 4713 2522 4780 superbiat
2543 4721 2667 4777 tute,
2701 4722 2977 4784 antequam
3017 4715 3333 4770 revelaretur
3361 4716 3514 4788 igno-

1906 4806 2067 4860 minia
2097 4815 2209 4873 tua,
2241 4806 2375 4858 sicut
2404 4806 2458 4859 in
2484 4817 2712 4877 temmre
2738 4806 3006 4878 opprobrii
3036 4808 3271 4878 ﬁliarum
3302 4807 3507 4882 Syrite,

1907 4907 1953 4951 et
1976 4898 2207 4951 omnium
2235 4913 2352 4968 qua:
2393 4898 2444 4951 in
2485 4898 2705 4953 circuitu
2751 4908 2841 4952 tuo
2866 4910 2987 4953 sunt
3018 4900 3246 4969 filiarum
3278 4899 3517 4958 Paltcsti-

1908 5006 2115 5057 narum,
2170 5006 2284 5057 qua:
2327 5000 2375 5044 te
2414 4990 2642 5045 ambiunt
2694 5008 2787 5060 per
2814 5009 3021 5065 gyrum.
3061 4992 3247 5048 Scelus
3292 5004 3435 5048 tuum
3464 5004 3515 5048 et

1908 5084 2053 5153 nefas
2086 5095 2228 5138 tuum
2258 5094 2311 5138 tu
2344 5084 2590 5155 portabis.
2612 5085 2918 5142 Theodotio
2947 5088 3049 5142 hoc
3072 5088 3235 5143 modo
3268 5106 3280 5142 :
3314 5085 3382 5140 Et
3409 5102 3511 5142 non

1909 5188 2020 5234 erat
2047 5178 2276 5233 Sodoma
2296 5195 2443 5234 soror
2470 5188 2557 5233 tua
2580 5180 2633 5233 in
2660 5180 2847 5234 auditu
2869 5183 2973 5235 oris
3005 5182 3102 5246 tui,
3137 5182 3189 5235 in
3218 5182 3309 5234 die
3330 5195 3511 5249 super-

1908 5273 2005 5328 bia:
2032 5282 2153 5337 tute,
2184 5282 2459 5346 antequam
2487 5275 2799 5328 revelaretur
2821 5276 3022 5329 malitia
3055 5284 3143 5328 tua
3182 5291 3199 5328 :
3226 5273 3357 5327 sicut
3386 5282 3512 5326 tem-

1907 5384 2003 5441 pus
2020 5368 2291 5440 approbrii
2310 5369 2540 5435 ﬁliarum
2568 5368 2759 5441 Syriw,
2793 5379 2840 5423 et
2868 5369 3095 5423 omnium
3126 5383 3217 5437 per
3235 5366 3509 5420 circuitum

1906 5466 2020 5535 ejus
2046 5463 2274 5531 ﬁliarum
2305 5463 2741 5536 alienigenarum,
2775 5480 2891 5535 qua:
2919 5462 3284 5516 abominantur
3329 5468 3377 5514 te
3418 5476 3509 5529 per

1905 5574 2115 5629 gyrum.
2149 5555 2570 5613 Fornicationem
2596 5568 2760 5625 tuam,
2789 5567 2837 5612 et
2868 5556 3333 5612 contaminationes
3362 5567 3508 5625 tuas,

1903 5658 1960 5703 tu
1993 5652 2252 5719 portasti,
2298 5652 2425 5706 dicit
2471 5651 2677 5706 Adonai
2714 5651 2988 5706 Dominus.
3040 5649 3272 5706 Editioni
3301 5649 3511 5722 Aquila:

1902 5742 2154 5811 congruit
2185 5751 2373 5798 nostra
2407 5743 2728 5809 translatio;
2760 5758 2897 5815 quas
2922 5758 3114 5800 omnes
3140 5744 3317 5816 posui,
3351 5750 3411 5798 ut
3439 5758 3508 5800 ex

1901 5836 2193 5896 collatione
2221 5847 2539 5895 cunctarum
2566 5879 2581 5907 ,
2610 5838 2845 5910 alicujus
2874 5854 3070 5899 sensus
3103 5838 3379 5913 possimus
3414 5854 3505 5894 re-
