4018 6322
468 318 575 375 959

1725 314 1787 370 8.
1827 310 2099 372 EUSEBII
2138 310 2520 373 MERONYMI

3658 317 3764 377 ιω

468 438 646 511 perire
679 436 982 507 vestigium,
1026 440 1083 488 et
1112 433 1330 489 interim
1362 434 1567 505 absque
1597 433 1825 489 aliorum
1861 435 2061 504 prteju—
2093 432 2145 494 Α
2172 436 2312 504 pacti
2342 436 2467 502 mei,
2495 436 2639 507 quod
2669 436 2801 491 olim
2835 442 3009 493 tecum
3035 437 3218 495 habui.
3254 439 3319 494 Et
3348 439 3623 496 suscitabo
3663 440 3761 497 tibi

465 533 626 596 dicio,
656 532 736 585 sic
758 530 912 583 nobis
934 526 1152 581 videtur
1182 524 1431 581 lectionis
1461 526 1597 581 ardo
1627 526 1936 583 reddendus
1967 544 1980 581 :
2008 527 2065 581 lu

470 626 661 681 diebus
692 621 968 690 superbia:
1000 630 1104 672 tute
1126 660 1141 685 ,
1174 619 1392 688 quando
1430 621 1712 688 peccabat,
1742 632 1848 673 non
1879 634 1938 674 es
1984 633 2070 675 re-

471 716 693 772 cordata
726 712 1028 769 eversionis
1059 712 1310 768 Sodoma:
1348 713 1557 767 sororis
1599 721 1723 780 tuae,
1774 721 2067 781 antequam

2169 536 2405 599 pactum,
2441 542 2781 599 nequaquam
2810 530 2967 601 Legis
3008 533 3149 604 quod
3182 536 3463 602 przeteriit,
3494 535 3589 590 sed
3636 549 3767 605 pse-

2169 629 2280 676 tum
2340 622 2616 693 Evangelii
2657 623 3046 694 sempiternum
3101 642 3115 679 :
3177 634 3234 680 ut
3288 641 3411 681 cum
3477 626 3764 683 recordata

2170 716 2335 772 fueris
2365 718 2570 773 viarum
2596 725 2832 783 tuarum,
2862 726 2919 774 et
2943 720 3213 789 receperis
3243 734 3462 775 sorores
3493 730 3610 775 tuas
3650 735 3767 775 ma-

472 815 681 881 pateret
710 807 915 861 malitia
938 815 1051 872 tua,
1077 821 1197 877 quae
1231 806 1333 861 ltoc
1362 813 1608 875 tempore
1634 804 1869 860 revelata
1902 815 1984 861 est
2012 805 2069 861 in
2167 810 2336 880 jores,
2364 811 2449 865 vel
2482 810 2721 866 minores
2750 811 3052 867 Samariam
3080 821 3133 867 et
3158 812 3446 870 Sodomam
3471 827 3770 885 earumque

472 913 703 965 tantum,
736 910 793 957 ut
818 902 1033 956 cunctis
1064 900 1287 955 urbibus
1331 898 1504 971 Syriae
1531 909 1586 954 et
1616 899 1924 954 Palaestinae
1951 913 2089 969 qum.

474 998 529 1053 in
553 995 783 1051 circuitu
813 1005 905 1049 tuo
944 1004 1091 1058 sunt,
1135 993 1297 1048 lieres
1325 992 1700 1063 opprobrium.
1746 992 1884 1061 Quia
1914 993 2075 1063 igitur

473 1091 650 1146 vicisti
700 1090 994 1145 insectere
1037 1103 1279 1143 sororem
1331 1098 1504 1155 tuam,
1547 1102 1646 1143 nec
1671 1087 1790 1159 ejus
1824 1089 2077 1160 exemplo

478 1185 665 1239 territa
699 1198 779 1249 es,
814 1198 882 1237 ne
912 1183 1114 1237 similia
1162 1181 1482 1245 sustineres,
1530 1189 1585 1235 et
1633 1180 1953 1251 proltiberes
1983 1196 2077 1252 pe-

482 1280 605 1335 dem
643 1290 790 1333 tuum
826 1298 837 1332 :
873 1293 1014 1331 nunc
1045 1283 1226 1331 autem
1257 1275 1497 1331 revelata
1526 1283 1612 1330 est
1638 1274 1933 1345 ignominia
1960 1282 2071 1343 tua,

484 1371 576 1427 Dei
628 1370 873 1426 ausculta
916 1370 1261 1424 sententiam.
1312 1367 1407 1423 Vel
1457 1377 1608 1440 parta
1645 1367 1804 1437 juxta
1850 1366 2080 1436 Septua-

480 1468 624 1537 ginta
649 1484 661 1521 :
689 1466 771 1519 vel
798 1466 1039 1535 partasti,
1062 1465 1209 1534 juxta
1238 1464 1510 1535 Aquilam,
1532 1472 1587 1518 et
1605 1462 2035 1519 Theodotionem
2062 1480 2076 1519 :

480 1560 565 1615 vel
601 1568 870 1629 portatura
901 1577 970 1625 es,
996 1559 1145 1628 juxta
1188 1558 1596 1631 Symmachum,
1638 1559 1815 1613 scelus
1844 1568 1897 1612 et
1930 1560 2082 1628 igno-

485 1652 702 1705 miniam
738 1661 903 1711 tuam.
930 1659 1284 1721 utpo\tquant
1309 1665 1498 1719 poenas
1525 1666 1622 1719 pro
1652 1651 1942 1719 sacrilegio
1962 1666 2082 1706 sus-

488 1744 732 1811 tinueris,
763 1744 977 1799 veniam
1007 1759 1113 1798 non
1144 1759 1209 1797 ex
1245 1751 1404 1813 pacto
1434 1753 1547 1807 tuo,
1577 1742 1674 1798 sed
1715 1758 1780 1797 ex
1814 1758 1933 1798 mea
1973 1743 2083 1798 ele-

2173 904 2370 971 sncias,
2405 903 2635 960 tribuam
2669 904 2761 959 tibi
2794 912 2886 959 eas
2910 906 2963 961 in
2988 905 3145 971 tilias,
3172 906 3286 961 sive
3306 907 3356 960 in
3383 907 3769 977 probationem

2173 997 2396 1069 (oportet
2418 997 2551 1050 enim
2575 997 2617 1069 (1
2636 996 2756 1051 Cor.
2779 1013 2854 1066 χι,
2878 996 2968 1069 19)
2993 1006 3039 1052 et
3062 998 3283 1053 htcreses
3310 1012 3439 1064 esse,
3476 1008 3533 1052 ut
3562 998 3770 1070 probati

2176 1092 2366 1163 quique
2387 1090 2646 1161 manifesti
2667 1090 2843 1160 ﬁant),
2869 1105 2974 1144 non
2998 1104 3062 1145 ex
3090 1100 3185 1145 tuo
3205 1091 3419 1160 merito,
3439 1090 3532 1145 sed
3560 1105 3625 1145 ex
3649 1104 3771 1147 mea

2178 1184 2577 1247 misericordia,
2609 1192 2659 1238 et
2685 1192 2812 1239 tunc
2836 1184 2978 1241 scias
2995 1185 3136 1254 quod
3155 1199 3261 1256 ego
3282 1184 3383 1240 sim
3404 1184 3693 1252 Dominus;
3714 1192 3773 1242 et

2178 1276 2480 1332 recorderis
2501 1276 2886 1334 beneficiorum
2935 1292 3203 1347 meorum,
3231 1288 3286 1335 et
3307 1278 3680 1347 confundaris,
3714 1287 3775 1336 et

2179 1372 2498 1443 dicasjuxta
2532 1372 2849 1440 Apostolum
2887 1389 2901 1429 :
2943 1372 3046 1439 Qui
3078 1389 3181 1427 non
3220 1389 3331 1428 sum
3367 1374 3557 1445 dignus
3596 1358 3774 1431 uocari

2184 1464 2457 1538 Apostolus
2486 1482 2505 1520 :
2526 1465 2645 1536 quia
2678 1475 2973 1536 persecutus
3000 1480 3113 1520 sum
3142 1464 3433 1521 Ecclesium
3460 1464 3557 1519 Dei
3579 1466 3618 1537 (Ι
3645 1466 3771 1522 Cor.

2182 1559 2367 1630 xv,9).
2396 1558 2461 1614 Et
2486 1576 2591 1615 non
2616 1559 2687 1615 sit
2706 1560 2802 1615 tibi
2831 1558 2971 1614 ultra
2995 1562 3210 1630 aperire
3225 1574 3288 1615 os
3311 1575 3421 1630 pra:
3448 1559 3777 1615 confusione

2184 1664 2295 1708 tua.
2324 1654 2644 1710 Sanctorum
2673 1654 2819 1710 enim
2850 1663 2934 1709 est
2958 1655 3172 1724 aperire
3192 1668 3254 1709 os
3276 1654 3422 1724 juxta
3454 1654 3612 1725 189
3636 1654 3779 1724 Apo-

2186 1747 2383 1802 stolum
2425 1749 2514 1815 qui
2546 1750 2621 1804 ait
2661 1767 2675 1804 :
2711 1750 2782 1803 0s
2805 1764 2973 1804 meum
3014 1749 3085 1802 ad
3121 1765 3207 1803 cas
3256 1758 3420 1821 patet,
3466 1764 3496 1802 0
3524 1747 3786 1804 Corinthii

487 1840 686 1894 mantia
716 1839 1086 1908 consequaris.
1118 1838 1273 1909 Syria
1323 1837 1557 1893 Hebraeo
1585 1852 1840 1893 sermone
1882 1838 2081 1893 dicitttr
2115 1826 2157 1885 Β
2187 1839 2254 1913 (ll
2282 1839 2402 1896 Cor.
2426 1856 2502 1907 vt,
2536 1841 2628 1912 Η)
2669 1858 2682 1895 :
2711 1852 2764 1898 et
2792 1842 3004 1897 Domini
3036 1841 3364 1912 Salvatoris,
3406 1840 3499 1912 qui
3529 1841 3784 1911 aperiens

482 1949 622 1988 sntit
656 1933 843 2003 (:nu).
870 1948 991 2002 quae
1025 1933 1433 2000 interpretatur,
1468 1931 1780 1986 sublimitas.
1822 1931 1889 1986 Et
1926 1931 2080 2001 juxta

482 2027 920 2095 explanationem
982 2026 1127 2081 illius
1174 2025 1277 2080 loci
1324 2025 1479 2080 Isaia:
1529 2024 1836 2095 prophetas,
1880 2026 1935 2079 in
1974 2039 2081 2096 quo

483 2120 671 2189 Aram,
707 2128 763 2174 et
807 2119 1064 2189 Ephraim
1115 2122 1463 2193 concutiunt
1511 2129 1695 2175 contra
1745 2119 1977 2185 Judam,
2025 2129 2081 2175 et

483 2213 808 2280 Jerusalem,
840 2212 1184 2270 ethnicorum
1212 2224 1399 2286 arguta
1428 2214 1718 2285 sapientia,
1743 2221 1800 2269 et
1823 2228 1942 2285 quae
1974 2213 2081 2269 sibi

483 2307 872 2362 sublimitatem
920 2307 1162 2362 scientias
1215 2308 1576 2377 repromittat,
1618 2307 1805 2377 juncta
1859 2305 2082 2361 malitia;

486 2400 889 2465 hmreticorum,
916 2400 1193 2470 impugnat
1214 2400 1428 2467 ludam,
1454 2400 1506 2454 in
1536 2416 1641 2469 quo
1662 2414 1790 2455 vera
1810 2398 2083 2455 confessio

486 2501 590 2559 est,
614 2501 667 2548 et
693 2508 799 2548 non
829 2502 1009 2563 potest
1035 2494 1353 2565 praevalere.
1396 2495 1491 2549 llic
1528 2508 1744 2565 quoque
1772 2493 1965 2548 eadem
1995 2507 2084 2547 ar-

483 2588 727 2659 rogantia
776 2586 971 2658 Syriae,
1006 2587 1059 2642 id
1092 2596 1197 2653 est,
1231 2588 1680 2658 philosophorum
1709 2601 1831 2642 eum
1865 2586 2083 2641 ﬁliabus

486 2682 909 2752 alienigenarum
940 2724 954 2747 ,
988 2682 1039 2735 iu
1070 2682 1263 2753 quibus
1306 2680 1589 2751 multiplex
1631 2681 1972 2736 diversorum
2025 2680 2081 2735 in

482 2777 736 2847 gentibus
756 2775 1069 2846 dogmatum
1095 2790 1251 2831 error
1281 2774 1605 2844 ostenditur,
1649 2773 1832 2828 illudit
1858 2774 2083 2829 Jerusa-

482 2869 611 2933 lem,
629 2880 680 2924 et
698 2869 991 2940 opprobrio
1015 2869 1178 2924 liabet
1194 2884 1335 2935 eam,
1361 2869 1516 2940 cujus
1535 2868 1685 2924 vitiis
1703 2877 1954 2939 superata
1976 2878 2080 2924 est.

558 2965 741 3033 (Vers.
806 2966 874 3021 59
903 2967 1088 3037 seqq.)
1140 2969 1298 3040 188
1337 2966 1471 3035 Quia
1516 2967 1627 3023 lucc
1660 2965 1786 3021 dicit
1830 2966 2085 3022 Dominus

489 3059 627 3114 Deus
659 3077 678 3115 :
710 3060 772 3114 Et
802 3062 989 3131 faciam
1020 3061 1111 3115 tibi
1144 3064 1275 3115 sicut
1305 3062 1584 3133 despexisti
1617 3066 1996 3136 juramcntum,
2031 3071 2087 3117 ut

486 3154 685 3207 irritum
718 3158 910 3226 faceres
945 3167 1171 3225 pactum.
1224 3153 1292 3208 Et
1330 3155 1641 3209 recordabar
1678 3172 1770 3226 ego
1802 3156 1939 3223 pacti
1984 3156 2084 3209 mei

486 3258 651 3300 tecum
698 3248 751 3301 in
797 3247 972 3301 diebus
1010 3247 1367 3303 adolescentia:
1407 3257 1508 3303 tua?

490 3352 692 3411 pactum
721 3344 1105 3412 sempiternum.
1146 3343 1211 3396 Et
1241 3344 1587 3398 recordaberis
1608 3344 1805 3397 viarum
1837 3353 2044 3397 tuarum
2067 3382 2083 3410 ,

485 3445 532 3489 et
556 3436 885 3501 conftmderis
914 3453 1027 3491 cum
1047 3439 1294 3507 receperis
1318 3452 1519 3493 sorores
1537 3448 1651 3492 tuas
1676 3447 1837 3492 tecum
1864 3439 2087 3507 majores

487 3543 600 3581 cum
626 3529 904 3583 minoribus
936 3531 1035 3583 tuis
1070 3539 1155 3583 :et
1181 3529 1313 3583 dabo
1343 3531 1435 3583 tibi
1466 3547 1550 3585 eas
1591 3532 1641 3583 in
1666 3530 1831 3599 filias,
1858 3529 1949 3584 sed
1985 3544 2087 3583 non

486 3639 549 3677 ea:
572 3632 722 3691 pacto
749 3633 855 3677 tuo.
892 3621 956 3675 Et
986 3624 1243 3677 suscitabo
1276 3631 1300 3660 ⁸
1336 3624 1429 3678 tibi
1454 3633 1660 3691 pactum
1694 3638 1863 3677 meum
1888 3632 2085 3687 tecum,

486 3724 533 3769 et
555 3716 681 3769 scies
703 3718 825 3786 quia
841 3732 931 3787 ego
952 3713 1226 3783 Dominus,
1254 3725 1306 3769 ut
1329 3717 1630 3779 recorderis,
1652 3726 1699 3770 et
1728 3714 2087 3787 confundaris,

489 3814 535 3860 et
575 3822 677 3861 non
724 3808 789 3860 sit
833 3807 923 3861 tibi
952 3808 1085 3862 ultra
1115 3810 1314 3881 aperire
1362 3824 1419 3863 os
1473 3824 1582 3878 pl’tL'
1621 3807 1922 3878 confusione
1953 3816 2041 3862 tua
2071 3822 2091 3863 :

490 3916 605 3954 cum
634 3901 869 3970 placatus
894 3902 1037 3972 fuero
1064 3901 1154 3956 tibi
1182 3903 1237 3956 in
1259 3901 1497 3956 omnibus
1526 3917 1639 3971 quia
1661 3902 1852 3972 fecisti,
1883 3902 1954 3955 ait
1984 3899 2090 3955 Do-

488 3995 658 4048 minus
698 3993 858 4049 Deus.
894 3994 1036 4049 LXX
1070 4013 1082 4049 :
1122 3994 1250 4049 Hcec
1294 3996 1416 4048 dicit
1445 3992 1650 4047 Adanai
1698 3993 1951 4048 Dominus
1982 3991 2092 4047 :Et

489 4088 679 4158 faciant
711 4087 762 4141 in
794 4096 840 4141 te
869 4089 1000 4141 sicut
1027 4087 1223 4157 fecisti,
1253 4087 1381 4140 sicut
1412 4086 1691 4153 desperisti
1721 4085 1849 4147 hare,
1877 4092 1932 4139 ut
1958 4101 2093 4155 prcc-

489 4182 667 4236 terires
704 4190 1065 4235 testamentum
1094 4197 1281 4235 meum.
1318 4179 1385 4234 Et
1426 4178 1735 4234 recordabar
1796 4196 1887 4251 ego
1937 4187 2091 4234 testa-

496 4274 656 4328 menti
687 4275 806 4340 mei,
835 4274 975 4346 quod
998 4275 1093 4344 feci
1118 4282 1281 4327 tecum
1308 4273 1361 4325 in
1386 4272 1564 4326 diebus
1594 4270 1949 4326 adolescentia!
1967 4279 2089 4337 tute,

494 4376 542 4421 et
570 4365 829 4421 suscitabo
859 4367 945 4420 tibi
970 4375 1331 4419 testamentum
1356 4366 1738 4436 sempiternum,
1777 4372 1824 4417 et
1851 4364 2094 4417 recorda-

495 4460 629 4514 beris
655 4462 747 4513 uite
770 4470 889 4528 tum,
922 4469 969 4514 et
991 4458 1288 4528 despicieris
1319 4475 1434 4513 cum
1466 4459 1717 4529 receperis
1748 4472 1947 4512 sorores
1977 4468 2093 4512 tuas

494 4564 542 4607 te
572 4557 791 4626 majores
820 4569 934 4606 cum
956 4553 1256 4626 junioribus
1281 4552 1407 4619 tuis,
1437 4562 1483 4606 et
1513 4551 1648 4606 dabo
1676 4567 1762 4605 eas
1791 4551 1882 4606 tibi
1902 4551 1953 4604 in
1971 4567 2093 4623 pro-

1554 3266 1571 3304 :
1610 3257 1657 3303 et
1696 3249 1952 3304 suscitabo
1994 3248 2085 3303 tibi
2111 3226 2156 3289 Ο

2185 1948 2245 1988 os
2264 1948 2443 2000 suum,
2467 1934 2701 1989 docebat
2722 1946 2817 1989 eos
2834 1933 3050 2005 (Matth.
3085 1934 3159 2004 v),
3185 1932 3371 1989 dicens
3393 1941 3447 1989 et
3467 1933 3519 1988 in
3537 1934 3786 2004 psalmo:

2185 2027 2449 2099 Aperiunt,
2475 2027 2671 2098 inquit,
2704 2029 2756 2082 in
2780 2028 3041 2098 parabolis
3071 2044 3127 2083 as
3148 2044 3315 2082 meum
3334 2027 3453 2100 (Ps.
3481 2028 3783 2099 ιιχγιι,2).

2185 2120 2468 2176 Peccatori
2492 2131 2671 2176 autem
2691 2120 2892 2176 dicitur
2912 2139 2925 2176 :
2946 2121 3184 2176 Peccasti
3204 2136 3222 2176 :
3243 2123 3448 2191 quiesce
3462 2120 3664 2191 (Gener.
3682 2122 3785 2191 tr).

2189 2214 2297 2270 Et:
2347 2213 2416 2269 Ut
2456 2214 2580 2283 quid
2626 2226 2679 2268 tu
2720 2215 2939 2269 assumis
2973 2224 3332 2268 testamentum
3384 2228 3551 2268 meum
3601 2230 3691 2283 per
3730 2230 3792 2268 as

2187 2320 2330 2362 tuum
2360 2307 2479 2382 (Ps.
2505 2324 2663 2375 xux,
2695 2308 2826 2379 ili)?
2856 2308 2952 2363 Et:
2979 2307 3103 2363 Non
3128 2316 3201 2362 est
3230 2306 3449 2377 pulchra
3472 2307 3708 2362 laudatio
3733 2308 3791 2363 in

2186 2419 2273 2456 ore
2299 2402 2585 2475 peccatoris
2633 2400 2825 2472 (Eccli.
2876 2416 2965 2469 xv,
3023 2401 3103 2471 9).
3155 2400 3501 2471 Sanctusque
3551 2407 3795 2456 meretur

2186 2496 2372 2552 audire
2404 2515 2416 2553 :
2441 2497 2593 2567 Aperi
2619 2512 2676 2551 as
2705 2506 2868 2561 tuum,
2890 2506 2937 2550 et
2953 2492 3461 2568 implebaillud(Ps.
3489 2511 3650 2560 Lxxx,
3672 2494 3791 2567 ll).

2189 2591 2265 2646 Ex
2296 2606 2406 2662 quo
2432 2588 2822 2659 intelligimus,
2853 2590 3014 2644 etiam
3052 2603 3173 2643 cum
3216 2603 3313 2659 per
3350 2588 3789 2644 misericordiam

2190 2683 2284 2739 Dei
2314 2684 2682 2753 receperimus
2717 2682 2997 2753 pristinam
3022 2680 3281 2753 gloriam,
3308 2682 3473 2737 immo
3516 2681 3793 2751 acceperi-

2190 2793 2308 2831 mus
2341 2785 2554 2849 pactum
2585 2776 2860 2847 Evangelii
2887 2775 3301 2846 sempiternum,
3355 2782 3638 2845 postquam
3675 2773 3798 2844 pla-

2188 2881 2341 2925 catus
2368 2870 2531 2925 fuerit
2566 2869 2723 2926 nobis
2749 2869 3007 2925 Dominus
3040 2869 3090 2923 in
3115 2867 3365 2923 omnibus
3383 2882 3504 2936 qua:
3533 2866 3789 2935 fecimus,

2191 2964 2504 3020 memoriam
2554 2963 2812 3033 praeteriti
2845 2977 2943 3017 nos
2978 2962 3178 3017 habere
3206 2962 3436 3032 peccati,
3480 2968 3535 3015 et
3573 2973 3799 3030 semper

2190 3073 2252 3114 os
2281 3055 2560 3125 claudere,
2593 3056 2718 3126 quia
2759 3069 2867 3111 non
2897 3069 2962 3110 ex
3015 3054 3271 3126 operibus
3315 3054 3538 3121 nostris,
3578 3053 3674 3109 sed
3720 3066 3794 3108 ex

2196 3150 2287 3208 Dei
2311 3149 2481 3221 gratia
2504 3148 2695 3204 salvati
2720 3163 2929 3204 sumus.

2259 3242 2413 3312 (Cap.
2446 3241 2608 3299 XVII.
2641 3242 2889 3298 —Vers.
2925 3240 3156 3311 lseqq.)
3199 3240 3265 3294 Et
3292 3242 3490 3310 factum
3540 3248 3615 3294 est
3668 3254 3784 3292 ver—

2192 3334 2308 3389 bum
2342 3334 2551 3388 Domini
2601 3333 2669 3386 ad
2712 3349 2812 3403 me,
2846 3333 3063 3387 dicens:
3095 3330 3204 3385 Fili
3254 3332 3506 3399 hominis,
3557 3345 3799 3402 propone

2189 3429 2429 3500 aenigma,
2461 3444 2619 3482 narra
2644 3425 2945 3499 parabolam
2968 3426 3036 3479 ad
3063 3426 3277 3479 domum
3306 3423 3495 3491 Israel,
3524 3433 3571 3479 et
3596 3424 3737 3477 dices
3773 3437 3797 3477 :

2196 3522 2320 3578 Htec
2342 3523 2467 3576 dicit
2490 3519 2742 3575 Dominus
2770 3520 2912 3574 Deus
2942 3536 2962 3573 :
2991 3517 3178 3590 Aquila
3225 3520 3439 3589 grandis
3482 3531 3796 3588 magnarum

2192 3618 2411 3682 alarum,
2444 3617 2599 3686 longa
2626 3614 2964 3669 membrorum
2994 3618 3177 3676 ductu,
3230 3615 3382 3681 plena
3412 3612 3601 3685 plumis
3628 3620 3674 3665 et
3702 3626 3798 3665 va-

2192 3712 2369 3765 rietate
2390 3710 2524 3764 venit
2555 3708 2623 3761 ad
2650 3708 2924 3773 Libanum,
2941 3716 2988 3761 et
3004 3708 3119 3760 tulit
3145 3704 3425 3761 medullam
3442 3705 3603 3760 cedri.
3628 3704 3793 3759 Sum-

2194 3804 2421 3856 mitatent
2452 3800 2722 3872 frondium
2762 3800 2876 3871 ejus
2906 3798 3095 3862 euellit,
3119 3807 3166 3851 et
3195 3796 3570 3866 transportavit
3596 3810 3708 3848 eam
3736 3794 3796 3849 its

2195 3904 2381 3949 terram
2405 3891 2671 3956 Chanaan,
2701 3892 2754 3945 in
2778 3891 2900 3944 urbe
2930 3892 3304 3961 negotiatorum
3333 3889 3503 3958 posuit
3528 3889 3699 3942 illam.
3723 3885 3799 3942 Et

2196 3988 2310 4041 tulit
2336 3986 2400 4040 de
2412 3987 2605 4039 semine
2627 3995 2795 4049 terrte,
2821 3992 2866 4038 et
2894 3985 3063 4055 posuit
3090 3984 3223 4037 illud
3254 3983 3307 4036 in
3339 3992 3471 4036 terra
3489 3998 3581 4052 pro
3600 3981 3802 4035 semina

2198 4092 2252 4134 ut
2287 4082 2517 4151 firmaret
2572 4080 2775 4134 radices
2824 4095 2980 4149 super
3007 4094 3170 4149 aquas
3196 4078 3409 4142 multas,
3438 4078 3491 4130 in
3518 4074 3799 4144 superﬁcie

2196 4176 2367 4245 posuit
2394 4172 2546 4227 illud.
2573 4172 2801 4243 Cumque
2824 4173 3180 4243 germinasset,
3212 4173 3365 4225 creuit
3394 4173 3451 4223 in
3488 4170 3688 4223 uincam
3714 4169 3801 4223 tuo

2196 4269 2377 4321 tiorem
2401 4264 2587 4319 humili
2614 4272 2815 4318 statura
2836 4279 2855 4318 :
2884 4262 3270 4335 respicientibus
3285 4262 3444 4315 ramis
3464 4263 3577 4333 ejus
3602 4259 3800 4314 adeam

2197 4370 2243 4413 et
2272 4359 2470 4411 radices
2509 4360 2623 4430 ejus
2663 4355 2757 4410 sub
2778 4356 2874 4409 illa
2898 4363 3068 4409 erant.
3096 4352 3259 4407 Facta
3280 4363 3349 4408 est
3383 4367 3501 4423 ergo
3545 4352 3715 4418 uinea,
3743 4358 3797 4405 es

2197 4452 2527 4525 fructificavit
2576 4451 2627 4503 in
2656 4448 2928 4523 palmites,
2963 4457 3007 4503 et
3040 4448 3204 4502 emisit
3242 4447 3571 4519 propagines.
3604 4443 3746 4498 LXX
3775 4459 3793 4497 :

2202 4546 2266 4601 Et
2294 4548 2461 4617 factus
2488 4553 2562 4597 est
2589 4558 2754 4597 sermo
2778 4540 2987 4595 Domini
3010 4539 3075 4593 ad
3103 4556 3200 4606 me,
3225 4540 3441 4611 dicens:
3472 4535 3581 4591 Fili
3627 4537 3799 4590 hami-

493 4647 778 4713 bationent,
812 4657 861 4701 et
906 4664 1004 4701 nan
1051 4663 1113 4701 ex
1146 4656 1447 4702 testamenta
1474 4658 1579 4714 tua,
1624 4656 1673 4701 et
1708 4646 1965 4701 suscitabo
1994 4662 2084 4716 ego

2200 4642 2301 4703 nis,
2334 4654 2493 4692 narra
2546 4636 2914 4699 narrationem,
2956 4643 3006 4688 et
3035 4634 3120 4687 dic
3146 4631 3451 4705 parabolam
3485 4631 3553 4683 ad
3582 4629 3797 4683 domum

489 4746 847 4793 testamentum
878 4757 1045 4794 meum
1080 4750 1265 4807 tecum,
1295 4753 1345 4797 et
1382 4756 1657 4813 cognosces
1685 4741 1809 4812 quia
1844 4756 1934 4811 ego
1974 4738 2090 4794 Do-

494 4832 666 4884 minus
696 4848 713 4887 :
738 4843 791 4887 ut
822 4834 1130 4900 recorderis,
1178 4843 1226 4888 et
1267 4833 1624 4905 confundaris,
1671 4842 1717 4887 et
1760 4850 1861 4887 non
1899 4835 1963 4887 sit
2000 4832 2095 4888 tibi

488 4923 628 4977 ultra
653 4926 855 4994 aperire
888 4942 942 4979 as
974 4943 1004 4979 a
1036 4927 1171 4995 facie
1193 4926 1491 4999 ignominiw
1516 4938 1616 4980 tua!
1641 4969 1654 4992 ,
1691 4941 1805 4979 cum
1837 4925 2093 4994 propitius

490 5020 634 5087 fuero
659 5018 747 5072 tibi
761 5022 915 5089 juxta
938 5020 1109 5073 omnia
1131 5036 1248 5091 qtae
1279 5019 1465 5091 fecisti,
1494 5019 1616 5072 dicit
1646 5017 1899 5072 Dominus
1932 5015 2089 5072 Deus.

494 5111 621 5166 ltleo
653 5113 748 5168 tibi
780 5114 892 5168 dixi
927 5131 939 5168 :
995 5116 1170 5169 scelus
1200 5123 1347 5169 tuum
1376 5124 1429 5169 et
1477 5114 1824 5185 ignominiam
1864 5123 2008 5168 tuam
2036 5120 2091 5168 tu

492 5216 666 5277 porta,
705 5210 820 5265 sive
863 5212 1113 5281 portasti,
1163 5220 1253 5266 aut
1297 5218 1579 5281 portatura
1624 5225 1705 5276 es,
1757 5219 1816 5264 ut
1862 5210 2092 5279 recipias

488 5306 627 5375 quod
650 5306 873 5360 mereris
908 5324 918 5360 :
944 5307 1067 5377 quia
1096 5304 1782 5377 tlespexistijuratnentum
1810 5317 2013 5367 meum,
2040 5311 2095 5359 et

489 5400 700 5453 irritum
760 5398 933 5453 iecisti
990 5408 1204 5469 pactum
1253 5415 1453 5453 meum.
1505 5398 1641 5453 Cum
1696 5407 1877 5451 autem
1936 5395 2096 5450 fuerit

487 5494 780 5561 expletum,
810 5510 904 5563 ego
936 5494 1190 5560 accidant,
1220 5502 1265 5546 et
1287 5510 1378 5562 ego
1421 5492 1691 5561 viviﬁcaba
1721 5508 1741 5544 :
1769 5505 1863 5564 ego
1911 5503 2095 5559 percu-

491 5584 634 5651 tiam,
657 5597 703 5639 et
728 5603 820 5658 ego
839 5587 1034 5643 sanaba
1060 5587 1240 5659 (Deut.
1265 5600 1435 5652 xxx",
1453 5583 1545 5655 39)
1573 5603 1585 5638 :
1614 5594 1739 5639 tunc
1764 5581 2095 5638 recordabar

558 5786 582 5812 θ
611 5772 818 5830 Victor.
854 5774 921 5828 ad
972 5773 1255 5846 Vulgatam
1304 5772 1595 5829 editionem
1618 5814 1631 5839 ,
1665 5766 2082 5846 ipsumquelle

479 5846 741 5913 braicum,
771 5854 819 5900 et
846 5840 1105 5901 suscitabo
1127 5862 1222 5918 ego
1248 5856 1453 5917 pactum
1469 5860 1642 5899 meum
1666 5840 1852 5899 tecum.
1876 5840 2078 5901 Eadem

2200 4731 2389 4796 Israel,
2434 4740 2480 4784 et
2530 4728 2709 4783 dices:
2743 4726 2865 4781 Haec
2899 4727 3021 4780 dicit
3048 4726 3254 4780 Adonai
3283 4724 3531 4778 Dominus
3560 4740 3576 4776 :
3604 4721 3799 4793 Aquila

2197 4841 2385 4898 magna
2416 4838 2722 4893 magnarum
2747 4819 2974 4884 alarum,
2998 4818 3154 4889 longo
3186 4820 3344 4872 ductu
3367 4815 3519 4887 plena
3536 4816 3798 4887 unguium

2197 4935 2313 4991 τινα»
2336 4917 2487 4971 habet
2509 4920 2725 4970 ductum
2746 4912 2977 4968 intrandi
3002 4912 3056 4965 in
3080 4910 3357 4974 Libanum,
3387 4919 3431 4962 et
3463 4909 3581 4962 tulit
3632 4907 3797 4962 electa

2199 5012 2357 5067 cedri.
2392 5009 2729 5065 Summitates
2750 5004 3109 5060 teneritudinis
3131 5003 3322 5069 avellit,
3348 5011 3395 5055 et
3424 5000 3598 5055 attulit
3629 5015 3713 5053 cas
3739 4999 3797 5054 its

2203 5116 2339 5158 terra
2359 5102 2647 5157 Chaunum.
2684 5099 2747 5152 In
2773 5099 2975 5153 ciuitate
2996 5107 3201 5152 murata
3228 5097 3398 5166 posuit
3420 5094 3573 5160 illud,
3600 5104 3648 5148 et
3673 5094 3799 5150 tulit

2202 5201 2265 5253 de
2288 5200 2478 5253 semine
2508 5209 2678 5265 terroe,
2701 5205 2747 5251 et
2768 5197 2907 5251 dedit
2936 5195 3067 5249 illud
3116 5197 3168 5248 in
3197 5210 3376 5267 campo
3421 5193 3799 5263 plantationem

2196 5310 2352 5364 super
2374 5309 2534 5364 aquas
2564 5290 2755 5346 multas
2786 5307 2803 5345 :
2832 5302 2887 5345 ut
2910 5290 3263 5361 respiccrctur,
3292 5287 3463 5359 posuit
3496 5286 3629 5339 illud
3660 5301 3676 5336 :
3709 5300 3799 5337 or-

2198 5397 2406 5456 tumque
2430 5394 2525 5452 est,
2558 5395 2605 5439 et
2635 5390 2827 5455 factum
2846 5383 2900 5437 in
2924 5383 3121 5447 vineam
3164 5381 3426 5451 infirmam
3449 5388 3497 5434 et
3524 5375 3800 5451 paruulum

2197 5480 2574 5554 magnitudine,
2605 5487 2660 5532 ut
2701 5487 2902 5531 tantum
2933 5485 3239 5548 apparerent
3289 5474 3447 5545 190
3496 5472 3629 5526 rami
3681 5474 3799 5540 ejus

2197 5575 2290 5631 sub
2319 5591 2399 5641 ea,
2425 5583 2473 5629 et
2494 5574 2698 5628 radices
2722 5571 2875 5625 illius
2892 5569 3064 5625 subter
3094 5568 3241 5624 illam
3266 5576 3429 5623 erant.
3459 5564 3524 5619 Et
3551 5566 3690 5637 facta
3718 5572 3797 5619 est

2193 5762 2402 5819 ratione
2452 5760 2613 5832 paulo
2666 5759 2915 5827 superius
2958 5756 3356 5832 rescripserat,
3409 5769 3527 5808 cum
3543 5748 3799 5823 receperis

2190 5850 2389 5892 sorores
2412 5831 2531 5891 tuas
2559 5842 2607 5889 te
2629 5835 2876 5904 majores,
2902 5846 3001 5902 pro
3030 5839 3197 5897 tecum
3224 5831 3472 5899 majores,
