4038 6328
544 257 650 317 165

1793 251 1854 312 S.
1897 243 2172 310 EUSEBII
2208 246 2586 310 HIERONYMI

3733 250 3841 310 ιδι

536 370 819 429 richontiis
859 368 969 443 [Αι.
1001 367 1396 441 Hierichuntis]
1445 367 1878 439 comprehensus
1914 378 1999 425 est
2035 384 2049 422 :
2097 378 2153 423 et
2178 370 2232 432 Α
2255 369 2516 429 auxilium
2549 389 2562 426 :
2595 387 2703 427 non
2726 384 2835 442 quo
2855 368 3068 428 Pharao
3099 384 3229 429 eum
3271 370 3696 442 expugnaverit,
3746 370 3837 426 vel

535 467 716 523 cuneti
747 464 866 535 ejus
917 462 1055 519 socii
1102 464 1207 518 huc
1251 461 1488 533 illucque
1535 461 1763 533 dispersi
1814 471 1964 526 sunt,
1997 461 2141 516 sicut
2244 466 2347 524 hoc
2374 466 2573 522 alicubi
2603 464 2879 537 Scriptura
2907 474 3168 533 testetur;
3214 465 3310 523 sed
3355 480 3465 537 quo
3509 466 3840 537 expugnatio

534 558 594 616 in
624 558 901 615 volumine
941 557 1148 627 Regum
1179 564 1236 611 et
1262 554 1744 624 Paralipomenon,
1789 562 1846 610 et
1882 554 2138 610 Jereniize

534 660 795 727 scriptum
826 663 911 712 est
938 642 1033 727 (IV
1068 652 1203 725 Reg.
1238 668 1367 719 xxv,
1394 650 1591 707 Jerem.
1647 649 1860 723 xxxix).

605 749 787 823 (Vers.
815 750 876 805 Η
908 747 1091 819 seqq.)
1133 747 1203 803 Et
1247 752 1444 818 factum
1474 756 1548 803 est
1577 748 1787 803 verbum
1815 746 2025 801 Domini
2066 746 2136 801 ad

533 859 633 908 me,
692 842 865 897 dicens
895 856 914 896 :
940 837 1039 895 Dic
1088 840 1157 895 ad
1187 841 1398 895 domum
1440 849 1876 911 exasperantem:
1913 839 2137 895 Nescitis

530 936 659 1009 quid
701 937 800 991 ista
853 936 1189 1009 signiﬁcent?
1218 932 1356 989 Dic:
1386 931 1523 988 Ecce
1558 935 1694 988 venit
1723 948 1815 987 rex
1854 931 2136 1003 Babylonis

530 1027 846 1096 Jerusalem,
894 1039 943 1085 et
994 1038 1220 1083 assnmet
1247 1044 1417 1101 regem
1447 1036 1494 1081 et
1522 1012 1784 1097 principes
1811 1027 1943 1099 ejus,
1974 1035 2021 1081 et
2041 1025 2137 1080 ad-

533 1125 684 1180 ducet
716 1141 801 1181 eos
826 1124 896 1178 ad
923 1124 1258 1193 semetipsum
1279 1124 1335 1177 in
1364 1121 1704 1193 Babylonem.
1759 1119 1826 1175 Et
1879 1121 2021 1176 tollet
2072 1121 2137 1175 de

531 1216 724 1271 semine
754 1215 923 1288 regni,
944 1214 1194 1286 ferietque
1213 1230 1331 1268 cum
1354 1229 1413 1268 eo
1444 1212 1633 1284 fadus,
1660 1221 1709 1266 et
1734 1211 1949 1280 accipiet
1981 1210 2043 1264 ab
2073 1227 2133 1265 eo

524 1306 1052 1381 jusjurandum:sed
1096 1315 1147 1361 et
1196 1310 1354 1379 fortes
1376 1315 1525 1361 terra:
1546 1303 1711 1373 tollet,
1744 1314 1799 1357 ut
1825 1304 1893 1358 sit
1917 1320 2135 1374 regnum

532 1397 755 1467 humile,
787 1408 835 1455 et
863 1416 966 1454 non
994 1400 1235 1465 elevetur,
1260 1400 1349 1454 sed
1379 1399 1639 1455 custodiat
1664 1408 1869 1470 pactum
1897 1401 2033 1470 ejus,
2086 1406 2133 1452 et

529 1502 690 1547 servet
716 1490 870 1547 illud.
908 1492 1011 1560 Qui
1059 1492 1301 1547 recedens
1328 1491 1393 1545 ab
1419 1508 1502 1558 eo,
1531 1492 1670 1545 misit
1699 1490 1907 1545 nuntios
1928 1490 1997 1544 ad
2032 1488 2133 1545 /E-

529 1595 763 1659 gyptum,
791 1596 851 1641 ut
873 1585 1022 1639 daret
1049 1585 1146 1641 sibi
1170 1602 1329 1656 equos
1355 1596 1402 1639 et
1427 1584 1677 1655 populum
1700 1584 1939 1638 multum.
1969 1581 2134 1637 Num-

527 1678 654 1750 quid
682 1678 1090 1751 prosperabitnr,
1129 1690 1152 1715 ει
1178 1679 1256 1734 vel
1279 1686 1622 1749 consequetur
1641 1678 1883 1743 salutem,
1902 1677 1992 1746 qui
2013 1677 2133 1748 fecit

2243 561 2781 626 Nabuchodonosor,
2846 577 2943 631 per
2975 562 3324 618 occasionem
3371 562 3445 616 sit
3496 560 3633 615 facta
3690 559 3841 630 regis

2243 655 2485 727 Egyptii
2518 672 2533 709 :
2566 669 2669 711 nec
2692 653 2800 711 iste
2826 654 2981 711 visus
3025 656 3097 711 sit
3133 670 3447 727 expugnare
3489 654 3795 710 Jerusalem
3816 691 3835 720 ,

2241 751 2333 822 qui
2357 748 2665 818 obsidebat,
2700 748 2796 805 sed
2828 749 2921 807 ille
2957 749 3011 806 in
3042 765 3149 821 quo
3190 749 3453 808 Sedecias
3483 748 3688 805 frustra
3709 762 3839 819 spe-

2242 855 2479 902 raverat.
2541 844 2702 913 Ecce,
2753 844 2953 915 inquit,
3016 844 3173 919 195.
3215 845 3368 902 dedit
3415 859 3636 900 manum
3681 858 3836 899 suam

2240 939 2354 1009 regi
2400 937 2661 1011 IEgypti,
2738 946 2795 993 et
2847 938 3071 994 tradidit
3117 954 3215 1005 se;
3257 949 3314 994 et
3360 938 3583 1009 perjurii
3639 944 3835 993 contra

2242 1031 2409 1088 Deum
2439 1032 2712 1088 commisit
2737 1031 3106 1102 sacrilegium.
3136 1031 3431 1103 Numquid,
3462 1032 3560 1096 ait.
3591 1030 3837 1102 proderit

2240 1128 2333 1184 ei?
2364 1128 2433 1183 Et
2456 1142 2581 1183 cum
2603 1126 2789 1183 omnia
2813 1126 2929 1183 bmc
2951 1126 3166 1193 fecerit,
3191 1142 3298 1185 non
3338 1127 3582 1199 eﬁugiet.

2312 1221 2334 1293 (
2354 1220 2509 1276 Vers.
2568 1220 2634 1277 i9
2685 1221 2847 1291 seq.)
2907 1219 3193 1291 Propterea
3240 1223 3348 1278 lucc
3401 1223 3527 1277 dicit
3583 1221 3837 1277 Dominus

2239 1310 2382 1368 Deus
2416 1330 2434 1367 :
2471 1313 2598 1368 Vivo
2624 1329 2737 1387 ego,
2763 1329 3008 1385 quoniam
3042 1318 3405 1387 juramentum
3440 1314 3579 1386 quod
3613 1316 3833 1387 sprevit,

2238 1414 2285 1458 et
2316 1406 2483 1476 fwdns
2505 1405 2643 1475 quod
2670 1407 3039 1477 pravaricatus
3060 1418 3168 1473 est,
3200 1424 3389 1478 ponam
3415 1408 3469 1462 in
3498 1418 3655 1481 caput
3697 1411 3833 1483 ejus.

2237 1498 2308 1554 Et
2361 1501 2631 1557 extendam
2682 1500 2882 1573 [Vulg.
2938 1502 3263 1576 expendam]
3330 1520 3485 1575 super
3558 1521 3673 1558 eum
3727 1513 3838 1559 rete

2237 1610 2430 1662 meum,
2478 1605 2526 1649 et
2554 1596 3017 1668 comprehendetur
3067 1612 3259 1668 sagena
3286 1612 3400 1651 irea
3426 1613 3446 1652 :
3474 1607 3523 1652 et
3571 1598 3837 1653 adducam

2237 1703 2353 1743 eum
2398 1688 2452 1741 in
2481 1684 2823 1760 Babylonem,
2857 1697 2906 1742 et
2923 1688 3177 1759 judicabo
3202 1688 3356 1744 illum
3384 1690 3457 1744 ibi
3478 1691 3535 1745 in
3585 1693 3838 1761 pracvari-

529 1768 768 1826 Ittcc?Et
818 1772 907 1839 qui
937 1770 1088 1826 solvit
1137 1780 1362 1843 pactum,
1407 1768 1657 1840 numquid
1706 1768 1956 1842 e/j‘ugiet?
2001 1766 2125 1823 Vivo

2235 1780 2434 1835 catione
2475 1798 2579 1851 qua
2608 1780 2837 1853 despexit
2861 1796 2963 1835 me.
3004 1780 3073 1836 Et
3101 1798 3275 1838 omnes
3305 1783 3516 1856 profugi
3545 1785 3680 1854 ejus,
3714 1800 3836 1839 cum

528 1879 644 1936 ego,
669 1863 793 1916 dicit
828 1861 1083 1917 Dominus
1105 1860 1249 1917 Deus
1271 1878 1290 1917 :
1314 1864 1561 1933 quoniam
1598 1862 1654 1916 in
1693 1862 1807 1916 loco
1859 1861 1992 1932 regis
2045 1860 2133 1931 qui

528 1957 916 2011 constituiteum
932 1971 1123 2027 regem,
1140 1955 1288 2026 cujus
1305 1956 1429 2026 fecit
1454 1955 1663 2008 irritum
1677 1956 2062 2025 juramentum,
2084 1963 2133 2007 et

525 2050 676 2106 solvit
688 2050 1047 2122 pactumquod
1061 2048 1277 2103 habebat
1295 2065 1412 2103 cum
1430 2066 1490 2104 eo
1509 2090 1525 2116 ,
1548 2050 1604 2103 in
1641 2049 1809 2103 medio
1841 2047 2132 2119 Babylonis

526 2144 788 2201 morietur.
802 2142 1031 2217 ιθθΕι
1042 2160 1146 2198 non
1160 2150 1213 2201 in
1226 2144 1453 2199 exercitu
1469 2143 1678 2217 grandi,
1699 2159 1859 2214 neque
1872 2143 1925 2197 in
1939 2143 2133 2215 populo

531 2238 690 2293 multo
719 2238 877 2308 faciet
900 2247 1081 2292 contra
1106 2253 1225 2291 eum
1252 2234 1465 2291 Pharao
1495 2236 1738 2306 prwlium
1768 2236 1822 2289 in
1859 2237 2009 2306 jactu
2037 2254 2131 2310 ag-

527 2332 686 2403 geris,
718 2341 763 2385 et
790 2330 843 2384 in
876 2330 1230 2385 exstructione
1268 2328 1558 2396 vallorum,
1590 2338 1647 2383 ut
1687 2328 1969 2398 interﬁciat
2007 2328 2129 2382 ani-

527 2439 638 2479 mas
660 2421 873 2478 multas.
904 2422 1184 2495 Spreverat
1207 2423 1350 2477 enim
1376 2424 1774 2495 juramentum,
1803 2430 1859 2474 ut
1906 2419 2128 2475 solveret

526 2518 716 2589 fadus.
740 2515 810 2571 Et
839 2533 957 2572 ecce
977 2517 1119 2571 dedit
1151 2533 1360 2571 manum
1389 2532 1539 2589 suam
1564 2532 1581 2570 :
1605 2524 1652 2570 et
1681 2529 1798 2567 cum
1818 2514 1992 2569 omnia
2015 2512 2128 2567 ha’c

525 2610 722 2680 fecerit,
755 2627 858 2665 non
883 2607 1113 2680 e/fugiet.
1167 2607 1283 2664 Hoc
1308 2618 1393 2665 est
1433 2608 1665 2678 aanigma
1688 2648 1703 2672 ,
1733 2605 1851 2662 haec
1908 2616 1987 2661 est
2031 2620 2128 2676 pa~

532 2702 743 2770 rabola,
776 2703 921 2774 quod
954 2702 1055 2758 sub
1084 2703 1296 2757 duabus
1317 2700 1522 2772 aquilis
1550 2708 1604 2755 et
1630 2701 1813 2767 vinea,
1858 2699 1999 2754 duos
2038 2714 2127 2755 re-

527 2810 624 2868 ges
652 2795 943 2867 Babylonis
954 2793 1241 2867 etEgypli
1267 2794 1545 2865 Scriptura
1566 2801 1930 2858 monstraret;
1954 2804 2009 2847 et
2029 2806 2119 2847 re-

520 2905 643 2962 gem
666 2890 968 2960 Sedeciam,
989 2890 1079 2961 qui
1103 2899 1293 2945 contra
1318 2886 1730 2960 jusjurandum,
1747 2886 1968 2943 deserta
1990 2885 2126 2940 ami-

521 2983 647 3041 citia
670 2983 1201 3050 Nabuchodonosor,
1216 2997 1277 3040 se
1298 2982 1365 3038 ad
1395 2997 1580 3054 regem
1598 2979 1914 3053 Egyptium
1940 2989 2122 3036 trans-

524 3079 667 3136 tulit.
700 3078 907 3143 Feriet,
955 3078 1155 3149 inquit,
1185 3091 1307 3132 cum
1339 3090 1408 3132 eo
1441 3074 1618 3132 fmdus
1638 3117 1654 3142 ,
1682 3084 1739 3131 et
1769 3073 2006 3145 accipiet
2053 3074 2123 3127 ah

2238 1875 2477 1927 universo
2497 1874 2701 1945 agmine
2718 1873 2902 1945 [Vulg.
2922 1873 3071 1929 addit
3092 1873 3206 1949 suo]
3230 1877 3281 1929 in
3312 1876 3492 1950 gladio
3521 1877 3727 1943 cadent,
3752 1895 3837 1934 reo

2235 1968 2474 2038 siduique
2493 1969 2548 2022 in
2571 1984 2772 2022 omnem
2795 1978 2999 2023 ventum
3029 1968 3390 2043 dispergentur
3408 1986 3426 2024 :
3447 1980 3496 2025 et
3525 1972 3696 2026 scietis
3710 1972 3838 2039 quia

2234 2078 2328 2133 ego
2364 2059 2621 2115 Dominus
2671 2060 2874 2115 locutus
2904 2078 3039 2116 sum.
3084 2062 3365 2119 Sententia
3384 2064 3665 2121 saecularis
3699 2074 3786 2122 est
3818 2087 3831 2119 :

2483 2162 2643 2225 dolus,
2670 2176 2731 2213 an
2756 2164 2930 2227 virtus,
2957 2164 3069 2228 quis
3093 2166 3141 2214 in
3167 2164 3309 2217 hoste
3333 2168 3585 2231 requirat?

2232 2247 2404 2315 Quam
2453 2248 2635 2305 solent
2677 2248 2836 2305 nobis
2886 2264 3207 2321 opponere,
3260 2252 3349 2321 qui
3394 2252 3589 2307 dicunt
3644 2252 3834 2309 hostes

2237 2343 2431 2398 fraude
2447 2343 2826 2415 decipiendos.
2846 2342 2944 2399 Cui
2961 2346 3466 2417 utacquiescamus,
3485 2347 3660 2403 multo
3675 2348 3833 2418 pejus

2232 2434 2360 2492 fecit
2373 2434 2661 2491 Sedecias:
2680 2451 2788 2493 non
2801 2437 2949 2494 enim
2964 2437 3177 2494 hostem
3196 2439 3434 2512 decepit,
3454 2441 3550 2497 sed
3566 2442 3830 2512 amicum,

2230 2530 2315 2584 cui
2347 2529 2555 2586 laedere
2587 2529 2805 2586 Domini
2839 2532 3019 2587 fuerat
3040 2534 3349 2603 copulatus.
3380 2534 3527 2605 Ergo
3561 2534 3831 2606 quamdiu

2235 2641 2346 2681 non
2362 2625 2535 2696 jures,
2563 2634 2621 2681 et
2636 2634 2855 2696 pactum
2882 2643 2992 2684 non
3024 2627 3179 2685 ineas
3207 2629 3308 2686 sub
3327 2630 3551 2686 nomine
3585 2630 3828 2696 Domini,

2231 2720 2535 2792 prudentia:
2564 2730 2675 2789 est,
2709 2730 2765 2778 et
2787 2722 3145 2788 fortitudinis,
3172 2724 3257 2780 vel
3282 2724 3563 2794 decipere,
3605 2726 3690 2781 vel
3735 2740 3832 2780 su-

2231 2829 2423 2882 perare
2449 2814 2821 2871 adversarium
2855 2825 3146 2888 utcumque
3175 2818 3439 2889 potueris.
3471 2816 3608 2873 Cum
3642 2828 3828 2874 autem

2229 2912 2283 2962 te
2335 2907 2732 2962 constrinxeris
2774 2908 3121 2979 juramento,
3170 2924 3515 2981 nequaquam
3566 2909 3830 2966 adversa-

2229 3003 2367 3069 rius,
2394 3001 2488 3057 sed
2516 3002 2724 3057 amicus
2747 3012 2831 3057 est
2858 3004 2951 3073 qui
2976 2994 3077 3058 tibi
3121 3003 3359 3060 credidit
3383 3021 3397 3057 :
3424 3012 3480 3059 et
3521 3003 3623 3059 sub
3666 3017 3829 3059 occa-

2227 3093 2381 3149 sione
2408 3092 2737 3165 jusjurandi,
2764 3092 2816 3148 id
2839 3101 2927 3150 est
2976 3094 3072 3151 Dei
3100 3095 3531 3167 nuncupatione,
3562 3095 3828 3167 deceptus

518 3188 584 3230 eo
604 3172 1008 3243 jusjurandum,
1049 3182 1103 3226 ul
1133 3170 1407 3227 custodiat
1432 3180 1650 3240 pactum
1679 3168 1821 3239 ejus,
1852 3177 1909 3224 et
1932 3176 2121 3224 servet
2147 3164 2194 3229 C
2225 3198 2329 3246 est.
2389 3189 2685 3261 propter“
2737 3190 3019 3260 Scriptura
3065 3205 3213 3247 nunc
3240 3164 3372 3247 δεδι
3399 3208 3414 3246 ε
3441 3164 3823 3247 Jurameu'mm

518 3266 681 3323 illud.
708 3267 813 3335 Qui
842 3266 1113 3331 dissolvit,
1140 3264 1238 3333 sit,
1271 3274 1515 3335 pactum,
1561 3263 1824 3334 numquid
1855 3262 2121 3333 effugiet?

517 3362 600 3419 Ex
619 3376 727 3433 quo
748 3360 1034 3425 discimus,
1068 3360 1234 3413 etiam
1267 3358 1415 3414 inter
1445 3356 1634 3414 hostes
1673 3358 2007 3413 servandam
2056 3356 2121 3411 ﬁ-

516 3455 666 3524 dem,
697 3465 752 3512 et
782 3470 892 3510 non
918 3450 1373 3509 considerandum
1403 3451 1516 3519 cui,
1556 3450 1653 3506 sed
1696 3466 1794 3521 per
1832 3465 1995 3521 quem
2026 3450 2117 3519 ju-

510 3552 741 3610 raveris.
769 3550 945 3607 Multo
973 3547 1122 3605 enim
1146 3547 1363 3603 lidelior
1397 3546 1655 3603 inventus
1696 3555 1781 3601 est
1841 3545 1934 3601 ille
1958 3590 1972 3612 ,
2023 3544 2115 3615 qui

515 3656 742 3718 propter
769 3658 973 3700 nomen
1002 3642 1097 3699 Dei
1131 3639 1227 3696 tibi
1255 3640 1512 3706 credidit,
1537 3649 1594 3696 et
1621 3638 1887 3711 deceptus
1923 3648 2029 3707 est,
2061 3647 2115 3696 te

515 3738 608 3809 qui
657 3751 759 3808 per
805 3734 1160 3792 occasionem
1211 3732 1411 3789 divinae
1442 3732 1751 3802 maiestatis
1794 3731 1937 3788 hosti
1987 3741 2113 3801 tuo,

514 3829 685 3888 immo
707 3830 821 3900 jam
852 3829 1052 3897 amico,
1099 3842 1160 3884 es
1215 3827 1441 3884 molitus
1497 3826 1747 3882 insidias.
1806 3826 2109 3895 Quoniam,

513 3922 713 3994 inquit,
742 3923 797 3978 in
822 3923 946 3979 loco
969 3920 1113 3992 regis
1135 3920 1226 3992 qui
1270 3918 1556 3977 constituit
1588 3934 1715 3976 eum
1744 3935 1931 3991 regem
1952 3962 1968 3987 ,
2020 3936 2115 3976 cu-

506 4014 597 4084 jus
624 4015 751 4072 fecit
782 4016 993 4071 irritum
1019 4012 1425 4085 juramentmn,
1454 4021 1512 4069 et
1535 4014 1698 4070 solvit
1728 4025 1944 4084 pactum
1967 4013 2112 4085 quod

511 4110 752 4167 habebat
776 4124 899 4166 cum
929 4125 1017 4178 eo,
1045 4108 1099 4164 in
1124 4107 1306 4164 medio
1344 4105 1641 4179 Babylonis
1678 4108 1963 4164 morietur.
2002 4106 2108 4163 Le-

508 4203 691 4278 gimus
730 4204 875 4261 enim
905 4202 1190 4260 Sedeciam
1223 4211 1467 4272 captum,
1500 4201 1723 4257 ductum
1765 4216 1891 4258 esse
1920 4202 1976 4257 in
2002 4200 2110 4257 Re-

508 4296 720 4362 blatha,
737 4297 920 4368 ibique
934 4294 1240 4352 interfectis
1254 4295 1380 4350 ﬁliis
1394 4304 1729 4351 excmcatum
1749 4296 1835 4360 {et
1849 4295 2021 4350 instar
2033 4295 2111 4352 l‘e-

508 4405 593 4448 ra;
605 4391 853 4447 clausum
872 4403 1059 4457 cavea,
1079 4387 1403 4444 translatum
1417 4388 1469 4442 in
1485 4387 1818 4459 Babylonem
1835 4388 1852 4457 (
1871 4386 1938 4443 IV
1972 4387 2104 4459 Reg.

2223 3285 2367 3357 quod
2418 3286 2650 3355 sprevit,
2686 3294 2741 3340 et
2768 3284 2943 3341 lendus
2969 3285 3115 3356 quod
3149 3287 3542 3355 prmvaricatus
3574 3296 3680 3347 est.
3724 3301 3827 3356 po-

2223 3392 2350 3433 nam
2380 3378 2436 3433 in
2474 3386 2638 3448 caput
2659 3380 2800 3448 ejus.
2828 3379 2903 3434 Ac
2933 3393 3001 3434 ne
3028 3387 3345 3449 putaremus
3372 3378 3745 3448 juramentum
3768 3388 3828 3433 et

2221 3469 2420 3536 lmdus,
2447 3479 2500 3525 et
2528 3477 2765 3540 pactum,
2799 3471 2944 3541 regis
2974 3485 3097 3527 esse
3120 3468 3430 3541 Babylonii,
3458 3469 3544 3526 vel
3573 3470 3823 3528 Sedecite

2220 3563 2315 3634 qui
2368 3563 2597 3628 fecerat,
2643 3562 2894 3632 sequitur
2939 3579 2959 3616 :
3017 3561 3085 3617 In
3128 3563 3535 3634 prevaricatione
3582 3579 3684 3631 qua
3729 3562 3826 3619 de-

2217 3656 2384 3729 spexit
2415 3673 2507 3711 me.
2548 3655 2695 3726 Ergo
2738 3657 2832 3727 qui
2856 3658 3165 3713 contemnit
3214 3659 3613 3728 juramentum,
3666 3657 3820 3714 illum

2217 3750 2447 3822 despicit
2493 3767 2589 3821 per
2628 3766 2792 3822 quem
2837 3751 3044 3822 juravit
3077 3769 3090 3805 :
3122 3750 3310 3821 illique
3352 3751 3486 3808 facit
3537 3750 3817 3821 injuriam,

2217 3845 2372 3915 cujus
2418 3844 2625 3900 nomini
2672 3843 2906 3901 credidit
2958 3845 3325 3900 adversarius.
3375 3845 3609 3915 Propter
3652 3859 3818 3916 quam

2215 3951 2435 3992 causam
2466 3936 2796 4008 expandam,
2824 3938 3021 4007 inquit,
3073 3952 3243 4009 super
3284 3952 3410 3993 eum
3461 3947 3577 3994 rete
3606 3953 3817 4007 meum,

2215 4038 2271 4084 et
2291 4028 2788 4099 comprehendetur
2816 4043 3016 4094 sagena
3045 4044 3190 4095 mea,
3218 4037 3274 4085 et
3313 4029 3579 4085 adducam
3609 4045 3730 4086 eum
3759 4031 3816 4086 in

2144 4142 2149 4147 ·
2215 4121 2571 4193 Babylonem,
2615 4130 2670 4177 et
2693 4122 2952 4192 judicabo
2978 4137 3101 4178 eum
3148 4122 3282 4177 illic.
3333 4121 3604 4193 Quidquid
3652 4120 3818 4191 igitur

2214 4224 2405 4270 contra
2433 4214 2715 4273 Sedeciam
2747 4215 2877 4272 fecit
2903 4214 3428 4279 Nabuchodonosor,
3456 4229 3564 4270 non
3590 4213 3704 4268 suis
3732 4213 3816 4269 fe-

2213 4309 2289 4365 cit
2317 4308 2548 4376 viribus,
2601 4310 2700 4365 sed
2741 4308 2819 4365 ira
2871 4309 2987 4376 Dei,
3027 4309 3081 4364 in
3132 4308 3288 4379 cujus
3360 4306 3583 4364 nomine
3632 4305 3817 4362 fuerat

2213 4402 2880 4474 pcjeralum.Secundum
2933 4416 3238 4474 ansgogen,
3278 4402 3406 4457 licet
3444 4400 3677 4457 violenta
3731 4399 3816 4455 vi-

505 4482 664 4556 xxv).
693 4481 845 4541 Unde
875 4491 932 4539 et
963 4481 1246 4554 Scriptura
1275 4497 1399 4537 cum
1430 4482 1683 4537 videatur
1713 4481 1815 4537 sibi
1841 4496 2107 4538 cssecon—
2130 4560 2175 4570 ᾳ
2213 4499 2409 4555 demur
2436 4498 2842 4570 interpretatio,
2886 4498 2989 4555 hoc
3016 4497 3319 4562 sciendum,
3360 4494 3505 4567 quod
3530 4493 3812 4564 ηιιοωοάο

504 4577 887 4643 traria,tamen
901 4574 956 4631 in
972 4587 1206 4646 utroque
1226 4574 1508 4630 verissima
1545 4584 1650 4630 est.
1693 4574 1907 4631 Dictum
1948 4576 2100 4631 enim
2130 4560 2183 4622 Ῑ)
2206 4602 2403 4648 επιεη
2432 4560 2752 4655 δίιίιηέηιίθν
2779 4560 2841 4647 δι’
2858 4589 2925 4645 ad
2956 4591 3152 4647 δοηεεη
3177 4599 3233 4645 ει
3261 4560 3328 4645 ad
3362 4560 3561 4645 πληιεηί
3593 4599 3807 4659 partem

500 4678 622 4729 erat
635 4672 702 4727 ad
718 4669 1117 4729 Sedeciam:Et
1134 4669 1351 4726 intrabis
1370 4668 1706 4742 Babylonem,
1727 4680 1775 4726 et
1793 4688 1896 4726 non
1912 4672 2104 4728 videbis
2206 4685 2395 4742 referri
2424 4686 2641 4753 solem;
2670 4685 2743 4741 ίιε
2774 4693 2829 4741 οι
2875 4684 2941 4739 (ιε
2967 4684 3168 4752 aquila,
3196 4692 3251 4739 ei
3273 4683 3343 4740 de
3373 4684 3556 4741 ιεοηε,
3610 4683 3669 4739 ιη
3709 4684 3811 4739 b0.

499 4762 1075 4836 eam(.lcrem.xxxrv,
1104 4761 1184 4836 4).
1233 4762 1458 4820 Intravit
1498 4764 1669 4832 enim,
1726 4766 1854 4837 quia
1904 4765 2104 4822 ductus

2229 4795 2334 4836 tam
2386 4790 2597 4851 partem
2642 4776 2844 4833 dicitur
2875 4793 2889 4831 :
2922 4774 3141 4831 Catulus
3184 4776 3347 4830 leonis
3398 4774 3542 4829 Juda
3570 4773 3806 4847 (Cenes.

495 4868 583 4916 est
608 4857 961 4929 Babylonem,
991 4866 1051 4914 et
1076 4872 1185 4912 non
1217 4857 1378 4924 vidit,
1412 4857 1539 4929 quia
1562 4858 1741 4913 fuerat
1763 4869 2098 4928 excaecatus.

2229 4888 2357 4939 lux,
2390 4872 2472 4945 9).
2498 4872 2557 4927 ln
2585 4870 2921 4927 contrariam
2949 4886 2961 4923 :
2988 4868 3332 4923 Adversarius
3366 4875 3541 4922 noster
3561 4867 3809 4923 diabolus

492 4947 615 5006 Hoc
635 4959 815 5006 autem
844 4948 989 5022 quod
1014 4948 1259 5020 sequitur
1284 4966 1299 5004 :
1332 4948 1402 5003 Et
1428 4966 1531 5005 non
1557 4951 1613 5004 in
1636 4951 1865 5006 exercitu
1890 4952 2098 5025 grandi,

2229 4966 2354 5028 mosi
2369 4966 2446 5019 leo
2458 4963 2667 5035 rugiens
2679 4962 2861 5015 circuit
2880 4961 2948 5033 (ll
2966 4959 3474 5032 Petr.v,8).Etillud
3492 4960 3545 5015 in
3567 4952 3802 5030 psalmo:

495 5060 662 5116 neque
674 5045 729 5099 in
743 5045 938 5116 populo
950 5044 1470 5116 multofacietcontra
1483 5060 1603 5100 eum
1619 5044 1829 5102 Pharao
1841 5049 2103 5119 praelium;
2210 5057 2503 5113 Insidiatur
2553 5058 2608 5110 in
2662 5056 2820 5130 195
2848 5054 3188 5121 absconditis,
3238 5056 3371 5109 sicut
3410 5054 3489 5109 leo
3538 5053 3596 5108 in
3644 5054 3808 5109 cubili

493 5139 551 5195 in
561 5142 715 5214 jactu
739 5141 964 5215 aggeris,
993 5151 1043 5197 et
1067 5144 1121 5196 in
1150 5141 1504 5198 exstructione
1534 5140 1819 5211 vallorum,
1852 5155 1909 5199 ut
1937 5146 2099 5202 inter-

2229 5168 2342 5207 no:
2381 5150 2663 5207 insidiatur
2704 5160 2762 5204 ut
2809 5149 2983 5223 rapiat
3034 5146 3463 5222 pauperem(Ps.
3497 5163 3577 5216 Ix,
3606 5148 3688 5216 9).
3741 5147 3802 5204 In

494 5235 642 5306 [ἰάσι
667 5235 870 5291 animas
896 5235 1088 5291 multas
1117 5236 1451 5308 :dupliciter
1482 5236 1833 5308 intelligitur,
1860 5239 1975 5295 sive
1998 5253 2095 5296 rex
2205 5244 2401 5302 bonam
2433 5254 2643 5315 partem
2687 5243 2757 5301 de
2782 5243 2964 5315 aquila
2990 5242 3213 5310 dicitur,
3251 5240 3396 5313 quod
3432 5241 3615 5312 justus
3646 5240 3805 5297 dives

494 5329 788 5405 Egyptius
815 5339 1008 5388 contra
1034 5330 1544 5389 Nabuchodonosor
1573 5348 1762 5406 regem
1793 5333 2092 5405 Babylonis
2197 5338 2422 5396 eﬂ'ectus
2442 5335 2607 5393 faciat
2627 5335 2731 5393 sibi
2752 5336 2867 5391 alas
2888 5335 3036 5392 sicut
3059 5335 3281 5406 aquilae,
3307 5342 3369 5390 ut
3400 5331 3575 5405 possit
3596 5334 3801 5390 reverti

491 5423 747 5494 veniens,
798 5440 907 5481 non
956 5425 1161 5495 poterit
1210 5426 1483 5497 praeliari,
1530 5443 1710 5499 neque
1751 5443 1879 5484 cum
1919 5442 2091 5500 parvo
2194 5429 2250 5486 in
2273 5431 2491 5488 domum
2524 5428 2881 5501 praecessoris
2908 5429 3015 5483 sui.
3053 5428 3194 5484 Etin
3220 5427 3360 5491 Isaia
3391 5426 3653 5496 scriptum
3680 5433 3797 5494 est,

492 5519 739 5578 exercitu
762 5530 928 5577 tantae
961 5520 1226 5578 resistere
1265 5521 1604 5578 multitudini
1636 5540 1650 5578 :
1685 5523 1806 5579 sive
1840 5522 1957 5593 ipse
1990 5520 2090 5578 Sec
2191 5526 2337 5595 quod
2354 5523 2486 5595 justi
2510 5536 2721 5594 pennas
2741 5521 2977 5577 aderant
2998 5522 3138 5577 sicut
3160 5517 3616 5592 aquilte(1sa.xt.)
3640 5536 3651 5573 :
3672 5532 3799 5572 cur-

493 5613 678 5674 decies
727 5616 1137 5690 expugnabitur
1185 5632 1217 5672 a
1261 5616 1579 5685 Pharaone,
1623 5632 1655 5673 a
1706 5630 1817 5689 quo
1845 5615 2089 5689 speravit
2190 5626 2307 5671 rant
2356 5625 2412 5671 et
2440 5630 2547 5672 non
2599 5614 2871 5671 lassentur
2899 5631 2913 5669 :
2946 5614 3247 5681 ambulent,
3279 5622 3335 5668 et
3385 5626 3493 5668 non
3524 5610 3795 5668 esuriant.

565 5810 594 5842 ι
629 5801 758 5861 Haec
785 5809 972 5871 antea,
996 5801 1153 5876 quasi
1174 5802 1280 5861 alia
1309 5802 1380 5861 ab
1408 5799 1673 5870 Hebraeo,
1714 5800 2100 5873 interpretatio
2126 5798 2359 5869 inclusa,
2385 5799 2603 5872 alioque
2618 5805 2739 5856 erat
2766 5795 3085 5853 charactere
3109 5800 3431 5867 praenotata.
