4038 6328
252 205 326 261 165
845 190 1495 255 COMMENTARIORUM
1537 192 1601 251 IN
1647 182 2092 249 EZECHIELEM
2132 184 2268 245 LIB.
2308 188 2373 247 ν.
2416 188 2573 248 CAP.
2612 184 2778 247 XVII.
3362 188 3464 247 166

250 320 371 374 Recte
393 320 556 368 autem
590 309 678 367 ille
706 310 795 382 qui
825 310 1037 368 dixerat
1066 327 1079 362 :
1108 310 1443 367 Fortitudine
1470 310 1684 380 furiam,
1713 317 1761 361 et
1787 308 1844 368 Α
1867 319 1992 356 nare
2015 304 2153 372 facio
2175 304 2372 375 lignum
2402 305 2629 359 aridum.
2658 305 2774 379 Ego
2802 302 3060 361 Dominus
3100 303 3311 359 loculus.
3355 320 3472 360 sunt

248 407 437 479 sapientia
458 404 797 474 intelligentia:
818 409 1056 475 auferam
1082 405 1326 459 terminos
1346 406 1598 475 gentium,
1621 404 1762 457 etri-
1867 404 1915 450 et
1947 398 2105 467 facio.
2139 397 2255 452 Hoc
2281 399 2424 468 quod
2456 399 2511 453 in
2536 399 2887 471 Septuaginta
2924 398 3123 470 legitur
3153 414 3174 453 :
3221 396 3292 452 Et
3337 396 3473 453 dabo

247 514 455 555 researum
473 495 801 569 deprrcdabor
824 512 840 549 :
862 506 911 551 et
932 498 1257 552 commovebo
1284 496 1513 552 civitates
1531 512 1646 564 qua:
1670 496 1765 551 Ita-

1868 488 1933 542 de
1953 489 2121 553 capite
2148 505 2413 545 ramorum
2441 493 2580 561 ejus,
2612 491 2681 547 de
2701 491 3093 549 Theodotionis
3114 490 3359 547 editione
3377 487 3474 546 ad-

244 598 430 655 luantur,
455 600 498 645 et
527 590 695 645 orbem
737 600 994 647 terrarum
1037 591 1332 646 uniuersum
1380 588 1765 661 appreltendam

244 703 353 740 una
373 684 503 754 quasi
521 681 724 751 nidum,
754 691 802 738 et
848 683 983 738 sicut
1026 684 1298 755 confracta
1347 697 1442 736 ova
1472 680 1637 751 (Ibid.
1658 726 1673 750 ,
1703 697 1762 745 Χ.

242 779 303 842 13,
328 773 420 845 li),
444 787 580 827 nunc
606 772 707 828 sub
729 787 959 839 persona
990 773 1190 844 aquilae
1222 771 1583 828 describitur:
1620 769 1766 840 quod

241 880 511 938 nequaquam
539 863 675 919 velit
702 863 770 919 de
801 863 1034 934 Libano,
1066 864 1159 934 qui
1195 864 1594 933 interpretatur
1641 879 1766 917 can-

240 962 321 1027 dor,
346 967 392 1014 et
416 956 648 1013 refertur
673 956 743 1012 ad
780 957 1101 1027 thymiama,
1132 958 1361 1028 parvula
1385 968 1554 1028 atque
1586 956 1771 1013 humi-

240 1055 289 1109 lia
309 1049 508 1121 virgulta
539 1050 939 1120 perstringere,
962 1051 1059 1107 sed
1084 1050 1430 1107 summitates
1450 1051 1764 1117 cedrorum,

240 1146 361 1203 etde
404 1143 757 1214 principibus,
799 1160 863 1199 ac
886 1143 955 1199 de
1008 1144 1182 1215 stirpe
1226 1145 1395 1216 regia,
1428 1144 1581 1215 juxta
1634 1143 1766 1200 illud

242 1240 400 1294 Abacuc
426 1252 441 1290 :
466 1234 616 1292 Escce
642 1239 757 1307 ejus
799 1236 971 1293 electa:
1002 1237 1186 1311 (Abac.
1228 1254 1267 1304 ι,
1325 1239 1440 1308 16).
1498 1236 1769 1310 Ponitque

1867 582 2039 639 ditum
2068 593 2173 639 est.
2204 584 2552 657 Rursumque
2586 587 2731 657 quod
2758 586 3013 657 sequitur
3045 605 3058 643 :
3090 586 3159 641 Et
3179 587 3315 643 rami
3355 589 3474 659 ejus

1866 676 2225 745 restituentur,
2255 678 2421 736 obelo
2452 680 2872 749 praenotandum
2921 690 3027 749 est,
3081 681 3206 753 quia
3254 681 3309 737 in
3359 679 3472 736 He-

1866 766 2056 825 braico
2102 785 2211 826 non
2251 770 2504 827 habetur.
2552 772 2727 828 Verus
2776 771 3288 829 Nabuchodonosor
3309 787 3476 844 prop-

1868 868 2017 918 terea
2048 865 2216 919 sumit
2253 864 2321 921 de
2362 866 2604 923 medulla
2647 866 2800 923 cedri
2845 866 3124 931 sublimis,
3168 867 3240 923 de
3268 868 3477 923 vertice

1868 970 2146 1012 ramorum
2171 958 2312 1028 ejus,
2358 968 2416 1013 ut
2452 959 2527 1015 sit
2570 974 2801 1031 regnum
2840 958 2962 1031 ejus
2996 958 3224 1027 humile,
3266 967 3324 1015 et
3363 974 3475 1015 non

1869 1053 2139 1111 elevetur.
2193 1057 2453 1112 Dominus
2483 1066 2669 1114 autem
2723 1058 2870 1115 Deus
2914 1057 3078 1115 Pater
3102 1059 3475 1128 omnipotens,

1869 1149 1961 1219 qui
1989 1148 2200 1205 locutus
2232 1150 2410 1205 estad
2471 1150 2844 1218 Ezechielem,
2877 1150 3024 1206 tollit
3068 1150 3139 1207 de
3179 1151 3351 1220 stirpe
3389 1163 3481 1205 re-

1867 1242 1976 1312 gia,
2006 1252 2061 1299 et
2086 1243 2156 1298 de
2198 1257 2401 1313 genere
2426 1242 2634 1308 David;
2674 1252 2732 1300 et
2775 1243 2989 1314 plantat
3010 1258 3181 1314 super
3231 1251 3475 1299 montem

240 1340 587 1398 testamentum,
642 1347 767 1386 cum
799 1330 885 1387 his
916 1346 1056 1403 quos
1086 1332 1319 1402 ceperit,
1360 1338 1422 1386 ut
1444 1332 1559 1403 regi
1588 1332 1767 1403 Baby-
1870 1338 2153 1392 excelsum
2194 1345 2250 1392 et
2288 1339 2648 1405 eminentem,
2682 1337 2776 1408 qui
2822 1337 3064 1409 loquitur
3113 1345 3165 1392 in
3221 1335 3432 1407 psalmo
3465 1351 3480 1391 :

238 1425 342 1482 Ionio
364 1424 488 1479 colla
518 1424 866 1489 submittant,
892 1436 947 1481 et
978 1425 1250 1495 impleant
1272 1425 1406 1481 illud
1435 1424 1579 1496 quod
1622 1427 1771 1494 Apo-
1872 1427 1987 1501 Ego
2011 1437 2185 1485 autem
2212 1430 2519 1484 constitutus
2542 1446 2659 1485 sum
2678 1445 2771 1485 rea:
2794 1428 2858 1484 ab
2885 1445 2946 1484 eo
2971 1444 3128 1499 super
3169 1427 3304 1484 Sion
3332 1442 3483 1483 mon-

237 1517 358 1571 stolus
381 1515 608 1585 loquitur
639 1534 653 1569 :
689 1516 831 1581 Quos
855 1517 1049 1570 tradidi
1074 1516 1313 1583 Satanae,
1344 1528 1402 1572 ut
1432 1517 1637 1573 discant
1666 1534 1768 1573 non
1874 1529 1973 1574 tem
2016 1529 2253 1575 sanctum
2292 1520 2405 1591 ejus
2459 1519 2577 1589 (Ps.
2609 1535 2670 1585 ιι,
2694 1518 2792 1590 6).
2827 1518 3111 1577 Defecerat
3154 1517 3304 1574 enim
3331 1515 3486 1589 prin-

238 1611 521 1682 bluspltemare
544 1611 590 1682 (ι
610 1609 749 1665 Tim.
779 1627 818 1677 ι,
845 1610 964 1683 20).
999 1611 1066 1667 Et
1088 1613 1141 1666 in
1164 1613 1449 1667 alioloco:
1486 1613 1627 1680 Quos
1664 1621 1774 1667 tra-
1874 1627 2005 1684 ceps
2028 1613 2097 1669 de
2133 1613 2291 1683 Juda,
2326 1619 2516 1670 etdux
2546 1613 2616 1669 de
2652 1614 2841 1681 Israel,
2898 1613 3075 1669 donec
3123 1613 3340 1669 veniret
3389 1611 3481 1668 cui

237 1704 1286 1775 didi,inquit,Satanteininteritumcarnis,
1310 1706 1775 1779 utspiritussalvns
1804 1702 1854 1764 B
1881 1707 2184 1777 repositum
2242 1716 2329 1763 est
2368 1724 2381 1759 :
2425 1716 2481 1763 et
2521 1708 2639 1777 ipse
2693 1708 2798 1763 erit
2839 1707 3184 1778 exspectatio
3230 1705 3482 1779 gentium

235 1801 297 1868 ﬁet
315 1797 468 1872 (lCor.
499 1798 572 1871 ν).
603 1798 727 1854 Nam
752 1799 1012 1858 debemus
1043 1816 1199 1870 ergo,
1225 1801 1270 1855 si
1306 1799 1534 1855 forsitan
1559 1798 1632 1854 ob
1671 1798 1772 1853 ali-
1876 1799 2090 1871 (Genes.
2115 1799 2290 1871 χιιι).
2318 1800 2424 1857 Iste
2447 1802 2627 1870 erupit
2648 1799 2703 1855 in
2723 1815 2972 1871 germen,
2998 1808 3055 1856 et
3076 1798 3208 1855 fecit
3225 1798 3486 1868 fructum,

236 1892 336 1961 quod
351 1901 609 1961 peccatqu
641 1891 708 1947 de
730 1894 1156 1964 congregatione
1178 1891 1412 1947 fratrum
1441 1899 1497 1947 et
1520 1890 1590 1946 de
1607 1890 1773 1945 domo
1874 1901 1932 1949 et
1978 1893 2176 1949 cedros
2220 1908 2411 1949 omnes
2454 1907 2551 1947 sua
2578 1892 2916 1948 sublimitate
2942 1894 3223 1964 superavit
3257 1909 3272 1947 :
3304 1893 3378 1948 ita
3427 1899 3490 1948 ut

234 1984 302 2040 Dei
320 1983 559 2054 ejiciinur,
602 1984 870 2038 reluctari
912 2001 924 2037 :
954 1983 1053 2040 sed
1075 1998 1234 2054 aequo
1263 1984 1452 2040 animo
1493 1983 1661 2037 latam
1718 1983 1771 2038 in
1877 1986 2126 2043 habitent
2152 1988 2255 2043 sub
2282 2003 2348 2044 eo
2375 2002 2569 2043 omnes
2598 1987 2853 2044 volucres
2881 1986 3031 2056 cmli,
3061 1995 3118 2042 et
3142 1994 3339 2041 cuncta
3386 1998 3487 2042 vo-

233 2091 306 2130 nos
348 2074 472 2131 ferre
530 2077 908 2144 sententiam,
960 2086 1015 2131 et
1070 2076 1261 2133 dicere
1311 2091 1436 2131 cum
1500 2074 1775 2146 Propheta
1878 2081 2051 2137 latilia
2096 2080 2243 2137 illius
2294 2090 2657 2153 protegantur
2690 2081 3030 2137 umbraculo.
3077 2080 3154 2136 De
3196 2094 3306 2151 quo
3351 2079 3488 2136 dicit

235 2166 392 2238 (lliclt.
434 2182 525 2235 vn,
582 2166 680 2240 9),
734 2168 884 2223 Iram
931 2168 1144 2225 Domini
1203 2170 1484 2233 sustinebo,
1529 2170 1778 2240 quoniam
1877 2173 2100 2231 Abacuc
2135 2191 2151 2231 :
2181 2174 2391 2229 Cornua
2415 2174 2736 2230 inmanibus
2764 2176 2901 2247 ejus,
2942 2173 3014 2228 ibi
3054 2173 3360 2229 abscondita
3406 2180 3484 2229 est

232 2258 325 2332 (Al.
348 2259 441 2332 qui]
467 2262 678 2333 peccaui
700 2262 768 2329 ei,
801 2262 961 2317 donec
981 2263 1242 2333 justiﬁcet
1269 2280 1481 2317 causam
1510 2278 1697 2332 meam,
1722 2270 1777 2319 et
1880 2266 2132 2336 fortitudo
2152 2266 2267 2338 ejus
2293 2266 2478 2339 (Abac.
2512 2266 2631 2339 nt);
2678 2275 2734 2323 et
2773 2267 2865 2338 qui
2896 2282 3236 2338 congregare
3264 2264 3487 2323 deside-

234 2364 406 2410 cztera.
457 2355 526 2411 Et
578 2356 904 2428 frequenter
933 2358 1137 2425 evenit,
1169 2368 1230 2414 ut
1250 2358 1411 2413 alteri
1464 2357 1663 2414 subditi
1709 2355 1778 2413 ad
1881 2367 1968 2412 rat
1994 2360 2150 2429 quasi
2179 2358 2384 2429 gallina
2413 2358 2590 2430 pullos
2614 2373 2748 2415 suos
2774 2358 2876 2415 sub
2918 2360 3035 2415 alas
3072 2373 3200 2415 suas
3244 2356 3488 2430 (Matth.
3530 2395 3541 2405 ρ

233 2449 418 2504 alterum
461 2457 832 2521 transeamus,
888 2452 983 2521 qui
1028 2451 1187 2507 nobis
1231 2466 1389 2507 suum
1431 2453 1782 2522 repromittat
1881 2450 2061 2522 mn):
2095 2460 2155 2506 ut
2181 2452 2364 2507 omnia
2388 2451 2629 2523 regionis
2661 2452 2810 2525 ligna
2832 2460 3171 2524 cognoscant
3198 2452 3343 2524 quod
3364 2452 3487 2524 ipse

233 2545 471 2615 auxilium;
496 2562 600 2604 nec
626 2547 791 2603 faciat
810 2548 862 2603 in
886 2547 1115 2619 pristina
1134 2549 1407 2605 sententia
1434 2561 1778 2619 permanere.
1883 2545 1955 2600 sit
1998 2544 2281 2601 Dominus.
2330 2545 2694 2617 Tropologice
2722 2545 2793 2602 de
2837 2546 3187 2603 credentibus
3215 2545 3489 2617 loquens:

234 2639 348 2705 Quod
364 2639 497 2694 omni
525 2643 750 2697 ratione
781 2640 1062 2696 vitandum
1100 2650 1209 2708 est,
1240 2657 1309 2697 ne
1360 2641 1639 2697 siccentur
1670 2638 1783 2710 pal-
1884 2637 1993 2694 lste
2020 2648 2103 2694 est
2133 2639 2225 2710 qui
2260 2638 2430 2695 Israel
2470 2640 2746 2709 quondam
2783 2639 3017 2698 sublime
3060 2640 3263 2712 lignum
3315 2638 3496 2697 humi-

231 2732 353 2788 mims
393 2736 554 2788 nostri
598 2744 658 2789 et
706 2734 955 2805 germina
986 2744 1244 2792 arescant
1270 2752 1284 2789 :
1309 2743 1365 2791 et
1412 2744 1603 2791 contra
1654 2748 1784 2805 pac-
1886 2730 2040 2788 liavit
2069 2773 2084 2798 ,
2117 2740 2176 2788 et
2200 2732 2462 2788 exaltavit
2489 2731 2750 2789 humilem
2778 2733 3019 2805 gentium
3061 2732 3341 2804 populum,
3396 2731 3493 2803 qui

239 2837 324 2883 tum
347 2829 429 2885 Dei
455 2832 639 2885 lacere
662 2830 965 2886 credamur.
1886 2824 2181 2880 exsiccavit
2220 2824 2428 2897 lignum
2456 2824 2635 2882 viride
2660 2825 3003 2893 Judteorum,
3043 2824 3245 2881 ﬂoreus
3273 2834 3328 2882 et
3371 2839 3498 2897 ger-

291 2922 445 2991 (Vers.
472 2921 758 2995 Saseqq.)
793 2923 919 2979 Haec
954 2924 1081 2979 dicit
1117 2923 1371 2980 Dominus
1402 2923 1581 2996 [Vulg.
1635 2923 1786 2980 addit
1889 2919 2105 2974 minans
2147 2919 2201 2975 in
2247 2917 2393 2991 Lege
2465 2928 2521 2976 et
2546 2919 2869 2992 Proplietis;
2917 2930 2975 2975 et
3037 2918 3297 2977 frondere
3355 2920 3491 2977 fecit

236 3013 408 3088 Deus]:
450 3016 517 3072 Et
535 3034 749 3073 sumam
773 3035 868 3092 ego
888 3019 952 3073 de
978 3017 1208 3073 medulla
1242 3018 1385 3072 cedri
1431 3015 1687 3083 sublimis,
1739 3026 1787 3072 et
1888 3013 2093 3085 lignum
2121 3014 2334 3070 aridum
2367 3016 2694 3072 nationum:
2735 3025 2794 3071 ut
2838 3014 2983 3087 quod
3030 3029 3250 3086 semper
3276 3015 3498 3071 locutus

234 3127 384 3181 panum
409 3112 467 3166 de
506 3114 703 3168 uertice
738 3129 1000 3167 ramorum
1022 3114 1165 3184 ejus;
1193 3122 1423 3168 tenerum
1452 3112 1780 3183 distringam,
1810 3100 1857 3163 C
1887 3116 1998 3174 est,
2027 3123 2200 3179 opere
2228 3109 2550 3179 compleret.
2582 3108 2697 3164 Hoc
2726 3106 2871 3164 idem
2901 3107 3211 3179 signiﬁcant
3273 3106 3395 3180 [AL
3427 3106 3504 3163 si-

234 3205 502 3274 uplantabo
527 3221 692 3277 super
718 3215 944 3260 montem
970 3204 1229 3261 excelsum
1265 3215 1312 3260 et
1348 3205 1651 3259 eminentem
1681 3219 1699 3257 :
1728 3204 1782 3257 in
1886 3200 2180 3274 gnificans]
2233 3201 2509 3257 Simeonis
2562 3200 2615 3255 in
2665 3200 2968 3272 Evangelio
3013 3200 3182 3257 verba
3225 3199 3505 3257 dicentis;

234 3308 368 3352 monte
406 3298 611 3353 sublimi
640 3297 810 3354 Israel
850 3299 1098 3371 plantabo
1137 3299 1291 3354 illud.
1346 3298 1415 3353 Et
1456 3309 1687 3371 erumpet
1731 3298 1785 3354 in
1886 3290 2023 3348 Ecce
2048 3294 2341 3366 Iticpositus
2363 3303 2439 3349 est
2464 3294 2519 3349 in
2534 3295 2759 3363 ruinam,
2786 3304 2834 3349 et
2850 3295 3279 3350 resurrectionem
3312 3294 3506 3349 multo-

236 3407 415 3459 germen,
430 3405 474 3447 et
498 3393 662 3464 faciet
688 3395 937 3463 fructum,
966 3401 1017 3447 et
1042 3393 1137 3448 erit
1158 3392 1215 3447 in
1245 3393 1458 3448 cedrum
1502 3408 1744 3462 magnotu
1768 3431 1784 3459 ,
1890 3402 2005 3440 tum
2023 3386 2175 3457 (Luc.
2201 3403 2261 3454 ll,
2286 3385 2400 3458 54).
2428 3386 2497 3441 Ει
2519 3402 2750 3457 granum
2771 3386 3001 3458 Sinapis,
3026 3387 3170 3459 quod
3191 3402 3316 3444 cum
3338 3386 3506 3444 mini-

238 3492 273 3535 et
293 3482 563 3539 habitabant
593 3485 690 3539 sub
721 3502 781 3540 ea
809 3501 983 3540 omnes
1008 3482 1287 3539 volucres:
1323 3486 1619 3540 uniuersum
1645 3484 1789 3539 oola-
1890 3493 2037 3533 mum
2057 3478 2130 3533 sit
2158 3477 2410 3533 omnibus
2432 3477 2757 3546 seminibus,
2782 3486 3069 3550 postquam
3089 3479 3244 3552 197
3263 3477 3504 3535 creverit

238 3578 303 3632 tilt
335 3579 415 3633 sub
458 3580 648 3633 umbra
694 3579 961 3649 frondium
989 3582 1103 3652 ejus
1156 3578 1465 3648 nidiﬁcabit.
1517 3577 1585 3631 Et
1625 3578 1789 3632 scient
1890 3573 2072 3625 avium
2090 3568 2461 3625 habitaculum
2482 3577 2569 3624 est
2597 3567 2821 3641 (Matth.
2863 3584 2975 3635 χιιι,
3020 3569 3385 3640 52).Quidam
3402 3566 3507 3624 ali-

238 3670 518 3740 ounialigna
546 3671 803 3742 regionis,
836 3672 960 3740 quia
980 3685 1073 3743 ego
1098 3667 1353 3724 Dominus
1402 3669 1679 3723 humiliari
1725 3669 1792 3723 li-
1894 3672 1980 3718 ter
2013 3662 2463 3731 interpretantur,
2509 3661 2717 3732 lignum
2762 3661 2995 3718 sublime
3039 3662 3403 3732 humiliatnm,
3452 3670 3510 3720 et

236 3778 360 3831 gnum
380 3764 623 3831 sublime,
650 3773 699 3816 et
729 3761 920 3818 elevavi
950 3762 1140 3835 [Vulg.
1196 3762 1441 3835 exaltari]
1463 3762 1665 3834 lignum
1688 3762 1789 3816 hu-
1893 3756 2100 3812 humile
2123 3756 2447 3823 exaltatum,
2473 3752 2779 3811 referentes
2815 3754 2882 3811 ad
2929 3756 3239 3826 passionem
3287 3756 3503 3813 Domini

238 3854 345 3921 utile,
371 3867 413 3908 et
439 3856 633 3911 siccavi
662 3856 864 3928 lignum
890 3855 1080 3925 viride,
1106 3866 1155 3910 et
1180 3856 1430 3927 frondere
1472 3856 1568 3925 feci
1598 3857 1795 3927 lignum
1892 3848 2213 3907 Salvatoris.
2235 3848 2339 3915 Qui
2352 3864 2469 3925 cunt
2481 3848 2535 3903 in
2553 3850 2726 3919 forma
2749 3847 2845 3903 Dei
2862 3857 3015 3917 esset,
3048 3864 3151 3904 non
3168 3857 3246 3904 est
3266 3850 3510 3920 rapinam

236 3951 420 4019 aridum,
451 3969 541 4023 ego
558 3948 824 4005 Dominus
849 3949 1052 4005 locutus
1072 3967 1186 4005 sum
1214 3951 1372 4023 196
1389 3960 1438 4005 et
1464 3951 1582 4021 feci.
1613 3948 1760 4005 LXX

1892 3942 2168 3997 arbitratus
2186 3941 2440 4010 arqualem
2455 3956 2510 3996 se
2534 3956 2645 3995 esse
2656 3938 2767 3995 Deo
2785 3956 2806 3995 :
2827 3941 2919 3996 sed
2939 3941 3220 3996 exinanivit
3272 3956 3349 4010 se,
3391 3943 3505 4013 for-

242 4038 348 4106 Quia
371 4043 469 4098 hac
493 4043 627 4098 dicit
655 4042 864 4097 Adonei
886 4040 1143 4097 Dominus
1178 4058 1195 4096 :
1228 4041 1298 4095 Et
1331 4042 1566 4112 auferam
1596 4057 1688 4113 ego
1732 4042 1796 4096 de
1896 4027 2850 4105 ntamséi‘viaccipiens(Plrilipp.vut,
2872 4033 2929 4100 6,
2953 4033 3034 4105 7);
3057 4042 3247 4105 etpost
3264 4046 3512 4090 resurre-

236 4134 373 4188 electis
416 4135 554 4191 cedri
611 4136 676 4189 de
716 4128 999 4206 vertice
1031 4147 1078 4189 et
1109 4134 1241 4188 dabo
1293 4135 1359 4189 de
1402 4138 1564 4206 Capite
1620 4149 1794 4187 ramo-
1899 4130 2160 4191 ctionem,
2190 4128 2365 4200 ipsum
2391 4127 2596 4198 lignum
2625 4135 2816 4198 postea
2840 4126 3198 4183 sublimatum
3225 4135 3333 4194 est,
3362 4124 3511 4196 quod

234 4241 326 4279 tum
354 4230 456 4299 ejus
475 4231 517 4297 ‘,
548 4228 617 4282 de
637 4228 790 4282 corde
816 4242 993 4282 eorum
1013 4227 1271 4297 auferant,
1301 4236 1348 4280 et
1369 4226 1614 4298 plantabo
1639 4241 1796 4295 super
1907 4222 2069 4295 198
2112 4222 2263 4293 prius
2285 4222 2491 4291 virens,
2526 4231 2707 4276 morte
2728 4220 3020 4289 siccatum,
3048 4229 3104 4276 et
3134 4228 3323 4290 postea
3366 4218 3513 4275 revi-

235 4326 713 4392 montemmelsum,
733 4331 779 4377 et
798 4321 1261 4395 suspendamillud
1293 4322 1347 4376 in
1388 4329 1559 4375 monte
1593 4317 1803 4374 sublimi
1905 4319 2143 4383 viscens,
2173 4315 2468 4386 pristinum
2498 4314 2776 4384 receperit
2815 4313 3081 4369 virorem.
3128 4310 3241 4368 Alii
3289 4310 3516 4368 Judaice

236 4410 791 4487 lnuel,etplantabo,et
805 4413 985 4481 afferet
998 4429 1225 4487 germen,
1249 4423 1297 4468 et
1314 4414 1467 4484 faciet
1485 4417 1732 4485 fructum,
1753 4420 1803 4466 et
1905 4416 2198 4479 utrumque
2236 4405 2485 4463 referunt
2510 4404 2580 4461 ad
2624 4404 2793 4461 Israel
2825 4421 2839 4458 :
2874 4405 3019 4476 quod
3062 4407 3237 4475 primo
3277 4404 3516 4461 adventu

238 4506 312 4559 erit
340 4506 387 4560 in
406 4508 622 4562 cedrum
661 4522 905 4578 magnam
930 4548 945 4573 ,
994 4517 1044 4561 et
1080 4508 1361 4578 requiescet
1400 4507 1493 4561 sub
1544 4522 1604 4560 ea
1640 4504 1807 4560 omnis
1833 4489 1889 4552 D
1914 4501 2233 4558 humiliatus
2263 4502 2333 4557 sit
2360 4510 2415 4557 et
2450 4498 2729 4555 arefactus
2758 4515 2774 4553 :
2803 4507 2860 4556 et
2902 4499 3153 4556 secundo
3191 4503 3520 4556 restituatur

237 4596 336 4665 aris,
354 4611 394 4652 et
407 4615 555 4653 omne
568 4598 885 4654 colatilesub
902 4600 1080 4654 umbra
1096 4602 1210 4672 ejus
1233 4600 1579 4671 requiescet-3
1615 4606 1663 4654 et
1677 4598 1810 4653 rami
1916 4597 1970 4651 in
1997 4595 2282 4667 pristinum
2314 4602 2543 4661 statum,
2575 4590 2799 4663 impleto
2833 4591 2930 4648 illo
2953 4592 3102 4664 quod
3130 4592 3264 4649 dicit
3282 4592 3519 4664 Aposto-

245 4691 335 4760 ejus
359 4691 689 4746 restituentur
711 4693 753 4758 ·,
776 4699 823 4745 et
853 4691 1012 4745 scient
1054 4690 1227 4745 omnia
1278 4691 1421 4763 ligna
1443 4691 1635 4761 campi,
1684 4690 1812 4760 quia
1912 4688 1998 4745 lus
2024 4688 2222 4745 Paulus
2253 4704 2267 4743 :
2300 4685 2432 4743 Cum
2459 4686 2733 4741 intraverit
2784 4686 3053 4758 plenitudo
3083 4687 3341 4760 gentium,
3394 4694 3517 4741 tunc

240 4796 311 4849 ego
335 4778 583 4838 Dominus
613 4785 703 4855 qui
726 4781 943 4839 humilia
968 4782 1172 4856 lignum
1220 4784 1505 4853 excelsum,
1536 4792 1585 4839 et
1638 4784 1811 4838 exalto
1915 4782 2081 4837 ontnis
2110 4779 2285 4836 Israel
2313 4779 2486 4837 salvus
2506 4779 2597 4850 ﬁet
2625 4775 2811 4851 (Deut.
2845 4794 2898 4850 ν,
2941 4778 2995 4849 9,
3031 4778 3151 4851 10).

237 4872 402 4946 lignum
427 4875 626 4931 humile
651 4891 671 4930 :
708 4885 759 4930 et
800 4878 1029 4949 arefacio
1061 4877 1259 4953 lignum
1308 4876 1493 4947 uiride,
1534 4886 1584 4933 et
1630 4877 1812 4950 germi-

1260 5114 1738 5230 LIBER
1809 5110 2462 5227 SEXTUS.

299 5448 633 5529 197-198
653 5451 923 5513 Putabam
951 5454 1128 5528 quod,
1181 5452 1366 5511 medio
1392 5462 1649 5526 serpente
1678 5466 1815 5511 con-
1916 5459 2074 5509 sant:
2113 5458 2171 5508 et
2197 5444 2479 5508 haereticis
2508 5448 2606 5508 Dei
2646 5449 2928 5524 percussis
2976 5466 3172 5519 manu,
3230 5467 3301 5511 ne
3342 5460 3521 5513 tenta-

240 5540 384 5615 fosso,
424 5564 533 5604 non
559 5550 947 5607 reviviscerent
970 5550 1158 5622 hydrae
1187 5549 1411 5606 novella
1436 5548 1726 5619 plantaria,
1759 5555 1818 5604 et
1917 5546 2193 5616 rentur,si
2215 5545 2336 5603 ﬁeri
2360 5556 2566 5619 potest,
2593 5547 2759 5604 etiam
2788 5546 2949 5605 electi
2975 5546 3073 5603 Dei
3097 5547 3322 5617 (Matth.
3340 5550 3515 5623 xxiv),

240 5633 371 5705 juxta
414 5641 624 5701 fabulas
651 5654 955 5716 poetarum,
988 5643 1171 5718 Scylla
1208 5653 1445 5711 mortua,
1476 5657 1818 5717 nequaquam
1922 5639 2149 5697 haeresis
2179 5640 2295 5712 ipsa
2323 5654 2434 5697 non
2466 5640 2723 5709 moritur,
2766 5638 3132 5697 haereditariis
3174 5651 3368 5699 contra
3416 5658 3520 5701 nos

245 5731 290 5788 in
315 5751 397 5794 me
421 5737 637 5811 Scyllaei
664 5742 925 5800 saevirent
952 5752 1145 5809 canes,
1172 5740 1269 5813 qui
1297 5740 1503 5797 latrare
1549 5754 1657 5797 nou
1703 5751 1823 5794 ces-
1922 5736 2176 5795 odiorum
2201 5750 2427 5795 suorum
2456 5734 2652 5793 catulis
2675 5734 2979 5805 derelictis,
3018 5734 3113 5807 qui
3133 5744 3323 5794 nostra
3346 5736 3516 5797 simu-
