3996 6322
538 259 639 326 id"!

1787 261 1847 322 Β.
1891 258 2160 324 81388811
2203 261 2578 324 HIERONYMI

3717 273 3809 333 168

535 383 737 450 iantes,
769 383 1050 455 genitricis
1067 379 1339 454 antique,
1389 390 1444 438 et
1475 383 1703 454 pellacis
1727 382 1941 456 Ulyssis
1963 397 2133 440 vene—
2162 385 2209 446 Α
2240 383 2404 438 alium
2435 395 2664 454 peccare
2683 421 2698 449 ,
2732 388 2788 436 et
2815 377 2982 436 alium
3003 382 3158 438 luere
3187 389 3425 452 peccata.
3455 383 3514 440 Si
3535 385 3674 442 enim
3703 389 3813 443 red-

534 493 604 533 na
635 489 742 532 non
769 478 1070 532 deserunt:
1106 477 1360 548 labiaque
1409 486 1619 532 tantum
1655 478 1816 533 melle
1847 477 2128 532 circumli-

533 579 706 636 nunt;
729 577 794 626 et.
812 570 968 640 juxta
997 570 1216 641 eloquia
1245 569 1651 638 Scripturarutn
1671 569 1794 643 (Ps.
1821 570 1961 639 ιη),
1993 569 2132 624 moi-

536 662 742 718 licruut
765 661 930 719 verba
955 677 1056 719 sua
1087 679 1254 734 super
1283 664 1466 722 oleum
1495 681 1511 719 ς
1543 665 1644 735 ipsi
1675 672 1857 719 autem
1891 671 2016 718 sunt
2044 663 2127 733 jn-

535 756 654 812 cula
673 799 686 822 ,
715 765 772 812 et
792 757 972 828 jacula
994 757 1184 828 ignita,
1233 773 1355 828 qua
1375 768 1533 814 scuto
1563 757 1688 814 iidci
1715 756 2027 828 repellenda
2057 756 2132 811 si-

533 850 650 905 mul
667 862 720 905 et
737 851 1140 922 exstinguenda
1160 861 1312 906 sunt.
1329 853 1454 908 Ilaec
1471 852 1606 919 dixi,
1623 851 1729 905 lilia
1747 851 2128 914 Eustochium,

529 955 592 999 ut
620 944 959 1000 laborantem
987 959 1077 999 me
1103 943 1156 998 in
1188 959 1356 1015 opere
1385 941 1713 1015 prophetali,
1767 953 1824 999 ct
1853 943 2130 998 haereticis

534 1035 908 1104 resistentem,
940 1038 1281 1094 orationibus
1325 1037 1501 1108 iuves,
1547 1047 1608 1093 et
1635 1049 1846 1093 sextum
1879 1037 2130 1091 volumen

537 1129 1001 1198 Explanstionum
1026 1132 1078 1184 in
1111 1131 1380 1197 Ezechiel,
1412 1145 1537 1187 meo
1565 1146 1686 1200 ore,
1719 1145 1818 1186 suo
1837 1143 2002 1186 sensu
2027 1131 2134 1185 Do-

534 1220 722 1278 minus
765 1221 1045 1292 explicet:
1075 1222 1434 1293 ejusdemque
1481 1222 1724 1292 Spiritus
1771 1222 1968 1292 gratia,
2024 1235 2133 1292 quo

537 1315 822 1386 prophetis
851 1318 1088 1372 revelata
1133 1328 1266 1373 sunt
1289 1332 1411 1388 quae
1436 1317 1639 1388 scripta
1669 1317 1920 1388 legimus,
1977 1317 2135 1372 nobis

535 1425 754 1480 quoque
769 1410 1169 1466 disserentibus
1192 1411 1523 1476 rerelentur,
1539 1422 1596 1465 ut
1617 1412 1888 1481 possimus
1913 1410 2131 1466 dicere:

533 1502 614 1558 οε
649 1519 818 1559 niam
854 1507 1034 1578 aperui
1055 1545 1071 1574 ,
1127 1513 1179 1560 ct
1205 1507 1403 1560 attraxi
1449 1505 1691 1578 spiritum
1715 1504 1894 1576 (l‘sal.
1941 1517 2131 1571 omn,

533 1599 688 1671 liii).

2235 474 2317 530 dit
2340 486 2560 546 peccata
2587 485 2802 545 patrm
2825 489 2992 546 super
3007 475 3148 530 iiiios
3177 474 3229 530 in
3255 476 3466 531 tertiam
3497 487 3550 533 et
3578 489 3808 548 quartam

2233 570 2671 639 generationem,
2727 569 2986 639 iniustum
3031 569 3245 624 videtur
3275 577 3335 624 ut
3364 571 3503 625 alius
3529 582 3725 642 peccet,
3765 583 3817 629 et

2235 661 2376 716 alius
2405 663 2683 731 puniatur.
2725 659 2832 717 Sed
2863 675 2928 717 es
2957 676 3028 718 co
3047 662 3198 732 quod
3227 663 3501 733 sequitur:
3532 664 3608 718 his
3633 666 3716 735 qui
3745 682 3818 721 me

2234 755 2474 822 oderunt,
2493 754 3093 823 comminationis,sirc
3107 756 3362 825 praecepti
3387 755 3695 810 scandalum
3719 757 3819 812 sol-

2235 846 2400 901 vilur.
2444 846 2563 902 Non
2593 847 2739 902 enim
2791 847 2916 903 ideo
2947 847 3248 918 puniuntur
3273 846 3328 900 iu
3359 846 3516 900 tertia
3543 855 3597 900 ct
3633 854 3817 917 quarta

2234 941 2610 1010 generatione,
2669 941 2796 1012 quia
2824 939 3176 1011 deliquerunt
3224 945 3402 1008 patres
3437 951 3666 1006 eorum,
3705 951 3819 993 cum

2237 1042 2420 1103 putres
2473 1035 2657 1104 potius
2691 1034 2782 1101 qui
2813 1032 3036 1088 fuerunt
3077 1041 3396 1102 peccatores
3425 1031 3599 1100 puniri
3630 1029 3818 1086 delius.

2236 1125 2379 1190 rint;
2415 1127 2511 1181 sed
2553 1127 2680 1197 quia
2713 1134 2928 1196 patrtrm
2965 1127 3304 1180 exstiterunt
3352 1126 3725 1192 temptaturos,
3773 1132 3820 1178 et

2236 1217 2470 1274 oderunt
2509 1219 2686 1274 Deum
2743 1217 3094 1276 intereditsrio
3135 1217 3316 1284 male,
3369 1225 3429 1272 ct
3473 1217 3744 1288 impietate
3772 1215 3818 1270 in

2237 1327 2419 1368 ramos
2447 1327 2662 1384 quoque
2709 1313 2777 1368 de
2825 1313 3009 1368 radice
3039 1320 3342 1368 crescente.
3391 1312 3582 1367 Solent
3629 1311 3682 1367 in
3721 1311 3813 1365 ltoc

2237 1405 2360 1460 loco
2386 1405 2654 1470 liairctici,
2673 1408 2762 1476 qui
2788 1417 2944 1461 vetus
2963 1419 3073 1460 non
3089 1405 3359 1476 recipiunt
3385 1404 3820 1470 lnstrumculutu,

2238 1507 2428 1552 contra
2453 1507 2766 1554 creatorem
2792 1498 3003 1555 dicere:
3033 1499 3206 1566 Quam
3232 1499 3408 1554 bonus
3425 1511 3482 1554 et
3499 1501 3674 1570 justus
3692 1500 3824 1558 Deus

2239 1591 2400 1662 Lung
2427 1601 2485 1647 et
2515 1591 2933 1664 Prophetarum,
2985 1594 3077 1664 qui
3101 1595 3421 1664 quiescens,
3477 1603 3532 1650 et
3561 1595 3722 1651 silens
3764 1595 3823 1653 ad

2240 1695 2460 1755 peccata
2513 1695 2752 1756 patrum,
2806 1686 2987 1742 reddit
3019 1686 3104 1742 bis
3143 1688 3238 1758 qui
3289 1701 3402 1743 non
3449 1697 3822 1759 peccaverunt;

611 1777 768 1850 (Cap.
790 1778 978 1834 XVIII.
999 1779 1234 1837 -Vcrs.
1255 1782 1310 1848 l,
1336 1781 1420 1850 Ξ.)
1444 1779 1512 1836 Et
1540 1784 1708 1851 factus
1729 1790 1804 1835 cst
1827 1795 1995 1835 sermo
2022 1779 2135 1834 Do-
2169 1785 2216 1849 θ
2243 1777 2411 1832 immo
2435 1789 2634 1848 quanta
2667 1779 2718 1834 in
2743 1791 2812 1834 eo
2837 1779 3157 1850 crudelitas,
3219 1790 3280 1836 ut
3305 1783 3447 1837 iram
3483 1799 3636 1838 suam
3670 1799 3826 1855 usque

537 1873 667 1928 mini
687 1872 756 1926 ad
783 1890 884 1939 mc,
907 1873 1083 1928 dicens
1099 1889 1119 1928 .'
1145 1873 1288 1941 Quid
1313 1873 1549 1944 estquod
1579 1875 1710 1928 inter
1728 1888 1815 1928 ws
1835 1872 2140 1944 parabolam

535 1966 734 2020 uertitis
751 1965 809 2019 in
842 1965 1169 2036 prosa-bium
1209 1966 1352 2020 istud
1381 1967 1440 2020 in
1469 1976 1606 2020 terra
1635 1964 1827 2032 Israel,
1875 1965 2102 2018 dicentes
2122 1979 2141 2017 :

535 2054 724 2112 Patres
746 2059 1081 2114 comederunt
1122 2075 1272 2113 urant
1303 2059 1572 2126 acet-bans,
1617 2068 1666 2112 ct
1704 2061 1879 2113 dentes
1909 2059 2140 2128 ﬁliorum

537 2152 916 2223 obstupuerunt
949 2151 1136 2225 [Vulg.
1183 2154 1611 2226 obstupacunt]?
1641 2153 1820 2210 LXX:
1875 2151 1941 2207 Et
1971 2157 2140 2223 {actus

539 2257 614 2300 est
667 2261 837 2300 sermo
889 2246 1100 2301 Doinini
1134 2248 1204 2301 ad
1233 2265 1339 2315 me,
1371 2249 1547 2302 dicens
1584 2263 1601 2301 :
1638 2245 1824 2312 -:-Fili
1865 2245 2088 2300 hominis
2121 2251 2140 2299 ζ

533 2357 656 2411 qua
693 2351 768 2396 est
801 2341 1050 2412 parabole
1074 2348 1183 2396 lucc
1207 2343 1263 2397 in
1293 2343 1430 2412 ﬁlios
1455 2341 1646 2407 Israel,
1682 2341 2000 2397 dicentium:
2033 2339 2141 2394 Pa-

539 2447 648 2492 tres
667 2439 1004 2492 «insederunt
1039 2453 1192 2492 urant
1221 2440 1479 2505 acerbam,
1509 2447 1561 2494 et
1581 2440 1759 2493 dentes
1782 2439 2015 2508 ﬁliorum
2046 2438 2138 2491 ob-

539 2533 894 2603 stupuerant?
921 2533 1039 2589 Hoc
1063 2533 1209 2603 quod
1233 2534 1597 2605 Septuaginta
1625 2533 1910 2600 dixerunt,
1945 2533 2024 2603 ﬁli
2049 2535 2140 2587 tio-

535 2627 715 2691 utinis,
742 2625 801 2682 in
834 2625 1104 2683 Hebraico
1129 2641 1238 2682 non
1257 2627 1515 2682 habetur.
1547 2627 1728 2682 Monet
1746 2633 1930 2681 autem
1954 2624 2138 2680 divina

529 2717 819 2788 Scriptura
845 2719 977 2774 illud
1004 2719 1150 2790 quod
1179 2720 1238 2774 in
1276 2719 1466 2774 Exodo
1491 2718 1701 2774 dictum
1731 2726 1843 2774 est:
1872 2716 1986 2790 Ego
2024 2731 2139 2771 sum

535 2815 798 2871 Dominus
828 2813 971 2869 Beas
995 2825 1132 2869 tuus.
1164 2812 1305 2869 Deus
1325 2815 1619 2884 aunulator,
1643 2815 1731 2882 qui
1751 2813 1912 2866 reddo
1932 2821 2140 2882 peccata

527 2920 751 2980 patrum
772 2925 925 2982 super
952 2910 1110 2978 ﬁlios,
1141 2923 1301 2975 usque
1328 2908 1398 2962 ad
1422 2909 1624 2962 tertiam
1645 2918 1694 2960 et
1723 2915 1961 2977 quartam
1989 2921 2142 2978 gene-

537 3005 791 3057 rationem
819 3003 899 3056 ln's
921 3004 1009 3075 qui
1037 3004 1250 3057 odertmt
1267 3017 1371 3066 Inc,
1397 3011 1446 3056 ct
1485 3004 1621 3074 facio
1639 3001 2054 3056 miscricordiam
2085 3001 2137 3052 in

539 3094 712 3148 millia
739 3094 824 3150 his
845 3095 938 3164 qui
959 3095 1183 3168 diligunt
1212 3109 1312 3162 me,
1337 3103 1388 3148 ct
1419 3095 1719 3150 custodiunt
1745 3101 2001 3166 prwcepta
2026 3107 2139 3145 inea

2244 1871 2309 1926 ad
2360 1873 2572 1927 tertiam
2633 1883 2689 1928 et
2738 1883 2987 1943 quartam
3035 1875 3294 1932 extendat
3323 1876 3353 1914 1³
3397 1877 3824 1948 generationem!

2242 1966 2453 2034 Quibus
2485 1981 2584 2023 nos
2605 1967 3081 2038 respondebimus.
3131 1977 3185 2025 et
3215 1970 3271 2024 in
3304 1969 3413 2026 hoc
3439 1971 3536 2027 Dei
3563 1970 3827 2027 Creatoris

2243 2060 2592 2116 clementiam
2622 2061 3012 2118 demonstrari.
3043 2061 3160 2118 Non
3191 2061 3336 2119 cnim
3369 2063 3708 2120 truculentia:
3735 2071 3825 2130 est,

2243 2161 2300 2210 et
2323 2155 2655 2221 severitatis,
2691 2156 2828 2209 iram
2851 2165 3040 2211 tenere
3065 2172 3236 2229 usque
3261 2155 3328 2212 ad
3357 2159 3572 2213 tertiam
3603 2165 3660 2213 et
3686 2173 3830 2228 quar-

2243 2255 2351 2303 tam
2379 2252 2822 2319 generationem,
2854 2249 2947 2306 sed
2975 2250 3188 2323 signum
3221 2253 3613 2310 misericordia:
3635 2267 3830 2324 poenam

2239 2343 2462 2400 dillerrc
2495 2347 2744 2416 peccati.‘
2779 2345 3010 2413 Quando
3053 2348 3199 2403 enim
3233 2347 3400 2403 dicit:
3440 2347 3658 2402 Domine.
3705 2347 3830 2402 Deus

2243 2437 2534 2504 miseratur,
2558 2450 2606 2493 et
2630 2440 2942 2508 misericors,
2969 2441 3169 2509 patiens
3190 2449 3233 2495 et
3257 2441 3438 2495 multa:
3465 2440 3831 2506 miserationis;

2243 2539 2298 2586 cl
2325 2530 2488 2585 inferi
2509 2549 2520 2584 :
2545 2531 2709 2603 200
2733 2533 2950 2587 reddens
2989 2533 3312 2604 iniquitatem
3366 2547 3573 2606 patrum
3605 2551 3755 2606 super
3777 2535 3832 2602 [i-

2242 2625 2338 2680 llos
2361 2668 2373 2691 ,
2399 2635 2446 2678 et
2476 2626 2612 2694 ﬁlios
2643 2627 2890 2694 ﬁliorum,
2923 2626 3027 2682 hoc
3050 2626 3272 2692 iudicat,
3306 2627 3454 2699 quod
3491 2637 3654 2682 tantm
3680 2627 3831 2681 mise-

2241 2717 2494 2773 ricordiae
2535 2719 2627 2784 sit,
2657 2730 2720 2772 ut
2749 2733 2852 2772 non
2879 2722 3063 2773 statim
3093 2719 3302 2789 puniat,
3359 2719 3461 2775 scd
3521 2719 3832 2776 sententiam

2243 2811 2462 2866 diil'erat
2509 2809 2792 2880 puniendi.
2845 2811 2943 2866 Sin
2991 2821 3177 2868 autem
3209 2812 3456 2868 vindicta
3505 2813 3833 2883 pccmtntium

2243 2905 2493 2960 diticrtur
2520 2905 2570 2957 in
2599 2905 2811 2958 tertiam
2835 2915 2888 2958 et
2912 2906 2965 2959 in
2998 2914 3244 2976 quartam
3273 2906 3704 2978 generatimtcm,
3726 2919 3833 2960 cum

2240 2999 2399 3076 iustis
2447 3000 2768 3068 sanctisque
2823 2999 2948 3069 quid
2979 3000 3215 3070 amplius
3249 3000 3404 3056 facit.
3459 3001 3746 3076 Sequitur:
3777 2998 3835 3052 Et

2242 3074 2449 3148 servans
2481 3093 2745 3162 justitiam
2775 3105 2820 3146 et
2841 3095 3249 3148 miscricordiam
3276 3096 3332 3148 in
3357 3096 3528 3150 multa
3557 3074 3740 3161 millia,
3769 3091 3838 3146 his

543 3189 747 3261 (ΕΜ.
782 3206 836 3256 x,
861 3190 929 3255 5;
982 3187 1137 3244 Deut.
1159 3205 1213 3256 ν,
1241 3187 1297 3258 9,
1337 3187 1446 3260 ill).
1505 3189 1574 3243 Et
1601 3191 1828 3243 iterum:
1864 3186 2136 3241 Descendit
2162 3189 2207 3254 C
2241 3186 2328 3256 qui
2359 3185 2657 3239 custodiunt
2677 3186 2922 3239 mandata
2949 3190 3082 3260 ejus,
3107 3195 3152 3241 ct
3177 3187 3382 3258 faciunt
3403 3187 3835 3258 prteceptaillius.

525 3281 800 3338 .Bomimts
825 3284 879 3337 in
899 3285 1036 3338 nube
1073 3294 1119 3338 et
1155 3285 1319 3338 astitit
1335 3286 1494 3355 juxta
1527 3282 1770 3353 Moysen,
1812 3290 1857 3335 ct
1885 3279 2142 3334 inroravit

543 3373 750 3447 ﬂagres
773 3391 960 3431 nomen
983 3375 1214 3443 Domini,
1249 3386 1295 3430 et
1313 3377 1518 3430 transiit
1546 3375 1800 3430 Dominus
1817 3384 1934 3429 ante
1957 3376 2141 3445 faciem

525 3473 676 3542 «jus,
705 3479 752 3522 et
771 3471 1030 3524 innectunt
1051 3478 1235 3536 ecum,
1267 3469 1442 3524 dicens
1462 3485 1478 3521 :
1511 3467 1733 3522 Domine
1753 3466 1896 3521 Deus
1925 3467 2138 3520 misera-

537 3571 620 3615 sor
644 3571 692 3614 ct
736 3561 1047 3631 Μεδεήεοη,
1107 3564 1308 3629 patiens
1349 3573 1398 3616 et
1427 3561 1610 3616 multa:
1637 3561 2039 3627 misericordia,
2094 3571 2141 3613 ct

537 3665 715 3721 suae,
753 3665 801 3708 et
817 3657 1081 3726 justitiam
1105 3669 1336 3721 servans,
1361 3669 1408 3708 et
1435 3653 1846 3708 miscricordiam
1873 3654 1925 3706 in
1952 3654 2138 3721 millia,

541 3741 781 3817 auferens
815 3749 1132 3818 iniquitates,
1175 3749 1550 3819 etinjustitias,
1597 3759 1642 3801 et
1667 3757 1910 3816 peccata:
1942 3757 1989 3800 et
2039 3764 2140 3800 non

531 3842 839 3896 esttuttdabit
879 3843 1038 3914 199
1055 3843 1350 3912 iniquitates
1391 3851 1600 3913 patrum
1625 3858 1781 3911 super
1805 3839 1946 3910 ﬁlios
1985 3849 2030 3893 ct
2054 3857 2140 3894 su-

535 3951 632 4006 per
655 3936 794 4005 ﬁlios
815 3937 1046 4006 ﬁliorum
1066 3979 1081 4004 ,
1122 3938 1178 3990 in
1203 3938 1404 3992 tertiam
1426 3945 1472 3990 rt
1495 3946 1734 4006 quartam
1761 3936 2139 4009 generationem

535 4029 739 4104 (Exod.
776 4044 963 4099 xxxiv,
993 4030 1027 4085 5
1070 4029 1226 4102 scq.),
1264 4030 1344 4086 sic
1371 4029 1542 4101 accipi
1567 4029 1797 4094 debere,
1831 4029 1980 4100 quasi
2015 4041 2141 4097 pro—

531 4125 811 4193 verbium,
857 4132 913 4180 ct
946 4123 1293 4194 paraboiam,
1345 4134 1404 4177 ut
1459 4121 1603 4178 aliud
1633 4122 1691 4176 in
1719 4121 1902 4177 verbis
1953 4129 2134 4190 sonet,

527 4219 674 4273 aliud
697 4220 748 4272 in
773 4233 938 4273 sensu
959 4226 1144 4273 teneat
1173 4231 1188 4282 ;
1221 4215 1362 4288 quod
1391 4216 1445 4270 iu
1472 4216 1731 4287 parabole
1764 4229 1980 4287 quoque
2005 4215 2138 4270 dua—

541 4323 661 4366 rum
693 4311 1000 4381 aquilarum
1033 4323 1197 4380 snpra
1229 4310 1485 4364 diximus.
1521 4308 1675 4364 Unde
1703 4319 1757 4364 et
1786 4307 2050 4363 Dominus
2083 4307 2136 4361 in

539 4403 944 4474 septuagesimo
971 4404 1206 4473 septimo
1246 4402 1492 4475 psalmo:
1533 4402 1799 4474 Aprriam,
1841 4401 2038 4473 inquit,
2083 4402 2137 4456 in

539 4498 802 4571 parabolis
825 4515 880 4554 as
905 4513 1114 4553 meum:
1141 4499 1324 4569 loquar
1347 4498 1725 4569 prapositioncs
1753 4496 1813 4552 ab
1839 4498 1988 4551 initio
2016 4495 2134 4570 (Ps.

2243 3278 2515 3347 Scriptum
2549 3289 2634 3334 est
2663 3279 2715 3333 in
2749 3280 3097 3335 Proverbiis:
3160 3280 3308 3336 Sicut
3339 3295 3438 3335 una
3475 3281 3662 3337 acerba
3689 3279 3841 3336 denti-

2243 3374 2337 3427 bus
2373 3374 2529 3428 naria
2557 3384 2652 3442 cst,
2702 3385 2752 3428 et
2779 3378 2953 3446 fumus
3001 3375 3200 3431 oculis:
3249 3376 3326 3430 sic
3351 3377 3612 3446 iniquitas
3662 3378 3738 3432 his
3765 3375 3840 3448 qui

2243 3475 2459 3520 utuntur
2486 3483 2544 3520 ca
2564 3465 2746 3539 (Prov.
2779 3483 2834 3534 x,
2857 3466 2974 3540 9.6).
2994 3469 3068 3522 Ex
3090 3483 3199 3539 quo
3231 3471 3591 3543 perspicuum
3623 3481 3721 3536 est,
3745 3483 3840 3524 non

2241 3561 2475 3614 aliorum
2504 3559 2691 3616 dolere
2745 3561 2939 3616 dentes
2967 3570 3023 3616 ct
3057 3563 3488 3635 obstupescere,
3542 3566 3639 3622 sed
3667 3573 3841 3622 eorum

2239 3654 2332 3725 qui
2363 3667 2521 3707 uvam
2553 3653 2806 3709 acerbam
2835 3653 3196 3710 comederint.
3223 3657 3530 3714 Estautcm
3563 3658 3668 3714 loci
3699 3658 3844 3712 istius

2239 3749 2337 3806 hic
2383 3765 2609 3816 sensus;
2663 3749 2942 3821 quomodo
2973 3752 3019 3807 si
3069 3755 3192 3824 quis
3226 3755 3360 3812 velit
3401 3757 3595 3815 dicere
3631 3773 3644 3811 :
3676 3755 3842 3810 Patres

2242 3861 2390 3900 uram
2437 3845 2671 3901 acerbam
2711 3848 3063 3917 comederunt,
3120 3858 3165 3904 et
3191 3849 3374 3906 dentes
3404 3853 3644 3922 ﬁliorum
3685 3851 3843 3906 obstu-

2243 3951 2488 4011 puerunt,
2517 3942 2806 3998 ridiculum
2830 3953 2933 4009 est,
2965 3953 3020 4000 et
3048 3943 3253 4001 nullam
3285 3948 3506 4004 habens
3529 3962 3847 4019 consequen-

2243 4033 2372 4087 tiam
2402 4052 2412 4087 :
2446 4037 2522 4088 sic
2551 4034 2796 4106 iniquum
2831 4047 2914 4091 cst
2940 4045 3102 4108 atque
3143 4053 3477 4108 perversum
3512 4053 3738 4114 peccare
3759 4055 3847 4110 pa-

2241 4133 2376 4192 tres,
2401 4137 2457 4182 ct
2481 4127 2626 4182 illius
2651 4139 2985 4201 nepotesque
3005 4131 3264 4187 cruciari.
3283 4133 3431 4190 Sunt
3458 4135 3555 4207 qui
3588 4135 3691 4192 hoc
3713 4131 3847 4210 quod

2242 4220 2296 4273 in
2327 4217 2515 4274 Exodo
2557 4222 2819 4291 scriptum
2851 4231 2967 4278 est:
3025 4221 3268 4279 Rcddens
3297 4225 3613 4298 iniquitates
3653 4239 3847 4299 patrum

2241 4329 2395 4383 super
2425 4313 2564 4382 ﬁlios
2611 4314 2662 4368 in
2697 4316 2898 4370 tertiam
2928 4325 2974 4372 ct
3025 4327 3260 4385 quartam
3305 4323 3726 4390 generationem,
3779 4319 3846 4373 ita

2241 4407 2564 4477 cdisserant,
2607 4417 2665 4462 ut
2695 4409 2759 4463 ad
2793 4411 3031 4464 animam
3063 4410 3362 4467 humanam
3398 4414 3735 4470 sententiam
3755 4423 3846 4468 rc-

2239 4498 2437 4570 i‘erant,
2489 4510 2700 4571 patrem
2736 4502 2788 4556 in
2821 4503 2978 4558 nobis
3007 4503 3179 4560 levem
3205 4502 3317 4577 [ΑΙ.
3347 4505 3565 4580 lenem]
3600 4515 3846 4577 punctum

535 4611 742 4661 Lxxvn,
773 4593 885 4664 l5).
919 4591 989 4648 Et
1009 4595 1063 4648 in
1091 4593 1387 4664 Evangelia
1413 4593 1722 4664 parabolam
1753 4592 2043 4660 sementis,
2081 4600 2136 4647 et
2159 4585 2211 4646 ἵ)
2239 4606 2496 4649 sensuum
2526 4603 2580 4650 ct
2609 4595 2878 4650 incentiva
2901 4597 3154 4652 vitiorum
3179 4610 3307 4653 eSSc
3335 4597 3641 4667 dicentes;
3692 4599 3849 4655 lilium

535 4689 678 4756 lolii,
709 4699 763 4744 ct
803 4689 1037 4760 sinapis,
1084 4690 1228 4760 quod
1259 4703 1380 4744 cum
1431 4690 1502 4744 sit
1553 4689 1835 4743 minimum
1886 4687 2129 4742 omnium

537 4786 846 4855 seminum,
883 4784 936 4840 in
985 4797 1236 4856 magnam
1285 4783 1566 4856 consurgit
1617 4781 1868 4838 arborem
1912 4779 2130 4855 (Matth.

537 4890 681 4950 xm),
701 4881 772 4934 ita
805 4879 1159 4950 proponit,ut
1181 4877 1324 4933 aliud
1355 4873 1654 4947 prieteudat
1679 4878 1734 4931 in
1757 4874 1962 4942 verbis,
1989 4874 2133 4929 aliud

535 4973 588 5028 in
623 4972 874 5027 sensibus
905 4979 1112 5026 teneat.
1147 4970 1214 5025 Et
1236 4985 1336 5024 nos
1357 4984 1526 5040 usque
1552 4971 1604 5025 in
1635 4979 1961 5040 praesentem
1989 4967 2131 5022 diem

536 5067 864 5139 putabamus
895 5066 1000 5122 duo
1029 5064 1338 5120 testimonia
1363 5063 1574 5132 Exodi,
1614 5077 1733 5134 qua:
1777 5077 1946 5133 supra
1993 5059 2130 5132 (ira.

535 5168 682 5230 χχιχ)
719 5160 1003 5233 posuimus
1047 5176 1154 5214 non
1187 5173 1314 5215 esse
1340 5157 1680 5230 parabolaln,
1701 5158 1804 5220 sed
1819 5157 2127 5228 displicent

529 5258 801 5325 explicare
819 5256 1168 5310 sententiam.
1201 5253 1270 5308 Et
1299 5265 1625 5324 quamquam
1657 5253 2122 5309 nou-auderemus

531 5348 812 5418 quidpiam
845 5346 1048 5417 dicere,
1079 5361 1178 5402 nec
1198 5361 1294 5401 vas
1319 5346 1485 5402 iictile
1509 5345 1654 5416 loqui
1674 5354 1861 5400 contra
1887 5345 2131 5416 ﬁgulum,

536 5455 705 5512 quare
737 5443 834 5510 ita,
878 5441 964 5496 vel
996 5443 1070 5495 ita
1103 5457 1189 5496 me
1219 5440 1424 5496 iecisti:
1461 5447 1641 5494 tamen
1672 5438 1987 5494 scandalum
2042 5453 2135 5508 pa-

525 5532 806 5589 tiebamur
837 5534 1111 5590 occultum
1141 5575 1154 5603 ,
1197 5532 1343 5604 quod
1383 5531 1656 5602 'injtlelitiu
1689 5531 1968 5588 rideret-ur
1997 5529 2091 5586 Dei
2115 5573 2131 5599 ,

608 5727 633 5755 ι
664 5717 809 5776 Boos
839 5733 1022 5786 rosus,
1049 5734 1166 5776 cum
1187 5717 1384 5784 dicens,
1413 5727 1541 5772 cum
1563 5727 1932 5787 neque-penes
1955 5711 2122 5783 LXX,

529 5805 710 5864 mue
731 5791 792 5854 in
811 5791 1048 5858 mw
1078 5792 1189 5858 sint
1205 5789 1423 5861 seetse.
1443 5788 1715 5854 Victorius
1739 5801 1962 5852 mrum
1979 5803 2124 5859 uno-

2237 4703 2392 4758 vero,
2422 4690 2755 4761 sitcogitatio
2780 4700 3064 4761 peccatum
3100 4694 3426 4763 Conceperit
3453 4709 3468 4761 ;
3528 4703 3779 4768 nepotes,
3809 4689 3850 4745 si

2241 4784 2382 4854 quod
2411 4785 2745 4855 cogitaveris
2775 4793 2939 4856 atque
2985 4789 3324 4858 conceperis,
3357 4803 3536 4859 opere
3575 4797 3852 4862 perpetra-

2241 4879 2418 4946 vcris;
2448 4889 2806 4950 pronepotem
2837 4890 3042 4948 autem,
3067 4881 3171 4937 hoc
3190 4888 3294 4952 est,
3331 4896 3600 4953 quartam
3632 4895 3849 4954 genera-

2245 4973 2468 5042 timtcm,
2498 4975 2542 5030 si
2575 4989 2680 5038 non
2711 4973 2888 5030 solum
2917 4973 3122 5031 ieceris
3145 4974 3289 5046 quod
3311 4977 3531 5032 malum
3556 4989 3640 5034 est
3669 4985 3725 5033 ct
3744 4990 3854 5030 sce-

2239 5067 2460 5130 lesmm,
2496 5066 2592 5122 sed
2639 5070 2693 5122 in
2725 5068 2830 5123 tuis
2859 5069 3160 5124 sceleribus
3210 5068 3497 5140 glorieris,
3559 5067 3852 5126 secundum

2231 5157 2370 5220 illud
2396 5159 2536 5228 quod
2559 5159 2828 5229 leriptttm
2853 5168 2936 5216 est
2965 5159 3160 5231 (lbid.,
3191 5175 3346 5226 xvm,
3380 5162 3438 5231 5)
3469 5181 3482 5216 :
3512 5161 3726 5234 Impius
3748 5175 3855 5214 cum

2231 5253 2286 5306 in
2309 5251 2624 5322 profundum
2643 5251 2906 5307 mulorum
2931 5255 3143 5322 venerit,
3173 5258 3462 5308 contenmit
3487 5255 3602 5328 [ΑΙ.
3621 5263 3856 5312 conictu-

2233 5346 2532 5418 nct].Dcus
2565 5349 2729 5418 igitur
2757 5349 2961 5418 primos
2983 5357 3037 5404 et
3059 5349 3334 5404 secundos
3363 5351 3637 5408 stimulos
3660 5350 3859 5422 cogita-

2236 5438 2463 5506 tionum,
2520 5456 2655 5509 quas
2688 5441 2862 5497 Grazci
2889 5442 3209 5520 προπαθείας
3239 5453 3473 5511 vocant,
3508 5446 3636 5501 sine
3667 5444 3858 5517 quibus

2233 5531 2417 5588 nullus
2449 5534 2735 5590 inominata
2766 5549 2890 5592 esse
2915 5543 3118 5606 potest,
3139 5547 3502 5608 nequaquam
3525 5542 3695 5613 punit
3717 5555 3733 5606 ς
3755 5535 3860 5596 sed

2231 5729 2342 5790 que
2371 5716 2589 5790 adjutus
2607 5731 2750 5790 mss.
2777 5717 3057 5790 “magis,
3089 5719 3257 5777 delet.
3283 5723 3299 5789 ε’

2303 5788 2330 5829 1³
2367 5788 2574 5850 Vitiosa
2595 5789 2850 5850 Iulias.
2881 5788 3088 5864 icium
3107 5788 3579 5866 quaestionem.
