3996 6322
219 267 309 327 169

876 268 1534 334 COMMENTARIORUM
1570 269 1639 333 ΙΝ
1677 269 2117 332 EZECHIELEM
2155 268 2288 334 LIB.
2329 273 2420 347 Vi,
2458 274 2616 337 CAP.
2656 276 2845 339 XVI".

3407 286 3511 345 I70

126 412 129 419 -
221 387 261 443 si
279 384 496 456 cogitata
524 385 655 459 quis
684 387 875 446 facere
898 391 1227 461 decreverit,
1256 404 1347 449 aut
1372 395 1486 464 ipsa
1516 412 1636 466 qua:
1663 394 1806 450 recc-
1832 396 1886 456 Α
1911 390 2051 458 Quid
2082 392 2377 463 signiticet,
2420 392 2541 448 Vivo
2564 412 2677 466 ego,
2702 397 2824 451 dicit
2858 394 3137 462 Dominus,
3159 407 3207 453 et
3239 400 3508 470 parabola,

224 480 300 548 rit,
350 480 581 535 noluerit
610 484 899 555 corrigere
939 488 1277 555 ptenitentia.
1344 487 1495 544 Unde
1542 488 1803 558 scriptum

226 583 318 629 est:
346 570 532 627 Nullus
556 573 839 630 hominum
858 578 969 632 sine
993 588 1219 650 peccato,
1241 596 1331 634 nec
1353 581 1397 634 si
1424 581 1576 634 unius
1600 582 1805 652 quidem

230 671 315 726 diei
331 670 475 741 fuerit
496 671 603 726 vita
628 675 767 743 ejus.
796 672 1154 729 Numerabiles
1168 686 1336 730 autem
1368 678 1491 729 anni
1522 677 1637 731 vita:
1664 677 1804 730 illius

231 766 388 839 (Prov.
420 782 510 833 xx,
537 766 617 838 9).
670 768 738 822 Et
765 769 818 823 in
849 770 956 825 alio
987 769 1144 825 loco:
1197 771 1324 839 Quis
1354 772 1660 842 gloriabitur
1686 789 1805 827 cas-

232 870 317 914 tum
357 876 407 915 se
430 860 618 914 habere
641 876 733 914 cor
750 864 775 915 Ρ
795 861 863 916 Ει
890 877 1134 918 rursum:
1166 864 1319 918 Astra
1331 880 1532 934 quoque
1553 881 1653 918 non
1682 874 1800 918 sunt

232 957 396 1009 munda
417 956 470 1009 in
491 966 773 1027 conspectu
792 957 903 1027 ejus
917 973 936 1010 :
966 967 1013 1012 et
1040 957 1514 1029 adversusAngelos
1528 973 1647 1011 suos
1678 973 1799 1027 per-

226 1064 401 1101 tersum
422 1049 548 1119 quid
570 1050 885 1123 excogitavit
916 1048 1055 1119 (Job
1090 1065 1217 1114 xxv,
1252 1050 1331 1121 5).
1369 1050 1463 1105 Sin
1494 1059 1674 1104 autem
1704 1064 1799 1103 su-

225 1137 381 1193 blimis
412 1138 503 1193 illa
533 1150 726 1195 natura
758 1151 979 1211 peccato
1015 1156 1123 1196 non
1154 1151 1327 1205 caret,
1358 1140 1485 1212 quid
1509 1140 1797 1196 dicendum

220 1242 291 1285 est
316 1232 379 1286 de
406 1233 747 1299 hominibus,
789 1232 883 1302 qui
915 1233 1088 1303 fragili
1115 1249 1279 1289 carne
1305 1233 1647 1297 circumdati,
1708 1233 1800 1288 de-

223 1325 333 1380 bent
351 1326 495 1395 loqui
523 1341 650 1382 cum
676 1328 973 1396 Apostolo:
1001 1328 1159 1400 201
1185 1327 1342 1382 Miser
1365 1345 1458 1397 ego
1486 1328 1661 1393 homo,
1685 1330 1799 1399 quis

220 1434 290 1472 me
316 1418 548 1474 liberabit
580 1418 646 1472 de
673 1434 888 1489 corpore
921 1420 1099 1472 mortis
1128 1420 1286 1491 hujus
1327 1418 1505 1490 (Rom.
1538 1436 1631 1485 vu,
1666 1420 1800 1489 :14)?

219 1511 276 1567 Et
299 1512 445 1580 illud,
482 1521 540 1566 nt
569 1529 695 1568 cum
724 1514 903 1567 omnia
927 1513 1232 1577 fecerimus,
1266 1513 1561 1569 debeamus
1582 1514 1795 1570 dicere:

219 1605 349 1662 Servi
377 1606 589 1661 inutiles
630 1623 848 1662 sumus:
874 1607 1011 1676 quod
1056 1607 1322 1661 debuimus
1354 1606 1551 1676 facere,
1585 1608 1799 1677 fecimus

214 1699 350 1772 (Luc.
378 1717 509 1767 xm,
548 1700 659 1772 10).
705 1700 807 1757 Et:
862 1699 982 1756 Nisi
1026 1700 1279 1755 Dominus
1328 1702 1658 1771 trdiﬁcarerit
1703 1702 1798 1755 do-

1913 484 2006 540 vel
2038 486 2381 554 proverbium,
2413 503 2571 558 supra
2603 491 2821 560 plenius
2850 490 3124 548 diximus:
3158 509 3279 564 qua:
3308 510 3509 565 nequa-

1906 593 2066 649 quam
2098 580 2311 636 dicetur
2339 581 2390 637 in
2422 582 2613 649 Israel,
2644 585 2739 640 sed
2782 585 2835 639 in
2870 584 2956 641 itis
2978 587 3070 658 qui
3116 587 3209 642 Dei
3253 589 3506 644 notitiam

1908 687 2014 728 non
2046 674 2271 742 habent,
2304 691 2404 731 nec
2441 688 2668 747 possunt
2709 680 3016 749 perspicere
3038 686 3347 739 veritatem.
3380 683 3508 740 Om-

1906 780 2025 834 nes,
2057 768 2247 837 iuquit,
2280 769 2480 824 anima:
2509 785 2647 825 meae
2669 781 2828 837 sunt;
2857 773 3008 842 juxta
3033 785 3362 842 creaturam,
3397 792 3507 832 non

1900 855 2053 927 juxta
2088 860 2343 914 meritum
2379 879 2393 915 :
2446 869 2505 915 ut
2544 862 2759 934 Moyses
2789 865 3164 935 appellabatur
3197 866 3358 923 homo
3389 868 3506 935 Dei,

1905 947 1974 1004 de
2020 966 2129 1020 quo
2184 953 2448 1024 scriptum
2481 966 2565 1010 est
2610 974 2621 1009 :
2669 955 2853 1010 Oratio
2911 956 3080 1030 Moysi
3132 960 3354 1015 hominis
3410 961 3507 1018 Dei

1905 1041 2087 1115 (Deut.
2123 1062 2316 1113 χχχιιι,
2356 1050 2429 1119 1).
2470 1050 2537 1104 Et
2569 1050 2713 1106 Elias
2743 1051 2833 1122 qui
2878 1052 2945 1107 ad
2992 1055 3377 1125 quinquagin'a
3403 1057 3505 1111 mi-

1902 1136 2058 1193 litum
2113 1140 2412 1211 principctn
2458 1142 2784 1213 loquebatur
2831 1162 2845 1198 :
2882 1144 2948 1200 Et
2978 1148 3024 1199 si
3068 1146 3222 1201 homo
3271 1147 3367 1202 Dei
3413 1165 3508 1220 ego

1902 1247 2037 1296 sum,
2073 1233 2347 1288 descendat
2392 1236 2525 1305 ignis
2555 1238 2619 1290 de
2646 1236 2772 1293 ctelo
2803 1255 2958 1308 super
2998 1249 3067 1305 to,
3101 1250 3149 1292 ct
3177 1258 3329 1312 super
3353 1245 3507 1312 quin—

1903 1326 2152 1396 quaginta
2183 1337 2204 1362 α
2235 1330 2372 1382 viros
2407 1327 2497 1400 (IV
2522 1328 2653 1400 Iieg.
2700 1347 2738 1396 ι,
2773 1330 2886 1402 12).
2922 1332 3095 1386 ιιυωο
3129 1349 3260 1389 vero
3305 1336 3511 1404 peccati

1903 1426 1959 1472 ct
1982 1419 2121 1473 “illis
2150 1419 2474 1489 iniquitatis,
2505 1440 2610 1478 non
2644 1435 2868 1480 Vocatur
2898 1426 3056 1482 homo
3086 1428 3206 1492 Dei,
3233 1429 3372 1485 sicut
3397 1446 3502 1485 ser-

1904 1525 2005 1565 vus
2039 1521 2094 1566 et
2124 1511 2359 1568 famulus
2409 1514 2498 1570 Dei
2536 1515 2587 1570 bi
2634 1518 3001 1588 appellantir,
3048 1519 3115 1574 de
3156 1521 3354 1590 quibus
3403 1522 3508 1576 dici

1905 1619 2012 1657 non
2046 1613 2225 1674 potest
2256 1622 2269 1658 :
2306 1605 2484 1660 Omnis
2507 1609 2595 1678 qui
2628 1612 2753 1679 facit
2774 1620 3056 1681 peccatum,
3086 1628 3259 1666 servus
3290 1623 3364 1666 est
3389 1630 3508 1682 pec-

1904 1696 2006 1748 cati
2028 1693 2210 1765 (Joan.
2243 1712 2356 1763 vm,
2389 1700 2502 1769 54).
2538 1701 2605 1755 Et
2628 1701 2822 1756 iterum
2851 1722 2861 1755 :
2894 1700 2939 1756 Α
2966 1721 3067 1774 quo
3093 1706 3229 1757 enim
3258 1706 3371 1776 quis
3394 1707 3507 1759 vin-

213 1811 364 1859 nium,
392 1795 447 1847 in
477 1810 667 1847 vanum
700 1794 1061 1849 laboraverunt
1098 1796 1184 1865 qui
1226 1794 1488 1864 aedificant
1515 1810 1625 1847 eam
1655 1809 1675 1848 :
1702 1794 1800 1848 nisi
1832 1796 1875 1858 Β
1902 1788 2051 1854 citur,
2086 1792 2196 1860 ejus
2225 1801 2272 1844 et
2300 1808 2475 1846 servus
2499 1803 2571 1847 est
2595 1793 2661 1866 (ll
2691 1793 2836 1849 I’etr.
2864 1811 2923 1863 ιι,
2960 1796 3069 1866 19).
3104 1796 3256 1853 Sicut
3288 1807 3513 1870 peccata

214 1887 449 1943 Dominus
481 1888 784 1942 custodierit
813 1889 1088 1955 civitatem,
1136 1892 1333 1959 frustra
1370 1887 1544 1958 vigilat
1567 1887 1659 1958 qui
1683 1903 1800 1940 cus-

212 1982 326 2035 todit
355 1999 468 2036 eam
496 1979 671 2049 (Psal.
699 1998 888 2047 cxxvr,
928 1984 973 2047 l,
997 1980 1077 2051 Ξ).
1105 1981 1185 2035 Ad
1212 1980 1584 2050 probationem
1613 1988 1795 2035 autem

211 2074 356 2145 hujus
383 2077 486 2142 rei,
508 2074 658 2147 quod
689 2090 1028 2146 nequaquam
1062 2075 1268 2145 primus
1300 2074 1489 2144 pulsus
1515 2073 1799 2144 cogitatio.

211 2170 303 2237 nis,
335 2170 500 2224 immo
529 2183 730 2239 parvus
771 2168 970 2223 mentis
1015 2169 1302 2224 instinctus
1329 2174 1580 2237 puniatur
1607 2182 1634 2220 a
1660 2166 1792 2233 Deo,

208 2264 292 2320 sed
318 2264 363 2318 si
389 2262 540 2332 quod
574 2273 756 2318 mente
788 2264 1137 2334 conceperis,
1189 2276 1358 2332 opere
1388 2275 1701 2329 consumes,
1733 2261 1797 2315 il-

208 2352 288 2410 lud
326 2355 392 2410 de
417 2354 621 2410 Genesi
654 2353 1040 2425 proferendum
1071 2365 1187 2409 est:
1231 2351 1398 2408 Cltam
1426 2352 1688 2422 peccavit,
1724 2352 1796 2406 ir-

208 2447 376 2502 ridens
397 2448 704 2502 nuditatem
738 2447 936 2516 patris;
969 2456 1024 2502 et
1053 2447 1382 2503 sententiam
1418 2464 1524 2501 non
1556 2445 1676 2515 ipse
1703 2448 1795 2517 qui

206 2541 335 2608 risit,
387 2540 484 2597 sed
515 2541 659 2597 filius
703 2540 821 2611 ejus
849 2540 1088 2611 suscepit
1118 2540 1395 2596 Chanaam
1424 2536 1791 2605 :Moledictus,

206 2635 293 2699 ait,
321 2634 610 2700 Chanaan;
638 2651 816 2690 seri-us
844 2634 940 2689 erit
972 2637 1194 2706 fratrum
1218 2649 1432 2688 suorum
1460 2632 1666 2705 (lienes.
1692 2632 1792 2703 rx).

207 2724 326 2794 ρυω
352 2727 495 2782 enim
541 2726 751 2798 justitia
780 2735 883 2792 est,
932 2734 989 2781 ut
1014 2738 1164 2798 pater
1184 2727 1520 2799 peccaverit,
1551 2735 1606 2781 et
1651 2725 1705 2780 in
1735 2724 1798 2780 ﬁ-

208 2820 325 2877 lium
360 2825 634 2879 sententia
666 2823 1010 2894 proferatur?
1056 2821 1283 2878 Necnon
1309 2821 1456 2893 quod
1489 2821 1543 2876 in
1574 2829 1794 2876 contra-

206 2912 329 2969 riam
355 2926 563 2985 partem
589 2916 744 2987 ponit
767 2915 1060 2985 Apostolus
1088 2914 1133 2985 (Ι
1159 2914 1298 2970 Tim.
1326 2915 1409 2987 ιι),
1442 2915 1646 2970 salvam
1675 2928 1799 2970 esse

207 3008 503 3076 mulierem,
532 3009 579 3063 si
609 3009 707 3063 lilii
736 3008 857 3078 ejus
886 3010 1291 3079 permanserint
1320 3009 1374 3063 in
1404 3008 1534 3075 ﬁde,
1558 3015 1615 3062 et
1639 3021 1798 3063 sanc-

206 3098 378 3165 titate,
409 3111 466 3157 et
511 3103 798 3172 pudicitia,
854 3101 1067 3158 videtur
1090 3103 1358 3159 sententia
1385 3102 1655 3173 justitiam
1684 3118 1795 3158 non

1905 1880 2139 1937 filiorum
2173 1899 2280 1939 non
2316 1896 2517 1941 nocent
2544 1888 2815 1958 patribus,
2847 1890 2926 1945 sic
2955 1901 3174 1960 peceata
3205 1903 3419 1962 patrum
3443 1892 3511 1947 ad

1905 1976 2048 2031 filios
2078 1994 2187 2032 non
2233 1979 2571 2046 redundant;
2623 1982 2718 2037 sed
2768 1983 2950 2040 anima
3005 2001 3125 2055 quae
3182 1987 3510 2055 peccaverit,

1902 2068 2019 2138 ipsa
2050 2071 2316 2125 morietur
2365 2090 2379 2126 :
2426 2089 2533 2127 nou
2592 2074 2893 2130 abolitione
2934 2078 3272 2141 subStautiaz,
3317 2079 3411 2134 sed
3444 2094 3509 2135 ex

1902 2161 2020 2232 ejus
2040 2162 2345 2229 consortio,
2368 2169 2461 2236 qui
2484 2166 2617 2220 dicit
2643 2184 2655 2219 :
2686 2165 2799 2239 Ego
2821 2186 2934 2222 sum
2958 2170 3058 2223 vita
3083 2169 3266 2237 (Joan.
3293 2186 3402 2228 xiv.
3429 2171 3508 2241 6).

1901 2254 1970 2310 Et
1996 2257 2125 2312 alibi
2161 2258 2401 2329 loquitur
2429 2278 2441 2313 ε
2473 2260 2652 2315 Omnis
2681 2263 2769 2330 qui
2795 2262 2910 2316 vivit
2929 2274 2975 2316 et
3006 2265 3166 2317 credit
3198 2265 3253 2318 in
3279 2281 3330 2317 nt
3352 2284 3377 2332 ’,
3408 2282 3511 2321 non

1882 2349 2148 2402 .morietur
2193 2349 2248 2403 in
2275 2359 2521 2405 wternum
2554 2351 2716 2423 (Ibid.
2758 2371 2826 2419 xu,
2857 2354 2972 2424 2(5).
3004 2354 3074 2409 Et
3104 2373 3115 2407 :
3145 2357 3327 2423 Amen,
3362 2374 3510 2413 anten

1901 2442 2017 2495 dico
2045 2442 2182 2496 vobis
2214 2444 2347 2515 :qui
2372 2461 2662 2500 sermonem
2711 2462 2879 2500 meum
2928 2447 3254 2515 custodierit,
3300 2461 3511 2505 mortem

1902 2550 2004 2587 non
2033 2535 2222 2588 videbit
2247 2535 2299 2589 in
2326 2538 2721 2608 sempiternum.
2768 2537 2883 2592 Vita
2923 2539 3059 2594 enim
3094 2550 3271 2595 nostra
3296 2544 3512 2597 abscon-

1902 2627 2011 2681 dita
2046 2637 2121 2683 est
2153 2645 2267 2683 cum
2298 2626 2505 2684 Christo
2552 2632 2604 2685 in
2652 2630 2761 2685 Deo
2788 2631 2965 2703 (Ibid.
3021 2649 3133 2699 vm,
3187 2633 3290 2703 51)
3329 2651 3341 2688 τ
3388 2635 3511 2705 quia

1903 2718 2010 2792 [ΑΙ.
2042 2720 2171 2794 qua]
2206 2724 2400 2778 victuri
2435 2740 2628 2781 sumus
2658 2726 2878 2795 quando
2907 2725 3158 2781 Christus
3196 2730 3509 2798 apparuerit

1902 2815 2010 2870 vita
2044 2826 2232 2871 nostra
2269 2817 2322 2872 in
2354 2817 2526 2890 gloria
2570 2818 2795 2890 (Coloss.
2839 2836 2928 2885 tu,
2967 2823 3052 2891 5);
3102 2831 3157 2877 ct
3197 2822 3514 2892 iruplebitur

1904 2912 2035 2968 illud
2065 2913 2210 2984 quod
2239 2915 2501 2985 scriptum
2526 2927 2609 2971 cst
2645 2934 2657 2969 :
2690 2916 2853 2971 Amen
2882 2934 3029 2972 amen
3056 2920 3173 2972 dico
3203 2919 3344 2973 vobis
3373 2938 3392 2973 :
3423 2922 3515 2991 qui

1898 3023 2184 3062 sermonent
2212 3025 2379 3063 meum
2412 3009 2579 3077 audit,
2609 3022 2655 3063 et
2687 3011 2849 3064 credit
2880 3012 2925 3064 ei
2948 3012 3036 3081 qui
3066 3012 3201 3066 misit
3236 3030 3335 3080 me,
3359 3014 3509 3068 habet

1904 3098 2057 3153 vitam
2077 3109 2357 3155 a’ternam:
2390 3111 2437 3155 et
2458 3103 2509 3155 in
2531 3102 2798 3176 judicium
2828 3119 2929 3158 non
2956 3106 3114 3169 venit,
3147 3105 3239 3160 sed
3271 3108 3510 3161 transibit

205 3190 420 3261 habere,
468 3203 525 3249 ut
554 3196 600 3249 si
633 3194 729 3250 filii
766 3194 893 3250 boni
915 3196 1116 3252 fuerint
1139 3206 1196 3250 et
1218 3204 1468 3264 nepotes,
1515 3196 1794 3252 salventur
1822 3202 1869 3270 (ζ
1899 3192 1963 3246 de
1989 3203 2151 3249 morte
2180 3196 2233 3249 in
2262 3195 2418 3250 vitam
2447 3195 2627 3270 (Joan.
2662 3213 2714 3265 v,
2744 3196 2860 3267 24).
2894 3198 3030 3254 Illud
3071 3211 3250 3256 autem
3295 3200 3440 3271 quod
3483 3220 3511 3255 a

207 3298 472 3354 parentes.
503 3287 705 3354 Quanti
734 3288 881 3342 enim
923 3298 1177 3359 parentes
1197 3289 1369 3344 sancti
1392 3298 1539 3357 sunt,
1571 3295 1626 3343 et
1675 3304 1791 3342 nta-

210 3379 280 3434 los
306 3381 512 3435 habent
529 3380 673 3435 filios
697 3400 711 3436 :
734 3392 790 3438 et
817 3398 848 3437 e
877 3383 1152 3438 contrario
1173 3383 1359 3454 quanti
1390 3389 1647 3454 parentes
1671 3396 1794 3450 pec-

206 3487 435 3545 catores,
463 3476 647 3547 justos
676 3487 735 3532 et
760 3486 982 3533 sanctos
1030 3477 1173 3533 filios
1210 3478 1507 3549 generant?
1538 3477 1679 3549 Ergo
1708 3491 1795 3532 se-

207 3571 433 3623 cundum
460 3569 607 3625 hunc
638 3584 861 3627 sensum
888 3580 1083 3627 cuncta
1112 3571 1426 3643 accipienda
1480 3587 1600 3641 qua:
1628 3585 1795 3642 supra

207 3658 454 3728 diximus,
510 3674 735 3734 peccata
761 3674 1045 3734 parentum
1096 3674 1260 3736 atque
1303 3665 1702 3736 generautiunt,
1740 3664 1793 3718 in

206 3754 386 3821 rantis,
414 3771 521 3811 non
553 3757 606 3811 in
635 3758 825 3812 radice
853 3758 1050 3827 puniri.
1078 3758 1191 3813 Hoc
1218 3758 1434 3813 interim
1459 3758 1528 3814 de
1566 3772 1792 3828 prover-

206 3844 285 3901 bio
302 3849 418 3904 sive
439 3849 701 3918 parabola
730 3850 933 3905 dixisse
961 3850 1231 3906 sufﬁciat:
1263 3851 1408 3921 quod
1438 3850 1550 3906 Lex
1580 3862 1635 3906 et
1661 3850 1794 3906 Pro-

207 3941 389 4009 plietre,
423 3945 531 3999 hoc
556 3953 664 4011 est,
686 3943 908 3998 Exodus
931 3952 987 3999 et
1012 3943 1285 4011 Ezechiel,
1310 3945 1474 3999 immo
1502 3945 1619 4015 ipse
1651 3944 1794 4001 Deus

206 4035 286 4102 qui
314 4046 366 4090 ct
390 4036 480 4091 hic
502 4045 559 4092 et
586 4036 660 4091 ibi
684 4036 899 4091 locutus
925 4047 1030 4105 est,
1056 4051 1394 4107 nequaquam
1426 4037 1480 4092 in
1507 4038 1794 4094 sententiis

206 4123 505 4198 discrepare
530 4128 809 4197 videatur,
833 4140 923 4183 aut
947 4129 1033 4185 liic
1054 4128 1357 4200 corrigere.
1378 4128 1523 4201 quod
1552 4129 1623 4186 ibi
1651 4129 1793 4186 male

207 4219 408 4277 dixerit.
462 4221 523 4279 Si
555 4223 681 4293 quis
731 4232 913 4302 autem
945 4222 1031 4279 vel
1083 4223 1388 4290 meliorem,
1431 4223 1515 4278 vel
1561 4224 1790 4279 alterum

207 4329 410 4373 sensum
442 4318 691 4389 potuerit
721 4317 982 4388 reperire,
1010 4317 1103 4389 qui
1130 4317 1532 4373 contrariorum
1568 4321 1711 4374 inter
1734 4332 1793 4374 se

207 4412 638 4469 testimoniorum
685 4411 999 4467 scandalum
1032 4411 1231 4478 tollat,
1291 4410 1434 4467 illius
1474 4411 1647 4482 magis
1704 4426 1794 4467 ac-

206 4503 582 4570 quiescendum
610 4506 899 4559 sententiae
930 4512 1034 4560 est.

1900 3287 2086 3342 Balatu
2128 3289 2329 3344 dicitur
2387 3307 2399 3343 :
2458 3289 2718 3345 Moriatur
2769 3292 2946 3347 anima
2994 3311 3102 3347 utea
3142 3294 3193 3346 in
3238 3295 3511 3349 animabus

1890 3382 2157 3452 justorum
2187 3381 2375 3452 (Nam.
2419 3398 2572 3448 χχιιι,
2621 3382 2705 3453 l0)
2740 3402 2750 3436 :
2781 3383 2928 3439 hnuc
2966 3384 3136 3441 habet
3173 3402 3418 3453 sensum,
3454 3398 3512 3441 ut

1897 3476 2079 3544 capiat
2128 3476 2263 3528 mori
2307 3476 2509 3530 saeculo
2558 3486 2724 3545 atque
2769 3488 3033 3547 peccato,
3075 3492 3138 3533 ac
3171 3478 3355 3533 vivere
3385 3494 3507 3533 cum

1892 3549 2165 3637 iustorum
2215 3567 2524 3633 animabus,
2569 3584 2804 3637 quorum
2855 3569 2962 3624 vita
3006 3567 3259 3625 Christus
3307 3585 3422 3635 εει,
3457 3583 3511 3627 et

1897 3670 2121 3730 possunt
2150 3675 2349 3716 canere
2382 3680 2394 3715 :
2427 3658 2651 3714 Placebo
2680 3660 2902 3717 Domino
2926 3664 2979 3716 in
3005 3664 3209 3735 regione
3234 3666 3507 3718 virentium

1899 3749 2020 3823 (Ps.
2054 3767 2197 3821 cxtv,
2231 3754 2311 3824 9).
2340 3751 2461 3807 Non
2491 3765 2567 3810 est
2595 3755 2731 3808 enim
2769 3753 2910 3810 Deus
2947 3765 3291 3825 mortuorum,
3323 3758 3413 3813 sed
3438 3760 3508 3811 ri-

1897 3863 2075 3901 vorum
2112 3847 2330 3919 (Matth.
2365 3864 2507 3914 χχιι,
2535 3849 2650 3921 52).
2684 3849 2749 3905 Ει
2784 3849 2829 3904 si
2868 3850 3116 3919 Balaam,
3155 3861 3212 3906 ut
3242 3850 3269 3889 δ
3308 3852 3503 3908 verisi-

1899 3941 2027 3997 mile
2054 3952 2156 4007 est,
2189 3941 2241 3996 in
2276 3942 2511 4013 linguam
2544 3953 2790 3998 nostram
2820 3945 3166 4009 translatum,
3193 3959 3379 3998 vanum
3410 3962 3504 4016 po-

1898 4036 2079 4109 pulum
2107 4047 2265 4093 sonat
2294 4055 2307 4092 :
2339 4038 2688 4108 perspicuum
2719 4049 2805 4093 est
2833 4038 2977 4109 quod
3010 4053 3179 4094 vanus
3203 4038 3353 4109 prius
3378 4054 3509 4110 gen—

1900 4130 2033 4185 tium
2092 4130 2325 4201 populus
2382 4131 2659 4186 desideret
2718 4129 2925 4186 habere
2984 4132 3319 4185 consortium
3384 4145 3506 4184 cum

1899 4223 2185 4278 animabus
2221 4222 2520 4293 justorum,
2570 4221 2870 4291 Abraham,
2920 4223 3070 4278 Isaac
3113 4231 3169 4278 et
3195 4221 3383 4289 Iacob,
3416 4222 3506 4293 qui

1898 4317 2075 4383 ὠθεῖς,
2102 4315 2155 4370 id
2181 4325 2288 4384 est,
2319 4316 2442 4370 recti
2477 4327 2529 4371 et
2559 4315 2722 4388 203
2749 4316 2888 4387 justi
2916 4325 3316 4386 nuncupantur.
3353 4314 3507 4371 Unde

1898 4419 1951 4464 et
1972 4407 2250 4466 Geneseos
2289 4409 2454 4477 liber,
2494 4425 2561 4466 ex
2601 4425 2792 4465 eorum
2833 4408 3101 4465 vocabulo
3136 4421 3154 4448 ε
3184 4426 3383 4466 nomen
3413 4425 3504 4465 ac-

1898 4502 2064 4573 cepit.

266 4597 445 4664 (Vers.
481 4599 538 4662 5,
566 4596 648 4666 ι.)
690 4595 815 4651 Vivo
841 4613 955 4667 ego,
987 4597 1111 4650 dicit
1147 4596 1433 4665 Dominus,
1477 4598 1520 4650 si
1571 4598 1666 4653 erit
1702 4613 1790 4652 voc
1819 4608 1869 4671 ι)
1965 4597 2144 4667 (Vers.
2178 4598 2232 4663 ὃ,
2266 4598 2298 4652 6
2329 4593 2473 4665 seq.)
2504 4593 2567 4648 Et
2596 4596 2675 4650 vir
2701 4597 2747 4649 si
2793 4595 2947 4665 fuerit
2980 4599 3190 4670 justus,
3239 4607 3286 4652 et
3329 4598 3507 4668 fecerit

209 4687 273 4743 bis
298 4690 436 4745 ultra
467 4689 721 4761 parabole
759 4689 871 4746 hate
899 4691 954 4745 in
985 4692 1307 4761 proverbium
1340 4691 1394 4746 in
1432 4689 1624 4747 lsmel.
1658 4690 1793 4746 Ecce
1886 4691 2153 4763 judicium
2194 4697 2241 4744 et
2268 4689 2574 4761 justitiam;
2604 4689 2658 4743 in
2698 4690 2955 4744 montibus
2992 4708 3093 4744 non
3131 4693 3429 4761 comederit,
3460 4703 3507 4748 et

206 4798 363 4838 omnes
392 4784 586 4838 anima:
620 4799 747 4839 mea:
776 4794 892 4838 sunt
924 4802 942 4837 :
972 4794 1027 4838 ut
1057 4785 1229 4839 anima
1260 4786 1446 4853 patris,
1479 4788 1550 4839 ita
1585 4794 1633 4839 et
1672 4786 1791 4841 arti-

209 4891 278 4930 mo
303 4878 400 4946 filii
432 4896 547 4933 mea
569 4889 668 4934 est.
691 4879 878 4932 Anima
904 4895 1017 4950 qua:
1045 4881 1346 4951 peccaverit,
1380 4881 1497 4952 ipsa
1524 4882 1791 4937 morietur.

204 4968 329 5027 LXX
355 4993 369 5028 :
410 4973 539 5029 Vivo
560 4992 675 5047 ego,
705 4975 831 5029 dicit
857 4974 1059 5028 Adonai
1082 4973 1359 5043 Dominus,
1384 4976 1429 5030 si
1454 4978 1609 5047 fuerit
1630 4978 1792 5044 ultra,

207 5073 253 5116 ut
280 5066 489 5120 dicatur
516 5067 628 5122 hate
657 5066 905 5139 parabola
936 5068 989 5121 in
1014 5067 1184 5122 Israel
1212 5069 1374 5137 :quia
1403 5084 1582 5124 omnes
1607 5070 1796 5125 anima:

204 5176 318 5215 mea:
356 5172 503 5216 sunt.
557 5162 827 5228 Quomodo
879 5162 1054 5216 anima
1098 5163 1284 5233 patris,
1345 5162 1420 5216 ita
1466 5165 1641 5217 anima
1695 5164 1795 5233 ﬁlii

211 5256 354 5329 Μ
382 5273 500 5311 mea
538 5267 632 5312 est.
684 5256 872 5311 Anima
901 5271 1014 5328 quae
1042 5256 1324 5328 peccaverit
1367 5257 1482 5326 ipsa
1521 5257 1793 5312 morietur.

270 5447 293 5473 ἰ
333 5439 441 5494 Pro
468 5439 626 5507 viros,
660 5438 838 5508 inquit
862 5438 1270 5510 Victor.,apud
1298 5454 1492 5496 omnes
1530 5450 1614 5496 est
1652 5457 1796 5510 suos,

210 5510 377 5580 sitiquu
405 5511 611 5566 habent
640 5512 847 5581 aliquot
884 5526 986 5567 ms.
1032 5509 1195 5565 codd.

269 5582 293 5620 δ
332 5584 427 5638 Sic
454 5594 649 5651 putare
679 5585 861 5655 malim
884 5583 1152 5655 scriptum
1177 5584 1245 5637 ab
1260 5582 1796 5655 Hieronymo,quam

210 5658 537 5718 verissimum,
561 5655 707 5724 quod
741 5659 793 5708 in
827 5654 998 5709 Vatic.
1027 5654 1246 5725 quidem
1278 5663 1361 5709 est
1386 5672 1488 5710 ms.
1524 5666 1580 5711 et
1614 5654 1798 5710 Victo-

209 5726 307 5779 rius
338 5729 569 5799 probat.
608 5725 906 5781 Verissime
953 5728 1098 5782 enim
1132 5742 1239 5780 non
1288 5742 1478 5799 vanum
1522 5725 1799 5799 populum,

208 5798 288 5851 sed
336 5785 749 5869 bbsorptionem,
796 5801 911 5852 sive
962 5800 1242 5869 perniciem
1288 5799 1356 5854 ab
1386 5785 1666 5855 llebraico
1693 5785 1804 5865 ’ἐπὶ

649 5891 924 5951 Ριτιιοι..
976 5889 1183 5953 XXV.

1898 4786 2077 4841 oculos
2112 4802 2234 4841 suos
2269 4801 2371 4839 non
2403 4784 2645 4839 levaverit
2683 4782 2754 4838 ad
2798 4784 2941 4838 idola
2983 4786 3164 4840 domus
3213 4783 3419 4853 Israel;
3462 4795 3509 4842 et

1900 4894 2117 4936 uxorem
2146 4878 2368 4949 proximi
2414 4877 2496 4931 sui
2543 4894 2644 4932 non
2691 4878 2978 4944 violaverit,
3028 4886 3075 4934 et
3122 4878 3190 4932 ad
3239 4880 3504 4935 mulierem

1901 4982 2272 5028 menstruatam
2298 4988 2401 5026 non
2427 4971 2738 5037 accesserit;
2781 4982 2828 5024 et
2858 4972 3116 5025 hominem
3158 4989 3259 5027 non
3289 4974 3508 5026 contris-

1904 5069 2117 5141 taverit;
2156 5067 2345 5137 pignus
2391 5064 2612 5118 debitori
2648 5063 2968 5129 reddiderit;
3001 5082 3090 5135 per
3124 5065 3222 5119 vim
3253 5066 3385 5120 nihil
3412 5082 3503 5119 τας

1903 5160 2109 5235 paerit;
2144 5173 2331 5229 panem
2363 5172 2511 5211 suum
2540 5157 2782 5212 esurienti
2815 5157 3048 5223 dederit;
3084 5168 3127 5213 et
3159 5158 3355 5212 nudum
3383 5174 3506 5227 ope-

1904 5255 2065 5311 ruerit
2097 5252 2425 5317 vestimento;
2467 5261 2517 5306 et
2557 5251 2625 5306 ad
2655 5267 2881 5324 usuram
2922 5267 3025 5306 non
3072 5251 3505 5320 commodaverit;

1907 5446 2070 5496 sonat
2094 5445 2149 5490 et
2169 5448 2367 5490 nomen
2396 5416 2567 5499 0175:.

1982 5520 2003 5548 ο
2044 5509 2195 5564 Scite
2245 5507 2297 5560 in
2343 5520 2463 5561 eam
2506 5504 2824 5577 Judteorum
2874 5505 3189 5577 opinionem
3222 5507 3499 5577 concedit,

1907 5577 2646 5641 Genesislibrumdcnotari,
2673 5580 2762 5631 ubi
2796 5576 2951 5631 Liber
2980 5579 3104 5629 recti
3125 5578 3378 5633 laudatur
3406 5580 3501 5636 Jo-

1907 5669 2006 5709 sue
2034 5669 2087 5719 χ,
2126 5650 2211 5715 l5,
2246 5662 2306 5722 et_
2316 5650 2565 5722 Samuel
2578 5650 2622 5722 _l_,
2654 5663 2842 5722 xx_vrn.
2885 5648 3046 5703 Paria
3072 5648 3235 5705 habet
3257 5652 3311 5705 in
3339 5662 3503 5722 caput

1909 5717 2255 5781 isaiaexuv:
2284 5719 2434 5776 Unde
2471 5729 2517 5771 et
2549 5718 2676 5771 liber
2699 5717 3281 5791 Qeneseosappellatur
3316 5717 3498 5789 .ooize,

1909 5798 1965 5853 id
1984 5807 2060 5852 est
2084 5795 2381 5866 justorutn,
2405 5792 2688 5857 Abraham,
2717 5786 2868 5844 Isaac
2892 5802 2937 5847 et
2949 5786 3141 5848 Israel.

2957 5882 2997 5947 6
