3928 6322
474 271 572 331 ΠΙ

1721 275 1779 338 S.
1827 269 2102 335 EUSEBH
2143 275 2523 338 HIERONYMI

3655 291 3747 348 172

467 401 513 446 et
545 390 770 465 amplius
812 406 916 447 non
950 392 1240 462 acceperit;
1281 391 1345 447 ab
1382 391 1653 463 iniquitate
1682 395 1926 449 averterit
1966 411 2078 448 ma-
2101 395 2151 457 Α
2181 399 2266 454 nia
2294 398 2576 469 judicarit,
2605 407 2664 454 ut
2687 412 2792 454 non
2821 397 3051 469 accipiat
3088 413 3374 470 personam
3418 407 3659 474 pauperis
3701 408 3748 463 in

471 503 594 542 nunt
625 505 808 556 suam;
839 488 1102 560 judicium
1131 501 1305 543 verum
1349 490 1525 560 fecerit
1552 490 1686 544 inter
1723 489 1888 543 virum
1914 499 1961 543 et
1993 490 2070 544 vi-

470 596 618 647 rum;
648 583 702 634 in
729 581 999 651 prtcceptis
1031 583 1158 638 meis
1203 582 1570 647 ambulaverit,
1619 591 1667 636 et
1703 583 1914 654 judicia
1953 599 2069 638 mea

466 676 789 742 custodierit,
818 685 872 729 ut
894 676 1055 746 faciat
1089 679 1356 734 veritatem
1384 693 1401 732 :
1430 677 1514 732 hic
1530 681 1707 752 justus
1733 688 1831 746 est,
1863 681 1969 734 vita
1995 682 2071 734 vi-

465 778 564 832 vet,
616 769 741 824 dicit
795 768 1050 827 Dominus
1098 771 1258 828 Deus.
1308 773 1451 829 LXX
1505 791 1519 833 :
1571 772 1743 829 Homo
1774 781 1946 828 autem
1980 773 2071 845 qui

465 866 622 939 fuerit
651 871 851 940 justus,
902 869 990 940 qui
1031 871 1158 939 facit
1190 870 1455 944 judicium
1499 879 1546 924 et
1582 869 1878 942 justitiam;
1915 885 2072 940 super

463 971 660 1016 montes
689 978 793 1016 non
824 963 1131 1031 comederit,
1163 972 1212 1017 et
1241 962 1419 1018 oculos
1451 979 1573 1018 suos
1601 979 1702 1017 non
1733 963 1972 1018 levaverit
2002 961 2071 1016 ad

464 1056 804 1129 cegitationes
847 1057 1031 1111 domus
1063 1055 1264 1123 Israel;
1295 1068 1342 1112 et
1369 1073 1582 1112 uxorem
1609 1057 1833 1126 proximi
1862 1056 1944 1111 sui
1967 1071 2070 1110 non

461 1151 913 1219 contaminaverit,
945 1160 993 1206 et
1022 1153 1090 1206 ad
1117 1150 1380 1207 mulierem
1407 1153 1652 1224 ﬂuentem
1691 1153 1944 1224 sanguine
1967 1168 2072 1207 non

461 1247 767 1311 accesserit;
794 1255 842 1300 et
871 1246 1130 1302 hominem
1159 1265 1262 1301 non
1301 1247 1648 1319 Oppresserit;
1692 1248 1881 1319 pignus
1931 1247 2071 1301 debi-

459 1341 560 1394 tori
589 1340 904 1406 reddiderit;
936 1351 980 1394 et
1007 1341 1249 1411 rapinam
1277 1357 1378 1395 non
1405 1341 1659 1410 rapuerit,
1705 1357 1891 1412 panem
1919 1355 2072 1394 suum

459 1435 712 1490 esurienti
757 1434 986 1501 dederit;
1026 1443 1074 1490 et
1119 1435 1314 1488 nudum
1363 1434 1625 1504 operuerit
1671 1435 1998 1500 vestimento;
2028 1442 2074 1488 et

459 1530 732 1600 pecuniam
778 1545 926 1584 suam
970 1529 1039 1582 ad
1089 1545 1302 1583 usuram
1340 1544 1444 1583 non
1483 1527 1714 1594 dederit;
1758 1537 1804 1581 et
1849 1527 2072 1598 amplius

458 1639 562 1678 non
609 1623 904 1692 acceperit;
945 1622 1010 1677 ab
1060 1622 1333 1695 iniquitate
1375 1622 1614 1676 averterit
1655 1637 1865 1675 manum
1893 1635 2072 1686 suam;

451 1719 654 1788 justunt
664 1715 926 1790 judicium
957 1715 1133 1786 fecerit
1161 1716 1294 1770 inter
1322 1717 1488 1770 virum
1526 1724 1578 1769 et
1619 1715 1750 1768 inter
1779 1713 2070 1785 proximum

2165 493 2394 564 judicio,
2430 493 2675 564 implebit
2702 502 3030 564 praeceptum
3059 494 3268 549 Domini
3297 495 3478 552 :Sicut
3501 502 3750 570 minorem,

2170 587 2246 640 sic
2273 596 2322 642 et
2349 588 2600 653 maiorem
2636 587 2899 661 judicabis
2930 586 3112 658 (Prov.
3161 587 3341 660 xvi"),
3388 592 3637 656 audacter
3676 594 3752 648 di-

2172 695 2303 735 cens
2332 699 2345 735 :
2375 679 2704 736 Desideravit
2729 682 2905 736 anima
2928 698 3045 737 mea
3064 683 3360 738 desiderare
3377 686 3577 754 judicia
3600 700 3681 741 tua
3704 690 3751 742 in

2175 775 2310 828 omni
2339 783 2566 845 tempore
2597 773 2717 847 (Ps.
2745 789 2930 842 (ιιι-ιιι,
2959 775 3069 839 10).
3101 775 3166 830 Et
3190 775 3385 830 itermn
3420 795 3433 831 :
3477 776 3615 832 Viam
3638 782 3757 835 veri-

2173 868 2292 922 tatis
2323 869 2473 940 elegi,
2495 869 2708 940 judicia
2736 878 2822 923 tua
2853 885 2952 922 non
2983 885 3100 923 sum
3132 869 3319 924 oblitus
3350 868 3528 938 (Vera.
3559 874 3668 943 50).
3699 876 3755 930 Et

2175 962 2227 1016 in
2257 961 2450 1017 eodem
2477 962 2730 1032 psalmo:
2762 963 2992 1034 Cognovi
3031 965 3156 1035 quia
3201 964 3406 1035 justitia
3455 964 3566 1034 [ΑΙ.
3601 969 3756 1042 justo]

2165 1056 2372 1129 judicia
2399 1073 2487 1110 tua
2509 1055 2690 1128 (Vers.
2721 1058 2848 1128 7-3):
2879 1067 2935 1112 et
2967 1061 3019 1112 in
3049 1065 3250 1112 tantam
3275 1057 3522 1127 proticiet
3545 1059 3760 1116 beatitu-

2175 1150 2383 1217 dinem,
2419 1159 2480 1204 ut
2511 1149 2776 1221 intelligat
2801 1150 3003 1221 judicia
3032 1150 3269 1218 Domini,
3311 1166 3432 1220 qua:
3459 1162 3583 1206 sunt
3611 1154 3758 1224 abys-

2179 1257 2274 1299 sus
2301 1243 2501 1310 multa;
2531 1253 2586 1299 et
2611 1243 2756 1298 dicat
2795 1257 2917 1297 cum
2943 1244 3210 1314 Apostolo
3242 1261 3254 1297 :
3286 1244 3331 1297 0
3361 1245 3666 1316 profundum
3690 1247 3762 1298 di-

2175 1338 2412 1392 vitiarum
2443 1338 2712 1409 sapientia:
2737 1347 2782 1391 et
2803 1338 3030 1390 scientia:
3068 1333 3197 1405 Dei,
3237 1352 3391 1407 quant
3429 1337 3763 1393 inscrutabilia

2177 1441 2296 1483 sunt
2316 1429 2524 1501 judicia
2555 1434 2693 1503 ejus,
2725 1439 2774 1483 et
2793 1429 3172 1501 investigabiles
3203 1431 3297 1484 vite
3325 1429 3467 1483 illius
3509 1429 3676 1500 (llam.
3707 1446 3756 1494 tl,

2178 1525 2289 1595 55).
2326 1523 2393 1578 Et
2437 1523 2490 1578 in
2518 1525 2768 1582 oratione
2802 1534 3193 1580 commemoret
3237 1541 3250 1578 :
3299 1525 3763 1599 Quouiamjudicia

2179 1626 2268 1671 tua
2282 1619 2526 1686 jucunda
2549 1615 2721 1689 (Psal.
2748 1633 2933 1685 cxvm,
2963 1618 3074 1690 59).
3105 1619 3236 1673 Post
3252 1618 3515 1689 judicium
3539 1624 3764 1688 sequitur

2172 1710 2402 1781 justitia,
2435 1725 2598 1782 quam
2629 1711 2724 1781 qui
2761 1711 3033 1776 habuerit,
3060 1711 3336 1767 Christum
3373 1711 3576 1783 liquido
3609 1711 3765 1782 possi-

459 1811 611 1882 ejus;
661 1811 715 1865 in
769 1812 1036 1883 prtcceptis
1083 1811 1206 1864 meis
1257 1809 1620 1876 ambulaverit,
1673 1802 2345 1882 justiﬁcntionesBdcbit,
2379 1805 2471 1875 qui
2513 1804 2666 1874 juxta
2720 1805 3041 1876 Apostolum
3091 1803 3272 1861 factus
3327 1815 3412 1861 est
3469 1806 3620 1861 nobis
3661 1805 3761 1875 jus-

455 1919 599 1960 meas
630 1903 950 1970 custodierit,
988 1914 1041 1957 ut
1073 1904 1230 1974 faciat
1258 1919 1342 1957 eas
1379 1917 1394 1958 :
1424 1901 1508 1956 hic
1531 1905 1714 1976 justus
1738 1911 1832 1967 est,
1857 1901 1960 1954 vita
1989 1902 2064 1955 vi-

460 2005 558 2063 vet,
583 1996 706 2050 dicit
729 1996 932 2050 Adonai
967 1995 1234 2049 Dominus.
1263 1993 1468 2060 Vultis,
1497 1993 1594 2062 ait,
1619 1994 1762 2050 scire
1793 1993 1895 2048 hoc
1925 1993 2069 2064 quod

459 2087 662 2145 dictum
715 2099 845 2146 est:
883 2088 1104 2144 Peccata
1157 2097 1361 2158 patrum
1404 2087 1621 2143 reddam
1665 2087 1717 2141 in
1770 2088 1975 2142 tertiam
2022 2095 2072 2142 et

457 2195 696 2256 quartam
743 2187 1118 2255 generationem
1157 2183 1338 2256 (Deut.
1384 2201 1437 2252 v,
1483 2183 1564 2254 9),
1615 2197 1722 2238 non
1769 2182 1823 2236 id
1870 2197 2072 2239 sonare

457 2281 600 2351 quod
635 2281 881 2350 plerique
912 2279 1263 2343 existimant;
1295 2291 1396 2333 nec
1427 2292 1550 2333 esse
1580 2275 1761 2332 simile
1789 2275 1917 2330 huic
1939 2290 2067 2332 sen-

459 2373 647 2429 tentia-3
693 2392 705 2429 :
739 2371 924 2428 Patres
965 2375 1296 2427 comederunt
1342 2389 1496 2426 uvam
1525 2370 1784 2438 acerbam,
1819 2381 1864 2425 et
1893 2369 2072 2424 dentes

452 2463 685 2536 filiorum
713 2466 1086 2535 obstupuerunt
1118 2461 1336 2538 (Jerem.
1371 2479 1517 2531 χχιιι,
1549 2461 1643 2535 29)
1681 2461 1906 2518 :audite
1949 2477 2070 2532 qum

453 2560 712 2616 illaturus
737 2575 857 2615 sum
887 2577 899 2613 :
929 2559 972 2614 si
1007 2558 1165 2614 fuerit
1194 2571 1348 2630 pater
1373 2557 1576 2628 justus,
1602 2557 1690 2626 qui
1720 2555 1837 2610 haec
1859 2554 2069 2620 fecerit,

454 2663 512 2710 et
537 2655 628 2709 illa
661 2667 767 2708 non
791 2652 1008 2720 fecerit,
1038 2661 1094 2708 et
1121 2651 1374 2707 habuerit
1403 2649 1574 2704 lilium
1605 2647 1926 2718 pessimum,
1956 2645 2070 2716 qui,

456 2746 690 2803 desertis
757 2743 1052 2800 virtutibus
1101 2743 1296 2814 patris,
1340 2757 1398 2797 se
1443 2740 1668 2811 ﬂagitiis
1715 2737 2070 2807 manciparit;

461 2857 641 2898 nonne
665 2851 719 2898 et
747 2841 849 2896 iste
880 2841 986 2895 vita
1017 2841 1164 2895 vivet
1193 2838 1318 2909 quia
1342 2838 1526 2910 justus
1554 2845 1667 2903 est;
1699 2845 1753 2892 et
1785 2836 1875 2890 ille
1899 2845 2074 2890 morte

456 2936 744 3001 morietur,
776 2934 901 3002 quia
932 2934 1117 2987 omnia
1141 2932 1494 3001 perpetravit,
1524 2945 1644 3000 qua:
1674 2938 1828 2999 pater
1851 2925 2074 2982 vitando

450 3027 632 3099 justus
682 3025 908 3080 eﬁ'ectus
951 3025 1068 3079 est?
1120 3022 1412 3079 Videamus
1451 3022 1758 3091 catalogum
1807 3021 2074 3074 virtutum

458 3123 656 3192 patris,
687 3135 806 3191 quae
830 3118 966 3173 mihi
988 3117 1241 3173 videntur
1269 3118 1322 3172 in
1351 3115 1538 3170 decem
1571 3125 1627 3170 et
1654 3123 1860 3184 septem
1891 3121 2074 3183 partes

2175 1895 2310 1961 titia,
2363 1903 2422 1951 et
2471 1895 2855 1964 sanctiﬁcatio,
2909 1907 2966 1952 et
3028 1897 3331 1968 redemptio
3385 1898 3432 1971 (Ι
3469 1897 3765 1968 Cor.t);ut

2172 1988 2332 2044 faciat
2352 1989 2618 2060 justitiam
2645 2005 2850 2058 veram,
2892 2007 2990 2047 nec
3017 2006 3280 2062 personas
3307 1991 3333 2021 ⁸
3361 1994 3589 2064 recipiat
3622 1992 3764 2063 inju-

2173 2083 2347 2150 dicio;
2381 2084 2475 2140 sed
2502 2085 2571 2140 de
2599 2099 2693 2139 sua
2719 2084 2858 2141 sciat
2890 2085 2940 2139 in
2973 2087 3203 2141 aliorum
3231 2085 3442 2156 judicio
3463 2086 3664 2156 justitia
3689 2090 3764 2156 ju-

2171 2179 2484 2234 dicandum.
2520 2177 2681 2250 205
2719 2178 2966 2234 Tertium
2999 2191 3083 2236 est
3123 2180 3194 2248 in,
3219 2179 3497 2236 montibus
3537 2196 3638 2234 non
3666 2193 3755 2234 co-

2175 2272 2420 2338 medere,
2459 2275 2607 2343 quod
2633 2271 2808 2328 Judtei
2837 2273 3157 2328 existimant
3189 2273 3255 2328 ad
3285 2273 3609 2328 idololatria:
3649 2285 3762 2342 per-

2175 2371 2354 2424 tinere
2405 2379 2712 2439 peccatum.
2754 2365 2964 2425 Crebro
3011 2368 3156 2423 enim
3201 2367 3439 2438 legimus
3470 2368 3528 2422 in
3569 2366 3763 2435 Regum

2174 2471 2231 2520 et
2274 2463 2736 2533 Paralipomenon
2793 2462 2990 2517 libris:
3044 2460 3411 2516 Verumtamen
3466 2463 3527 2516 ab
3566 2459 3763 2515 excelsis

2175 2574 2278 2612 non
2304 2559 2530 2612 recessit.
2568 2557 2752 2611 Adhuc
2784 2557 3009 2628 papulus
3035 2557 3336 2610 immolabat
3371 2556 3428 2610 in
3459 2554 3692 2620 excelsis,
3718 2562 3762 2605 et

2174 2652 2412 2707 adolebat
2464 2653 2728 2706 incensum
2775 2653 2828 2706 in
2872 2650 3181 2706 sublimibus
3221 2649 3314 2726 (III
3360 2649 3496 2723 Reg.
3529 2666 3616 2718 xv,
3665 2646 3759 2712 22;

2176 2744 2362 2802 Paral.
2403 2748 2541 2818 xx),
2591 2747 2695 2802 hoc
2737 2746 3019 2816 Scriptura
3071 2745 3465 2817 significante,
3520 2743 3659 2816 quod
3707 2743 3756 2796 in

2176 2841 2456 2896 montibus
2487 2841 2762 2912 lucisque,
2797 2841 2961 2897 idolis
2993 2839 3201 2894 hostias
3251 2838 3674 2902 immolaverint,
3713 2844 3763 2889 et

2176 2932 2329 2988 thura
2377 2935 2781 2988 succenderint.
2827 2931 2936 2988 Nos
2967 2943 3154 2989 autem
3187 2933 3440 2987 dicemus
3485 2929 3763 2986 comedere

2175 3041 2298 3081 emn
2337 3025 2392 3080 in
2426 3027 2726 3091 montibus,
2756 3027 2848 3096 qui
2879 3025 3017 3081 dicit
3059 3039 3184 3080 cum
3217 3024 3537 3080 Pharismo:
3572 3022 3763 3078 Gratias

2178 3137 2277 3193 ago
2322 3121 2431 3184 tibi,
2465 3119 2628 3186 Deus,
2658 3121 2800 3192 quod
2829 3139 2933 3175 non
2959 3137 3073 3176 sum
3106 3120 3229 3174 huic
3251 3119 3440 3174 similis
3465 3119 3766 3193 publicano:

453 3215 644 3271 dividi.
669 3215 912 3283 Quarum
938 3214 1170 3284 primum
1198 3219 1300 3278 est,
1326 3209 1526 3265 fecisse
1548 3207 1847 3278 judicium;
1873 3222 2071 3264 secun-
2097 3207 2145 3274 C
2169 3217 2354 3288 jejuno
2387 3215 2458 3268 bis
2507 3215 2558 3267 in
2600 3212 2851 3268 sabbato:
2892 3213 3118 3268 decimas
3165 3215 3230 3268 do
3277 3215 3452 3269 onmis
3481 3211 3765 3267 substantia:

459 3308 588 3364 dum
631 3307 759 3362 huic
796 3305 997 3373 simile,
1043 3303 1253 3376 judicio
1304 3302 1593 3374 c0pulasse
1629 3301 1926 3371 justitiam;
1961 3312 2071 3367 ter-

458 3401 626 3468 tium,
657 3418 765 3457 non
810 3399 1118 3458 comedisse
1164 3399 1217 3454 in
1252 3399 1562 3460 montibus;
1592 3395 1756 3471 20&I
1793 3411 2068 3470 quartum,

459 3499 649 3554 oeulos
676 3511 787 3552 non
820 3497 1031 3551 levasse
1064 3493 1131 3549 ad
1171 3494 1339 3562 idola,
1370 3495 1485 3550 sive
1516 3503 1577 3548 ut
1606 3491 1748 3548 LXX
1777 3493 2070 3548 transtule-

459 3601 609 3658 runt,
635 3590 702 3644 ad
731 3590 1074 3661 cogitationes
1104 3589 1285 3642 domus
1315 3586 1518 3654 Israel;
1545 3586 1820 3656 quintum,
1847 3601 2071 3640 uxorem

460 3685 695 3757 proximi
718 3689 801 3741 sui
827 3700 934 3740 non
955 3685 1220 3740 violasse.
1241 3681 1492 3748 Sextum,
1519 3691 1870 3738 menstrualae
1891 3684 2076 3739 uxoris

460 3783 663 3838 vitasse
691 3782 1033 3852 complexus.
1060 3781 1390 3851 Septimum,
1421 3777 1698 3834 hominem
1732 3793 1839 3832 non
1868 3782 2076 3833 contri-

461 3884 660 3940 stasse,
692 3875 830 3941 sive,
869 3884 930 3928 ut
960 3873 1101 3928 LXX
1151 3873 1464 3938 ediderunt,
1495 3870 1810 3944 Oppressisse
1839 3885 1937 3941 per
1982 3885 2078 3942 po-

463 3967 724 4032 tentiam;
772 3977 1050 4030 octavum,
1085 3964 1288 4035 pignus
1331 3962 1562 4018 debitori
1609 3961 1947 4028 reddidisse;
1976 3976 2076 4016 no-

465 4076 615 4126 num,
643 4075 743 4131 per
764 4059 872 4113 vim
892 4057 1028 4113 nihil
1049 4057 1318 4127 rapuisse,
1339 4055 1448 4121 vel,
1471 4056 1622 4124 juxta
1649 4053 1812 4120 LXX,
1839 4057 2076 4126 rapinam

466 4174 568 4213 non.
614 4157 884 4227 rapuisse;
919 4153 1215 4216 decimum,
1251 4165 1440 4221 panem
1481 4164 1638 4204 suum
1677 4150 1942 4205 esurienti
1983 4149 2080 4206 de-

465 4249 647 4315 disse;
693 4247 1082 4314 undecimum,
1137 4244 1341 4300 nudum
1389 4243 1670 4313 aperuisse
1717 4243 2075 4312 vestimento;

465 4341 877 4407 duodecimum,
903 4341 967 4395 ad
994 4355 1212 4395 usuram
1240 4338 1521 4408 pecuniam
1556 4353 1661 4392 non
1688 4335 1942 4416 dedisse;
1973 4348 2080 4392 ler-

470 4439 602 4493 tiutn
623 4438 915 4501 decimum,
943 4433 1077 4488 nihil
1101 4450 1168 4489 ex
1191 4431 1275 4486 his
1303 4447 1420 4500 qua:
1444 4429 1652 4485 dederit
1675 4431 1912 4500 amplius
1925 4445 2079 4486 acce~

469 4532 639 4602 pisse;
669 4531 939 4586 decimum
959 4535 1234 4598 quartum,
1267 4524 1335 4579 ab
1362 4524 1644 4595 iniquitate
1671 4525 1936 4580 avertisse
1964 4539 2079 4579 ma-

2175 3325 2302 3362 πιθα)
2334 3307 2484 3382 (Luc.
2521 3323 2690 3375 xvm,
2748 3307 2862 3382 1‘2),
2902 3321 3005 3365 etc.
3047 3310 3114 3364 Et
3145 3327 3173 3365 e
3198 3311 3482 3365 contrario
3531 3307 3765 3364 Publica-
3833 3291 3838 3296 ’

2177 3418 2277 3458 nus
2305 3403 2534 3458 audiens
2579 3415 2730 3465 cum,
2761 3404 2852 3474 qui
2901 3402 3118 3459 dixerat
3149 3422 3162 3458 :
3213 3401 3422 3458 Discite
3450 3422 3481 3458 a
3512 3419 3611 3472 me,
3657 3401 3769 3474 quia

2178 3497 2313 3550 mitis
2341 3513 2451 3549 sum
2483 3505 2528 3551 et
2558 3495 2765 3551 humilis
2793 3496 2948 3551 corde
2974 3497 3191 3570 (Matth.
3219 3513 3319 3563 xtl,
3355 3497 3479 3570 29).
3515 3497 3771 3570 parentic-

2179 3589 2270 3642 bat
2297 3600 2488 3658 pectus
2517 3605 2672 3644 suum
2703 3605 2890 3656 manu,
2926 3591 3028 3645 hoc
3052 3601 3156 3654 est,
3183 3591 3550 3662 pessimarum
3580 3591 3773 3661 cogita-

2178 3684 2385 3737 tionum
2417 3685 2761 3755 thesaurum,
2788 3696 2838 3738 et
2862 3685 3053 3740 oculos
3080 3684 3146 3739 ad
3173 3684 3372 3739 coelum
3403 3702 3513 3740 non
3547 3683 3772 3738 audebat

2179 3776 2462 3832 extollere.
2499 3776 2606 3832 Sed
2631 3787 2685 3833 et
2716 3778 2850 3833 illud
2893 3778 3039 3850 quod
3090 3777 3221 3834 alibi
3269 3779 3524 3834 dicitur:
3578 3777 3774 3847 Majora

2180 3881 2227 3925 te
2252 3887 2353 3924 non
2379 3873 2633 3942 requiras,
2667 3883 2716 3928 et
2736 3873 2960 3943 fortiora
2992 3884 3038 3927 te
3068 3891 3169 3928 non
3198 3875 3450 3928 sci-uteris
3479 3871 3665 3947 (Eccli.
3699 3886 3772 3934 ιιι,

2178 3961 2295 4036 29.),
2338 3980 2532 4022 omnes
2564 3965 2861 4023 haereticos
2891 3969 3070 4040 arguit
3100 3969 3153 4024 in
3187 3969 3470 4024 montibus
3498 3966 3776 4026 comedere

2182 4059 2474 4130 superbiae,
2510 4069 2564 4116 et
2609 4057 3058 4116 Eeclesiasticam
3117 4059 3410 4133 dt-Spieere
3469 4061 3776 4131 simplicita-

2185 4163 2316 4219 tem,
2347 4163 2402 4209 et
2427 4155 2636 4210 nescire
2661 4154 2730 4209 de
2757 4169 2820 4209 se
2844 4155 3103 4226 scriptum
3133 4173 3144 4208 :
3194 4153 3335 4210 Deus
3364 4156 3606 4227 superbis
3633 4154 3776 4206 resis—

2181 4247 2264 4312 tit,
2319 4246 2598 4300 humilibus
2650 4255 2820 4300 autem
2873 4247 2962 4300 dat
3013 4249 3236 4317 gratiam
3293 4243 3510 4318 (Iacob.
3561 4261 3646 4311 tv,
3701 4241 3777 4312 6).

2181 4339 2386 4410 Quarto
2436 4343 2554 4396 loco
2601 4343 2850 4412 ponitur,
2880 4349 2936 4397 et
2964 4343 3154 4396 oculos
3183 4357 3316 4397 suos
3363 4357 3478 4398 non
3525 4336 3783 4398 levaverit

2182 4433 2249 4489 ad
2279 4416 2430 4490 idola
2457 4433 2650 4491 domus
2679 4435 2878 4501 Israel,
2927 4449 3025 4504 pro
3057 4434 3255 4506 quibus
3287 4434 3649 4506 Septuaginta
3691 4445 3781 4484 co-

2182 4529 2476 4599 gitationes
2519 4529 2936 4585 transtulerunt.
2967 4527 3110 4582 ldola
3143 4538 3351 4594 autem,
3388 4528 3444 4583 id
3477 4537 3589 4592 est,
3618 4526 3780 4580 simu-

471 4641 598 4680 num
623 4639 808 4688 suam;
843 4622 1113 4677 decimmn
1157 4619 1424 4690 quintum,
1469 4618 1612 4686 quod
1656 4615 1834 4672 simile
1859 4613 2154 4676 videturD
2181 4620 2326 4675 Iaera
2354 4636 2471 4690 quae
2502 4621 2568 4676 de
2606 4633 2706 4676 suo
2736 4624 2904 4675 corde
2953 4618 3248 4686 finxerunt,
3298 4635 3500 4675 omnes
3548 4615 3782 4674 hau-elici

470 4718 668 4792 primo,
710 4715 805 4771 sed
843 4715 896 4770 in
937 4723 1092 4785 parte
1121 4711 1404 4768 diversum
1437 4716 1552 4776 est,
1578 4707 1842 4780 judicium
1885 4725 2072 4767 verum

471 4813 668 4869 iecisse
699 4812 840 4867 inter
872 4810 1046 4864 virum
1085 4818 1139 4863 et
1168 4809 1365 4872 virum,
1396 4803 1510 4860 sive
1545 4805 1848 4874 proximum
1882 4822 2068 4873 suum;

469 4904 742 4961 decimum
767 4911 1003 4967 sextum,
1038 4901 1091 4954 in
1138 4898 1422 4968 praeceptis
1472 4896 1688 4951 Domini
1733 4898 2070 4968 ambulasse;

467 4998 737 5054 decimum
787 4995 1098 5064 septimum,
1130 4990 1330 5059 judicia
1373 4999 1426 5045 et
1469 4983 1884 5060 justiﬂcationes
1933 4991 2077 5048 illius

469 5093 793 5151 custodisse.
823 5093 1064 5157 Quorum
1095 5087 1301 5158 singula
1335 5085 1463 5156 quid
1509 5085 1702 5153 velint,
1749 5085 1996 5142 dicemus
2023 5086 2076 5142 in

470 5183 957 5257 consequentibus.
995 5182 1054 5237 Si
1085 5181 1260 5251 fuerit,
1292 5180 1386 5242 ait,
1417 5179 1677 5249 virjustus
1710 5187 1753 5230 et
1779 5182 1952 5249 fecerit
1985 5184 2078 5252 jn-

466 5282 681 5336 dicium.
717 5279 991 5346 Scriptum
1025 5281 1110 5330 est
1138 5273 1188 5327 in
1219 5271 1529 5327 Proverbiis
1557 5269 1942 5344 :Cogitationcs
1955 5277 2075 5347 jus-

467 5385 635 5430 torum
655 5372 861 5443 judicia
892 5367 1074 5441 (Prov.
1108 5383 1199 5434 xu,
1245 5369 1320 5436 5).
1364 5365 1465 5433 Qui
1497 5366 1638 5422 hanc
1665 5371 1919 5422 virtutem
1954 5382 2078 5435 pos-

470 5471 696 5533 sederit,
732 5479 789 5522 ut
821 5466 956 5522 nihil
995 5466 1112 5519 sine
1153 5463 1362 5518 ratione
1390 5463 1545 5519 iaciat
1575 5471 1628 5517 et
1648 5461 1874 5532 judicio,
1897 5469 2079 5531 potest

465 5561 598 5617 illud
619 5561 994 5631 propheticum
1018 5557 1198 5612 dicere
1231 5573 1244 5609 :
1268 5553 1483 5610 Iudicia
1513 5553 1730 5608 Domini
1757 5570 1896 5622 vera,
1918 5555 2080 5625 justi-

469 5655 627 5725 βίαια
655 5655 708 5708 in
745 5654 1027 5727 semetipsis
1057 5650 1176 5725 (Ps.
1203 5666 1364 5722 xvm,
1411 5647 1522 5721 ~10),
1547 5657 1752 5704 etcum
1787 5659 1935 5704 recte
1964 5663 2080 5706 om-

542 5825 569 5854 η
609 5816 810 5884 Antea,
840 5811 1033 5872 eodem
1063 5821 1250 5870 tamen
1277 5823 1439 5867 sensu
1471 5817 1614 5877 erat,
1642 5807 1898 5881 respiciat.

2181 4711 2406 4778 faciunt,
2430 4715 2494 4766 ad
2524 4728 2644 4784 quae
2685 4713 2871 4767 levant
2912 4711 3097 4767 cordis
3124 4712 3334 4781 oculos,
3367 4715 3459 4782 qni
3493 4713 3779 4767 falsitatem

2181 4821 2372 4862 eorum
2404 4815 2567 4879 atque
2593 4807 2938 4862 mendacium
2974 4808 3285 4878 putaverint
3312 4807 3636 4862 veritatem.
3688 4803 3784 4856 Do-

2181 4913 2301 4954 mus
2346 4907 2526 4953 autem
2567 4897 2732 4953 Israel
2781 4899 3072 4953 simutacra
3123 4899 3404 4965 dicuntur,
3457 4917 3583 4970 qua:
3631 4911 3786 4969 repe-

2178 4991 2393 5046 riuntur
2421 4991 2472 5044 in
2505 4987 2781 5056 Ecclesia;
2828 5001 2884 5046 et
2929 5006 3026 5062 per
3055 4993 3404 5047 occasionem
3441 4991 3570 5048 falsi
3617 4989 3788 5047 nomi-

2181 5087 2263 5140 nis
2289 5085 2556 5153 scientice,
2591 5085 2870 5155 simplices
2901 5099 3146 5156 quosque
3172 5086 3470 5154 seducunt,
3509 5097 3570 5142 ut
3613 5084 3788 5156 philo-

2178 5179 2473 5250 sophorum
2506 5180 2759 5252 dogmata
2807 5179 3160 5235 introducam
3205 5179 3259 5235 in
3311 5179 3546 5235 domum
3599 5176 3784 5242 Israel,

2179 5289 2368 5329 eorum
2401 5276 2609 5330 scilicet
2627 5280 2727 5346 qui
2757 5273 2928 5331 Deum
2963 5284 3146 5330 mente
3171 5273 3542 5344 conspiciunt.
3587 5272 3787 5341 Quinto

2180 5366 2302 5420 loco
2332 5369 2554 5436 ponitur
2587 5384 2601 5422 :
2635 5380 2686 5422 et
2717 5385 2943 5425 uxorem
2969 5370 3202 5440 proximi
3231 5369 3310 5423 sui
3337 5384 3446 5422 non
3477 5367 3785 5424 violaverit,

2181 5461 2297 5516 sive
2323 5463 2804 5531 contaminat-erit,
2851 5461 2994 5534 quod
3044 5471 3232 5536 aperte
3282 5461 3621 5517 adulterium
3674 5457 3790 5528 qui-

2182 5555 2305 5611 dem
2337 5555 2641 5626 prohibet;
2691 5557 2790 5613 sed
2839 5573 2904 5613 ex
2947 5573 3014 5614 eo
3043 5558 3186 5628 quod
3247 5556 3494 5625 additur,
3559 5551 3788 5626 proximi

2181 5652 2291 5721 sui,
2325 5652 2428 5710 nisi
2457 5653 2636 5710 omnis
2665 5653 2832 5710 homo
2865 5655 3149 5726 proximus
3177 5653 3538 5726 intelligatur,
3572 5651 3790 5708 videtur
