4038 6328
455 295 561 356 178
1709 275 1770 332 S.
1809 268 2072 329 EUSEBII

2178 265 2500 328 [ERONYMI
3655 263 3766 324 176

453 413 598 471 enim
633 407 714 464 vis
743 405 904 463 fuerit
927 403 1098 470 illata,
1135 399 1321 470 rapina
1341 410 1452 450 non
1473 392 1715 464 proficit.
1751 391 1846 446 Est
1871 399 2052 444 autem
2081 389 2134 450 Α
2160 389 2335 460 panis.
2369 387 2490 443 Hoc
2515 384 2661 458 quod
2693 383 2990 456 loquimur,
3023 382 3068 440 si
3093 389 3274 438 tamen
3323 377 3526 438 Christi
3571 393 3768 436 sumus

459 515 516 565 et
545 513 734 560 sancta
763 499 1042 564 violentia,
1075 493 1375 564 rapinaque
1399 489 1679 560 optabilis,
1701 486 1768 540 de
1799 501 1900 552 qua
1929 483 2066 538 scri-

457 601 538 656 bit
565 607 618 656 et
671 593 1064 662 Evangelium:
1123 589 1166 642 Α
1213 587 1392 640 diebus
1439 582 1663 638 Joannis
1695 578 1952 650 Baptista:
1987 593 2066 628 re-

455 709 612 766 gnum
639 685 882 744 ctetorum
909 685 1010 740 vim
1049 683 1266 756 patitur,
1299 687 1344 734 et
1387 677 1598 732 violenti
1645 673 1902 740 diripiunt
1929 667 2064 722 illud

459 761 678 858 (Matth.
717 795 803 846 χι,
847 777 962 848 12).
1016 777 1091 830 De
1121 790 1226 844 qua
1259 781 1312 826 et
1341 769 1514 826 .ludas
1565 766 1732 821 frater
1761 761 1950 818 Jacobi
1985 761 2066 814 lo-

459 881 684 952 quitur:
729 875 796 932 Et
823 875 956 930 alios
1000 873 1210 944 quidem
1241 871 1302 924 de
1347 871 1464 940 igne
1495 877 1522 904 εί
1575 865 1780 937 rapite:
1841 861 2064 912 aliorum

451 991 570 1030 vero
603 974 692 1046 qui
710 971 1020 1042 judicantur
1049 967 1360 1022 miseremini
1395 961 1582 1036 (ludar
1615 959 1734 1028 9.5).
1781 956 1848 1011 Et
1877 969 1908 1009 e
1935 967 2064 1006 con-

453 1067 624 1122 trario
663 1063 996 1120 adversarim
1051 1069 1354 1128 potestates
1405 1055 1460 1110 in
1511 1051 1814 1124 perniciem
1875 1057 2062 1100 eorum

451 1173 594 1231 quos
619 1159 860 1226 rapiunt,
893 1155 1128 1226 praedam
1165 1165 1358 1218 rapere
1401 1147 1684 1202 festinant.
1713 1139 1869 1211 Quod
1897 1137 2066 1206 signi-

455 1252 584 1308 ﬁcat
625 1260 682 1308 et
727 1249 914 1314 Jacob,
957 1247 1148 1304 dicens
1185 1264 1198 1300 :
1229 1245 1408 1300 Bestia
1437 1241 1580 1296 mala
1629 1237 1850 1292 comedit
1897 1249 2010 1288 eum
2045 1246 2062 1284 :

457 1347 618 1402 bestia
647 1345 784 1398 mala
805 1343 978 1412 rapuit
1015 1339 1212 1410 Ioseph
1251 1337 1464 1410 (Genes.
1509 1347 1730 1394 xxxvii,
1763 1325 1876 1398 53).
1913 1323 2064 1382 Unde

451 1451 508 1500 et
535 1457 665 1498 oi-es
701 1438 912 1494 Domini
941 1451 1060 1508 quae
1105 1443 1410 1500 sequuntur
1449 1445 1594 1492 eum,
1629 1441 1737 1480 non
1771 1423 2063 1492 rapiuntur

455 1537 524 1594 de
545 1533 796 1590 manibus
837 1531 976 1602 ejus.
1033 1529 1094 1584 Et
1127 1530 1245 1598 ipse
1295 1525 1472 1580 dicit:
1523 1521 1684 1575 Pater
1729 1516 1870 1589 quod
1922 1514 2064 1568 dedit

453 1629 606 1696 mihi,
635 1627 876 1684 erunibus
897 1625 1066 1694 majus
1087 1633 1182 1692 est,
1213 1629 1260 1674 et
1285 1637 1434 1672 nemo
1457 1625 1620 1690 potest
1653 1627 1836 1686 rapere
1857 1609 1920 1664 de
1949 1625 2058 1662 ma-

457 1741 532 1778 nu
561 1721 672 1796 [AL
705 1721 856 1776 addit
885 1715 1020 1790 mea]
1047 1715 1222 1770 Patris
1251 1714 1352 1766 mei
1379 1711 1560 1784 (Joan.
1593 1725 1648 1770 χ,
1681 1705 1815 1796 9.9).
1851 1705 1928 1756 lix
1953 1717 2060 1771 quo

2169 483 2334 536 immo
2357 481 2500 552 quod
2527 483 2792 552 propheta
2809 487 3224 547 commemorat,
3247 477 3410 548 panis
3425 475 3766 533 credentium

2167 583 2256 630 est
2283 583 2340 630 et
2359 575 2744 632 esurientium.
2779 575 2882 643 Qui
2917 575 3138 630 omnino
3171 589 3278 630 non
3307 571 3516 626 dandus
3541 579 3626 626 est
3655 567 3768 638 bis,

2167 667 2258 738 qui
2290 669 2758 724 manducaverunt
2789 679 2844 724 et
2873 668 3132 724 biberunt
3161 677 3218 724 et
3265 667 3490 722 saturati
3519 673 3676 731 sunt,
3709 671 3774 720 cl.

2167 763 2456 818 iucrassati
2487 763 2938 830 calcitraverunt,
2971 763 3040 820 de
3063 763 3266 834 quibus
3287 761 3490 816 dicitur
3515 779 3528 814 :
3563 759 3654 815 Va:
3677 759 3772 830 qui

2169 857 2534 912 saturatiestis
2561 875 2720 922 nunc,
2749 858 2876 929 quia
2919 857 3157 912 esurietis
3187 853 3342 927 (Luc.
3389 869 3462 920 vt,
3519 851 3636 922 25),
3693 865 3772 907 ne

2173 960 2430 1008 evomant
2461 951 2640 1018 illum,
2665 951 2882 1007 dicente
2918 950 3252 1006 Salomone:
3287 945 3508 1000 Evomet
3543 944 3678 1000 enim
3715 951 3772 998 et

2167 1047 2534 1102 contaminabit
2571 1061 2832 1102 sermones
2856 1055 2976 1100 tuos
3003 1045 3164 1100 bonos
3187 1041 3372 1116 (Prov.
3399 1037 3578 1112 χχιιι).
3607 1037 3770 1106 Quod

2165 1143 2290 1198 aliis
2315 1143 2502 1198 verbis
2535 1141 2786 1197 Salvator
2815 1139 3060 1210 loquitur
3089 1157 3102 1192 :
3143 1139 3222 1194 Ne
3255 1137 3386 1192 detis
3415 1145 3649 1190 sanctum
3675 1151 3773 1189 ea-

2166 1239 2316 1294 nibus
2339 1255 2358 1294 :
2401 1255 2564 1308 neque
2585 1237 2803 1292 mittatis
2837 1235 3148 1308 margaritas
3199 1241 3398 1288 restras
3437 1241 3554 1284 ante
3581 1245 3772 1302 porcos

2165 1329 2384 1404 (Matth.
2419 1347 2514 1400 vn,
2541 1331 2621 1400 6).
2655 1329 3014 1388 Undecimum
3051 1325 3292 1396 possidet
3315 1325 3534 1398 locum:
3567 1323 3636 1378 Et
3661 1338 3770 1378 nu-

2165 1425 2292 1480 dum
2320 1426 2538 1496 operuit
2563 1425 2917 1480 vestimento.
2949 1421 3254 1490 Quisermo
3277 1419 3440 1490 juxta
3469 1415 3775 1488 superioris

2165 1519 2424 1574 versiculi
2457 1515 2927 1586 erplanationem,
2945 1513 3241 1584 dupliciter
3269 1508 3626 1566 disserendus
3643 1516 3728 1564 est
3755 1523 3770 1560 :

2165 1619 2298 1666 utet
2327 1609 2488 1665 nudis
2519 1609 2826 1664 tribuamus
2871 1605 3300 1678 operimentum,
3351 1602 3636 1659 Salvatore
3687 1597 3778 1654 di-

2161 1711 2350 1760 cente:
2383 1701 2578 1756 Nudus
2601 1719 2770 1764 eram,
2795 1709 2841 1754 et
2863 1699 3144 1768 aperuisti:
3175 1713 3254 1752 me
3275 1693 3498 1768 (Matth.
3529 1695 3682 1763 xxv),
3713 1701 3776 1750 et

457 1788 814 1889 pergliicitur,
851 1827 956 1868 una
989 1788 1165 1864 Patris
1205 1805 1442 1874 Filiique
1473 1809 1733 1870 potestas.
1771 1795 1944 1850 \‘il'llls
1977 1803 2060 1846 ξιι-
2089 1789 2139 1850 Β
2167 1799 2327 1854 nudis
2359 1797 2466 1852 ﬁde
2493 1805 2658 1864 atque
2683 1793 2983 1850 virtutibus
3035 1793 3342 1848 tribuamus
3381 1788 3778 1846 vestimentum

455 1885 562 1982 que
585 1885 916 1965 substantia.
947 1901 1006 1958 Si
1037 1901 1187 1956 enim
1229 1898 1296 1954 de
1343 1895 1464 1952 Filii
1513 1909 1702 1956 manu,
1757 1905 1878 1960 qua:
1917 1885 2074 1940 dedit

453 1981 640 2072 Pater,
673 2015 836 2058 nemo
857 2007 1040 2070 potest
1063 2009 1283 2066 rapere,
1332 2001 1386 2046 ct
1409 1991 1526 2044 Ita-c
1566 1987 1760 2042 eadem
1805 1984 1858 2038 in
1893 1981 2070 2036 Patris

453 2095 622 2154 manu
663 2105 792 2152 sunt
821 2109 942 2162 quae
973 2105 1078 2144 non
1119 2089 1408 2156 rapiuntur
1437 2083 1506 2136 ab
1553 2097 1639 2146 eo,
1687 2075 1894 2148 liquido
1925 2089 2072 2128 com-

459 2191 758 2264 probatur,
809 2185 992 2242 omnia
1039 2182 1214 2238 Patris
1269 2191 1320 2234 et
1369 2177 1494 2232 Filii
1545 2169 2026 2230 esse’conununia
2057 2213 2070 2236 ,

457 2261 624 2342 etin
673 2281 798 2338 Filii
847 2295 1010 2334 manu
1083 2285 1266 2330 tenere
1343 2273 1605 2336 Patrem,
1681 2267 1824 2320 sicut
1897 2261 2073 2318 Patris

457 2393 624 2434 manu
683 2383 936 2430 tenentur
993 2385 1114 2440 qua:
1189 2365 1313 2422 Filii
1383 2371 1527 2418 sunt.
1593 2361 1870 2414 Decimum
1931 2365 2070 2410 est:

455 2471 660 2528 Panem
713 2481 869 2522 suum
899 2463 1158 2520 esurienti
1193 2459 1430 2514 dederit.
1461 2457 1568 2512 Per
1620 2453 1766 2524 quod
1817 2452 2074 2506 docemur

459 2565 868 2634 eleemosynam
917 2573 1026 2614 non
1059 2555 1257 2610 saturis
1289 2549 1613 2614 faciendam,
1647 2547 1742 2602 sed
1785 2541 2074 2600 esurienti-

457 2657 562 2714 bus
602 2673 616 2710 :
661 2669 764 2710 nec
809 2649 1046 2708 dandum
1082 2663 1274 2718 panem
1315 2644 1400 2698 his
1449 2641 1538 2712 qui
1595 2649 1808 2694 ructant
1843 2637 2078 2706 plenitu-

463 2751 636 2820 dine,
695 2748 790 2804 sed
823 2747 908 2802 his
943 2743 1036 2812 qui
1101 2740 1360 2796 inanitate
1423 2735 1760 2791 cruciantur.
1809 2731 1866 2784 lu
1935 2745 2076 2800 pane

461 2855 644 2904 autem
689 2845 866 2900 omnis
911 2839 1224 2896 continetur
1267 2835 1439 2889 cibus.
1465 2829 1534 2886 Et
1589 2827 1961 2898 significanter
1995 2823 2074 2878 di-

464 2943 628 3007 citur,
659 2955 812 2993 suum
845 2951 864 2991 :
897 2949 962 2989 ne
993 2933 1062 2988 tle
1085 2929 1310 3002 rapinis,
1337 2937 1390 2981 et
1415 2923 1594 2980 usuris
1633 2933 1686 2976 et
1711 2921 1892 2974 alieno
1931 2917 2076 2972 malo

461 3032 752 3106 quaesitum
783 3043 1004 3100 panem,
1036 3033 1308 3080 vertamus
1347 3021 1402 3074 in
1449 3013 1884 3072 misericordiam
1915 3027 1928 3062 :
1977 3009 2079 3062 Re-

467 3103 810 3190 demptionem
875 3122 1008 3177 enim.
1057 3117 1244 3170 anima:
1315 3113 1410 3166 viri
1487 3107 1693 3182 (Prov.
1755 3121 1850 3160 xm
1885 3147 1898 3172 ,
1957 3103 2072 3172 7),

2169 1893 2396 1956 Christi,
2420 1891 2488 1946 de
2517 1905 2626 1962 quo
2653 1889 2916 1960 scriptum
2939 1897 3024 1944 est
3053 1905 3066 1941 :
3101 1885 3362 1958 Quotquot
3383 1883 3522 1940 enim
3547 1883 3602 1936 in
3623 1881 3780 1938 Chri-

2173 1997 2253 2044 sto
2281 1986 2530 2058 baptizati
2559 1985 2706 2050 estis,
2731 1981 2998 2038 Christum
3037 1979 3284 2034 induistis
3317 1975 3520 2050 (Galat.
3549 1991 3630 2040 ιιι,
3651 1971 3777 2044 ‘27).

2173 2082 2288 2138 lloc
2301 2083 2632 2138 vestimento
2655 2077 2837 2133 nudus
2859 2075 3024 2148 210
3047 2075 3282 2144 erat,qui
3303 2081 3509 2128 vestem
3545 2085 3652 2124 non
3679 2067 3782 2122 ha-

2171 2175 2312 2232 bens
2343 2173 2672 2246 nuptialem,
2705 2171 2986 2243 projecius
3019 2177 3106 2224 est
3153 2167 3220 2222 de
3249 2165 3528 2222 convivio.
3565 2163 3644 2218 De
3675 2161 3785 2216 hac

2175 2267 2446 2334 nuditate,
2473 2275 2532 2320 et
2551 2265 2620 2320 ad
2643 2263 2946 2320 Jerusalem
2975 2261 3238 2318 Dominus
3261 2258 3510 2328 loquitur
3535 2273 3549 2310 :
3577 2253 3658 2310 Tu
3685 2269 3782 2308 au-

2177 2371 2277 2416 tem
2305 2377 2418 2414 eras
2445 2357 2584 2412 nuda
2625 2367 2672 2412 et
2721 2357 3026 2428 confusione
3055 2354 3066 2426 ι
3099 2353 3184 2410 Al.
3229 2347 3596 2424 confusionis]
3627 2347 3785 2418 plena

2175 2453 2378 2526 (Supra
2403 2451 2607 2522 xvt,7).
2643 2449 3036 2505 Duodecimum
3065 2461 3356 2503 numerum
3389 2451 3580 2500 tenet:
3617 2441 3684 2496 Et
3707 2437 3786 2494 ad

2175 2561 2396 2602 usuram
2431 2561 2536 2597 non
2575 2543 3036 2608 commodaverit,
3069 2539 3186 2594 sive
3211 2549 3272 2592 ut
3299 2535 3448 2592 LXX
3481 2533 3784 2590 transmle—

2175 2647 2330 2704 runt,
2365 2635 2648 2708 pecuniam
2679 2651 2834 2690 suam
2865 2633 2930 2688 ad
2965 2647 3186 2688 usuram
3219 2645 3322 2686 non
3343 2629 3583 2684 dederit.
3609 2629 3664 2682 In
3681 2625 3790 2682 He-

2183 2733 2372 2788 braico
2403 2741 2720 2786 cunctarum
2745 2729 3056 2798 specierum
3099 2740 3260 2780 usura
3311 2721 3672 2794 prohibetur;
3721 2717 3784 2774 in

2181 2827 2328 2884 LXX
2351 2835 2559 2880 tantum
2589 2823 2860 2894 pecuniw.
2887 2820 3050 2876 Juxta
3069 2817 3210 2890 quod
3247 2827 3298 2872 et
3331 2817 3384 2870 in
3405 2823 3602 2886 quarto
3629 2811 3782 2868 deci-

2181 2936 2270 2974 mo
2305 2919 2518 2990 psalmo
2555 2917 2818 2988 scriptum
2867 2923 2988 2968 est:
3025 2911 3130 2978 Qui
3161 2910 3432 2980 pecuniam
3481 2921 3629 2962 suam
3677 2919 3788 2959 non

2181 3013 2322 3068 dedit
2351 3013 2421 3066 ad
2449 3029 2658 3066 usuram
2682 3009 2858 3076 (Psal.
2895 3023 3002 3074 xtv,
3029 3007 3110 3078 5).
3137 3007 3204 3060 Et
3237 3003 3514 3074 quomodo
3543 3001 3742 3058 dicitur
3768 3017 3784 3054 :

2183 3105 2334 3158 Fatri
2393 3115 2482 3158 tuo
2543 3121 2646 3158 non
2717 3101 3004 3174 fenerabis,
3063 3097 3234 3152 alieno
3291 3107 3464 3152 autem
3521 3093 3790 3166 fenerabis

463 3185 1252 3296 209propritedivititeﬂuod
1269 3205 1466 3260 multos
1483 3203 1664 3258 facere
1678 3197 2070 3268 Conspicimus,
2099 3189 2146 3254 C
2183 3197 2370 3270 (Deut,
2393 3213 2486 3266 xv,
2517 3197 2574 3260 6,
2599 3205 2646 3250 ει
2673 3211 2826 3260 χχιιι,
2863 3193 2976 3266 1ο),
2999 3191 3108 3248 sed
3135 3191 3264 3246 vide
3317 3191 3616 3262 profectum
3649 3207 3662 3244 ε
3711 3185 3774 3242 ιη

463 3288 700 3370 clientes
719 3288 770 3366 et
805 3319 1102 3380 pauperes,
1135 3313 1189 3358 et
1213 3298 1518 3372 agricolas;
1555 3303 1614 3348 ut
1639 3303 1850 3348 taceam
1879 3289 1948 3344 de
1971 3288 2074 3344 mi-

401 3415 412 3424 '
467 3409 744 3464 litantium
777 3401 1102 3472 etjudicum
1133 3393 1418 3456 violentia,
1481 3391 1570 3460 qui
1617 3387 1934 3458 opprimunt
1979 3397 2076 3453 per

473 3495 906 3572 potentiam,ve|
941 3493 1080 3546 furta
1097 3487 1473 3552 committunt,
1507 3491 1566 3536 ut
1593 3481 1660 3536 de
1691 3479 1876 3534 multis
1905 3489 2074 3548 parva

469 3593 800 3664 pauperibus
841 3589 1106 3650 tribuant,
1129 3599 1184 3640 et
1207 3582 1260 3636 in
1285 3581 1398 3634 suis
1423 3577 1720 3632 sceleribus
1745 3573 2070 3644 glorientur.

473 3687 810 3754 Publiceque
839 3681 1109 3736 diaconus
1139 3677 1192 3730 in
1225 3671 1484 3728 Ecclesiis
1509 3669 1696 3723 recitet
1729 3665 2074 3721 offerentium

473 3783 506 3822 ι’
539 3781 760 3836 nomina
787 3795 799 3830 :
830 3785 1036 3831 tantum
1067 3771 1227 3826 offert
1255 3767 1372 3830 illa,
1409 3773 1616 3820 tantum
1663 3761 1757 3816 ille
1800 3759 2076 3828 pollicitus

469 3885 576 3938 est,
595 3875 920 3944 placentque
945 3867 1048 3924 sibi
1067 3865 1136 3920 ad
1169 3863 1416 3932 plausum
1445 3857 1652 3928 populi,
1669 3863 1958 3925 torquente
1981 3867 2076 3908 cos

473 3967 837 4026 conscientia.
869 3963 1184 4028 Damusque
1217 3953 1504 4010 materiam
1551 3949 1804 4014 miseris,
1841 3957 1900 4000 ut
1941 3961 2070 4017 gau-

475 4065 664 4130 deant,
695 4059 762 4114 ad
785 4074 846 4112 ea
877 4071 998 4124 qua:
1025 4051 1296 4114 tribuunt,
1315 4053 1368 4100 cl
1389 4059 1498 4099 non
1523 4043 1744 4112 lugeant
1773 4038 1840 4094 ad
1863 4053 1922 4092 ea
1957 4053 2076 4108 quas

473 4155 784 4228 rapuerint.
819 4149 1010 4204 Melius
1059 4149 1346 4196 autemest
1385 4145 1442 4192 ut
1477 4133 1844 4202 intelligamus
1881 4145 2075 4200 panem

471 4223 604 4320 justi
633 4261 756 4302 eum
789 4255 914 4297 esse
939 4235 1032 4308 qui
1063 4233 1200 4288 dicit
1231 4249 1245 4287 :
1295 4229 1404 4302 Ego
1443 4243 1558 4282 sum.
1591 4225 1744 4300 panis
1771 4225 1940 4293 virus,
1991 4223 2080 4292 qui

481 4317 547 4398 de
573 4341 700 4396 creto
725 4331 970 4388 descendi
1001 4327 1181 4398 (Joan.
1209 4341 1286 4389 vt,
1307 4323 1432 4394 51);
1463 4331 1518 4376 et
1557 4335 1720 4388 quem
1743 4319 1794 4372 in
1829 4317 2078 4372 oratione

483 4433 642 4490 nobis
675 4427 834 4483 tribui
867 4425 1226 4492 deprecamur
1255 4433 1268 4468 :
1303 4425 1324 4454 ο
1351 4413 1552 4468 Panem
1577 4421 1816 4467 nostrum
1843 4409 2080 4464 substan-

485 4522 668 4588 tirum,
695 4520 812 4572 sive
841 4521 1268 4588 superventurum
1296 4507 1362 4560 da
1407 4505 1556 4560 nobis
1595 4503 1818 4576 (Matth.
1841 4519 1912 4570 v1,
1949 4503 2034 4572 ll)
2059 4519 2074 4566 ;

2175 3290 2444 3362 principio
2473 3289 2630 3360 Legis
2661 3305 2688 3342 a
2715 3287 2974 3342 fratribus
3007 3293 3218 3340 tantum
3247 3283 3406 3340 fenus
3437 3283 3678 3348 tollitur;
3725 3281 3786 3336 in

2185 3385 2446 3455 propheta
2475 3385 2542 3438 ab
2569 3383 2822 3438 omnibus
2845 3397 3008 3438 usura
3037 3379 3382 3452 prohibetur,
3403 3378 3620 3434 dicente
3641 3377 3786 3432 Eze-

2177 3479 2355 3536 chiele
2389 3495 2402 3531 :
2437 3475 2726 3532 Pecuniam
2761 3493 2910 3532 suam
2933 3493 3038 3530 non
3067 3473 3210 3528 dedit
3239 3473 3310 3528 ad
3341 3488 3576 3528 usuram.
3603 3471 3776 3526 Porro

2179 3573 2234 3629 in
2277 3571 2574 3642 Evangelia
2619 3572 2834 3626 virtutis
2863 3581 3214 3640 augmentum
3243 3577 3368 3634 est,
3427 3565 3784 3638 praecipiente

2177 3667 2448 3722 Domino:
2483 3665 2820 3722 Feneramini
2863 3665 2944 3720 his
2966 3681 2996 3718 a
3025 3665 3210 3734 quibus
3247 3679 3349 3718 non
3379 3663 3600 3734 speratis
3641 3661 3782 3716 reci-

2179 3777 2296 3831 pere
2331 3758 2484 3830 (Luc.
2515 3775 2590 3824 vr,
2623 3759 2740 3830 53).
2769 3757 3028 3827 Sequitur
3057 3757 3112 3810 in
3143 3755 3316 3810 tertio
3367 3753 3580 3810 decimo
3609 3753 3732 3810 loco
3761 3769 3778 3806 :

2183 3853 2252 3906 Et
2293 3851 2529 3922 amplius
2573 3867 2680 3906 non
2721 3851 3024 3920 acceperit.
3055 3848 3258 3903 Putant
3287 3847 3506 3918 quidam
3559 3859 3790 3900 usuram

2180 3956 2387 4002 tantum
2418 3961 2539 4000 esse
2579 3947 2632 4000 in
2659 3943 2916 4016 pecunia.
2947 3943 3105 4012 Quod
3153 3941 3460 4014 praevidens
3501 3939 3792 4010 Scriptura

2181 4041 2384 4108 divina,
2417 4041 2598 4096 omnis
2627 4039 2706 4095 rei
2735 4041 2913 4096 aufert
2935 4037 3519 4108 superabundantiam,
3575 4045 3636 4090 ut
3667 4035 3793 4112 plus

2183 4153 2290 4192 non
2323 4137 2563 4206 recipias
2593 4151 2754 4206 quam
2781 4133 3000 4190 dedisti.
3031 4133 3218 4188 Solent
3263 4131 3316 4187 in
3347 4131 3492 4204 agris
3529 4128 3792 4185 frumenti

2181 4229 2402 4294 etmilii,
2427 4229 2564 4297 vini,
2581 4237 2638 4284 et
2665 4227 2798 4294 olei,
2821 4235 3258 4297 caeterarnmque
3285 4223 3590 4298 specierum
3609 4235 3796 4278 usum

2181 4323 2348 4394 exigi,
2379 4323 2498 4392 sive
2527 4329 2588 4376 ut
2615 4321 2853 4392 appellat
2883 4335 3062 4376 sermo
3093 4319 3314 4374 divinus
3343 4360 3358 4384 ,
3405 4315 3744 4372 abundantiae
3773 4327 3796 4367 :

2181 4413 2333 4470 verbi
2367 4413 2563 4484 gratia,
2603 4421 2664 4466 ut
2697 4411 2904 4483 byemis
2935 4423 3180 4480 tempore
3211 4411 3404 4466 demus
3441 4407 3633 4464 decem
3673 4421 3798 4462 mo-

2183 4507 2324 4574 dios,
2351 4507 2486 4562 etin
2531 4521 2712 4561 messe
2753 4504 3088 4576 recipiamus
3127 4503 3478 4576 quindecim,
3537 4501 3640 4558 hoc
3671 4511 3792 4570 est,

483 4623 542 4668 ut
565 4627 727 4682 quem
753 4619 946 4676 postea
987 4619 1207 4672 semper
1237 4599 1512 4669 accepturi
1565 4611 1778 4660 sumus,
1829 4597 1880 4650 in
1937 4611 2076 4666 prre-
2101 4597 2156 4656 D
2181 4599 2415 4670 amplius
2445 4611 2650 4668 partem
2683 4597 3060 4668 mediam.Qui
3087 4597 3452 4666 justissimum
3475 4611 3536 4651 se
3567 4605 3798 4666 putare-

483 4706 620 4762 senti
651 4701 854 4758 saeculo
875 4697 1122 4770 quotidie
1147 4707 1456 4750 mereamur
1489 4689 1764 4758 accipere.
1805 4689 1958 4742 Hunc
1983 4703 2076 4756 pa—

481 4797 808 4866 nemjustus
839 4789 1212 4848 esurientibus
1237 4787 1446 4848 trilmit,
1481 4785 1548 4838 de
1581 4783 1778 4850 quibus
1819 4785 2079 4850 scriptum

485 4901 573 4948 est
601 4909 616 4946 :
655 4887 800 4944 Beati
831 4885 918 4958 qui
943 4883 1172 4939 esuriant
1211 4889 1262 4934 et
1289 4881 1474 4934 sitiunt
1501 4875 1716 4946 (Matth.
1749 4891 1805 4942 v,
1839 4875 1916 4944 ti).
1947 4875 2080 4942 Quia

487 4985 578 5056 qui
603 4983 782 5053 justus
813 4989 918 5044 est,
938 4991 1286 5032 communem
1319 4975 1566 5026 omnium
1625 4985 1818 5042 panem
1853 5015 1867 5038 ,
1925 4985 2084 5024 suum

486 5081 618 5136 facit
643 5074 948 5150 proprium,
1001 5071 1090 5140 qui
1121 5067 1400 5123 defecerat
1451 5067 1504 5120 in
1561 5063 1774 5130 Judara,
1821 5063 2085 5133 propheta

487 5177 740 5232 dicente:
771 5169 1020 5238 Aufrram
1041 5163 1104 5218 ab
1134 5165 1208 5218 eis
1261 5159 1652 5232 fortitudinem,
1699 5157 1816 5212 sive
1843 5157 2084 5210 bacatum

557 5327 586 5358 ει
603 5317 778 5372 Penes
799 5311 1107 5378 Rabauum,
1127 5309 1192 5362 de
1215 5307 1332 5380 igne
1351 5305 1626 5372 rapientes,
1651 5301 1770 5355 aliis
1791 5309 1964 5354 autem
1991 5301 2083 5354 mi-

485 5389 724 5446 seremini
755 5387 808 5440 in
841 5383 1040 5438 timore.

559 5443 588 5502 ιι
617 5459 790 5526 Quam
815 5455 904 5509 hic
934 5453 1293 5522 Hieronymus
1313 5447 1572 5526 sttgaillat.
1591 5443 2072 5526 consuetudinem,

485 5513 758 5590 recitandi
805 5513 1152 5582 offerentium
1205 5513 1418 5574 nuntium
1448 5517 1814 5590 ffiinllliper
1865 5513 1916 5568 id
1961 5516 2072 5590 [cpe

487 5587 750 5676 terripuris
767 5593 1376 5676 laittcieeiitittslepistol.
1393 5589 1458 5642 ad
1477 5587 1986 5676 Qct:'elllltllll,nﬂlltll.
2013 5587 2070 5650 5,

489 5657 842 5746 inip'tr‘ttbavit,
869 5671 1092 5746 edit-etis
1123 5657 1446 5746 titilideiittm
1473 5659 1781 5742 oblationi-5
1805 5657 1934 5746 Dfo,
1963 5673 2069 5740 nim

489 5728 710 5819 populo,
743 5728 842 5819 nec
873 5739 1084 5819 publica
1131 5733 1348 5819 diacmti
1391 5731 1732 5819 recitarique,
1777 5729 1870 5782 sed
1909 5728 2070 5784 tacita

483 5799 788 5876 Sacerdotis
813 5799 1042 5864 oratione
1063 5803 1536 5862 commendantur.
1577 5799 1706 5870 Ejus
1739 5809 2070 5870 praeceptum

2187 4697 2282 4760 rit,
2316 4703 2566 4764 quartam
2599 4691 2716 4762 plus
2753 4691 2986 4760 accipiet
3019 4691 3350 4760 portionem,
3407 4697 3466 4744 et
3495 4688 3675 4745 solent
3703 4703 3800 4742 ar-

2187 4785 2496 4858 gumentari
2539 4799 2600 4838 ac
2630 4784 2816 4838 dicere
2845 4800 2858 4836 :
2889 4782 3022 4839 Dedi
3053 4799 3219 4838 unum
3267 4781 3534 4848 modium,
3557 4778 3650 4852 qui
3697 4793 3796 4835 sa-

2185 4889 2272 4934 tus
2305 4879 2432 4934 fecit
2457 4877 2649 4932 decem
2677 4875 2908 4930 modios.
2939 4875 3132 4932 Nonne
3153 4877 3360 4946 justum
3404 4883 3510 4943 est,
3553 4883 3612 4930 ut
3665 4887 3790 4928 me-

2187 4971 2334 5026 dium
2361 4969 2600 5025 modium
2631 4969 2698 5026 de
2729 4985 2852 5026 meo
2891 4971 3014 5042 plus
3045 4969 3334 5041 accipiam,
3359 4983 3482 5026 cum
3533 4967 3628 5024 ille
3667 4981 3790 5023 mea

2191 5065 2548 5126 liberalitate.
2583 5079 2776 5118 novem
2805 5073 2862 5120 et
2883 5065 3050 5120 semis
3081 5065 3150 5120 de
3174 5079 3297 5120 meo
3325 5063 3558 5120 habeat?
3599 5061 3792 5119 Nolite

2189 5175 2414 5226 eri-rare,
2448 5157 2624 5228 inquit
2647 5159 2963 5228 Apostolus,
2997 5157 3142 5214 Deus
3173 5175 3276 5214 non
3311 5157 3560 5212 irridetur
3581 5155 3788 5230 (Gatat.

2193 5299 2683 5356 Francofordiense
2707 5300 3000 5354 concilium
3019 5315 3108 5354 an.
3123 5299 3229 5354 794
3252 5297 3600 5364 instauravit,
3621 5295 3792 5354 editio

2187 5373 2429 5434 (le-"retu,
2463 5377 2526 5426 de
2553 5387 2654 5425 non
2689 5371 2975 5426 recitandis
3007 5371 3302 5426 nominibus
3341 5379 3618 5442 antequam
3642 5369 3792 5426 obla-

2187 5445 2260 5496 tio
2291 5445 2562 5512 offeratur.

2259 5527 2278 5554 ε
2309 5515 2702 5570 ἐσςιώκιαηιξυιιιη
2733 5515 2820 5570 hic
2843 5522 3008 5570 vocat
3028 5521 3084 5570 et
3102 5523 3540 5586 superventurum
3561 5527 3787 5582 panem,

2180 5601 2338 5658 quem
2361 5587 2490 5642 alibi
2512 5587 3085 5658 supersubstantialem,
3107 5583 3448 5658 peculiarem,
3465 5587 3792 5658 praecipuum

2179 5669 2234 5714 et
2257 5661 2543 5712 crastinum
2577 5659 2851 5726 intelligit.
2869 5657 3130 5712 Videbat:
3151 5657 3218 5713 de
3241 5673 3301 5712 re
3327 5657 3788 5714 emunientat‘ium

2181 5732 2616 5786 eruditissimum
2651 5733 2702 5786 in
2725 5729 2966 5786 Matthazi
2997 5739 3160 5800 caput
3181 5739 3420 5786 sextum.
3449 5727 3632 5784 ΜΑιιτ.
