4038 6328
269 267 338 322 ΠἹ
905 257 1556 320 COMMENTARIOBUM
1595 257 1662 316 ΙΝ
1703 253 2144 316 EZECHIELEM
2183 257 2312 316 LIB.
2357 261 2446 328 Vl,
2487 261 2642 320 CAP.
2683 263 2870 322 XVIII.

3433 267 3540 326 178

255 379 778 451 rt,7).Resp0ndcat
799 379 950 436 enim
983 377 1144 434 nobis
1177 377 1418 434 breviter
1441 375 1716 432 lenerator
1741 373 1838 429 mi-
1867 373 1922 434 Α
1946 381 1992 426 et
2015 383 2330 448 praccptum
2355 375 2570 432 Domini
2599 379 2856 446 lucidum,
2879 377 3194 436 illuminans
3217 379 3534 454 oculos(Ps.

251 477 458 532 sericors
481 492 496 528 :
521 483 724 530 utrum
745 474 966 532 babenti
997 472 1230 538 dederit,
1251 487 1318 526 an
1345 487 1450 526 non
1477 469 1740 526 babenti?
1779 467 1838 524 Si

249 568 448 623 babenti
472 611 486 634 ,
523 569 732 632 utique
763 567 896 624 dare
927 583 1032 622 non
1059 566 1356 630 debuerat,
1383 563 1480 620 sed
1517 562 1840 632 dedilqnasi

247 679 330 720 non
355 661 604 720 babenti.
621 662 776 733 Ergo
793 677 960 732 quare
981 661 1102 732 plus
1127 657 1298 730 exigit
1319 659 1472 728 quasi
1489 657 1558 712 ab
1581 655 1836 712 habente?

243 757 328 810 Alii
357 769 450 823 pro
479 755 736 822 pecunia
765 753 1010 810 feuerata
1042 753 1222 808 solent
1251 750 1572 806 munuscula
1591 749 1836 818 accipere

241 847 868 920 dirersigeneris,ctnou
887 847 1192 916 intelligunt
1212 855 1239 883 ³
1261 859 1482 900 usuram
1511 843 1768 914 appellari
1783 849 1838 896 et

239 941 814 1012 super-abundantiam,
841 944 1002 1014 ξι]
1039 938 1302 1008 quidquid
1328 937 1456 992 illud
1477 947 1582 1006 est,
1609 937 1650 990 si
1683 935 1750 990 ab
1769 949 1834 990 eo

239 1033 362 1106 quod
383 1033 640 1098 dederit,
673 1035 792 1104 plus
821 1033 1160 1104 acceperint.
1181 1031 1418 1100 Quartus
1449 1031 1694 1088 decimus
1714 1045 1834 1102 gra-

239 1131 320 1186 dus
349 1149 362 1184 :
403 1129 490 1184 Ab
525 1129 858 1202 iniquitate,
885 1131 984 1194 ait,
1017 1131 1280 1184 averterit
1305 1143 1528 1206 manum
1559 1141 1735 1190 suam,
1773 1133 1832 1180 ut

239 1222 362 1282 omni
395 1237 576 1294 opere
629 1224 806 1294 fugiat
855 1223 1220 1294 iniquitatem.
1271 1221 1388 1278 Non
1445 1221 1590 1276 enim
1651 1219 1828 1276 solum

237 1333 396 1381 manu,
423 1317 526 1370 sed
555 1325 624 1374 et
653 1317 780 1372 aliis
815 1317 1078 1372 membris
1125 1317 1490 1372 committitur
1531 1314 1792 1384 iniquitas
1815 1355 1828 1382 ,

235 1411 422 1470 dicente
457 1409 780 1468 Salomone
809 1427 822 1464 :
853 1409 1048 1482 Iniqua
1077 1409 1218 1464 labia
1267 1410 1451 1482 procul
1499 1427 1530 1460 a
1559 1417 1606 1462 te
1633 1423 1832 1460 remove

237 1502 394 1574 (Prov.
423 1517 504 1568 tv,
525 1503 662 1573 24).
695 1504 760 1558 Ει
785 1504 836 1558 in
871 1503 1102 1558 Psalmis
1135 1519 1146 1554 :
1187 1501 1526 1574 Iniquitatem
1557 1507 1610 1554 in
1627 1499 1830 1554 excelso

235 1595 364 1652 locuti
417 1603 546 1650 sunt
613 1595 742 1670 (Ps.
784 1613 952 1662 um,
1007 1596 1089 1666 8).
1131 1596 1238 1652 Pes
1291 1611 1510 1666 quoque
1552 1595 1726 1650 currit
1761 1593 1828 1648 ad

233 1690 588 1760 iniquitatem,
625 1699 688 1746 et
711 1691 908 1746 oculus
925 1693 970 1746 si
995 1691 1230 1746 alienam
1263 1691 1548 1746 mulierem
1571 1688 1832 1758 concupiu

1949 483 2106 536 xvttt,
2134 469 2216 534 9).
2247 469 2306 522 ln
2340 485 2448 538 quo
2471 473 2758 540 quan-itur,
2797 473 3072 544 quomodo
3099 475 3152 530 in
3191 474 3298 530 hoc
3339 473 3540 532 eodem

1945 563 2210 632 propheta
2233 563 2438 620 dixerit
2469 566 2652 620 Deus:
2691 567 2825 620 Dedi
2869 571 2946 622 eis
2987 569 3388 640 iustiﬁcationes
3431 587 3538 626 non

1941 655 2123 724 bonas,
2167 657 2218 710 in
2245 657 2434 728 quibus
2455 675 2558 712 non
2585 659 2760 713 vivant
2781 661 2836 714 in
2865 661 2934 714 eis
2959 661 3136 732 {Infra
3163 679 3254 729 xx,
3283 662 3400 734 28).
3433 661 3538 718 Fa-

1941 747 2170 818 cilisque
2193 750 2480 818 responsio
2507 761 2588 806 est
2619 759 2676 806 et
2717 753 2932 821 plenior
2965 754 3016 808 itt
3043 756 3534 828 consequentibus,

1939 858 2048 896 non
2079 845 2260 898 vivere
2287 841 2508 898 .lutlteos
2529 852 2826 914 sequentes
2845 847 3188 902 occidentem
3215 849 3540 918 litteram,et

1937 935 2124 989 vivere
2155 933 2498 992 Chrisrianos
2533 937 2906 1008 iutelligeutes
2953 941 3208 1010 spiritum
3257 943 3536 1000 vivifican-

1945 1035 2074 1082 tem.
2106 1027 2352 1100 Longum
2395 1041 2502 1098 est,
2537 1033 2580 1086 si
2617 1033 2950 1088 voluerimus
2991 1035 3232 1102 probare
3291 1039 3536 1093 testimo-

1939 1123 2064 1190 niis,
2119 1123 2210 1178 ttbi
2261 1133 2532 1194 prteccpta
2585 1125 2836 1194 Domini,
2895 1136 2952 1182 et
2985 1127 3068 1182 ubi
3118 1127 3539 1198 justifieationes

1939 1233 2064 1272 esse
2093 1217 2364 1284 dicantur,
2398 1227 2454 1274 et
2481 1219 2678 1290 quibus
2709 1221 2944 1290 singula,
2967 1221 3056 1276 vel
3097 1221 3532 1296 diversitatibus,

1943 1313 2030 1366 vel
2057 1313 2878 1370 obscuritatibusinvolvantur.
2917 1314 3074 1372 Unde
3099 1327 3152 1370 et
3193 1315 3248 1370 in
3275 1319 3538 1387 praesenti

1933 1405 2056 1460 loco
2083 1405 2318 1462 infertur
2347 1427 2358 1460 :
2389 1407 2495 1460 llic
2511 1409 2692 1479 justus
2725 1417 2820 1474 est,
2853 1409 2956 1464 vita
2995 1411 3144 1476 viret,
3177 1412 3248 1464 ait
3279 1409 3540 1467 Dominus

1933 1495 2092 1552 Deus.
2125 1497 2358 1566 Quihtec
2389 1499 2601 1566 fecerit,
2630 1511 2686 1554 et
2707 1501 2798 1556 illa
2819 1517 2926 1556 non
2955 1502 3162 1568 iecerit,
3189 1519 3534 1576 nequaquam

1933 1591 2188 1660 punietur
2215 1591 2428 1646 delictis
2453 1591 2646 1662 patris,
2679 1592 2774 1648 sed
2797 1595 2910 1650 suis
2941 1595 3084 1648 vivet
3105 1597 3420 1652 virtutibus.

2007 1683 2186 1756 (γει-ς.
2227 1684 2292 1738 10
2323 1691 2502 1755 seqq.)
2541 1685 2696 1754 Quod
2723 1689 2766 1740 si
2795 1689 3026 1760 genuerit
3051 1689 3222 1758 ﬁlium
3255 1691 3530 1758 latronem,

237 1791 354 1844 seat,
377 1795 478 1834 nec
509 1782 592 1836 sit
625 1781 750 1852 ejus
777 1781 1038 1846 imitator,
1069 1782 1138 1836 de
1167 1797 1274 1854 quo
1321 1780 1528 1836 dicitur
1563 1799 1576 1834 :
1623 1779 1828 1850 Iniqui-
1859 1783 1906 1844 Β
1933 1777 2278 1846 effundentem
2301 1779 2625 1848 sanguinein,
2659 1789 2703 1832 et
2731 1779 2910 1848 fecerit
2933 1797 3094 1834 unum
3135 1781 3197 1836 de
3241 1783 3355 1836 istis
3397 1785 3534 1856 (sive

233 1885 366 1928 tatem
383 1891 488 1928 non
515 1875 678 1942 fecit,
719 1885 770 1930 et
795 1875 952 1930 dolus
999 1893 1102 1930 non
1133 1885 1208 1930 est
1237 1877 1472 1932 inventus
1501 1875 1556 1928 in
1587 1877 1821 1946 ore-ejus

237 1965 350 2040 (lsa.
379 1982 496 2028 Lm.
535 1967 624 2036 9).
659 1967 816 2024 Unde
847 1979 898 2022 et
925 1967 994 2024 de
1019 1969 1210 2036 iniquo
1235 1985 1546 2024 mammona
1571 1969 1826 2038 jubemus

233 2061 388 2118 facere
415 2061 590 2118 nobis
621 2065 854 2132 amicos,
879 2064 972 2134 qui
1005 2077 1104 2118 nos
1131 2062 1186 2118 in
1215 2073 1422 2118 caterua
1445 2061 1710 2132 recipiant
1741 2069 1823 2116 ta-

235 2155 526 2210 bernacula.
563 2156 838 2224 Quintum
869 2157 1141 2212 decimum
1167 2167 1248 2212 est
1283 2175 1296 2211 :
1331 2155 1604 2212 Judicium
1632 2169 1824 2210 verum

233 2248 400 2304 fecerit
423 2249 576 2306 inter
601 2253 784 2306 virum
815 2250 1094 2316 etvirum,
1129 2251 1249 2306 sive
1281 2251 1590 2320 proximum
1641 2263 1822 2302 suum.

233 2341 364 2410 Quod
387 2341 622 2400 videtur
645 2343 788 2400 idem
821 2357 1020 2400 sonare
1065 2343 1204 2413 quod
1233 2343 1472 2414 primum
1501 2385 1516 2408 ,
1567 2341 1658 2397 ubi
1691 2343 1828 2398 seri-

233 2447 360 2506 plum
391 2449 474 2494 est
505 2455 520 2492 :
559 2437 632 2496 Si
667 2437 832 2510 fuerit
859 2439 1050 2502 iustus,
1075 2449 1122 2492 et
1160 2438 1342 2510 fecerit
1387 2437 1690 2510 judicium;
1731 2437 1826 2492 sed

233 2531 396 2586 addita
435 2533 690 2588 veritate
715 2531 908 2600 judicii
937 2549 949 2586 :
975 2531 1120 2601 quod
1171 2533 1300 2586 facit
1349 2531 1494 2586 inter
1545 2529 1716 2586 virum
1773 2537 1826 2584 et

237 2625 412 2690 virum,
435 2625 890 2696 siveproximum
907 2639 1090 2690 suum,
1109 2627 1346 2682 ἐπίτασιν
1369 2623 1828 2680 cermturhaberc

235 2719 492 2774 virtutum.
511 2717 812 2776 Undeetin
821 2719 1240 2774 Proverhiorum
1255 2719 1506 2788 exordio,
1523 2717 1826 2789 postmulta

241 2819 510 2882 praecepta,
543 2813 832 2882 correptio
864 2810 1102 2868 infertur
1141 2811 1355 2882 judicii.
1385 2811 1556 2878 Scire,
1609 2811 1786 2880 inquit
1809 2851 1824 2876 ,

235 2905 520 2976 sapientiam
541 2915 600 2960 et
631 2903 994 2976 disciplinam,
1027 2915 1076 2960 et
1102 2907 1398 2979 intelligere
1415 2906 1565 2960 verba
1599 2905 1828 2974 pruden-

243 2999 330 3064 tia,
363 2999 638 3068 suscipere
665 3001 918 3054 versutias
941 3015 1260 3066 sermonum,
1287 3009 1332 3054 et
1361 3017 1510 3054 nosse
1554 2999 1824 3070 justitiam

245 3109 410 3160 verant,
423 3101 472 3148 et
495 3103 622 3164 post
645 3093 818 3148 omnia
833 3093 1092 3164 corrigere
1103 3091 1370 3168 judicium
1391 3091 1576 3178 (Prov.
1597 3108 1635 3154 ι,
1659 3095 1714 3160 2,
1739 3093 1818 3160 5).

1929 1879 1990 1922 ut
2021 1869 2166 1924 LXX
2189 1873 2608 1936 transtulerunt,
2632 1883 2678 1924 rt
2707 1873 2884 1942 fecerit
2903 1885 3112 1943 peccata
3132 1891 3150 1928 :
3179 1876 3232 1928 in
3255 1877 3336 1930 via
3367 1879 3532 1946 patris

1927 1965 2009 2018 sui
2027 1965 2158 2036 justi
2181 1981 2286 2018 non
2315 1963 2700 2036 ambulaverit),
2723 1975 2768 2020 et
2785 1967 2894 2022 hinc
2913 1969 3120 2038 quidem
3143 1971 3318 2024 omnia
3333 1987 3434 2024 non
3451 1975 3536 2042 fa-

1929 2063 2163 2126 cientem,
2189 2062 2280 2116 sed
2303 2063 2356 2116 in
2397 2061 2652 2116 montibus
2683 2061 3052 2130 comedentem,
3087 2073 3132 2117 et
3163 2081 3376 2118 uxorem
3409 2082 3536 2138 pro-

1929 2157 2060 2210 ximi
2085 2157 2166 2210 sui
2197 2155 2540 2228 polluentem,
2565 2173 2785 2230 egenum
2829 2167 2874 2210 et
2909 2173 3184 2230 pauperem
3215 2160 3532 2214 contristan-

1931 2259 2032 2302 tcm
2053 2249 2192 2322 (sive
2217 2249 2634 2322 apprimcntetn),
2661 2251 2950 2318 rapientem
2971 2251 3204 2322 rapinas,
3227 2253 3532 2323 pignusnon

1931 2343 2244 2410 reddentem,
2271 2353 2320 2396 et
2351 2343 2418 2395 ad
2443 2341 2584 2396 idola
2609 2343 2862 2396 levantem
2893 2341 3072 2398 oculos
3097 2361 3235 2412 suos,
3267 2346 3534 2402 abomina-

1929 2437 2118 2490 tionem
2139 2437 2434 2506 facientem,
2459 2435 2528 2490 ad
2556 2453 2740 2490 usuras
2785 2437 3016 2500 dantem,
3043 2450 3092 2494 et
3121 2439 3348 2508 amplius
3389 2443 3533 2496 acci-

1929 2529 2172 2600 pientem,
2199 2529 2450 2596 numquid
2469 2529 2596 2584 vivet
2611 2529 2636 2568 b
2655 2533 2678 2584 2’
2695 2529 2822 2586 Cum
2841 2533 3082 2584 universa
3101 2533 3402 2588 detestanda
3415 2533 3528 2590 hinc

1931 2621 2132 2692 fecerit,
2153 2631 2318 2676 morte
2344 2623 2592 2676 morietur
2623 2641 2640 2676 .'
2681 2625 2894 2696 sanguis
2921 2629 3034 2700 ejus
3065 2626 3117 2678 in
3143 2627 3256 2694 ipso
3285 2627 3400 2682 erit.
3423 2629 3530 2684 Pro

1931 2713 2132 2770 latrone
2155 2717 2208 2770 in
2239 2717 2504 2771 llebraico
2552 2719 2840 2794 scriptum
2869 2719 3030 2772 habet
3083 2735 3272 2776 PHARIS
3301 2719 3522 2806 (γ’-5),

1929 2809 2072 2878 quod
2103 2809 2308 2878 Aquilae
2359 2810 2602 2862 secunda
2625 2809 2826 2874 editio,
2887 2821 3246 2880 precatorem;
3275 2811 3526 2884 Symma-

1927 2902 2096 2970 chus,
2129 2913 2580 2973 trtmsgressm'em,
2615 2903 2974 2974 Septuaginta
3015 2915 3070 2960 et
3099 2905 3404 2960 Theodotio
3433 2925 3526 2980 pe—

1927 2997 2178 3050 stilentem
2203 2996 2552 3066 interpretati
2579 3007 2722 3050 sunt.
2755 2995 3044 3064 Quomodo
3063 3007 3242 3054 autem
3269 2999 3529 3070 pestilen-

1929 3089 2234 3146 tiamorbos
2261 3099 2430 3154 creat,
2457 3097 2514 3144 et
2543 3089 2744 3158 passim
2795 3090 3046 3160 regiones
3075 3091 3127 3144 in
3153 3091 3348 3162 quibus
3379 3093 3530 3148 incu-

243 3183 592 3252 Quamobrem
623 3197 682 3242 et
711 3185 1011 3258 Apostolus
1047 3185 1088 3254 (Ι
1113 3183 1331 3254 (Jor.vt)
1355 3175 1710 3254 reprehendit
1731 3199 1824 3239 eos
1851 3175 1896 3238 C
1931 3185 2126 3250 Interit,
2163 3196 2382 3238 vastare
2419 3185 2732 3250 consuevit,
2769 3185 2848 3240 sic
2897 3185 3160 3256 pestilens
3191 3183 3356 3240 homo
3407 3185 3532 3242 nni-

243 3279 318 3348 qui
341 3277 392 3332 in
419 3277 684 3336 Ecclesia
717 3280 1002 3336 constituti
1031 3287 1186 3347 sunt,
1211 3277 1360 3350 quod
1393 3279 1632 3334 habeant
1683 3277 1828 3334 inter

247 3369 520 3442 sejudicia,
547 3371 926 3442 mittimusque
967 3373 1206 3444 eligitur,
1249 3383 1412 3444 atque
1453 3381 1822 3442 contemptus,

249 3463 320 3532 qui
354 3465 502 3532 juxta
527 3464 894 3536 Evangelium
919 3463 1124 3534 primus
1142 3471 1248 3534 est,
1271 3463 1553 3534 utjudicet
1579 3465 1720 3518 inter
1747 3462 1828 3518 vi-

251 3570 346 3610 rum
368 3565 422 3612 et
439 3557 648 3626 virum,
681 3558 776 3628 qui
805 3557 1080 3614 destruxit
1108 3573 1170 3613 ea
1201 3574 1320 3628 quae
1349 3557 1560 3628 parvuli
1585 3565 1732 3626 sunt,
1773 3565 1826 3611 et

251 3651 470 3718 pervenit
502 3667 686 3722 usque
713 3653 782 3706 ad
815 3653 1118 3724 perfectum
1153 3651 1376 3718 virum;
1413 3663 1468 3708 et
1501 3663 1680 3708 tamen
1711 3669 1826 3706 ma-

249 3741 632 3814 jorisentenlia
667 3747 894 3818 indiget,
924 3759 982 3802 ut
1013 3748 1186 3818 possit
1217 3747 1284 3802 ad
1315 3749 1605 3802 veritatem
1633 3747 1826 3818 judicii

253 3841 534 3904 pervenire.
569 3839 834 3910 Sequitur
863 3840 916 3894 iu
943 3851 1104 3896 sexto
1125 3839 1340 3896 decimo
1383 3841 1504 3896 loco
1533 3857 1546 3895 :
1601 3841 1660 3896 In
1689 3857 1824 3912 prte-

251 3933 398 4000 ceptis
421 3934 566 3990 meis
587 3935 970 3992 ambulaverit.
1007 3935 1074 3990 Et
1095 3937 1146 3988 in
1178 3935 1390 3990 decimo
1419 3937 1656 4004 septimo
1686 3952 1702 3992 ;
1733 3936 1828 3992 Ju-

253 4019 370 4078 dicia
393 4035 440 4080 et
467 4025 898 4096 justiticatiooes
917 4043 1062 4082 meas
1093 4028 1440 4092 custodierit,
1471 4039 1528 4082 ut
1553 4029 1708 4084 iaciat
1737 4045 1822 4098 ea,

257 4113 472 4189 factaque
501 4119 806 4176 custodiat.
855 4121 1098 4190 Quorum
1143 4133 1434 4192 utrumque
1463 4123 1822 4192 multiplicem

259 4203 856 4282 habetiutelligentiatn,
873 4215 916 4268 si
943 4215 1174 4270 velimus
1193 4215 1376 4270 omnia
1409 4216 1546 4288 legis
1571 4217 1826 4272 mandata

259 4303 524 4374 replicare,
561 4305 614 4360 in
649 4309 845 4377 quibus
875 4319 1152 4378 praecepta
1185 4311 1422 4376 Domini,
1453 4321 1508 4366 et
1545 4312 1600 4366 in
1633 4311 1828 4384 quibus

255 4393 658 4464 justiﬁeationes
693 4417 818 4458 ὦδε
846 4385 1124 4458 dicuntur.
1157 4407 1316 4478 212
1348 4405 1661 4464 Plenusest
1691 4425 1830 4478 prte-

259 4499 514 4558 ceptorntn
557 4491 1082 4562 ctjustificationnm
1115 4497 1452 4552 cetttesimus
1481 4509 1706 4556 oetavus
1733 4501 1830 4556 tle-

1931 3293 2086 3332 versa
2117 3277 2430 3348 populatur.
2469 3277 2834 3346 Dicamtuque
2889 3277 3126 3346 primunt
3161 3277 3316 3348 juxta
3361 3275 3530 3334 histo-

1931 3369 2064 3424 riam
2087 3411 2102 3434 ,
2137 3381 2192 3424 ιιι
2241 3371 2430 3426 sciatis
2459 3371 2776 3441 iniquitates
2823 3381 3036 3442 patrum
3069 3387 3176 3426 non
3223 3371 3534 3430 redundare

1929 3463 1994 3518 ad
2019 3463 2178 3518 filios.
2214 3463 2269 3518 Si
2297 3465 2475 3534 justus
2503 3463 2692 3518 fecerit
2731 3479 2854 3534 quae
2905 3465 3158 3534 superior
3207 3479 3392 3520 sermo
3423 3479 3526 3534 per

1929 3557 2176 3612 ordinem
2233 3559 2426 3620 texuit,
2467 3559 2574 3610 vita
2617 3557 2778 3630 213
2807 3557 2967 3612 vivet.
3001 3555 3156 3626 Quod
3189 3557 3234 3612 si
3271 3557 3526 3628 genuerit

1931 3651 2102 3706 ﬁlium
2155 3651 2502 3706 recedentem
2533 3666 2565 3704 a
2627 3652 2840 3706 Domini
2893 3649 3156 3706 servitute
3189 3691 3204 3717 ,
3251 3659 3306 3706 et
3351 3651 3524 3720 patris

1931 3744 2162 3800 virtutes
2205 3743 2352 3798 vitiis
2395 3753 2864 3812 commutantem,
2923 3753 2982 3798 ut
3057 3744 3216 3798 faciat
3267 3760 3386 3814 qua:
3437 3743 3534 3800 ille

1933 3855 2038 3892 non
2069 3838 2215 3904 fecit,
2247 3845 2432 3892 etnon
2463 3839 2620 3892 faciat
2651 3853 2773 3908 quae
2805 3839 2896 3894 ille
2919 3849 3178 3908 operatus
3207 3849 3292 3894 est
3324 3855 3338 3894 :
3367 3855 3530 3896 num-

1935 3932 2060 4002 quid
2095 3931 2280 3986 vivere
2309 3931 2542 4000 poti-rit?
2575 3933 2734 3988 Certe
2765 3947 2870 3986 non
2897 3935 3066 3998 vivet,
3099 3931 3196 3986 sed
3241 3933 3344 3987 erit
3403 3948 3530 3990 reus

1931 4026 2212 4096 sanguinis
2241 4027 2344 4078 sui.
2381 4025 2550 4080 Porro
2597 4027 2750 4096 juxta
2799 4027 3226 4096 intelligentiam
3273 4027 3531 4096 spiritua-

1929 4119 2058 4184 Iem,
2085 4117 2268 4188 justus
2291 4117 2376 4172 vir
2405 4117 2852 4183 Ecclesiasticus,
2873 4119 2920 4172 si
2953 4117 3114 4174 ﬁdem
3147 4117 3526 4188 Evangelicam

1929 4211 2334 4282 prtedit-averit,
2363 4221 2420 4266 et
2447 4211 2592 4266 [ilius
2620 4213 2737 4280 ejus
2759 4223 2922 4282 atque
2945 4211 3244 4282 discipulus
3269 4211 3531 4268 hmretico

1931 4305 2094 4360 fuerit
2115 4319 2304 4362 errore
2337 4305 2624 4376 deceptus,
2661 4305 2944 4362 vocabitur
2973 4307 3266 4374 pestilens.
3301 4307 3378 4362 De
3419 4317 3530 4376 quo

1931 4411 1984 4458 et
2015 4401 2070 4456 in
2101 4401 2280 4470 primo
2313 4401 2518 4470 psalmo
2549 4401 2808 4456 scribitur
2837 4417 2850 4452 :
2881 4399 2948 4452 Et
2983 4403 3040 4452 in
3079 4399 3324 4454 cathedra
3361 4403 3528 4474 pesti-

1933 4497 2106 4552 lentia:
2128 4513 2230 4550 non
2253 4495 2382 4550 sedit
2408 4495 2584 4566 (Psal.
2603 4513 2642 4558 ι,
2661 4499 2680 4550 1
2697 4495 2808 4566 ).Ει
2834 4497 2884 4550 in
2913 4496 3533 4566 proverbiis,conlidens

263 4581 408 4638 cimus
429 4585 694 4657 psalmus,
727 4597 782 4642 et
803 4603 872 4642 ex
916 4599 1066 4656 parte
1091 4597 1316 4644 octavus
1345 4589 1610 4657 decimus,
1643 4593 1826 4664 inquo
1853 4573 1909 4634 D
1937 4603 1990 4650 et
2021 4609 2244 4664 procax,
2289 4603 2344 4648 et
2385 4593 2650 4662 superbus
2695 4593 2958 4663 pestilens
3005 4593 3310 4662 appellatur
3343 4591 3532 4664 (Prov.

263 4675 492 4745 scriptum
513 4687 600 4734 est
621 4696 632 4734 :
649 4678 680 4733 J
691 4679 880 4734 ustitiaz
895 4677 1104 4734 Domini
1115 4689 1286 4748 restat,
1309 4680 1550 4752 ltetiﬁcan
1559 4691 1630 4736 tes
1645 4685 1826 4752 corda,

322 4815 412 4870 IIln
435 4831 502 4873 eo
529 4817 696 4886 igitur
725 4833 904 4873 usurae
925 4829 1180 4890 censetur
1221 4819 1498 4890 iniquitas,
1531 4821 1674 4888 quod
1707 4821 1830 4890 quis

265 4899 398 4956 supra
425 4893 566 4958 quod
615 4891 764 4946 dedit
807 4891 1062 4958 accipiat.
1129 4889 1426 4944 Verissime
1473 4889 1588 4944 haec
1647 4889 1828 4948 autem

269 4965 408 5032 sancti
433 4961 670 5016 doctoris
691 4965 962 5016 sententia
995 4971 1076 5016 tot
1097 4979 1256 5030 supra
1289 4973 1454 5032 atque
1485 4963 1622 5016 infra
1647 4979 1832 5018 exem-

271 5029 352 5104 plis
373 5041 528 5100 atque
549 5035 885 5104 argumentis
917 5033 1122 5088 munita
1169 5029 1382 5102 penitus
1425 5037 1626 5089 evertit
1676 5037 1830 5090 novi-

271 5099 722 5176 tiumdugmafde
765 5107 930 5160 libera
975 5099 1258 5158 fenerandi
1307 5121 1406 5174 per
1446 5107 1670 5176 civicas,
1697 5123 1832 5176 quas

273 5173 406 5242 vulgo
433 5173 728 5231 (Iambiales
767 5185 994 5242 vocant;
1023 5177 1232 5230 litteras
1287 5173 1562 5244 facultate,
1607 5173 1830 5234 omnes-

271 5256 358 5310 que
382 5245 598 5302 frivolas
619 5259 676 5302 et
701 5263 728 5300 a
749 5245 1058 5304 Christiana
1089 5247 1358 5302 cbaritate
1387 5249 1592 5304 alienas
1621 5251 1831 5304 ratiun—

275 5317 416 5378 culas,
447 5335 584 5386 quas
622 5333 736 5374 sua:
765 5319 1070 5374 obtendunt
1098 5319 1338 5372 avaritiae
1371 5317 1538 5388 (quod
1587 5339 1832 5376 suntmo-

277 5401 384 5462 pere
409 5391 705 5446 dolendum
745 5393 852 5461 est)
877 5391 1070 5460 nuperi
1113 5391 1460 5444 feneratores
1493 5391 1790 5449 Christiani
1819 5436 1832 5462 ,

273 5457 380 5532 nihil
407 5477 528 5518 esse
549 5463 810 5518 ostendit.
835 5457 842 5461 ’
865 5463 934 5518 Ut
957 5457 1102 5516 enim
1129 5477 1190 5517 se
1219 5477 1248 5516 a
1279 5463 1452 5532 legum
1499 5465 1674 5532 pinnis
1715 5457 1832 5520 cal;

277 5526 362 5606 lnle
385 5533 622 5588 eximant
673 5535 944 5606 simulatis
999 5526 1408 5598 contractibus,
1453 5526 1614 5604 Deus,
1659 5536 1834 5606 inquit

277 5597 610 5674 Hieronymuv.
647 5621 714 5660 ex
747 5623 840 5660 ore
881 5605 1166 5672 Apostoli,
1196 5623 1300 5660 non
1351 5597 1618 5662 irridetur:
1660 5597 1836 5662 Usitra

275 5673 538 5742 appellatur
563 5677 1067 5747 superabundantia,
1119 5677 1374 5747 quidquid
1398 5677 1528 5732 illud
1561 5691 1654 5744 est,
1705 5681 1748 5732 si
1775 5681 1837 5736 ab

279 5757 324 5796 eo
339 5749 462 5822 quod
491 5747 752 5814 dederint,
781 5749 896 5822 plus
937 5753 1271 5822 acceperint.
1293 5749 1410 5804 Jam
1461 5767 1592 5804 vero
1617 5751 1842 5808 audiant

281 5817 354 5884 qui
377 5821 614 5878 fortunas
631 5835 762 5878 suas
781 5817 1070 5878 l’enoribus
1091 5821 1336 5894 quotidie
1361 5831 1586 5892 augent,
1645 5823 1840 5882 Hiero-

1941 4685 2276 4758 xxxnt).lste
2305 4685 2498 4742 etl‘udit
2518 4686 2844 4756 sanguinem
2869 4685 3322 4758 deceptorum,et
3351 4687 3538 4745 omnia

1935 4819 2190 4892 nymiano
2217 4821 2492 4888 geminum
2525 4821 2580 4876 S.
2610 4819 2806 4874 Leonis
2829 4821 3008 4890 Magni
3039 4821 3415 4878 testimonium
3459 4839 3530 4882 ex

1935 4893 2206 4966 Sermone
2229 4893 2294 4946 16
2324 4911 2334 4944 ;
2363 4893 2596 4962 lnjttsl-tl,
2634 4893 2832 4960 inquit,
2865 4905 2914 4946 et
2953 4895 3232 4964 impudens
3271 4897 3490 4950 avaritia
3513 4939 3534 4966 ,

1935 4965 2388 5038 (iniciente/icium
2417 4984 2468 5018 se
2501 4967 2624 5018 dicit
2651 4977 2894 5028 pra’stare
2915 4982 3032 5038 cunt
3055 4965 3284 5034 decipit;
3309 4983 3408 5022 non
3427 4965 3544 5038 ore;

1937 5035 2012 5090 dit
2049 5035 2156 5088 Deo
2185 5035 2432 5090 veraciter
2463 5039 2804 5100 promittenti,
2835 5047 2884 5092 et
2907 5035 3070 5092 credit
3103 5039 3302 5092 homini
3333 5037 3535 5108 trepide

1891 5149 1894 5154 .
1937 5111 2258 5180 paciscenti:
2291 5117 2515 5178 namque
2537 5111 2760 5162 certiora
2781 5111 3044 5164 existimat
3077 5113 3352 5180 praesentia
3377 5127 3536 5180 quam

1941 5185 2144 5254 futura,
2171 5181 2354 5234 merito
2393 5182 2448 5234 in.
2471 5183 2565 5234 hoc
2589 5182 2880 5251 fretfttentcr
2903 5181 3146 5254 incurrit,
3173 5193 3228 5234 ut
3254 5183 3302 5254 ei
3323 5181 3530 5254 cupidi-

1939 5251 2017 5324 tas
2039 5253 2217 5324 injusti
2243 5254 2396 5318 lucri,
2423 5269 2522 5308 non
2547 5255 2730 5324 injuin
2759 5269 2914 5306 causa
2943 5253 3006 5306 sit
3031 5254 3228 5306 damni.
3249 5251 3401 5306 Unde
3421 5255 3542 5322 qui-

1937 5323 2054 5378 libet
2079 5323 2322 5390 .vequatur
2344 5337 2566 5390 eventus,
2595 5323 2730 5378 mala
2757 5341 2957 5394 semper
2975 5335 3048 5377 est
3067 5329 3196 5376 ratio
3219 5325 3528 5396 fenerantis,

1941 5397 2024 5448 cui
2057 5396 2324 5456 pecuniam
2349 5407 2396 5448 et
2427 5397 2692 5454 minuisse.
2727 5407 2770 5450 et
2820 5396 3050 5461 auxisse,
3101 5403 3370 5460 peccatum
3419 5405 3539 5454 est:

1941 5477 2112 5526 utaut
2143 5467 2296 5520 miser
2317 5469 2384 5520 sit
2413 5469 2696 5522 amittendo
2713 5471 2852 5536 quod
2876 5467 3038 5536 dedit,
3066 5475 3154 5519 aut
3187 5467 3424 5522 ntiscrior
3451 5485 3542 5523 ac-

1941 5538 2180 5612 cipiendo
2211 5537 2350 5609 quod
2381 5557 2481 5594 non
2513 5539 2674 5594 dedit.
2711 5537 2984 5612 Fugienda
3015 5555 3226 5609 prorsus
3249 5551 3322 5612 est
3343 5540 3542 5612 iniqui-

1943 5609 2022 5666 tas
2043 5613 2262 5682 fenoris,
2297 5619 2342 5664 ct
2367 5613 2586 5682 lucrum,
2605 5613 2742 5678 quod
2763 5609 2903 5662 omni.
2925 5619 3062 5662 caret
3089 5609 3440 5680 ltu.:;attilate,
3463 5615 3540 5668 vi-

1945 5681 2158 5738 tandum
2185 5695 2352 5738 αλια..
2381 5681 2552 5736 Funus
2583 5697 2829 5752 pecuntaz.
2859 5683 3016 5750 funus
3045 5691 3116 5736 est
3148 5685 3358 5739 animat.

2021 5755 2248 5826 1{Addit
2273 5755 2423 5826 juxta
2457 5753 2840 5826 lit-iunicum);
2857 5753 3064 5821 ulgatn,
3083 5754 3204 5810 Non
3225 5757 3372 5824 vivet,
3397 5755 3544 5824 quod

1951 5835 2006 5880 et
2037 5825 2298 5884 Rabanus
2321 5829 2452 5883 olim
2483 5829 2636 5898 legit,
2667 5835 2724 5882 et
2757 5825 3024 5882 Victorius
3049 5829 3117 5884 de
3149 5843 3300 5885 more
3321 5829 3546 5886 sufficit.
