3928 6322
427 273 534 336 179

1684 267 1740 326 S.
1785 257 2061 326 EUSBBII
2097 259 2483 325 HIERONYMI

3619 269 3714 326 130

427 400 484 455 in
508 411 568 453 se
589 399 815 469 peccata
839 391 1520 466 congeminat;eomedens
1551 391 1604 446 in
1630 387 1908 445 montibus
1933 399 2028 442 su-
2057 393 2108 454 Α
2135 393 2256 457 est,
2287 393 2346 441 ut
2373 384 2646 456 quomodo
2677 391 2933 455 peccator
2969 383 3023 437 in
3055 397 3154 438 suo
3202 382 3406 440 scelere
3453 386 3669 441 moritur
3697 405 3710 455 ;

429 492 658 564 perbiar,
675 493 727 546 ci
756 485 1053 545 Ecclesiam
1078 487 1314 558 proximi
1341 486 1424 541 sui
1447 485 1718 554 poliuens,
1743 497 1946 553 egenos
1973 490 2030 537 et

427 597 699 658 pauperes
725 583 776 638 in
795 581 1023 638 scientia
1048 581 1453 651 Scripturarum
1481 575 2032 648 contristans,oppri-
2068 645 2074 651 ἢ

427 695 583 735 mens
632 687 796 747 atlue
851 676 1258 748 supplantans:
1318 677 1565 747 rapinam
1621 673 1878 746 rapiens,
1937 687 2029 728 cos

430 785 566 844 quos
595 771 664 827 de
707 771 956 828 Ecclesia
1007 767 1330 826 seduxerit:
1364 770 1560 841 pignus
1599 781 1704 823 ilOtl
1763 765 2025 832 reddens,

429 865 573 937 quod
600 879 627 918 a
659 867 920 936 tnagistro
951 871 1262 934 acceperat,
1305 871 1368 918 ttt
1418 861 1670 933 impleret
1717 859 1862 932 quod
1897 858 2033 914 scri-

428 970 580 1030 ptum
605 967 687 1012 est
706 973 718 1013 :
739 956 916 1012 Gratis
934 958 1223 1028 accepistis,
1250 958 1412 1030 gratis
1435 957 1553 1010 date
1575 953 1794 1026 (Matth.
1815 951 2030 1026 x,8).Et

426 1051 494 1106 ad
529 1052 668 1106 idola
695 1061 858 1121 atque
890 1050 1207 1118 simulacra,
1241 1064 1364 1120 qua:
1393 1047 1462 1104 de
1506 1063 1604 1104 suo
1633 1045 1800 1103 corde
1843 1045 2027 1112 ﬁnxit,

427 1145 617 1200 levans
660 1143 848 1200 oculos
905 1159 1037 1201 suos
1072 1187 1087 1211 ,
1155 1149 1492 1213 cunctasque
1564 1141 1767 1197 i'aciens
1818 1141 2031 1195 abomi-

427 1239 718 1294 nationes:
749 1247 802 1294 et
833 1238 966 1293 dans
989 1239 1054 1294 ad
1087 1252 1308 1293 usuram
1341 1239 1656 1306 pecuniam,
1690 1245 1748 1290 ut
1787 1245 2028 1291 errorem

422 1332 670 1402 magistri
704 1339 730 1367 η
757 1328 1155 1400 discipulorum
1182 1335 1380 1400 augeat
1407 1325 1724 1398 diligentia;
1764 1333 1819 1381 et
1874 1341 2033 1396 repe-

429 1436 556 1481 tens
596 1425 664 1479 ab
698 1424 783 1480 his
811 1423 1008 1496 quibus
1032 1423 1241 1488 tribuit,
1280 1421 1519 1493 amplius
1543 1436 1708 1493 quam
1749 1419 1978 1476 dederat
2014 1437 2028 1473 :

431 1528 580 1577 certe
609 1517 794 1575 vivere
832 1533 940 1574 non
974 1517 1200 1589 poterit,
1227 1513 1326 1574 sed
1370 1518 1421 1570 in
1463 1529 1563 1571 suo
1618 1513 1882 1586 sanguine
1911 1529 2028 1570 mo-

427 1617 621 1672 rietur.

500 1707 680 1780 (Vers.
717 1703 781 1762 i4
802 1707 981 1778 seqq.)
1011 1703 1164 1772 Quod
1195 1705 1239 1759 si
1259 1704 1492 1778 genuerit
1517 1701 1706 1772 ﬁlium,
1738 1701 1826 1772 qui
1855 1700 2033 1755 ridens

2135 481 2214 537 sic
2253 479 2429 551 justus
2478 480 2530 533 in
2587 479 2702 534 suis
2752 477 2900 532 vivat
2957 475 3252 531 virtutibus
3305 493 3320 531 :
3372 486 3428 533 et
3468 480 3717 536 moriatur

2133 574 2312 628 anima
2361 587 2484 643 qua:
2529 572 2867 644 peccaverit;
2902 578 2956 625 ct
2985 569 3136 624 vivat
3177 583 3298 640 quae
3323 569 3419 626 Dei
3464 583 3715 644 praecepta

2135 665 2475 724 custodierit.

2209 760 2389 830 (Vers.
2419 760 2510 825 21,
2538 758 2658 831 22.)
2691 759 2754 814 Si
2783 766 2957 812 autem
2979 758 3170 828 impius
3199 759 3358 831 egerit
3387 761 3720 830 pauiteatiaas

2134 855 2196 908 ab
2225 853 2460 908 omnibus
2484 854 2707 922 peccatis
2734 853 2843 906 suis
2869 867 2986 923 qtae
3005 862 3247 922 operatus
3275 862 3349 908 est
3366 897 3380 921 ,
3406 865 3452 908 et
3480 856 3721 909 custodie-

2135 948 2202 1000 rit
2229 948 2468 1001 unicersa
2499 955 2758 1016 praecepta
2788 961 2922 1006 utea.
2954 955 3004 1000 et
3030 947 3206 1016 fecerit
3233 948 3482 1013 iudicium
3508 957 3553 1002 et
3571 950 3724 1020 justi-

2136 1042 2260 1094 tiam
2283 1058 2298 1094 :
2322 1041 2425 1094 vita
2453 1041 2602 1106 vivet,
2630 1049 2675 1094 et
2703 1057 2806 1094 non
2832 1041 3104 1094 morietur.
3140 1039 3384 1093 Urnuittm
3405 1041 3722 1111 iniquitatem

2135 1136 2245 1205 ejus
2269 1151 2395 1206 quas
2422 1143 2666 1203 operatus
2698 1144 2794 1200 est,
2819 1150 2920 1188 non
2934 1132 3266 1189 recordabar.
3295 1134 3351 1189 In
3378 1143 3577 1188 tantum
3597 1176 3611 1200 ,
3632 1136 3722 1205 ait,

2135 1239 2359 1300 peccata
2391 1235 2603 1298 patrum
2633 1226 2698 1281 ad
2739 1227 2879 1280 ﬁlios
2910 1241 3015 1282 non
3046 1226 3373 1294 redundant,
3409 1241 3507 1281 nec
3531 1227 3726 1298 jutum

2137 1320 2304 1375 ﬁlium
2351 1321 2655 1376 sceleratus
2708 1327 3014 1391 praegravat
3060 1328 3261 1390 pater:
3297 1333 3474 1391 neque
3501 1320 3588 1374 alii
3633 1336 3728 1392 pro

2134 1413 2364 1468 aliorum
2416 1413 2718 1469 sceleribus
2769 1413 3090 1481 puniuntur,
3132 1427 3187 1467 nt
3237 1413 3356 1483 ipse
3397 1425 3536 1468 unus
3573 1426 3726 1484 atque

2137 1508 2280 1563 idem
2309 1509 2398 1579 qui
2434 1507 2584 1579 prius
2614 1507 2812 1578 impius
2842 1507 2942 1561 i‘nit
2970 1515 3135 1577 atque
3169 1516 3445 1576 peccator,
3475 1509 3519 1561 si
3552 1519 3727 1577 postea

2137 1605 2309 1676 egerit
2337 1604 2738 1674 paenitentiam,
2765 1611 2820 1659 et
2842 1603 2912 1657 ad
2942 1601 3166 1656 meliora
3189 1615 3490 1657 conversus
3513 1602 3727 1671 pristina

2137 1707 2356 1769 peccata
2391 1695 2676 1764 deieverit,
2729 1713 2838 1752 non
2876 1697 3153 1768 judicetur
3183 1679 3458 1753 vetustate
3487 1697 3725 1766 peccati:

431 1805 604 1858 omnia
632 1812 839 1875 pet‘cala
862 1801 1024 1874 patris
1054 1801 1137 1854 sui
1159 1816 1276 1872 qua:
1302 1799 1441 1869 fecit,
1475 1797 1726 1862 timuerit,
1759 1805 1807 1849 et
1834 1811 1934 1850 non
1962 1796 2034 1866 fe.
2067 1803 2115 1865 Β
2141 1791 2236 1847 sed
2269 1791 2320 1846 in
2352 1803 2530 1846 meum
2560 1791 2889 1861 suscipiatur
2917 1803 3161 1860 gregem,
3197 1789 3550 1844 innomtione
3575 1790 3730 1844 virtu-

435 1901 562 1954 cerit
596 1899 836 1952 similiter
882 1895 1068 1968 [Vulg.
1101 1892 1272 1949 simile
1311 1893 1408 1966 eis]
1443 1911 1455 1946 :
1488 1907 1642 1961 super
1693 1901 1885 1945 montes
1930 1905 2032 1945 non

427 1992 704 2047 comederit
731 2037 743 2059 ,
786 1999 832 2046 et
874 1991 1049 2046 oculos
1079 2007 1201 2044 suos
1244 2003 1346 2043 non
1393 1989 1632 2043 latraverit
1663 1985 1735 2041 ad
1764 1985 1907 2041 idola
1935 1985 2032 2039 do-

427 2101 542 2139 ntus
576 2083 763 2152 Israel,
795 2094 840 2138 et
872 2095 1085 2138 umorem
1117 2083 1341 2154 proximi
1378 2081 1460 2137 sui.
1493 2097 1594 2135 non
1626 2079 1894 2134 violat-erit
1926 2121 1939 2146 ,
1984 2087 2031 2132 et

428 2179 596 2233 virum
621 2191 721 2232 non
756 2178 1158 2242 confristaverit,
1194 2177 1382 2249 pignus
1409 2191 1513 2230 non
1541 2173 1836 2239 retinuerit,
1867 2185 1913 2228 et
1940 2187 2030 2228 ra-

429 2274 605 2343 pinam
638 2287 738 2327 non
771 2273 1026 2339 rapuerit,
1057 2287 1243 2342 partem
1269 2287 1419 2324 suum
1451 2267 1692 2324 esurienti
1723 2267 1952 2335 dederit,
1986 2273 2032 2322 et

427 2365 627 2420 nudum
653 2368 908 2436 operuerit
940 2365 1257 2432 uestimento,
1283 2381 1314 2416 a
1347 2363 1589 2434 pauperis
1617 2359 1812 2433 injuria
1838 2371 2034 2416 averte-

424 2458 492 2512 rit
534 2469 745 2512 manum
791 2473 958 2526 suam,
1009 2473 1220 2512 usuram
1267 2466 1313 2511 et
1357 2453 1890 2529 superabundantiam
1930 2469 2032 2509 non

425 2553 703 2621 acceperit,
724 2551 932 2624 judicia
958 2569 1071 2607 mea
1101 2551 1299 2622 fecerit,
1335 2551 1387 2604 iu
1432 2549 1700 2620 prtecrptis
1741 2549 1867 2603 meis
1919 2563 2032 2603 am-

425 2647 678 2701 bulaverit
710 2664 727 2702 :
752 2645 836 2700 hic
866 2663 965 2700 non
992 2647 1240 2700 morietur
1263 2645 1314 2698 in
1340 2643 1605 2715 iniquitate
1625 2641 1788 2715 patris
1811 2641 1911 2710 sui,
1940 2641 2032 2696 sed

429 2744 534 2797 vita
574 2744 718 2797 vivet.
753 2735 912 2796 Pater
941 2745 1056 2816 ejus
1078 2785 1092 2808 ,
1123 2739 1148 2778 δ
1180 2740 1268 2811 qui
1297 2739 1671 2804 calumniatus,
1697 2747 1744 2792 et
1783 2735 1882 2792 vim
1913 2737 2033 2809 fecit

429 2837 602 2908 fratri,
633 2845 677 2892 et
707 2835 905 2890 malum
939 2844 1181 2908 Operatus
1204 2843 1276 2887 est
1305 2834 1356 2886 in
1387 2831 1554 2885 medio
1579 2829 1758 2903 populi
1787 2825 1865 2884 sui
1897 2846 1915 2883 :
1945 2827 2032 2884 Itic

430 2941 666 2985 mortuus
693 2939 768 2984 est
786 2930 838 2984 in
867 2929 1134 3001 iniquitate
1157 2945 1272 2982 sua.
1293 2924 1423 2992 Nec,
1441 2925 1634 2996 inquit,
1661 2923 1956 2992 miremini,
1985 2923 2030 2978 si

423 3025 559 3096 justi
609 3026 706 3079 viri
767 3024 912 3078 ﬁlius
957 3021 1243 3078 declinans
1288 3019 1354 3074 ad
1397 3017 1526 3075 vitia
1567 3027 1728 3089 atque
1774 3026 2025 3088 peccata,

429 3125 606 3174 morte
631 3118 912 3172 moriatur.
943 3116 1078 3170 Cum
1111 3112 1420 3169 econtrario
1463 3109 1606 3167 ﬁlius
1641 3110 1947 3182 peccatoris
1975 3117 2030 3166 et

2139 1887 2224 1942 tis.
2268 1885 2553 1956 Simulque
2600 1883 3096 1950 considerandum,
3147 1885 3368 1954 qualem
3418 1884 3644 1952 impium
3682 1891 3732 1937 et

2137 1989 2475 2053 peccatorem
2499 1979 2762 2049 suscipiat
2784 1979 3158 2048 ptenileniem.
3184 1976 3242 2032 Si
3268 1975 3341 2032 ab
3364 1975 3634 2044 omnibus,
3659 1975 3732 2028 in-

2137 2075 2272 2144 quit,
2289 2072 2449 2149 215
2469 2073 2705 2142 peccatis
2721 2071 2833 2126 suis
2851 2087 2970 2143 quin
2986 2079 3244 2140 operatus
3257 2080 3369 2136 est,
3386 2071 3641 2125 averterit
3654 2083 3729 2135 se,

2137 2179 2191 2228 et
2220 2173 2544 2228 custodierit
2575 2170 2825 2228 universa
2862 2179 3130 2242 praecepta
3166 2171 3406 2241 Domini,
3443 2185 3549 2239 quo
3577 2169 3714 2226 scili-

2136 2275 2224 2324 cet
2265 2267 2443 2323 omnia
2475 2267 2697 2322 crimina
2744 2265 3119 2337 derelinquat,
3165 2275 3218 2320 ct
3247 2273 3480 2321 cunctas
3517 2264 3734 2318 virtutes

2136 2371 2394 2433 Sequatur
2425 2380 2437 2414 :
2468 2363 2512 2416 si
2541 2359 2721 2416 omnia
2751 2361 2888 2415 bona
2922 2359 3138 2427 fecerit,
3183 2365 3238 2414 ct
3264 2369 3471 2416 cuncta
3492 2357 3736 2414 deserue-

2138 2457 2204 2510 rit
2229 2456 2398 2521 mala;
2427 2465 2481 2510 ct
2503 2469 2603 2526 ego
2637 2453 2883 2510 omnium
2912 2454 3251 2525 iniquitatum
3287 2454 3432 2524 ejus,
3459 2463 3592 2525 quas
3617 2463 3736 2523 ope-

2137 2563 2287 2608 ratus
2317 2561 2421 2618 esi,
2455 2549 2764 2607 obliviscar.

2210 2645 2390 2718 (Vers.
2424 2645 2541 2717 25.)
2578 2643 2646 2700 In
2669 2645 2876 2718 justitia
2906 2661 3024 2712 sua,
3056 2661 3210 2716 quam
3244 2655 3498 2718 operatus
3535 2651 3644 2708 est,
3669 2642 3738 2695 vi-

2135 2749 2230 2794 vet.
2261 2739 2373 2795 Non
2409 2747 2514 2795 tant
2546 2756 2660 2795 mea
2697 2753 2854 2810 quant
2887 2753 2980 2793 sua
3011 2737 3151 2793 vivet
3185 2737 3407 2808 justitia
3449 2753 3461 2792 ε
3492 2739 3608 2792 licet
3629 2737 3737 2808 jus-

2136 2835 2265 2890 tllia:
2298 2849 2430 2891 mea:
2463 2835 2552 2900 sit,
2581 2833 2736 2890 bonis
2769 2833 2932 2902 bona,
2971 2837 3023 2887 et
3052 2833 3214 2888 malis
3244 2833 3391 2889 mala
3424 2831 3669 2894 reddere.

2209 2921 2477 2999 Numquid
2507 2929 2783 2984 voluntatis
2818 2943 2942 2983 mere
2969 2933 3042 2982 est
3080 2941 3217 2982 mors
3250 2927 3439 3001 impii,
3472 2927 3598 2982 dicit
3634 2924 3734 2979 Do-

2134 3019 2305 3077 minus
2331 3021 2468 3077 Deus
2500 3039 2517 3078 :
2542 3031 2588 3077 et
2605 3037 2708 3076 non
2734 3031 2788 3076 ut
2809 3030 3140 3076 convertatur
3162 3037 3194 3076 α
3217 3019 3320 3076 viis
3344 3021 3475 3088 suis,
3501 3027 3550 3074 et
3570 3016 3740 3075 oirat.’

2137 3117 2200 3190 (l.
2230 3116 2364 3172 Tim.
2383 3114 2466 3189 tt).
2499 3113 2643 3189 Ergo
2665 3116 2876 3172 Domini
2899 3116 3192 3171 voluntatis
3218 3123 3330 3182 cst,
3356 3127 3548 3171 omnes
3570 3113 3738 3168 salvos

431 3212 608 3281 impii,
629 3205 793 3284 21!,
809 3210 850 3263 si
877 3205 1068 3265 viderit
1094 3207 1716 3279 pet-versitatemviarum
1735 3207 1900 3276 patris
1923 3207 2031 3275 sui,
2063 3209 2109 3273 C
2145 3209 2280 3281 ﬁeri,
2313 3217 2368 3266 et
2393 3209 2459 3266 ad
2485 3211 2727 3264 notitiam
2759 3207 3005 3265 veritatis
3029 3209 3236 3268 venire.
3263 3208 3618 3281 Ubicumque
3648 3221 3739 3261 au-

429 3314 483 3359 ct
501 3305 831 3360 convcrlerit
847 3311 990 3372 se,nt.
1013 3303 1151 3357 mala
1170 3317 1275 3356 non
1297 3299 1457 3356 iaciat
1483 3309 1537 3356 et
1561 3299 1712 3355 iaciat
1732 3299 1890 3368 bena,
1912 3315 2037 3356 reus

429 3408 783 3470 paternorum
817 3397 1084 3453 scelerum
1111 3414 1217 3450 non
1244 3403 1511 3450 teneatur.
1539 3391 1691 3462 Quod
1716 3405 1768 3448 et
1799 3395 1850 3447 in
1882 3392 2037 3448 nobis

432 3493 604 3563 accipi
640 3503 836 3564 pett-5t,
870 3491 1066 3563 quibus
1098 3493 1151 3545 in
1178 3489 1406 3546 Psalmis
1438 3487 1637 3544 dicitur
1667 3487 1853 3554 :Audi,
1887 3485 2032 3556 ﬁlia,

428 3596 475 3641 et
506 3587 637 3648 vide,
668 3599 712 3640 et
741 3587 936 3640 inclina
964 3602 1140 3640 aurem
1169 3593 1335 3651 tuam,
1369 3589 1416 3638 et
1458 3583 1754 3636 obliviscere
1784 3579 2034 3652 pOpulum

434 3693 581 3736 tuum
600 3725 614 3749 ,
645 3689 692 3734 et
721 3679 930 3732 domum
957 3678 1120 3750 patris
1167 3677 1242 3731 tui
1274 3695 1291 3731 :
1321 3685 1369 3731 et
1409 3675 1730 3746 concupiscet
1759 3691 1851 3728 rer
1882 3676 2033 3728 deco-

433 3790 543 3829 rem
576 3784 718 3825 tuum
751 3767 871 3844 (Ps.
912 3786 1032 3825 thv
1054 3815 1068 3838 ,
1108 3769 1218 3839 Η).
1254 3769 1319 3824 Et
1351 3769 1441 3839 qui
1475 3767 1542 3824 de
1573 3769 1814 3839 gentium
1847 3781 2032 3822 sumus

427 3865 603 3934 Stirpe
634 3863 913 3933 generati,
947 3869 1006 3917 ut
1035 3859 1412 3931 relinquamus
1440 3869 1728 3932 parentum
1760 3861 1986 3916 crimina
2016 3907 2029 3930 ,

428 3966 484 4013 ei
509 3957 770 4011 iaciamus
792 3953 1054 4026 judicium
1086 3963 1246 4024 atque
1272 3953 1535 4023 justitiam
1563 3996 1576 4018 ,
1611 3963 1665 4009 et
1696 3953 1939 4008 vivamus
1976 3952 2031 4008 in

426 4066 515 4106 ea.
540 4048 762 4119 Repetit
786 4049 969 4118 itaque
990 4063 1111 4119 quae
1141 4061 1301 4116 supra
1329 4045 1489 4100 latius
1518 4044 1789 4116 prosecuti
1821 4057 2030 4100 sumus.

430 4145 502 4200 Et
547 4143 670 4197 ideo
712 4141 950 4197 breviter
991 4147 1186 4196 cuncta
1221 4139 1592 4210 percurrimus
1619 4179 1633 4203 ,
1676 4135 1741 4191 ad
1789 4135 1880 4191 illa
1912 4151 2032 4207 qua:

429 4235 749 4292 obscuriora
776 4241 831 4290 et
861 4247 997 4288 nova
1030 4241 1158 4287 sunt
1181 4231 1414 4285 transire
1438 4233 1741 4300 cupientes.

504 4327 686 4401 (Vera.
719 4327 804 4392 l9,
840 4324 962 4396 20.)
995 4325 1063 4380 Et
1089 4323 1303 4378 dicitis:
1339 4323 1513 4391 Quare
1542 4338 1642 4376 non
1678 4323 1896 4391 portavit
1920 4319 2028 4395 [ΑΙ.

428 4419 674 4498 portabit]
724 4420 869 4492 ﬁlius
917 4419 1241 4491 iniquitatem
1290 4417 1494 4490 patris!
1555 4415 1852 4486 Videlicet,
1901 4419 2033 4489 quia

429 4515 574 4588 ﬁlius
592 4513 857 4589 judicium
891 4523 936 4569 et
973 4513 1238 4585 justitiam
1281 4521 1521 4578 operatus
1562 4520 1657 4575 est,
1701 4511 1874 4566 omnia
1899 4525 2033 4582 pra:-

2143 3315 2249 3359 tem
2277 3301 2370 3359 Del
2399 3303 2607 3358 videtur
2639 3317 2828 3358 severa
2861 3311 2916 3357 et
2947 3297 3256 3358 truculenta
3291 3301 3566 3360 sententia
3590 3343 3604 3367 ,
3637 3311 3738 3354 nntt

2141 3395 2412 3460 ltomiues,
2443 3395 2536 3452 sed
2560 3407 2784 3466 peccata
2812 3395 3162 3457 condemnat,

2212 3489 2394 3562 (Vers.
2424 3491 2542 3562 24.)
2577 3491 2636 3547 Si
2667 3501 2839 3545 autem
2881 3495 3120 3544 averterit
3157 3505 3212 3545 se
3242 3489 3435 3561 justus
3473 3507 3506 3546 a
3540 3487 3742 3561 justitia

2140 3603 2257 3650 sua,
2277 3593 2323 3640 et
2342 3585 2519 3655 fecerit
2544 3583 2872 3655 iniquitatem
2895 3583 3169 3640 secundum
3197 3597 3388 3639 omnes
3407 3581 3744 3638 abominatio-

2140 3697 2228 3734 nes
2255 3695 2382 3751 quas
2407 3679 2611 3751 operari
2644 3680 2772 3732 solet
2798 3678 2990 3748 impius
3017 3693 3035 3731 :
3059 3677 3318 3745 numquid
3351 3675 3528 3732 rivet.’
3560 3675 3742 3731 Omnes

2129 3773 2353 3843 justitiw
2385 3787 2497 3838 eius
2523 3787 2649 3841 quas
2681 3773 2870 3841 fecerat
2904 3785 3006 3824 non
3028 3777 3178 3824 erunt
3203 3770 3255 3823 in
3283 3769 3544 3826 memoria
3565 3767 3742 3842 [ναις.

2137 3861 2588 3934 recordabuntur].
2647 3859 2720 3915 In
2762 3861 3187 3934 praevaricatione
3217 3878 3328 3933 qua
3373 3863 3746 3934 praearicatus

2138 3964 2232 4025 est,
2263 3967 2310 4011 et
2343 3957 2398 4010 in
2447 3963 2655 4025 peccato
2682 3969 2775 4009 suo
2815 3970 2915 4024 quo
2957 3951 3140 4026 [Vulg.
3183 3952 3354 4028 quod]
3398 3951 3654 4024 peccavit,
3691 3950 3744 4004 in

2135 4049 2264 4120 ipsis
2297 4050 2560 4104 morietur.
2601 4047 2754 4104 Sicut
2796 4047 2999 4118 justum
3049 4053 3205 4101 antea
3247 4055 3605 4117 peccatorem
3639 4057 3738 4098 non

2139 4152 2484 4215 prtegravant
2529 4145 2747 4214 antiqua
2802 4139 3004 4198 delicta
3059 4159 3072 4197 :
3119 4142 3199 4197 sic
3245 4153 3606 4211 peccatorem
3655 4141 3742 4212 qui

2137 4238 2283 4309 prius
2303 4237 2478 4308 justus
2496 4235 2676 4304 fuerit,
2703 4251 2807 4290 non
2832 4237 3022 4306 juvant
3047 4245 3260 4289 veteres
3283 4235 3541 4306 jttslilim.
3577 4233 3747 4292 Unus-

2135 4329 2364 4401 qulsqnc
2394 4329 2538 4384 enim
2562 4330 2614 4383 in
2645 4341 2752 4399 quo
2777 4327 3117 4408 invenietur,
3153 4327 3203 4380 in
3235 4341 3303 4381 eo
3331 4327 3696 4398 judicabitnr.

2208 4421 2387 4496 (νει-ε.
2421 4423 2538 4496 ‘25.)
2569 4422 2633 4477 Et
2657 4423 2866 4477 dixistis
2897 4437 2916 4476 :
2948 4419 3070 4476 Non
3101 4431 3174 4476 est
3203 4437 3360 4493 (aqua
3395 4427 3480 4478 via
3514 4423 3744 4479 Domini.

2138 4520 2323 4575 Audite
2367 4517 2545 4593 [Vulg.
2586 4517 2736 4574 addit
2762 4515 2928 4592 ergo],
2963 4517 3144 4571 domus
3189 4515 3359 4573 Israel
3412 4533 3430 4572 :
3477 4515 3752 4590 Numquid

428 4618 577 4679 cepta
615 4623 724 4660 mea
770 4605 1044 4659 custodieit
1089 4615 1136 4658 et
1176 4603 1296 4674 fecit
1341 4602 1435 4658 illa
1467 4617 1486 4658 .'
1515 4603 1617 4657 vita
1662 4605 1808 4659 vivet.
1843 4605 2033 4660 Anima
2058 4626 2112 4688 D
2137 4633 2216 4670 pm
2249 4631 2358 4670 mea
2385 4631 2488 4669 non
2518 4621 2591 4668 est
2620 4629 2765 4683 (aqua
2797 4629 2814 4668 ;
2847 4622 2891 4666 et
2922 4628 3026 4666 non
3047 4613 3209 4686 magis
3238 4615 3336 4666 pia:
3367 4621 3556 4668 ιιεδιγω
3582 4626 3752 4687 praua

427 4715 546 4774 qua:
577 4699 880 4771 peccaverit,
904 4701 1018 4772 ipsa
1047 4701 1320 4753 morietur.
1355 4695 1405 4750 Γ
1410 4699 1531 4752 ilius
1558 4715 1658 4753 non
1687 4697 1914 4772 portabit
1930 4702 2029 4755 ini-

429 4799 683 4870 quitatem
713 4797 875 4867 patris
907 4804 997 4851 :et
1027 4807 1168 4867 pater
1207 4810 1313 4849 non
1351 4794 1576 4866 portabit
1604 4796 1926 4868 iniquitatem
1961 4799 2028 4868 ﬁ-

425 4891 506 4948 lii.
536 4889 752 4945 Justitia
773 4891 904 4962 justi
936 4903 1093 4963 super
1121 4905 1235 4945 eum
1263 4889 1378 4958 erit,
1410 4899 1459 4945 et
1487 4891 1723 4961 impietas
1750 4893 1896 4958 impii
1935 4893 2032 4948 erit

427 4999 585 5057 super
633 4984 805 5040 illum.
858 4979 1039 5040 Solvit
1083 4983 1459 5055 quaestionem,
1510 4995 1723 5057 qoame
1753 4984 2029 5042 contrario

426 5088 645 5148 poterat
706 5077 922 5134 auditor
982 5091 1279 5148 opponere.
1338 5077 1582 5146 Soletis,
1639 5079 1751 5148 ait,
1803 5079 2025 5136 dicere:

429 5169 609 5240 Quare
637 5172 777 5226 ﬁlius
801 5172 984 5242 justus
1014 5185 1124 5226 non
1155 5171 1392 5242 portavit
1431 5173 1776 5245 iniquitatem
1811 5175 2027 5246 patris!

424 5261 508 5319 Ad
537 5281 656 5334 qua:
688 5266 801 5335 ipse
841 5266 1140 5334 reSpondet
1168 5281 1181 5320 :
1213 5263 1500 5336 Videlicet,
1536 5267 1658 5338 quia
1695 5263 1835 5325 illius
1885 5269 2027 5327 bene

428 5366 682 5426 operatus
711 5367 816 5425 est,
849 5366 905 5414 et
931 5355 1100 5430 patris
1125 5353 1318 5416 delicta
1351 5375 1460 5417 non
1501 5361 1648 5419 iecit.
1696 5361 2022 5436 iustumque

503 5553 530 5582 ιι
561 5545 728 5601 Antea
760 5546 938 5603 minus
968 5545 1254 5602 commodo
1274 5561 1438 5604 sensu
1464 5591 1478 5617 ,
1520 5553 1575 5604 et
1612 5547 2021 5605 adversantibus

425 5630 713 5692 ms_s._erat
741 5618 1236 5692 discipulorumque.

500 5687 544 5766 b_
569 5688 822 5748 Rabanus
852 5687 906 5748 et
936 5687 1230 5763 Victorius,
1261 5692 1403 5761 quia,
1435 5708 1556 5749 cum
1587 5693 1812 5766 Vulgata
1840 5703 1896 5751 et
1918 5693 2021 5752 He-

427 5757 670 5906 gqgi’q3q,‘
689 5777 750 5820 cx
791 5765 983 5835 quibus
1011 5766 1195 5824 itidem
1219 5757 1526 5824 libris—mox
1558 5757 1834 5825 Victorius
1863 5786 1975 5824 ecce
1999 5821 2014 5846 ,

635 5852 644 5889 l
679 5876 689 5889 .

2135 4716 2257 4763 sunt
2285 4708 2310 4761 .9
2340 4705 2533 4762 Reddit
2570 4719 2761 4761 causas
2801 4719 2971 4778 quare
3021 4703 3232 4760 Domini
3272 4705 3430 4775 justa
3477 4703 3753 4763 sententia

2134 4804 2224 4861 sit.
2263 4803 2464 4858 Putatis
2493 4819 2606 4873 me,
2641 4803 2718 4856 ait
2753 4803 3011 4873 iniquum,
3044 4813 3097 4855 ut
3128 4811 3347 4872 peccata
3378 4812 3600 4871 patrum
3641 4799 3756 4855 red-

2134 4899 2256 4953 dam
2281 4899 2408 4970 ﬁliis
2431 4901 2448 4968 (
2469 4893 2624 4952 Deut.
2657 4894 2856 4966 xxiv);
2891 4904 2946 4951 et
2973 4895 3095 4951 aliis
3129 4895 3564 4951 comedentibus
3589 4907 3756 4951 uvam

2133 4992 2410 5061 acerbam,
2437 4991 2662 5046 aliorum
2686 4990 2875 5045 dentes
2900 4990 3287 5061 obstupescunt
3311 4987 3548 5060 (let-em.
3572 4985 3756 5056 xxxx)?

2133 5084 2276 5140 Ecce
2315 5081 2681 5152 unusquisque
2708 5082 2762 5136 in
2791 5097 2889 5136 suo
2919 5090 3142 5152 peccato
3176 5080 3411 5136 moritur
3435 5124 3448 5147 ,
3479 5092 3534 5138 et
3570 5081 3624 5137 in
3658 5093 3755 5137 sua

2131 5177 2341 5249 justitia
2373 5175 2696 5231 viviﬁcatur:
2717 5175 3011 5247 inutroquc
3030 5191 3133 5230 non
3150 5177 3456 5244 prteterita,
3482 5178 3580 5232 sed
3612 5191 3753 5247 pra:-

2136 5273 2307 5328 sentia
2335 5268 2668 5344 [judicatur]
2697 5279 2741 5322 ο.
2783 5267 2921 5338 Quin
2953 5267 3132 5339 potius
3162 5277 3342 5324 vestra
3398 5270 3594 5342 iniqua
3627 5283 3753 5324 sen-

2139 5365 2303 5423 tentia
2325 5374 2428 5435 est,
2445 5365 2534 5437 qui
2555 5361 2755 5435 putatis
2785 5362 3092 5434 paraboiam
3111 5377 3217 5419 non
3232 5375 3359 5417 esse
3385 5363 3751 5434 paraboiam:

2205 5560 2229 5588 ο
2267 5548 2533 5605 Victorius
2573 5547 2823 5613 verbum,
2853 5548 3182 5621 judicantur,
3228 5561 3342 5621 quo
3385 5549 3516 5604 sine
3553 5550 3761 5617 imper-

2128 5622 2267 5679 fecta
2299 5623 2565 5678 sententia
2596 5619 2914 5688 videbatur,
2963 5619 3762 5694 ipsinsntet_llicronym[ope

2125 5696 2341 5768 Supplcl
2389 5705 2673 5767 acceptum
2723 5708 2791 5748 ex
2829 5691 3145 5768 cap.fxgsxv
3187 5691 3326 5746 infra
3352 5732 3374 5768 _,
3431 5691 3529 5748 ubi
3569 5712 3582 5746 :
3615 5691 3762 5768 Deus

2125 5762 2254 5897 seu;
2277 5762 2539 5840 pr'ceteritd
2575 5769 2648 5839 in;
2677 5773 2896 5837 utroque
2935 5765 3214 5837 judicare,
3265 5762 3366 5818 sed
3415 5764 3715 5834 prtesentia
3743 5805 3757 5832 ,

2163 5855 2228 5896 ιω
2259 5855 2339 5896 ur.

2163 5837 2339 5896 icitur.
