4038 6328
265 262 333 320 181
909 256 1559 319 COMMENTARIORUM
1599 260 1666 317 IN
1705 260 2150 319 EZECHIELEM
2190 261 2322 320 LIB.
2364 262 2451 319 VI.
2493 262 2648 319 CAP.
2693 262 2835 320 XIX.

3420 273 3523 328 I82

253 380 325 435 sed
351 376 420 432 sic
448 390 569 431 eam
600 375 846 446 accipitis
868 418 883 441 ,
934 377 1085 447 quasi
1142 376 1383 433 historia:
1430 380 1734 449 veritatem,
1761 387 1819 435 ut
1843 383 1897 441 Α
1923 389 2044 437 est:
2091 378 2454 435 Convertimini
2472 422 2487 446 ,
2518 391 2565 436 et
2596 384 2731 455 agite
2758 384 3115 453 ptenitentiam
3135 428 3150 452 ,
3197 401 3363 460 super
3395 408 3518 463 per-

252 474 441 529 aliornm
461 470 677 526 scelera
695 471 747 526 in
780 470 902 526 aliis
936 473 1245 541 puniantur.

303 566 463 637 (Vers.
494 563 622 635 26.)
656 563 783 620 Cum
814 567 947 620 enim
978 569 1219 621 averterit
1252 585 1305 622 se
1336 571 1513 642 justus
1551 585 1581 621 a
1603 568 1820 641 justitia

250 681 323 719 sua
344 672 385 715 et
417 660 592 731 fecerit
619 661 982 731 iniquitatem,
1011 661 1261 715 morietur
1290 663 1343 715 in
1381 662 1477 716 eis.
1516 659 1586 715 In
1626 662 1819 732 iniqui-

246 753 538 826 tate[Vulg.
594 751 891 826 injuslitia]
935 770 1091 824 quam
1143 764 1384 827 cperatus
1428 764 1502 810 est
1545 755 1813 810 morietur.

246 849 400 905 Potest
423 855 477 901 et
506 846 615 899 hoc
647 845 874 917 intelligi
902 863 915 898 :
945 846 1133 901 Justus
1162 850 1311 917 prius
1342 848 1576 919 populus
1604 848 1771 904 Israel
1796 887 1812 916 ,

244 941 401 996 avertit
427 954 487 994 se
513 954 543 992 a
573 939 787 1007 justitia
815 954 933 1007 sua,
968 940 1091 1010 quia
1119 940 1347 1009 justitia:
1378 940 1600 1007 reliquit
1628 951 1816 996 aucto-

244 1050 350 1099 rem,
390 1042 441 1088 et
476 1032 610 1087 fecit
647 1032 1007 1103 iniquitatem,
1050 1033 1149 1087 Dei
1188 1032 1385 1088 Filiqu
1428 1035 1595 1107 216
1645 1034 1816 1089 dene-

243 1131 405 1203 gando.
436 1127 495 1183 In
530 1139 765 1197 peccato
793 1137 955 1198 atque
988 1127 1197 1184 scelere
1242 1128 1389 1197 quod
1432 1137 1689 1198 operatus
1732 1138 1817 1184 est

245 1224 468 1282 morietur
502 1238 515 1274 :
554 1237 667 1276 non
717 1221 771 1276 in
823 1220 1096 1291 pluribus,
1147 1220 1245 1276 sed
1278 1221 1333 1275 in
1377 1236 1506 1288 uno,
1541 1220 1813 1277 liaeredem

246 1318 570 1381 interﬁciens,
601 1328 664 1372 ut
695 1318 949 1385 perderet
968 1315 1367 1371 htereditatem.
1398 1380 1401 1383 η

295 1418 455 1491 (Vers.
500 1416 573 1471 27
598 1458 616 1482 ,
646 1415 767 1486 28.)
801 1416 872 1469 Et
899 1431 1014 1469 cum
1045 1414 1285 1468 averterit
1308 1430 1363 1467 se
1389 1413 1580 1483 impius
1622 1413 1684 1468 ab
1715 1414 1814 1467 im-

240 1516 389 1583 pietate
414 1528 509 1564 sua
537 1526 701 1577 quam
731 1520 973 1581 Operatus
1002 1515 1077 1563 est
1098 1547 1112 1573 ,
1144 1517 1193 1561 et
1228 1507 1404 1577 fecerit
1435 1507 1698 1581 judicium
1736 1518 1815 1562 at-

238 1624 312 1678 que
326 1605 608 1677 justitiam,
647 1604 755 1672 ipse
784 1606 1013 1656 animam
1044 1618 1195 1657 suam
1236 1600 1532 1671 viviﬁcabit.
1563 1598 1813 1655 Conside-

239 1718 331 1753 rens
370 1699 499 1751 enim
548 1698 706 1751 vertit
747 1695 926 1769 [Vulg
979 1705 1025 1751 et
1070 1694 1325 1768 avertens]
1370 1712 1423 1750 se
1472 1694 1535 1748 ab
1578 1694 1812 1748 omnibus

1923 486 2056 526 sona
2101 474 2348 542 accipere
2376 472 2723 544 Iudaeorum,
2768 491 2906 547 quos
2954 492 3062 534 non
3093 480 3209 535 vult
3248 485 3424 552 muri,
3465 495 3521 542 et

1920 565 2272 638 quibus_nunc
2294 567 2530 637 loquitur
2553 586 2563 621 :
2590 584 2753 639 quare
2776 572 3091 641 moriemini,
3112 573 3298 630 domus
3319 574 3511 648 Israel,

1919 659 2010 728 qui
2049 658 2261 716 habetis
2301 668 2480 729 patres
2509 660 2780 716 Abraham
2806 702 2823 730 ,
2877 663 3027 720 Isaac
3068 676 3125 721 et
3175 668 3345 725 Iacob
3369 711 3386 737 ,
3446 672 3517 730 de

1919 753 2115 824 quibus
2144 754 2406 825 scriptum
2435 765 2519 811 est
2544 775 2555 810 :
2603 755 2741 811 Deus
2770 759 3001 813 vivorum
3025 803 3038 827 ,
3070 769 3117 815 et
3148 779 3251 817 non
3282 776 3515 823 mortuo-

1916 866 2033 903 rum
2076 848 2268 922 (Marc.
2299 866 2396 917 xu,
2423 851 2539 922 9.7).
2601 850 2711 908 Cur
2746 864 2931 909 vestro
2992 855 3123 911 vitio
3182 861 3515 930 moriemini,

1918 942 2010 1013 qui
2058 953 2268 1015 patrum
2322 946 2550 1013 merito,
2599 954 2655 1002 et
2699 961 2822 1002 mea
2866 947 3079 1006 debetis
3119 951 3305 1009 vivere
3349 957 3517 1014 mise-

1917 1036 2151 1093 ricordia
2176 1038 2199 1092 ?

1991 1128 2175 1197 (Vers.
2202 1129 2317 1202 52.)
2351 1130 2489 1198 Quia
2517 1132 2638 1187 nolo
2663 1142 2882 1189 mortem
2913 1137 3179 1193 morientis
3205 1136 3312 1210 (Al.
3337 1158 3518 1212 pecca-

1917 1223 2101 1295 toris),
2146 1224 2273 1278 dicit
2321 1222 2576 1280 Dominus
2620 1225 2798 1282 Deus:
2854 1230 3203 1300 revertimini,
3252 1242 3300 1286 et
3344 1235 3512 1290 vivite.

1916 1317 2076 1383 Nolo,
2111 1316 2306 1388 inquit,
2342 1332 2440 1374 vos
2484 1319 2643 1389 mori,
2692 1335 2827 1390 quos
2857 1322 2909 1376 in
2943 1322 3175 1379 salutem
3200 1324 3384 1395 genui.
3418 1325 3517 1381 Fi-

1916 1409 2017 1464 lios
2048 1412 2182 1465 enim
2217 1413 2410 1484 genui,
2459 1421 2506 1467 et
2537 1415 2797 1469 exultavi:
2844 1417 2945 1487 ipsi
2993 1426 3167 1473 autem
3213 1432 3517 1489 spreverunt

1916 1519 1996 1558 me
2023 1502 2158 1576 (lsa.
2186 1520 2224 1571 ι,
2256 1503 2335 1578 2).
2368 1504 2725 1561 Revertimini
2749 1523 2902 1579 ergo,
2934 1520 2987 1564 et
3012 1511 3197 1567 vivite.
3230 1512 3349 1568 Non
3374 1514 3512 1571 dici-

1920 1604 2005 1650 tur
2037 1597 2400 1665 revertimini,
2434 1598 2535 1653 nisi
2580 1599 2667 1654 his
2697 1602 2786 1671 qui
2816 1604 2964 1671 prius
2990 1619 3113 1658 cum
3142 1606 3254 1661 Deo
3276 1606 3512 1678 fuerant,

1917 1700 1971 1745 et
2021 1700 2210 1760 postea
2252 1692 2370 1762 ejus
2410 1690 2709 1751 deseruere
2732 1699 3071 1756 comitatum.
3105 1701 3172 1755 Et
3203 1702 3374 1759 vivite
3418 1719 3516 1774 per

238 1790 563 1861 iniquitatibus
603 1788 716 1843 suis
747 1804 875 1859 quas
904 1795 1148 1857 operatus
1183 1797 1277 1851 est,
1317 1786 1421 1840 vita
1452 1785 1595 1851 vivet,
1631 1793 1677 1837 et
1708 1799 1810 1838 non
1841 1785 1891 1848 B
1921 1785 2298 1853 paenitentiam
2331 1786 2421 1856 qui
2466 1786 2600 1842 estis
2642 1792 2841 1845 mortui
2873 1807 2969 1862 per
3002 1802 3307 1862 peccatum.
3342 1796 3516 1868 Igitur

239 1885 465 1940 morietur.
500 1883 545 1938 E
570 1883 875 1948 contrario,
921 1882 1019 1947 ait,
1053 1882 1293 1952 gentium
1316 1880 1550 1951 populus
1576 1894 1684 1934 non
1716 1880 1810 1932 ha-

238 1979 341 2033 bens
366 1975 619 2030 notitiam
656 1975 775 2043 Dei,
807 1984 861 2029 et
890 1974 1105 2044 impius,
1136 1973 1182 2028 si
1222 1988 1281 2027 se
1310 1972 1570 2027 averterit
1596 1966 1663 2025 ab
1700 1971 1804 2027 im-

240 2072 402 2141 pietate
423 2084 542 2136 sua,
564 2083 734 2137 quam
758 2068 903 2137 prius
930 2074 1188 2137 operatus
1213 2066 1372 2121 estin
1397 2064 1729 2133 idololatria,
1754 2073 1809 2120 et

238 2163 391 2218 fecerit
407 2176 467 2217 ea
492 2176 627 2231 quas
655 2160 839 2216 Israeli
871 2160 990 2231 lege
1020 2168 1297 2229 prmcepta
1325 2166 1454 2212 sunt
1480 2175 1492 2212 :
1520 2158 1636 2227 ipse
1656 2157 1810 2228 prius

240 2269 444 2311 mortuus
466 2254 774 2310 vivilicabit
802 2255 1034 2309 animum
1066 2268 1246 2308 suam.
1276 2250 1593 2321 Vidensque
1615 2265 1677 2306 se
1721 2250 1805 2306 in-

239 2352 397 2406 terisse
433 2351 485 2405 in
516 2350 903 2421 iniquitatibus
932 2364 1068 2421 quas
1100 2358 1360 2419 operatus
1389 2358 1495 2413 est,
1524 2346 1713 2403 credet
1754 2347 1806 2401 in

240 2460 336 2499 eam
356 2445 436 2515 qui
462 2444 602 2499 dicit
633 2464 646 2500 :
674 2445 789 2516 Ego
815 2462 928 2498 sum
956 2446 1061 2510 via,
1091 2444 1278 2498 veritas
1293 2443 1460 2497 etvita
1485 2439 1669 2513 (Joan.
1688 2456 1805 2511 xw,

240 2542 313 2609 6):
344 2541 443 2593 vita
468 2539 646 2609 vivet,
682 2549 738 2594 et
761 2554 865 2594 non
898 2539 1183 2600 morietur.

296 2633 455 2706 (Vera.
483 2633 612 2705 39.)
661 2632 731 2687 Et
771 2634 947 2687 dicunt
980 2633 1077 2703 ﬁlii
1116 2631 1288 2685 Israel
1323 2650 1335 2686 :
1372 2630 1497 2685 Non
1544 2640 1619 2685 est
1661 2645 1811 2701 requa

240 2728 301 2781 ria
327 2726 543 2782 Domini.
573 2727 851 2799 Numquid
881 2727 975 2781 vite
999 2742 1123 2781 mete
1152 2741 1257 2780 non
1279 2735 1397 2779 sunt
1425 2739 1606 2796 a’qute,
1627 2723 1810 2777 domus

244 2822 379 2876 Israel
407 2838 425 2876 :
451 2832 499 2876 et
537 2837 648 2876 non
673 2822 836 2895 magis
863 2822 958 2876 via:
984 2830 1163 2876 vestch
1200 2820 1412 2890 pravtv?
1438 2816 1620 2887 Usque
1649 2814 1812 2871 hodie

244 2914 374 2969 Israel
401 2914 745 2983 blssphemat
777 2914 966 2980 Deum,
990 2927 1087 2968 cur
1119 2911 1376 2981 potiulum
1399 2925 1556 2965 suum
1584 2909 1811 2978 relique-

245 3008 314 3072 rit,
341 3018 388 3061 et
408 3007 650 3077 gentium
691 3005 1049 3074 assumpserit
1089 3003 1507 3059 multitudinem.
1541 3001 1688 3067 Quos
1719 3015 1808 3055 ar-

243 3104 331 3169 guit
356 3101 644 3167 Dominus,
678 3098 820 3169 quod
853 3098 955 3153 viae
986 3112 1172 3152 eorum
1205 3109 1384 3165 prava:
1413 3094 1553 3161 sint,
1590 3092 1807 3148 Domini

1912 1876 2102 1943 Israel,
2132 1877 2256 1948 quia
2272 1895 2379 1934 non
2394 1882 2693 1936 revertitur
2708 1882 2776 1939 ad
2790 1885 3085 1953 pristinum
3108 1894 3332 1956 statum,
3354 1906 3509 1946 mor-

1913 1979 2037 2027 tuus
2065 1987 2187 2027 esse
2229 1973 2534 2029 credendus
2576 1985 2678 2031 est.

1984 2066 2139 2137 (Cap.
2171 2066 2315 2122 XIX.
2348 2099 2420 2109 —-
2444 2068 2601 2126 Vers.
2638 2071 2661 2125 I
2701 2070 2881 2143 seqq.)
2935 2070 3005 2127 Et
3048 2083 3103 2129 tu
3132 2089 3335 2133 assume
3359 2077 3513 2151 plan-

1912 2172 2052 2217 ctum
2081 2179 2239 2234 super
2264 2165 2520 2236 principes
2546 2163 2739 2232 Israel,
2766 2176 2813 2221 et
2836 2168 3011 2223 dices:
3046 2168 3221 2235 Quare
3239 2184 3402 2228 mater
3424 2184 3513 2229 tua

1912 2255 2077 2309 ieiuna
2106 2256 2239 2309 inter
2260 2254 2434 2310 leones
2456 2257 2657 2311 cubuvit
2675 2262 2700 2313 ξ)
2728 2259 2782 2313 in
2809 2260 2978 2313 medio
2999 2258 3361 2318 leunculorum
3386 2282 3519 2320 enu-

1913 2347 2050 2400 trivit
2077 2350 2279 2402 catulos
2315 2366 2458 2405 suos.
2505 2349 2573 2402 Et
2615 2350 2793 2406 eduxit
2817 2368 2979 2407 unum
3009 2354 3075 2408 de
3102 2355 3354 2412 leunculis
3381 2361 3506 2427 suis,

1913 2438 1990 2493 leo
2027 2440 2195 2509 factus
2223 2450 2338 2495 est:
2384 2451 2431 2496 et
2458 2442 2644 2497 didicit
2686 2460 2867 2514 capere
2912 2448 3177 2516 primum,
3226 2451 3512 2507 hominem.

1911 2547 2007 2601 que
2038 2532 2322 2587 comedere.
2369 2531 2437 2587 Et
2461 2535 2741 2590 audierunt
2764 2537 2830 2592 de
2860 2554 2921 2593 eo
2952 2549 3147 2610 gentes,
3181 2553 3228 2595 et
3259 2560 3360 2598 non
3386 2545 3507 2599 abs-

1910 2640 2010 2695 que
2036 2626 2334 2680 vulneribus
2363 2629 2470 2681 suis
2501 2639 2744 2699 ceperunt
2773 2647 2912 2699 eum,
2961 2642 3008 2686 et
3036 2635 3365 2690 adduxerunt
3393 2654 3508 2692 eum

1912 2720 1965 2773 in
1993 2721 2187 2774 catenis
2218 2722 2271 2775 in
2299 2730 2492 2777 terram
2521 2723 2768 2795 .IEgypti.
2821 2727 2953 2794 Quae
2994 2745 3110 2782 cum
3150 2731 3358 2786 vidisset
3384 2750 3513 2802 quo-

1914 2812 2054 2866 nium
2080 2813 2343 2880 inﬁrmata
2367 2824 2462 2883 est,
2495 2826 2540 2869 et
2563 2818 2715 2888 periit
2734 2821 3025 2889 expectatio
3040 2821 3175 2891 ejus,
3206 2826 3324 2877 tulit
3347 2840 3509 2880 unum

1914 2904 1977 2959 de
2020 2906 2277 2961 leunculis
2304 2910 2444 2978 suis,
2474 2908 2676 2965 leonem
2703 2914 2969 2967 constituit
3000 2931 3137 2970 eum.
3175 2918 3279 2985 Qui
3304 2920 3512 2974 incede-

1913 2998 1998 3053 bat
2023 3000 2156 3055 inter
2194 3001 2383 3068 leones,
2412 3014 2462 3058 et
2491 3010 2661 3076 factus
2699 3018 2772 3062 est
2802 3009 2900 3064 leo.
2933 3008 3133 3068 Didicit
3158 3030 3344 3086 capere
3367 3032 3505 3088 pra:-

1913 3090 2057 3157 dam,
2091 3103 2140 3148 et
2166 3094 2398 3152 homines
2426 3097 2696 3154 devorare.
2745 3098 2947 3156 Didicit
2987 3104 3166 3160 viduas
3209 3110 3412 3179 facere,
3461 3117 3511 3163 et

245 3206 388 3249 autem
410 3194 549 3264 justa
590 3195 883 3260 sententia,
916 3202 975 3248 ut
998 3191 1224 3264 perditis
1260 3189 1469 3247 colonis
1501 3188 1804 3259 prioribus,
1835 3172 1883 3241 C
1916 3184 2144 3241 civitates
2171 3204 2348 3243 eorum
2390 3191 2441 3243 in
2470 3190 2731 3247 desertum
2770 3196 3048 3268 adducere,
3094 3209 3140 3254 et
3169 3200 3402 3256 desolata
3428 3212 3507 3258 est

244 3290 353 3344 alios
377 3291 425 3344 in
454 3290 675 3345 vineam
705 3304 858 3343 suam
890 3290 1070 3343 mittat
1096 3286 1382 3357 agricolas.
1415 3283 1568 3351 Quod
1600 3281 1808 3338 intelli-

247 3394 395 3453 gentes
436 3385 488 3440 in
529 3383 817 3453 Evangelii
860 3381 1114 3452 parabola
1136 3422 1150 3449 ,
1183 3382 1371 3438 dixere
1397 3378 1569 3437 Judaei
1604 3396 1617 3432 :
1653 3376 1781 3431 Non

247 3481 320 3533 erit
341 3480 465 3533 istud
493 3478 659 3552 (Luc.
685 3496 776 3545 xx,
812 3479 925 3549 I6).
1046 3478 1055 3483 ’

357 3574 525 3645 (Vers.
560 3574 685 3645 50.)
715 3572 922 3628 Idcirco
954 3589 1363 3644 unumquemque
1380 3577 1536 3646 juxta
1562 3576 1667 3630 vias
1687 3593 1810 3631 suas

243 3668 465 3737 iudicabo,
506 3670 701 3723 domus
732 3666 931 3735 Israel,
974 3669 1045 3722 ait
1092 3667 1342 3723 Dominus
1384 3666 1544 3723 Deus.
1585 3669 1712 3725 Sive
1740 3669 1809 3725 de

249 3761 445 3830 gentium
499 3761 894 3830 multitudine,
954 3762 1074 3816 sive
1116 3761 1183 3817 de
1241 3762 1405 3817 Israel
1462 3763 1663 3833 populo
1701 3762 1812 3819 sint

249 3857 316 3924 qui
357 3857 668 3925 judicantur
701 3875 714 3912 :
772 3857 890 3911 Non
932 3868 1005 3912 est
1051 3874 1389 3927 personarum
1412 3860 1643 3931 acceptio
1668 3859 1810 3931 apud

251 3945 381 4003 Deum
406 3949 635 4023 (Coloss.
673 3967 754 4019 III,
800 3951 921 4020 25),
960 3950 1057 4007 sed
1099 3952 1468 4022 unusquisque
1512 3968 1607 4008 sua
1646 3969 1807 4009 coro-

251 4042 428 4098 nabitur
471 4044 622 4101 lide:
678 4054 734 4100 et
778 4043 1055 4114 impietate
1100 4052 1261 4114 atque
1308 4044 1628 4102 inﬁdelitate
1657 4045 1809 4102 dam-

251 4136 447 4192 nabitur.

303 4233 460 4302 (Vera.
504 4233 631 4307 5i.)
668 4233 1034 4290 Convertimini
1072 4244 1122 4288 et
1170 4236 1310 4306 agite
1352 4236 1707 4307 ptenitentiam
1746 4238 1811 4290 ab

251 4326 445 4381 omnibus
470 4328 830 4395 iniquitatibus
860 4329 1061 4393 vestris,
1095 4339 1271 4382 etnon
1311 4329 1404 4382 erit
1454 4328 1594 4382 vobis
1625 4329 1677 4381 in
1702 4329 1810 4382 rui-

251 4433 343 4470 nam
366 4420 622 4492 iniquitas.
654 4420 908 4495 Projicite
936 4440 967 4475 a
995 4422 1136 4477 vobis
1167 4439 1341 4477 omnes
1361 4424 1809 4495 prtevaricationes

250 4521 421 4578 vestras,
450 4516 501 4567 in
547 4514 731 4581 quibus
762 4515 1083 4586 praevaricari
1111 4516 1253 4569 estis.
1287 4516 1510 4585 Proprie
1548 4516 1617 4571 ad
1645 4515 1808 4571 Israel

253 4600 331 4656 iste
348 4619 514 4661 sermo
546 4606 820 4677 dirigitur,
852 4616 912 4663 ut
938 4617 1102 4678 agant
1132 4609 1502 4677 timuitentiam
1521 4650 1536 4674 ,
1565 4618 1620 4664 et
1647 4610 1812 4664 relin-

252 4708 384 4763 quant
408 4700 741 4771 iniquitates,
774 4702 891 4757 sive
921 4703 1395 4771 prtvvaricationes
1423 4715 1548 4756 suas
1572 4743 1588 4769 ,
1616 4702 1810 4773 quibus

253 4790 293 4844 iu
318 4793 467 4849 Deum
491 4796 833 4865 prmvaricati
856 4804 998 4850 sunt.
1030 4795 1215 4852 Potest
1235 4804 1415 4853 autem
1438 4806 1495 4852 et
1516 4796 1584 4853 ad
1603 4810 1812 4852 utrum-

251 4899 332 4953 qne
367 4890 617 4959 pupulum
668 4889 939 4959 intelligi:
974 4899 1035 4944 ut
1086 4899 1142 4945 et
1193 4887 1397 4955 Israel,
1453 4900 1509 4946 et
1569 4891 1809 4961 gentium

254 4980 397 5048 turba,
433 4995 529 5037 sua
565 4980 693 5037 vitia
731 4981 1140 5053 derelinquens,
1187 4991 1539 5039 convertatur
1578 4984 1647 5038 ad
1684 4999 1808 5040 eum

252 5073 322 5140 qui
342 5077 496 5143 possit
526 5092 722 5133 sanare
750 5077 1107 5134 contritiones
1128 5085 1297 5133 suas.‘

311 5166 366 5220 Et
386 5172 529 5239 facite
550 5171 693 5227 vobis
721 5188 810 5226 cor
838 5189 1045 5241 novum,
1071 5183 1118 5227 et
1143 5174 1381 5242 spiritum
1411 5174 1569 5245 217
1604 5188 1812 5228 navum.

257 5254 308 5311 Ut
331 5272 637 5320 vetustatem
674 5266 867 5321 littera:
896 5265 1233 5333 deserentes,
1268 5268 1463 5321 vivatis
1492 5270 1543 5321 in
1572 5268 1817 5324 novitate

258 5353 457 5418 Spiritus.
502 5355 612 5412 Cor
653 5373 848 5414 novum
891 5358 1110 5416 Israelis
1135 5402 1149 5425 ,
1192 5370 1279 5415 est
1319 5360 1543 5418 credere
1588 5363 1643 5417 in
1686 5376 1819 5419 eum

258 5460 383 5513 quem
404 5452 546 5520 prius
572 5462 882 5524 negaverat.
908 5452 1015 5508 Cor
1037 5468 1235 5509 novum
1257 5456 1521 5524 gentium,
1554 5464 1641 5511 est
1666 5456 1813 5513 idola

258 5536 619 5615 derelinquere,
651 5555 706 5601 et
735 5555 1073 5601 mortuorum
1094 5547 1307 5601 cultura
1330 5557 1667 5619 contempta,
1693 5565 1814 5607 cre-

257 5631 357 5688 dere
386 5636 433 5691 in
460 5654 580 5694 eum
611 5640 701 5710 qui
734 5650 817 5694 est
850 5641 991 5695 Deus
1023 5639 1363 5695 viventium.‘

314 5724 368 5780 Et
393 5746 540 5799 quare
568 5733 877 5795 moriemini,
906 5733 1092 5787 domus
1124 5732 1339 5789 Israel?
1368 5734 1561 5791 Melius
1593 5745 1676 5791 est
1696 5778 1711 5802 ,
1753 5744 1813 5792 ut

262 5829 395 5887 supra
420 5821 672 5896 diximus,
699 5827 1135 5884 exhortationem
1160 5826 1305 5886 hanc
1332 5827 1383 5883 in
1406 5843 1511 5899 qua
1545 5830 1813 5901 scriptum

1911 3286 2067 3349 terra,
2096 3290 2145 3335 et
2182 3282 2450 3350 plenitudo
2490 3288 2623 3357 ejus,
2654 3305 2685 3341 a
2712 3304 2832 3343 voce
2856 3292 3057 3363 rugitus
3084 3293 3251 3349 illius.
3294 3295 3363 3349 Et
3389 3313 3513 3351 con-

1910 3386 2156 3431 venerunt
2201 3378 2475 3434 adversum
2520 3398 2635 3436 eum
2659 3394 2834 3457 gentes
2874 3388 3097 3457 undique
3137 3391 3201 3442 de
3232 3393 3513 3460 provinciis

1912 3477 1959 3521 et
1988 3470 2342 3537 expanderunt
2380 3489 2534 3544 super
2578 3491 2692 3529 eum
2737 3486 2844 3530 rete
2882 3494 3033 3532 suum
3055 3493 3077 3533 :
3125 3480 3179 3533 in
3219 3482 3514 3538 vulneribus

1913 3577 2090 3617 earum
2130 3575 2312 3633 captus
2350 3577 2445 3622 est.
2491 3568 2561 3622 Et
2600 3571 2847 3625 miserunt
2892 3588 3011 3627 eum
3063 3574 3119 3627 in
3158 3590 3401 3645 caveam,
3456 3579 3510 3633 in

1913 3659 2106 3712 catenis
2145 3660 2474 3717 adduxerunt
2524 3679 2640 3717 eum
2685 3665 2754 3717 ad
2798 3681 2969 3735 regem
2998 3665 3309 3739 Babylonis,
3357 3672 3514 3725 mise-

1914 3762 2132 3822 runtque
2168 3770 2286 3808 eum
2319 3757 2373 3809 in
2410 3772 2667 3812 carcerem
2706 3775 2770 3813 ne
2792 3762 3063 3816 audiretur
3088 3777 3188 3817 vox
3225 3766 3341 3835 ejus
3367 3764 3510 3819 ultra

1911 3863 2066 3919 super
2117 3858 2313 3903 montes
2358 3847 2545 3905 Israel.
2595 3851 2779 3907 LXX:
2824 3852 2891 3907 Et
2933 3865 2988 3908 tu
3014 3857 3193 3926 accipe
3222 3858 3505 3913 [amentum

1913 3958 2066 4013 super
2097 3942 2383 4013 principem
2408 3942 2597 4009 Israel,
2628 3952 2674 3999 et
2692 3946 2830 4000 dices
2852 3962 2870 4000 :
2900 3946 3039 4013 Quid
3054 3959 3218 4004 mater
3244 3960 3331 4005 tua
3354 3962 3504 4006 catu—

1916 4034 1996 4089 lus
2022 4038 2189 4107 218
2211 4037 2265 4090 in
2291 4037 2457 4091 medio
2484 4037 2689 4092 leonum
2717 4042 2856 4112 facta
2879 4043 2992 4097 est?
3018 4044 3073 4097 in
3104 4045 3272 4100 medio
3298 4047 3507 4102 leonum

1913 4125 2277 4199 multiplicauit
2306 4126 2506 4183 catulos
2525 4146 2668 4183 suos.
2719 4130 2790 4184 Et
2818 4134 3041 4187 exsilivit
3063 4151 3200 4190 unus
3232 4136 3295 4190 de
3317 4139 3506 4192 catulis

1912 4224 2065 4292 ejus:
2099 4220 2177 4276 leo
2204 4223 2369 4293 factus
2384 4232 2479 4288 est,
2512 4234 2561 4278 et
2587 4223 2773 4278 didicit
2794 4240 2975 4299 rapere
2993 4230 3243 4296 rapinas:
3278 4231 3511 4286 homines

1915 4312 2159 4380 comedit,
2183 4314 2519 4369 etaudierunt
2535 4325 2719 4370 contra
2740 4334 2855 4371 eum
2876 4330 3072 4390 gentes.
3098 4319 3166 4373 In
3178 4325 3509 4392 corruptione

1918 4422 2094 4460 carum
2132 4416 2313 4479 captus
2355 4418 2459 4475 est,
2500 4418 2547 4463 et
2586 4409 2919 4465 adduxerunt
2948 4413 3000 4466 in
3024 4413 3207 4469 chamo
3236 4416 3290 4470 in
3317 4425 3506 4472 terram

1918 4498 1991 4552 1E
1996 4501 2162 4572 θωπί.
2189 4498 2259 4553 Et
2274 4500 2399 4554 vidit
2415 4502 2660 4571 quoniam
2676 4502 2880 4557 ablatus
2894 4514 3023 4559 esset
3046 4506 3110 4559 ab
3129 4522 3210 4575 ea,
3234 4517 3283 4562 et
3298 4510 3514 4579 perisset

1835 4574 1892 4638 Ῑ)
1919 4592 2209 4648 substantia
2235 4597 2373 4664 ejus,
2418 4604 2465 4648 et
2489 4594 2609 4648 tulit
2644 4596 2806 4651 alium
2834 4596 2897 4652 de
2929 4598 3119 4653 catulis
3143 4601 3275 4670 suis,
3298 4574 3511 4657 leonem

1916 4686 2177 4739 constituit
2194 4703 2352 4741 eunt:
2382 4698 2427 4741 et
2458 4689 2855 4743 conversabatur
2874 4690 2929 4744 in
2954 4691 3125 4746 medio
3147 4691 3375 4748 leonum.
3408 4695 3515 4751 Leo

1915 4781 2086 4852 factus
2112 4791 2188 4837 est
2207 4826 2222 4852 ,
2273 4792 2324 4838 et
2367 4783 2551 4838 didicit
2580 4800 2761 4853 rapere
2798 4788 3051 4858 rapinas:
3081 4788 3315 4845 homines
3346 4807 3516 4847 come-

1917 4878 1993 4931 dit
2020 4921 2035 4947 ,
2088 4886 2135 4930 et
2166 4876 2468 4947 pascebatur
2497 4878 2551 4932 in
2571 4880 2797 4934 audacia
2820 4897 2919 4935 sua
2943 4926 2956 4950 ,
3006 4893 3052 4936 et
3080 4883 3312 4938 civitates
3336 4901 3515 4939 eorum

1916 4970 1985 5024 ad
2005 4971 2264 5026 desertum
2283 4972 2523 5039 adducit,
2556 4981 2605 5027 et
2624 4974 2835 5028 vastavit
2856 4984 3046 5028 terram
3069 4984 3119 5029 et
3141 4976 3517 5045 plenitudinem

1920 5068 2031 5138 ejus
2058 5082 2092 5121 a
2128 5081 2248 5122 voce
2273 5067 2478 5137 rugitus
2504 5068 2604 5121 sui.
2639 5065 2709 5122 Et
2738 5068 2877 5121 dedit
2906 5084 3063 5138 super
3090 5084 3205 5122 eum
3226 5080 3400 5143 gentes
3430 5084 3519 5140 per

1920 5158 2193 5212 circuitum
2239 5160 2303 5213 de
2340 5160 2672 5231 regionibus:
2722 5170 2773 5215 et
2808 5160 3170 5231 expanderunt
3212 5177 3367 5230 super
3398 5176 3517 5214 cum

1920 5252 2051 5307 retia
2078 5269 2195 5306 sua.
2241 5252 2310 5307 In
2338 5255 2668 5324 corruptione
2696 5270 2872 5308 earum
2901 5264 3084 5325 captus
3108 5262 3184 5309 est
3202 5294 3216 5318 ,
3259 5265 3308 5308 et
3334 5270 3521 5325 posue-

1922 5355 2042 5401 runt
2073 5362 2189 5400 eum
2215 5347 2268 5401 in
2288 5345 2501 5415 chumo,
2546 5357 2594 5401 et
2626 5349 2679 5401 in
2706 5363 2862 5401 cavea
2890 5348 3024 5401 venit
3054 5347 3122 5400 ad
3148 5362 3318 5417 regem
3345 5345 3521 5417 Baby-

1922 5436 2059 5494 lonis
2082 5481 2099 5507 ,
2138 5445 2185 5494 et
2211 5440 2608 5495 introduxerum
2642 5457 2756 5494 eum
2779 5442 2833 5494 in
2857 5454 3151 5495 carcerem:
3190 5449 3245 5493 ut
3277 5457 3381 5495 non
3425 5459 3522 5495 au-

1922 5534 2122 5589 diretur
2160 5548 2260 5588 vos:
2300 5535 2411 5606 ejus
2445 5535 2584 5588 ultra
2611 5550 2764 5606 super
2790 5544 2989 5588 montes
3026 5533 3218 5588 Israel.
3269 5534 3400 5593 Scio
3431 5551 3517 5592 me

1918 5622 1977 5683 in
2018 5628 2121 5682 hoc
2160 5626 2283 5682 loco
2325 5625 2680 5695 mullipliccm
2730 5627 2923 5697 legisse
2953 5628 3428 5698 explanationem,
3457 5640 3515 5686 et

1922 5720 2087 5776 tantis
2119 5719 2542 5776 obscuritatibus
2586 5719 2923 5789 impeditam,
2984 5728 3181 5777 utnon
3233 5730 3342 5777 tam
3393 5739 3523 5793 ape-

1922 5823 2134 5889 ruerit,
2173 5832 2335 5890 quam
2379 5811 2671 5870 involverit
2715 5814 3046 5886 lectionem,
3094 5816 3224 5875 dum
3263 5818 3519 5875 universa
