3928 6322
397 263 506 322 183

1657 264 1715 321 S.
1763 259 2037 320 EUSEBII
2077 258 2455 316 lllEliONYMI

3593 249 3700 309 184

398 399 522 454 quas
558 381 760 453 scripta
801 391 930 439 sunt
953 424 966 449 ,
1001 380 1172 437 refert
1199 381 1264 437 ad
1292 381 1602 438 contrarias
1630 380 1997 447 fortitudines,
2028 383 2081 442 Α
2106 389 2162 436 et
2205 380 2260 434 in
2313 379 2467 434 fovea
2496 387 2793 450 caperent,
2825 385 2882 432 et
2910 375 3188 431 mitterent
3217 387 3339 430 eum
3373 370 3425 428 in
3448 373 3727 440 caveam,‘

399 484 456 531 et
504 475 557 530 in
599 473 812 531 cmlesti
853 474 1156 532 Jerusalem
1197 476 1383 531 leones
1433 483 1488 531 et
1536 475 1675 530 bella
1702 473 1997 531 describit:

404 568 680 639 quomodo
711 568 848 624 alter
887 584 1074 624 eorum
1105 577 1294 639 captus
1317 569 1422 635 sit,
1467 575 1524 624 et
1572 582 1786 624 rursum
1835 568 1886 622 in
1918 567 1999 622 lo-

403 678 528 716 cum
555 663 672 732 ejus
699 663 836 717 alius
868 663 1227 729 constitutus,
1265 664 1540 733 multaque
1572 662 1723 731 ponit
1753 662 2000 716 testimo-

407 755 537 810 nia:
585 754 896 820 diabolum,
936 766 991 812 et
1031 755 1258 812 comites
1300 758 1453 825 ejus,
1505 757 1694 811 leones
1735 753 1999 824 appellari

403 846 617 912 solere,
669 858 725 902 ut
757 856 842 904 est
887 848 1018 903 illud
1046 849 1112 903 de
1155 849 1404 918 apostolo
1437 849 1630 904 Petro:
1664 847 2002 903 Adversarius

403 951 574 996 noster
599 942 842 996 diabolus
867 945 1014 1012 quasi
1040 945 1118 998 leo
1141 945 1348 1016 rugiens
1369 945 1572 1010 circuit,
1595 926 1646 998 et
1668 944 1848 1016 quierit
1868 960 1997 1014 quo-

403 1035 556 1090 modo
605 1037 766 1106 possit
814 1038 1009 1092 intrare
1054 1037 1267 1110 (lPetr.
1299 1039 1478 1109 v.8);
1522 1050 1576 1094 et
1619 1039 1687 1094 dc
1731 1038 1996 1094 Psalmis:

403 1128 486 1182 Ne
550 1130 728 1184 tradas
776 1130 951 1185 bestiis
999 1132 1229 1185 animum
1287 1133 1611 1202 confitentem
1675 1131 1768 1185 tibi
1821 1130 1998 1201 (Psal.

403 1239 595 1290 Lxxut,
647 1223 760 1296 ta).
811 1225 972 1280 Certe
1001 1224 1090 1280 ubi
1119 1226 1185 1280 ad
1217 1224 1501 1280 historiam
1537 1227 1720 1293 venit,
1748 1223 1879 1279 dicit
1907 1222 2002 1278 Jo-

409 1314 586 1370 hanan
619 1317 785 1371 lilium
816 1315 1004 1374 Carea:
1036 1317 1257 1372 (luctum
1292 1319 1344 1372 in
1371 1317 1664 1390 Egyplum
1693 1336 1705 1372 :
1753 1317 1846 1389 qui
1871 1333 2002 1387 quo-

403 1407 569 1461 modo
618 1407 830 1478 fugiens
879 1425 1000 1464 cum
1052 1409 1238 1479 paucis
1285 1409 1371 1465 leo
1408 1409 1708 1479 appellatus
1738 1408 1828 1474 sit,
1862 1408 2002 1462 scire

404 1513 512 1554 non
554 1516 772 1570 possum
802 1521 813 1556 :
853 1510 910 1557 et
942 1505 1173 1558 alterum
1209 1503 1426 1559 leonum
1458 1503 1747 1560 Sedeciam
1769 1546 1784 1570 ,
1830 1502 1920 1573 qui
1949 1511 2004 1556 ct

403 1590 520 1660 ipse
543 1591 742 1648 ductus
767 1595 817 1648 in
851 1595 1182 1668 Babylonem
1207 1597 1301 1650 sit.
1348 1595 1458 1651 Nos
1478 1604 1658 1651 autem
1691 1594 2001 1651 istiusmodi

403 1686 826 1755 explanationes
851 1689 1070 1745 lectoris
1090 1691 1318 1746 arbitrio
1337 1691 1730 1762 relinquentes,
1759 1690 2001 1746 dicemus

2105 465 2261 530 et'in
2306 484 2557 541 catenas,
2610 487 2716 528 non
2753 470 2896 542 quod
2933 471 3037 525 hoc
3060 467 3339 525 Jeclioniaa
3368 463 3567 521 factum
3594 463 3690 531 sit,

2106 568 2222 638 ipse
2246 568 2389 623 enim
2420 581 2478 622 se
2505 565 2724 621 tradidit
2747 563 2864 635 regi
2895 561 3216 635 Babylonio,
3249 569 3304 615 et
3327 560 3379 614 in
3401 557 3700 614 Cbaldeam

2103 669 2418 731 asportatus
2455 669 2580 724 est;
2629 658 2725 714 sed
2773 669 2830 712 ut
2877 657 3049 712 leonis
3097 663 3349 709 servetur
3391 648 3701 719 translatio,

2103 753 2192 824 qui
2215 754 2426 823 capitur
2455 753 2509 807 in
2539 751 2734 813 foveis,
2769 752 3084 819 catenisque
3113 747 3531 815 constringitur,
3565 752 3620 799 et
3645 742 3705 797 in

2104 848 2282 902 caveis
2323 857 2658 901 reservmur.
2717 842 2975 912 Alioquin
3019 842 3169 911 juxta
3219 839 3546 894 historiam:
3596 835 3705 892 hoc

2104 940 2174 995 de
2200 940 2424 995 Sedecia
2458 939 2711 1010 legimus,
2747 938 2835 1008 qui
2864 945 2983 1006 post
3011 933 3330 990 Jeclioniam
3356 947 3450 986 rex
3478 931 3705 986 Jerusa-

2105 1033 2210 1088 lem
2258 1034 2592 1090 constitutus
2635 1041 2744 1087 est.
2801 1030 2868 1085 Et
2899 1032 3017 1085 haec
3047 1027 3174 1083 fecit
3202 1026 3419 1081 occasio
3440 1069 3454 1094 ,
3487 1032 3548 1079 ut
3575 1022 3705 1095 quia

2103 1137 2308 1184 cateme
2338 1129 2610 1196 leguntur,
2633 1134 2690 1181 et
2716 1137 2917 1190 caveae,
2945 1133 3001 1180 et
3029 1135 3221 1178 carcer
3245 1118 3578 1184 nominatur,
3611 1115 3708 1180 Se-

2105 1221 2311 1278 deciam
2342 1221 2517 1290 potius
2550 1234 2714 1291 quam
2742 1217 3060 1273 Jecltoniam
3096 1215 3342 1285 plerique
3370 1210 3716 1280 intelligant.

2106 1317 2363 1374 Servatus
2392 1315 2551 1385 igitur
2585 1313 2639 1368 in
2665 1328 2882 1368 carcere
2903 1323 3010 1375 est,
3045 1311 3206 1382 220
3233 1323 3332 1364 nec
3359 1306 3702 1372 interfectus,

2105 1418 2159 1464 et
2208 1407 2586 1462 tantummodo
2635 1405 2878 1461 sublatus
2921 1421 2951 1460 e
2980 1419 3168 1472 regno.
3215 1398 3490 1456 Cancrum
3530 1393 3706 1452 sede-

2105 1503 2244 1558 ciam
2296 1517 2498 1556 caecum
2537 1500 2758 1556 ductum
2801 1500 2854 1554 in
2887 1499 3216 1569 Babylonem
3243 1535 3258 1562 ,
3305 1493 3486 1564 ibique
3516 1491 3707 1548 statim

2106 1595 2368 1660 occisum,
2399 1604 2586 1649 narrat
2619 1592 2865 1648 historia.

2179 1687 2359 1758 (Vers.
2395 1688 2460 1743 10
2505 1688 2684 1757 seqq.)
2744 1684 2914 1739 Mater
2960 1694 3048 1738 tua
3098 1682 3247 1754 quasi
3280 1682 3425 1735 vinea
3470 1680 3526 1735 in
3575 1696 3707 1734 san-

401 1778 719 1848 captivitate
762 1782 935 1837 vicina
957 1824 971 1848 ,
1022 1783 1346 1853 prophetam
1375 1797 1482 1838 non
1518 1791 1626 1838 tam
1659 1781 1834 1837 futura
1861 1782 2001 1837 vati-
2035 1785 2082 1846 B
2108 1781 2262 1853 guine
2290 1791 2376 1834 tuo
2403 1797 2560 1850 super
2589 1795 2782 1849 aquam
2806 1778 3039 1848 plantata
3063 1792 3079 1828 :
3127 1779 3326 1845 fructus
3353 1776 3466 1846 ejus
3490 1782 3536 1826 et
3557 1772 3712 1842 fron-

403 1869 610 1936 cinarl,
654 1886 813 1941 quam
847 1887 1071 1930 narrare
1117 1875 1410 1943 praeterita.
1458 1874 1589 1930 Post
1615 1883 1827 1928 sextum
1858 1873 2001 1929 enim

403 1962 647 2018 Sedccia:
676 1979 876 2020 annum
911 1966 1202 2038 (siquidem
1242 1969 1422 2022 statim
1456 1969 1508 2022 in
1541 1967 2002 2039 consequentibus

407 2054 674 2126 legimus:
723 2057 792 2112 Et
821 2062 1018 2129 factum
1066 2071 1141 2114 est
1181 2062 1233 2115 in
1275 2078 1412 2116 antro
1442 2062 1694 2132 septimo,
1742 2063 1795 2115 in
1823 2061 2005 2132 quinto

406 2165 596 2216 mense,
632 2151 834 2206 decima
857 2154 1072 2225 mensis)
1095 2156 1390 2210 assumitur
1411 2154 1657 2225 planctus
1679 2169 1843 2224 super
1865 2155 2006 2224 prin-

405 2240 577 2312 cipes,
609 2245 698 2300 vel
741 2247 1037 2318 principem
1069 2247 1258 2313 Israel,
1300 2259 1352 2304 et
1379 2249 1611 2304 dicitur:
1647 2248 1823 2314 Quare
1843 2259 2005 2303 mater

407 2343 498 2388 tua
526 2333 690 2390 leaena
716 2337 846 2391 inter
875 2339 1048 2395 leones
1081 2341 1328 2395 cubavit?
1358 2341 1615 2396 Planctus
1649 2342 1814 2411 igitur
1840 2356 2005 2412 super

412 2426 690 2498 principes
733 2441 853 2496 est,
903 2447 1092 2488 omnes
1134 2434 1381 2490 videlicet
1431 2434 1521 2504 qui
1549 2434 1617 2489 de
1643 2434 1811 2491 Josiae
1835 2436 2004 2506 stirpe

405 2520 648 2590 generati
670 2530 818 2578 sunt.
873 2524 1045 2581 Mater
1067 2529 1374 2597 principum
1396 2527 1696 2583 Jerusalem
1720 2529 1893 2584 leaena
1919 2545 2007 2601 ap-

407 2611 679 2680 pellatur,
727 2630 849 2684 qua:
899 2616 1180 2674 leuncnlos
1227 2620 1391 2692 219
1429 2621 1615 2691 genuit
1657 2631 1714 2677 et
1745 2621 2001 2678 nutrivit:

412 2719 686 2776 unumque
733 2707 800 2765 de
832 2710 1102 2766 leunculis
1132 2713 1248 2768 suis
1274 2713 1492 2780 eduxit,
1524 2724 1580 2770 et
1606 2714 1736 2771 fecit
1765 2715 2002 2784 leonem,

403 2792 638 2852 Joaehaz
663 2799 979 2868 significans
1006 2803 1174 2860 lilium
1207 2807 1392 2873 Josiae,
1425 2822 1587 2878 quem
1617 2808 1835 2865 Neebao
1866 2809 2006 2866 Pha-

404 2901 503 2945 rao
530 2889 683 2946 duxit
712 2893 766 2948 in
795 2893 1120 2968 Egyptum,
1152 2907 1210 2954 et
1239 2914 1341 2970 pro
1370 2915 1440 2956 eo
1466 2903 1752 2957 constituit
1771 2901 2000 2958 Joacim.

408 2982 530 3050 Quo
570 2997 824 3055 mortuo,
865 2990 1160 3048 Jecbonias
1203 2992 1350 3050 ﬁlius
1383 2995 1500 3065 ejus
1531 3011 1624 3051 rex
1656 2997 2001 3066 constitutus,

405 3093 528 3133 cum
561 3089 733 3136 matre
782 3092 838 3138 et
875 3085 1228 3155 optimatibus
1256 3087 1490 3144 civitatis
1515 3107 1544 3143 a
1573 3089 2005 3147 Nabuchodono-

2107 1877 2198 1930 des
2237 1877 2352 1947 ejus
2373 1883 2638 1931 creverunt
2686 1890 2750 1928 ea:
2789 1874 2935 1945 aquis
2975 1871 3172 1926 multis.
3219 1870 3286 1925 Et
3327 1872 3481 1942 facta:
3518 1871 3712 1924 suntei

2108 1969 2264 2038 virga:
2302 1968 2484 2022 solida:
2525 1969 2580 2022 in
2603 1977 2805 2039 sceptra
2830 1966 3240 2031 dominantium,
3279 1973 3327 2017 et
3365 1965 3593 2019 exaltata
3633 1970 3713 2018 est

2108 2069 2309 2115 statura
2347 2062 2460 2130 ejus
2506 2068 2532 2096 ι
2568 2061 2622 2112 in
2649 2058 2878 2129 frondes.
2923 2056 2992 2111 Et
3033 2057 3158 2110 vidit
3184 2055 3512 2111 altitudinem
3556 2071 3712 2109 suam

2106 2151 2160 2204 in
2187 2151 2520 2205 multitudine
2545 2151 2816 2219 palmitum
2845 2165 3059 2204 suorunt
3081 2165 3100 2203 :
3139 2157 3186 2203 et
3211 2147 3388 2203 evulsa
3413 2156 3490 2202 est
3519 2149 3573 2202 in
3599 2147 3709 2215 ira,

2105 2244 2159 2298 in
2189 2253 2475 2316 terramque
2499 2246 2756 2316 projecta,
2784 2252 2831 2297 et
2853 2251 3032 2297 uentus
3054 2258 3211 2296 urens
3232 2239 3443 2296 siccabit
3473 2245 3710 2310 fructum

2107 2338 2216 2403 eius
2232 2353 2249 2390 :
2277 2346 2659 2406 emarcuerunt,
2691 2345 2739 2390 et
2760 2339 3008 2408 arefacta:
3031 2345 3148 2388 sunt
3172 2335 3329 2406 uirga:
3349 2335 3545 2390 roboris
3566 2338 3710 2408 ejus,

2105 2431 2242 2502 ignis
2269 2431 2489 2486 comedit
2528 2447 2662 2485 eam.
2709 2429 2775 2484 Et
2819 2446 2957 2484 nunc
3001 2427 3381 2499 transplantata
3420 2441 3496 2482 est
3528 2431 3583 2482 in
3615 2427 3716 2482 de-

2106 2535 2302 2581 sertum
2326 2529 2380 2580 in
2420 2537 2555 2582 terra
2582 2526 2720 2580 invia
2749 2534 2796 2580 et
2827 2524 3040 2578 sitienti.
3088 2521 3156 2576 Et
3196 2539 3426 2595 egressus
3449 2532 3523 2575 est
3566 2521 3710 2594 ignis

2108 2619 2174 2674 de
2198 2621 2341 2690 virga
2369 2603 2635 2673 ramorum
2663 2618 2774 2689 ejus
2799 2658 2814 2684 ,
2857 2617 2945 2688 qui
2988 2617 3188 2686 [ructus
3229 2615 3342 2685 ejus
3371 2611 3615 2680 comedit,
3662 2622 3714 2668 et

2108 2730 2210 2768 non
2239 2713 2341 2784 fuit
2395 2714 2446 2766 in
2490 2729 2552 2767 ea
2579 2713 2724 2782 virga
2765 2710 2916 2782 fortis
2940 2751 2955 2775 ,
3005 2717 3261 2781 sceptrum
3287 2705 3667 2761 dominantium
3691 2721 3712 2760 :

2109 2808 2346 2880 planctus
2382 2818 2490 2875 est,
2537 2817 2585 2862 et
2625 2806 2722 2861 erit
2763 2806 2818 2859 in
2857 2805 3144 2877 planctum.
3186 2800 3367 2857 LXX:
3415 2799 3586 2855 Mater
3615 2808 3713 2854 tua

2107 2903 2256 2970 quasi
2286 2903 2429 2956 vinea
2455 2945 2469 2969 ,
2501 2901 2634 2954 sicut
2660 2900 2756 2968 ﬂos
2797 2899 2848 2951 in
2876 2898 3028 2950 malis
3059 2897 3294 2970 grauatis
3317 2897 3372 2950 in
3395 2911 3530 2966 aqua
3554 2893 3715 2964 plan-

2111 3005 2240 3050 tata.
2273 2993 2497 3049 Fructus
2535 2998 2646 3064 ejus
2676 3002 2722 3048 et
2760 3007 2968 3063 germen
2997 2991 3139 3046 illius
3166 2995 3360 3062 factum
3383 2999 3547 3045 estea:
3574 3005 3716 3060 aqua

2109 3087 2293 3142 multa.
2335 3086 2400 3140 Et
2441 3087 2582 3156 facta
2611 3094 2685 3140 est
2716 3086 2761 3140 ei
2789 3085 2934 3158 uirga
2957 3084 3285 3155 fortitudinis
3312 3083 3366 3138 in
3391 3083 3582 3137 tribum
3609 3085 3718 3137 du-

411 3185 504 3226 sor
529 3172 727 3230 ductus
753 3187 836 3231 est
869 3178 920 3232 iu
955 3178 1290 3250 Babylonem
1315 3198 1329 3235 :
1362 3181 1429 3237 de
1457 3198 1566 3254 quo
1592 3185 1835 3239 nascitur
1862 3185 2010 3240 Sala—
2035 3183 2080 3246 C
2113 3198 2266 3236 cum:
2294 3191 2340 3236 et
2367 3181 2596 3235 exaltant
2626 3189 2700 3234 est
2728 3179 3086 3248 magnitudine
3111 3195 3206 3233 sua
3235 3178 3290 3232 in
3318 3177 3488 3232 medio
3515 3193 3716 3249 prepa-

411 3265 572 3331 tltiel,
609 3277 762 3336 pater
790 3269 1124 3338 Zorobabel,
1158 3274 1249 3344 qui
1276 3289 1343 3330 ex
1373 3289 1442 3330 eo
1472 3275 1617 3347 quod
1647 3277 1698 3331 in
1729 3277 2010 3349 Babylone

410 3370 570 3413 natus
595 3367 714 3424 est,
761 3375 964 3418 nomen
1009 3367 1218 3434 accepit
1261 3363 1354 3434 (ιν
1385 3365 1516 3439 Reg.
1552 3365 1730 3440 χχιιι).
1791 3368 2010 3439 Perspi-

408 3465 680 3522 cuumque
725 3462 809 3509 est
848 3455 951 3510 sub
981 3457 1299 3528 metaphora
1331 3459 1554 3526 leaenae,
1599 3460 2004 3529 leunculorum,

409 3556 464 3600 et
500 3546 678 3602 leonis
705 3589 719 3614 ,
772 3565 1104 3622 rursumque
1140 3553 1364 3608 alterius
1390 3554 1598 3623 leonis,
1647 3556 1740 3610 illa
1771 3557 2008 3615 describl

411 3653 533 3707 quae
563 3654 629 3695 eo
663 3647 908 3710 tempore
944 3643 1055 3711 jam
1084 3643 1228 3699 facla
1257 3654 1436 3713 erant,
1466 3662 1574 3717 quo
1597 3647 1715 3703 hate
1739 3651 2007 3719 propheta

410 3732 646 3787 dicebat.
697 3732 987 3804 Postquam
1017 3739 1160 3792 enim
1191 3737 1497 3796 Jerusalem
1529 3741 1715 3798 eduxit
1740 3744 1808 3798 de
1838 3745 2008 3816 stirpe

408 3820 558 3892 regia
586 3821 824 3879 Joacliaz
862 3824 1028 3881 lilium
1059 3826 1223 3883 Josia:
1249 3869 1266 3897 ,
1311 3837 1367 3885 et
1399 3832 1681 3888 constituit
1710 3834 1765 3890 in
1799 3850 2003 3906 regem,

407 3921 516 3968 tam
583 3913 824 3970 crudelis
875 3919 926 3971 in
981 3917 1136 3974 brevi
1192 3921 1400 3977 exstitit
1438 3932 1718 3994 tempore,
1788 3936 1848 3981 ut
1894 3938 2007 3983 tro-

408 4003 657 4075 pologice
714 4006 925 4078 cepisse
988 4009 1238 4080 praedas,
1315 4023 1372 4069 et
1420 4013 1668 4073 homines
1715 4019 2009 4079 devorasse

407 4107 764 4156 metueretur.
825 4101 907 4159 Ad
930 4119 1088 4174 quem
1131 4121 1255 4161 cum
1286 4109 1527 4165 venisset
1563 4110 1848 4185 IEgyptius
1873 4156 1886 4181 ,
1921 4131 2012 4172 ce-

409 4191 486 4261 pit
535 4209 659 4248 cum
707 4210 813 4250 non
855 4195 1060 4267 absque
1097 4199 1446 4267 vulneribus,
1503 4203 1618 4260 sive
1650 4205 1706 4260 in
1737 4205 1917 4276 fovea,
1953 4218 2010 4264 ut

409 4285 630 4352 proprie
703 4284 757 4340 in
824 4286 1092 4346 Hebraico
1162 4293 1508 4350 continetur:
1585 4306 1646 4353 ut
1717 4311 2011 4358 conservet

408 4375 794 4447 tropologicam
835 4382 1142 4451 captionem
1184 4385 1436 4457 leonum,
1490 4403 1594 4459 qua
1617 4405 1837 4462 semper
1856 4393 1909 4449 in
1933 4394 2012 4450 lo-

410 4469 530 4526 veis
560 4475 694 4543 capi,
719 4474 915 4532 solent.
972 4478 1044 4534 Et
1069 4480 1295 4538 adduxit
1320 4499 1442 4539 eum
1479 4485 1532 4540 in
1562 4487 1758 4544 cliamo
1800 4489 1916 4544 sive
1955 4491 2009 4546 in

2114 3277 2317 3348 ginum.
2370 3274 2434 3331 Et
2474 3275 2603 3328 uidit
2639 3273 3048 3346 magnitudinem
3083 3289 3232 3326 suam
3280 3273 3334 3325 in
3379 3270 3716 3325 multitudine

2116 3371 2390 3442 palmitum
2416 3386 2652 3436 suorum,
2695 3380 2742 3424 et
2769 3369 3037 3440 confracta
3061 3379 3136 3423 est
3162 3370 3216 3422 in
3256 3367 3436 3436 furore
3460 3384 3478 3420 :
3525 3367 3580 3422 in
3602 3375 3714 3422 ter-

2113 3481 2227 3518 ram
2255 3466 2484 3533 projecta
2513 3476 2584 3519 est
2611 3505 2627 3530 ,
2672 3475 2718 3518 et
2769 3472 2946 3519 ventus
2972 3480 3120 3518 urens
3149 3463 3362 3525 arefecit
3391 3463 3552 3516 electa
3571 3465 3713 3537 ejus.
3739 3505 3744 3510 .
3783 3503 3804 3514 -

2121 3555 2385 3611 Vindicati
2413 3566 2570 3622 sunt,
2618 3565 2665 3610 et
2689 3559 2920 3629 arefacta
2947 3567 3020 3610 est
3049 3557 3192 3628 rirga
3217 3556 3540 3626 fortitudinis
3572 3558 3713 3628 ejus.

2113 3649 2263 3724 Ignis
2310 3651 2626 3722 consumpsit
2664 3667 2814 3714 eam,
2870 3660 2916 3704 et
2955 3667 3090 3704 nunc
3129 3651 3487 3720 plantaverunt
3514 3666 3625 3705 eant
3653 3651 3712 3705 in

2112 3747 2312 3802 deserto
2342 3747 2396 3801 in
2428 3755 2562 3801 terra
2579 3746 2690 3800 sine
2706 3761 2862 3816 aqua,
2886 3755 2932 3798 et
2953 3745 3103 3799 ea'irit
3120 3745 3255 3818 ignis
3274 3745 3338 3800 de
3358 3745 3502 3817 virga
3521 3745 3716 3800 electo-

2111 3857 2232 3895 rum
2258 3844 2390 3908 eius,
2432 3850 2482 3895 et
2504 3839 2723 3894 comedit
2747 3855 2883 3907 eam,
2907 3848 2954 3893 et
2977 3856 3079 3893 non
3099 3846 3206 3894 erat
3229 3839 3282 3894 in
3303 3855 3362 3894 ea
3379 3839 3523 3910 virga
3547 3839 3714 3908 forti-

2113 3935 2331 3989 tudinis.
2363 3932 2556 3988 Tribus
2584 3934 2637 3987 in
2663 3933 2969 4002 parabolam
3001 3932 3382 3988 lamrntationis
3409 3945 3506 3997 est,
3539 3941 3590 3988 et
3615 3933 3718 3986 erit

2111 4031 2164 4082 in
2186 4027 2472 4101 planctum.
2514 4027 2754 4083 Diversis
2778 4027 3122 4084 sermonibus
3139 4042 3244 4082 una
3276 4042 3363 4082 res
3393 4026 3615 4081 dicitur.
3646 4026 3718 4080 Et

2112 4121 2390 4193 quomodo
2407 4122 2460 4177 in
2485 4122 2868 4192 superioribus
2893 4121 3122 4192 legimus
3143 4120 3442 4177 Jerusalem
3471 4118 3716 4189 pulchra:

2113 4215 2331 4270 mulieri
2375 4223 2777 4286 comparatam,
2817 4225 2873 4270 et
2916 4229 3132 4268 rursum
3161 4213 3347 4268 leaenae
3377 4227 3498 4280 qua:
3527 4211 3578 4266 in
3607 4225 3714 4266 cu-

2115 4307 2210 4363 bili
2255 4322 2354 4362 suo
2404 4307 2594 4363 leones
2635 4305 2930 4371 nutrierit,
2978 4305 3058 4360 sic
3101 4320 3244 4360 nunc
3283 4303 3379 4360 viti
3423 4303 3509 4358 vel
3535 4304 3716 4360 vinem

2117 4401 2501 4472 pulcherrimae
2526 4409 2898 4470 comparatur,
2931 4413 3052 4467 quae
3083 4414 3250 4470 super
3274 4411 3443 4468 aquas
3469 4396 3715 4468 plantata

2115 4497 2189 4548 sit
2213 4493 2430 4562 multas,
2462 4502 2516 4547 et
2545 4493 2748 4548 idcirco
2780 4492 3011 4546 humore
3041 4491 3231 4546 nutriti
3251 4490 3570 4561 palmitesin
3592 4499 3720 4546 tan-

403 4565 616 4654 eatenis
667 4566 724 4623 in
782 4577 982 4626 terram
1034 4571 1255 4646 IEgypti
1281 4617 1296 4643 ,
1363 4577 1547 4649 ibique
1608 4591 1854 4638 mortuus
1893 4595 1997 4639 est.
2037 4581 2086 4643 Ι)
2115 4595 2226 4640 tum
2255 4585 2622 4652 increverint,
2665 4594 2725 4638 ut
2773 4599 2912 4639 unus
2955 4583 3199 4654 palmes,
3241 4598 3403 4653 quem
3428 4581 3717 4652 Scriptura

403 4653 560 4722 Quod
613 4672 734 4714 cum
787 4661 1013 4719 vidisset
1068 4676 1244 4722 mater
1291 4667 1410 4738 ejus
1465 4670 1815 4742 Jerusalem,
1880 4691 2000 4746 qua:

401 4762 526 4804 eum
584 4765 897 4822 genuerat,
964 4774 1086 4824 qua:
1149 4763 1462 4832 nutrierat,
1521 4781 1643 4836 quae
1707 4770 2001 4825 constitue-

401 4853 490 4899 rat
522 4846 574 4900 in
611 4863 834 4918 regnum
859 4892 874 4917 ,
921 4853 1068 4923 quod
1105 4855 1335 4925 perisset
1364 4862 1675 4928 expectatio
1699 4865 1816 4932 ejus
1837 4906 1852 4930 ,
1881 4863 2002 4919 tulit

401 4936 472 4994 de
502 4939 626 4995 aliis
655 4942 873 5012 regibus
898 4943 1219 5004 Jeehoniam
1237 4991 1252 5016 ,
1279 4950 1446 5006 lilium
1469 4953 1702 5022 Joacim,
1732 4957 2002 5011 etconsti—

395 5035 500 5086 tuit
528 5032 585 5088 in
613 5048 820 5106 regem.
852 5035 953 5105 Qui
981 5046 1038 5094 et
1076 5039 1195 5112 ipse
1231 5045 1578 5110 princessoris
1603 5046 1845 5102 imitatus
1864 5062 1993 5102 cru-

395 5119 709 5193 delitatem,
755 5127 858 5183 sub
885 5128 1064 5186 leonis
1092 5130 1308 5189 feritate
1333 5133 1682 5204 describitur,
1713 5139 1858 5208 quod
1890 5139 1985 5194 lio-

393 5215 570 5271 mines
597 5216 896 5287 devorarit,
933 5222 1136 5279 multas
1162 5225 1351 5281 viduas
1377 5227 1589 5295 fecerit,
1617 5228 1684 5284 ad
1711 5221 1989 5287 desertum

392 5308 694 5368 adduxerit
733 5315 1022 5384 civitates;
1065 5328 1121 5375 et
1159 5321 1228 5377 ad
1261 5337 1444 5379 vocem
1475 5326 1689 5395 rugitus
1717 5326 1840 5397 ejus
1879 5336 1992 5384 ter-

393 5401 496 5457 rita
547 5403 621 5459 sit
665 5407 921 5464 universa
971 5411 1288 5481 provincia,
1336 5415 1411 5470 ita
1439 5426 1498 5471 ut
1524 5418 1885 5476 convenirent
1924 5421 1990 5478 ad

390 5509 512 5550 eum
543 5507 734 5567 gentes
761 5544 775 5588 ,_
809 5509 868 5558 et
894 5505 1270 5574 expanderent
1311 5521 1478 5578 super
1503 5523 1629 5566 eum
1655 5520 1775 5569 rete
1806 5526 1988 5587 suum,

2107 4679 2316 4750 virgam
2368 4677 2788 4742 solidissimam,
2849 4677 2964 4732 sive
3004 4677 3360 4732 fortissimam
3412 4685 3715 4748 nuncupat,

2111 4771 2411 4843 profecerit
2443 4772 2495 4826 in
2528 4781 2744 4842 sceptra
2773 4770 3195 4827 dominantium.
3225 4771 3332 4827 Pro
3359 4787 3468 4843 quo
3490 4779 3720 4830 vertere

2105 4865 2460 4936 Septuaginta
2482 4907 2498 4931 ,
2547 4865 2603 4918 in
2629 4864 2820 4918 tribum
2849 4865 3040 4919 ducum
3069 4909 3084 4934 ,
3136 4875 3194 4921 ut
3222 4866 3432 4922 scilicet
3455 4881 3612 4938 reges
3640 4881 3720 4923 ex

2103 4977 2166 5018 ea
2196 4961 2398 5016 ﬁerint.
2431 4959 2622 5014 Tantae
2653 4967 2834 5015 autem
2863 4969 2984 5015 erat
3013 4961 3133 5029 ipsa
3161 4961 3320 5017 vinea
3350 4959 3720 5030 pulchritudi-

2102 5053 2208 5120 nis,
2235 5062 2290 5108 ut
2309 5051 2571 5123 Splendor
2599 5052 2795 5108 viroris
2817 5052 2938 5122 ejus
2955 5097 2970 5121 ,
2997 5053 3224 5110 ﬂoribus
3250 5055 3380 5110 mali
3411 5056 3596 5127 punici
3615 5071 3718 5113 co-

2097 5155 2425 5218 :equaretur,
2453 5145 2594 5213 quod
2611 5145 2662 5199 in
2679 5143 3321 5218 Hebraicodiciturquasi
3336 5148 3494 5205 vinea
3508 5149 3562 5204 in
3581 5165 3716 5206 san-

2092 5240 2253 5310 guine
2275 5250 2387 5305 tuo,
2409 5238 2609 5294 rubore
2620 5237 2814 5294 ﬂorum
2835 5239 3086 5311 sanguini
3107 5251 3448 5312 comparato,
3466 5243 3712 5300 exaltata

2093 5335 2253 5405 221
2283 5346 2412 5402 ergo
2440 5330 2600 5387 vinea
2627 5340 2807 5388 erecta
2831 5349 2845 5385 :
2880 5331 3016 5399 Quia
3036 5334 3272 5405 superbis
3308 5333 3452 5389 Deus
3483 5336 3714 5404 resistit,

2096 5425 2376 5482 humilibus
2421 5434 2596 5481 autem
2621 5425 2712 5480 dat
2760 5427 2990 5498 gratiam
3012 5426 3156 5498 (Jac.
3188 5443 3262 5498 tv,
3296 5426 3378 5500 6),
3405 5429 3593 5486 evulsa
3625 5441 3722 5488 est

2094 5517 2151 5575 in
2171 5518 2355 5574 lurore
2391 5517 2606 5573 Domini
2647 5517 2702 5572 in
2748 5527 3067 5589 terramque
3109 5519 3379 5591 projects,
3417 5532 3478 5578 ut
3521 5523 3722 5582 ruinas

459 5681 486 5710 ⁸
516 5672 623 5781 Pro
650 5676 943 5782 Victor.
976 5685 1109 5782 inter
1150 5689 1406 5747 rescribit
1431 5705 1498 5747 ex
1527 5689 1695 5748 Hebr.
1722 5676 1912 5782 ττι-ἣν,
1941 5702 1997 5753 et
2019 5692 2174 5768 Vulg.
2209 5695 2522 5770 {Graecoque
2550 5698 2599 5752 ἐν
2639 5697 2804 5772 μέσῳ.
2846 5695 3015 5758 Paulo
3043 5713 3262 5773 quoque
3308 5709 3432 5774 post
3467 5703 3708 5771 siccat-it,

387 5782 490 5840 pro
523 5769 758 5844 siccabit,
790 5779 1243 5848 quemadmodum
1273 5795 1328 5843 et
1359 5787 1634 5844 Rabanus.
