4038 6328
265 276 341 331 185
889 256 1543 320 COMMENTARIORUM
1583 255 1647 313 IN
1689 252 2131 313 ILZILCHIELEM
2172 253 2302 311 LIB.
2347 254 2437 321 Vl,
2475 254 2633 312 CAP.
2678 254 2796 312 ΧΧ.

3400 251 3505 311 I86

257 387 531 453 Jerusalem,
562 381 780 451 elegans
793 380 918 436 vitis
946 376 1228 434 translatio
1248 376 1575 433 custodiret.
1606 374 1807 443 Quam-
1832 375 1883 435 Α
1912 373 1967 429 in
1995 388 2099 445 qua
2148 373 2264 429 sole
2290 379 2433 438 orto,
2467 388 2531 429 ea
2579 388 2698 444 quae
2725 371 3186 443 germinaverant,
3239 378 3507 427 mstuare-

256 486 314 539 ris
337 481 462 537 enim
496 474 714 548 pulchra
747 474 817 531 sit
845 473 1003 529 vinea
1025 517 1039 541 ,
1093 481 1149 528 et
1180 472 1356 543 longis
1410 469 1799 542 propaginibus

252 574 536 634 extendatur
568 613 583 637 ,
632 572 678 625 si
739 570 958 625 hastilia
1005 569 1354 639 calamosque
1402 566 1744 622 subtraxeris
1779 609 1793 631 ,

252 682 375 728 terra:
392 670 591 734 juncta,
614 666 814 721 arescit
840 664 1045 729 calore,
1065 663 1302 717 maxime
1328 663 1371 716 si
1393 670 1589 717 ventus
1609 676 1793 726 urens,

249 779 372 834 quem
414 759 581 816 Graeci
628 761 884 827 καύσωμα
930 765 1171 825 vocant,
1226 754 1517 812 siccaverit
1560 753 1792 811 fructum

248 859 357 926 ejus,
380 862 433 909 ut
458 860 818 916 emarcescat,
850 860 905 906 et
928 850 1084 921 quasi
1110 850 1250 921 ignis
1279 858 1556 904 cremetur
1583 848 1783 903 ardori-

245 954 338 1007 bus.
357 948 499 1015 Quod
517 957 702 1002 autem
716 946 771 1001 in
786 944 1140 1016 Septuaginta
1159 942 1399 998 additum
1414 951 1515 998 est:
1532 941 1796 996 Vindicati

245 1053 351 1105 unt,
376 1056 471 1111 pro
498 1055 569 1097 eo
594 1040 739 1110 quod
769 1039 823 1093 in
850 1038 1122 1093 Hebraico
1162 1037 1422 1107 scriptum
1471 1044 1577 1104 est,
1626 1050 1797 1089 emar-

242 1146 434 1203 ruaunt,
461 1149 630 1205 quam
684 1131 1134 1204 consequentiam
1166 1131 1370 1187 habere
1417 1129 1619 1200 possit,
1651 1128 1796 1184 scire

241 1230 505 1289 noux‘aleo.
542 1229 639 1284 Illa
688 1229 855 1300 igitur
872 1228 1029 1282 vinea
1057 1236 1221 1283 tanta:
1263 1225 1563 1293 ubertatis,
1596 1232 1651 1279 et
1682 1222 1796 1277 fru-

240 1336 416 1389 ctuum,
470 1332 751 1390 tantaeque
809 1318 1266 1391 pulchritudinis,
1318 1318 1593 1388 quomodo
1654 1331 1794 1372 nunc

240 1416 591 1486 mnsplantata
645 1426 728 1471 est
759 1416 817 1471 in
856 1415 1157 1478 desertum,
1207 1413 1263 1468 in
1295 1422 1439 1467 terra
1469 1412 1610 1466 invia
1643 1419 1697 1466 et
1724 1411 1796 1465 si-

238 1510 394 1567 tienti?
437 1508 723 1580 Signiﬁcat
773 1518 956 1565 autem
985 1519 1186 1565 terram
1222 1505 1513 1578 Babylonis
1540 1505 1606 1560 ad
1634 1520 1793 1575 quam

237 1602 432 1661 translati
459 1613 615 1667 sunt,
643 1603 729 1658 vel
782 1601 1098 1675 AZgyptum,
1140 1617 1248 1670 quo
1287 1598 1673 1671 confugerunt.
1704 1607 1795 1653 aut

234 1699 364 1769 ipsam
388 1707 583 1753 terram
614 1697 881 1761 Judzeam,
900 1698 951 1751 in
971 1696 1248 1768 quavpanci
1277 1709 1539 1764 pauperes
1572 1708 1790 1749 reman-

1902 479 2057 534 vunt,
2091 478 2145 524 et
2191 478 2417 538 repente
2460 469 2663 524 siccata
2704 468 3050 542 sunt(Marc.
3080 469 3191 540 IV);
3224 469 3298 525 ita
3330 478 3387 524 ut
3417 469 3506 525 \ix

1901 571 2184 619 remaneat
2213 578 2353 617 unus
2374 577 2404 618 e
2430 561 2843 633 palmitibuSqui
2868 572 3162 634 consurgat
3192 562 3246 617 in
3271 564 3501 633 virgam,

1901 669 1954 714 et
1979 658 2175 729 dignus
2204 658 2388 728 populi
2424 658 2676 728 princeps
2718 660 2825 713 liat.
2861 660 3015 726 Quod
3050 661 3171 717 aliis
3222 660 3402 715 verbis
3429 660 3510 715 lo-

1902 753 2087 823 quitur
2118 754 2285 806 Amos
2317 767 2333 805 :
2365 749 2627 807 Inducam
2656 752 2845 823 famem
2873 760 2919 807 et
2946 754 3081 807 sitim
3110 770 3267 823 super
3292 764 3509 809 terram:

1902 864 2002 902 non
2025 848 2217 918 famem
2246 847 2395 914 panis
2418 855 2464 901 et
2495 848 2637 901 sitim
2685 863 2855 917 aquw,
2910 847 2998 902 sed
3022 851 3211 918 famem
3261 848 3509 902 audiendi

1898 957 2154 996 sermones
2217 938 2316 995 Dei
2345 940 2524 1011 (Amos
2554 955 2647 995 vtu
2676 983 2690 1008 ,
2726 938 2835 1010 Il).
2871 939 3026 997 Unde
3055 938 3319 994 debemus
3346 940 3502 1010 plan-

1899 1051 2051 1106 gere,
2084 1045 2138 1091 et
2191 1035 2473 1092 lamentari
2526 1050 2696 1105 super
2727 1035 3000 1104 principes
3047 1036 3242 1101 Israel,
3272 1051 3504 1106 quorum

1902 1131 2036 1185 vitio
2059 1130 2389 1200 ctsuperbia
2414 1129 2602 1186 Iudaea
2631 1128 2873 1197 deserta,
2903 1137 2957 1184 et
2989 1138 3145 1200 capta
3174 1140 3255 1184 est
3287 1127 3509 1186 Jerusa-

1899 1223 2028 1279 lem.

1972 1316 2129 1390 (Cap.
2153 1316 2275 1373 XX.
2305 1347 2377 1358 --
2403 1315 2559 1374 Vers.
2587 1318 2669 1385 I.)
2711 1315 2779 1371 Et
2806 1320 3001 1388 factum
3050 1326 3125 1372 est
3151 1317 3203 1371 in
3228 1333 3367 1373 anno
3386 1333 3505 1389 sep-

1901 1414 2046 1478 timo,
2071 1412 2123 1466 in
2151 1412 2351 1482 quinto,
2380 1413 2433 1466 in
2460 1412 2659 1465 decima
2690 1413 2898 1477 mensis,
2944 1421 3189 1467 uenerunt
3210 1412 3308 1467 viri
3329 1413 3393 1466 de
3421 1428 3505 1466 se-

1900 1507 2133 1563 nioribus
2155 1505 2347 1575 Israel,
2393 1516 2445 1561 ut
2496 1508 2877 1579 interrogarent
2912 1505 3214 1572 Dominum,
3237 1516 3283 1560 ct
3313 1503 3341 1543 ι’
3363 1505 3512 1560 sede—

1901 1605 2020 1660 bant
2047 1619 2225 1658 coram
2258 1619 2355 1657 me.
2413 1603 2541 1659 Post
2598 1600 2844 1657 undecim
2880 1615 3120 1666 menses,
3167 1609 3221 1655 et
3265 1600 3507 1671 quinque

1900 1700 2015 1757 dies
2047 1700 2348 1770 superioris
2365 1698 2616 1765 visionis,
2641 1714 2857 1755 rursum
2878 1713 3062 1755 sermo
3085 1697 3144 1754 Iit
3167 1697 3234 1753 ad
3270 1696 3505 1769 prOpbc—

233 1799 396 1856 serunl,
442 1790 651 1861 quibus
685 1792 975 1861 prteleclus
1017 1797 1136 1845 erat
1163 1787 1429 1845 Godolins
1454 1787 1564 1861 [AL
1591 1786 1797 1844 Golho-
1826 1785 1875 1845 Β
1905 1811 2035 1859 iam,
2070 1804 2352 1864 postquam
2382 1802 2655 1849 venerunt
2683 1794 2783 1848 viri
2831 1794 2899 1849 de
2939 1793 3252 1850 senioribus
3309 1791 3507 1848 domus

235 1884 361 1957 lias],
403 1894 459 1939 ut
504 1896 882 1958 cungregaret
928 1894 985 1941 et
1036 1893 1254 1957 regeret
1314 1884 1570 1954 reliquias
1611 1882 1794 1954 populi

232 1977 420 2050 (lVReg.
455 1979 615 2051 xxv).
651 1982 853 2036 C0ntra
885 1995 1045 2051 quem
1069 1979 1310 2034 surrexit
1338 1978 1406 2033 de
1434 1978 1601 2047 stirpe
1624 1978 1790 2047 regia,

232 2072 347 2128 etde
387 2072 533 2143 virga
577 2088 862 2128 ramorum
918 2075 1092 2127 vinea:
1124 2071 1341 2135 Ismael,
1377 2071 1468 2141 qui
1522 2068 1795 2125 interfecit

234 2181 326 2221 eum
369 2166 416 2220 in
462 2165 693 2235 Maspha
743 2165 854 2238 [ΑΙ.
901 2163 1199 2237 blasepha].
1228 2172 1284 2219 et
1308 2163 1545 2220 comedit
1574 2177 1790 2218 omnem

240 2260 429 2314 fructum
461 2259 664 2321 viuere,
715 2268 767 2315 et
796 2260 1004 2314 exinde
1026 2275 1132 2313 non
1158 2257 1331 2312 fuitin
1359 2258 1473 2325 ipsa
1499 2256 1654 2312 vinea
1689 2256 1794 2310 vir-

229 2367 277 2422 ga
302 2351 515 2419 lortis,et
530 2362 817 2422 sceptrum
841 2350 1237 2407 dominantium
1266 2348 1478 2422 (Jerem.
1506 2368 1573 2406 xi.
1588 2360 1636 2405 et
1655 2350 1789 2420 xu).

229 2443 381 2500 Nullus
400 2445 540 2499 enim
570 2444 835 2500 remansit
857 2444 924 2499 de
957 2444 1174 2515 regibus
1192 2444 1285 2512 qui
1310 2444 1567 2512 p0pulum
1595 2443 1795 2514 guber-

230 2549 369 2606 naret,
415 2539 505 2595 sed
549 2556 680 2597 cum
710 2540 981 2596 Joannam
1016 2540 1128 2596 lilio
1178 2541 1363 2596 Carea:
1396 2541 1464 2595 ad
1494 2537 1809 2611 Egyptum,

229 2632 564 2701 confugerunt.
595 2632 804 2690 Idcirco
818 2635 1063 2704 planctus
1090 2645 1196 2702 est,
1221 2645 1275 2690 et
1300 2634 1559 2705 parabola
1584 2634 1792 2689 lamen-

229 2726 426 2789 talionis,
455 2738 511 2783 nt
552 2728 847 2797 plangatur
869 2730 1074 2801 regium
1121 2745 1291 2800 genus
1320 2730 1464 2801 quod
1515 2730 1567 2785 in
1601 2728 1788 2785 Judzea

231 2818 335 2873 ultra
362 2820 617 2885 cessarit,
648 2820 828 2877 donec
860 2823 1067 2878 veniret
1097 2822 1182 2878 cui
1213 2823 1510 2893 repositum
1562 2831 1645 2878 est
1681 2839 1692 2876 :
1727 2820 1791 2875 Et

228 2910 310 2978 ipse
331 2921 427 2966 erat
449 2914 772 2986 exspectatio
810 2917 1034 2985 gentium
1076 2915 1284 2988 (Genes.
1332 2931 1477 2982 χιιι,
1538 2916 1650 2986 Ill).
1707 2915 1787 2970 Ex

227 3019 308 3073 quo
332 3006 669 3076 perspicuum
691 3019 797 3071 est.
822 3018 873 3064 et
906 3009 1245 3079 superiorem
1269 3009 1579 3076 lectionem,
1613 3010 1788 3076 inqua

227 3095 384 3151 dicitur
416 3117 426 3151 :
452 3098 631 3165 Quare
656 3110 821 3156 mater
842 3110 930 3154 tua
957 3101 1122 3156 letalia
1158 3102 1235 3156 int
1267 3118 1293 3154 r
1323 3102 1493 3156 leones
1550 3101 1789 3157 cubavit?

1902 1890 2091 1952 Israel,
2117 1899 2175 1944 ut
2197 1889 2596 1955 interrogarent
2620 1887 2909 1942 Dominum
2943 1895 3000 1942 et
3038 1886 3295 1943 sederunt
3319 1900 3504 1943 coram

1899 1999 1985 2039 eo.
2015 1983 2163 2038 lianc
2195 1993 2374 2038 autem
2406 1981 2575 2038 fuisse
2603 1981 3058 2037 consuetudinem
3110 1981 3294 2052 populi
3315 1980 3501 2051 Israel,

1898 2077 2235 2147 utquidqnid
2287 2078 2426 2131 seire
2475 2074 2768 2145 cupiebant
2818 2090 2845 2127 a
2878 2073 3130 2139 Domino,
3188 2080 3503 2142 quaererent

1899 2188 1995 2244 per
2021 2171 2337 2242 prophetas,
2371 2169 2536 2224 multa
2567 2168 2812 2236 exempla
2848 2176 3136 2223 testantur.
3191 2166 3322 2223 Sanl
3351 2181 3502 2236 quaa-

1898 2281 2022 2322 rens
2053 2265 2258 2329 asinas,
2290 2264 2461 2334 pergit
2505 2262 2570 2317 ad
2596 2262 2931 2326 Samuelem,
2976 2262 3297 2332 accepitque
3327 2260 3508 2316 consi-

1898 2361 2027 2416 lium
2061 2376 2086 2413 a
2118 2374 2289 2427 puero
2315 2370 2372 2413 ut
2416 2358 2611 2414 ollerat
2654 2357 2935 2426 propheta:
2989 2365 3235 2423 quartam
3282 2364 3496 2426 partem

1895 2455 2039 2511 sicli.
2072 2454 2397 2523 Egrotante
2449 2452 2561 2507 ﬁlio
2585 2451 2901 2519 .leroboam,
2929 2451 3159 2507 mittitur
3188 2452 3240 2506 in
3271 2450 3401 2522 Sylo
3429 2447 3499 2505 ad

1895 2547 2249 2619 AchiamfAl.
2281 2544 2497 2618 Abiam]
2546 2546 2865 2615 prophetam
2915 2559 3052 2600 uxor
3078 2543 3217 2614 ejus,
3239 2542 3491 2599 deferens

1895 2642 2243 2706 munuscula,
2264 2657 2436 2713 panes
2469 2651 2525 2696 et
2555 2639 2857 2707 colliridas,
2893 2654 3023 2694 uvas
3068 2650 3125 2695 et
3152 2638 3495 2710 lagunculam

1901 2737 2095 2803 mellis,
2133 2743 2192 2789 ut
2212 2734 2280 2789 de
2311 2734 2408 2788 lilii
2433 2734 2750 2789 inﬁrmitate
2780 2741 3136 2802 cognosceret
3166 2733 3219 2805 (l
3252 2732 3385 2803 Reg.
3418 2747 3496 2799 rx,

1892 2831 1961 2887 Ill
1988 2829 2118 2902 Reg.
2151 2829 2287 2899 xiv).
2318 2828 2485 2883 David
2511 2842 2727 2899 quoque
2760 2825 3031 2897 propheta
3064 2826 3227 2882 alium
3261 2826 3499 2882 interro—

1892 2934 1985 2995 gat
2013 2922 2173 2994 223
2201 2920 2520 2992 prophetam
2550 2920 2783 2985 Natban,
2811 2929 2990 2976 utrum
3022 2920 3281 2989 templum
3313 2918 3501 2975 Domi-

1895 3033 1962 3071 no
1992 3016 2265 3072 aediﬁcare
2286 3015 2481 3071 debeat
2514 3014 2578 3087 (ll
2610 3015 2737 3088 Reg.
2772 3014 2901 3083 vn).
2932 3014 2995 3069 Et
3031 3013 3213 3068 Achab
3241 3013 3490 3069 sciscita-

1896 3118 2000 3175 tur,
2027 3108 2283 3165 ascendat
2306 3123 2371 3163 an
2394 3124 2499 3162 non
2530 3107 2579 3162 in
2593 3107 2827 3162 Ramoth
2849 3105 3048 3161 Galaad
3075 3106 3163 3176 (III
3179 3106 3303 3175 Reg.
3334 3109 3494 3177 χχιι).

227 3202 266 3247 ει
288 3193 406 3248 hanc
436 3195 484 3249 in
517 3211 632 3265 qua
664 3197 926 3265 scriptum
955 3205 1036 3252 est
1066 3214 1078 3249 :
1105 3196 1274 3251 Mater
1328 3204 1415 3251 tun
1458 3197 1604 3267 quasi
1638 3197 1781 3250 vinea
1809 3189 1855 3253 C
1891 3202 1947 3258 In
1978 3202 2115 3257 Isaia
2147 3216 2362 3273 quoque
2391 3198 2775 3271 (lsa.xxxvn),
2810 3209 2867 3253 et
2894 3200 2944 3254 in
2977 3199 3179 3269 Regum
3213 3199 3495 3257 volumine

227 3286 263 3338 iu
289 3289 513 3359 sanguine
560 3299 655 3345 tuo
694 3306 850 3359 super
879 3306 1065 3358 aquam
1108 3290 1362 3361 plantata.
1392 3290 1455 3345 ad
1483 3289 1782 3349 Jerusalem

228 3382 472 3450 pertinere,
522 3400 653 3454 qua:
683 3385 927 3454 perdidit
965 3386 1154 3441 leones
1188 3394 1244 3441 et
1274 3384 1525 3455 palmites
1554 3399 1704 3451 suos,
1731 3396 1786 3442 et

192 3490 306 3533 eIIOII
329 3479 587 3533 remansit
608 3479 661 3534 in
695 3494 756 3534 ea
792 3479 940 3549 virga
968 3495 1090 3550 quae
1110 3479 1532 3550 consurgeretin
1556 3478 1781 3547 tribum,

226 3567 317 3624 sive
356 3570 402 3625 in
432 3580 657 3640 sceptra
703 3571 1123 3628 dominantium.
1152 3577 1189 3626 Α
1227 3572 1443 3642 planctu
1468 3572 1616 3628 enim
1648 3572 1786 3627 inci-

228 3663 299 3732 pit,
323 3676 366 3721 et
396 3665 595 3723 linitur
645 3667 696 3722 in
744 3667 983 3738 planctu.
1030 3668 1259 3722 Assume
1309 3666 1580 3737 plant-tum
1623 3680 1787 3737 super

227 3757 452 3827 principes
507 3760 704 3816 Israel.
762 3760 875 3816 Hoc
896 3770 1002 3826 est,
1037 3760 1089 3815 in
1136 3760 1405 3832 principio
1436 3772 1493 3814 et
1536 3776 1680 3816 nunc
1730 3760 1782 3815 in

230 3850 327 3913 line,
357 3855 611 3923 planctus
641 3863 760 3920 est;
788 3865 840 3911 et
874 3854 1282 3917 lamentatione,
1339 3854 1666 3923 planctuque
1696 3869 1789 3923 pa-

226 3944 383 4001 rabula:
421 3949 597 4019 stirps
627 3948 777 4019 regia
832 3947 1233 4018 prosequenda.
1268 3947 1441 4003 Porro
1486 3946 1784 4002 secundum

224 4039 346 4112 222
370 4056 692 4114 anagogem,
724 4041 871 4112 quod
898 4041 989 4096 alii
1020 4040 1085 4096 ad
1119 4041 1403 4097 caelestem
1434 4039 1785 4096 releruntJe-

224 4135 434 4199 rusalem,
466 4146 527 4190 ut
561 4135 749 4191 dicant
792 4150 854 4190 ex
886 4150 946 4190 ea
973 4134 1024 4189 in
1055 4133 1213 4190 istam
1271 4133 1467 4189 vallem
1514 4132 1783 4206 lacryma-

223 4238 312 4278 rum
333 4228 587 4293 plurimos
608 4228 913 4293 corruisse,
944 4239 997 4282 et
1033 4242 1190 4298 reges
1218 4240 1340 4282 esse
1368 4225 1599 4291 desisse,
1634 4234 1688 4280 et
1711 4225 1788 4279 vi-

224 4329 344 4372 neam
372 4320 640 4390 quondam
659 4320 1076 4392 pulcherrimam
1105 4328 1268 4376 vento
1292 4330 1484 4376 urente
1503 4321 1783 4388 siccatam,

231 4410 283 4465 ita
305 4424 348 4467 ut
391 4417 572 4473 nullus
610 4418 663 4471 in
702 4431 767 4474 ea
809 4416 1100 4472 virentium
1135 4416 1416 4486 palmitum
1440 4414 1786 4482 remanserit,

227 4520 352 4575 quam
381 4520 571 4580 postea
607 4512 710 4568 sub
744 4512 897 4568 urbis
932 4511 1108 4583 ﬁgura
1141 4511 1353 4582 plangat
1375 4509 1659 4573 Jereniias,
1689 4523 1787 4564 nos

1889 3296 1977 3369 (IV
2011 3296 2411 3366 Reg.xix),qua3
2440 3295 2812 3351 Sennacherib
2848 3305 3079 3349 ventura
3105 3294 3212 3350 sint
3242 3296 3498 3351 nuntian-

1890 3398 1995 3444 tur.
2031 3388 2141 3444 Nec
2172 3389 2367 3442 mirum
2416 3388 2459 3442 si
2506 3387 2559 3442 in
2618 3386 2786 3442 veteri
2836 3386 3210 3451 Testamento,
3267 3388 3493 3457 singulis

1888 3500 2008 3557 quae
2053 3493 2277 3539 ventura
2326 3491 2454 3539 sunt
2487 3481 2771 3553 prophetae
2821 3481 3168 3549 annuntient,
3194 3495 3317 3536 cum
3346 3483 3491 3551 Aga-

1890 3580 2018 3635 bum
2039 3577 2335 3647 legerimus
2365 3592 2490 3647 qure
2517 3576 2687 3631 Paulo
2722 3583 2946 3632 ventura
2985 3585 3131 3641 sunt,
3165 3575 3491 3646 prOphetare

1892 3672 2026 3744 (Act.
2065 3672 2201 3745 χχι).
2255 3672 2529 3740 Scriptum
2579 3680 2665 3726 est
2715 3671 2767 3725 in
2802 3670 3225 3727 Deuteronomio
3259 3688 3271 3725 :
3302 3669 3494 3726 Gentes

1887 3785 2017 3839 quas
2044 3767 2344 3840 perditurus
2372 3775 2444 3820 est
2485 3765 2743 3819 Dominus
2797 3766 2850 3819 in
2908 3773 3181 3837 conspectu
3238 3775 3347 3832 tuo,
3376 3766 3491 3819 ista:

1894 3872 1916 3899 ο
1944 3860 2142 3915 somnia
2171 3869 2219 3914 et
2261 3859 2602 3912 divinationes
2642 3857 2855 3911 audient
2884 3874 2901 3909 :
2930 3856 3019 3911 tibi
3065 3865 3239 3912 autem
3288 3873 3391 3910 non
3417 3857 3491 3911 sic

1891 3952 2034 4007 dedit
2066 3950 2317 4006 Dominus
2348 3949 2489 4004 Deus
2513 3959 2632 4004 tuus
2664 3949 2844 4021 (Deut.
2874 3965 3036 4016 xvru,
3094 3950 3206 4019 14).
3238 3948 3489 4005 Gentium

1890 4044 2034 4100 enim
2065 4052 2151 4100 est
2187 4044 2336 4099 adire
2363 4042 2673 4105 Chaldaeos,
2710 4042 2971 4109 barialos,
3025 4041 3325 4113 aruspices,
3354 4041 3492 4096 divi-

1891 4154 2011 4206 nos,
2042 4139 2351 4209 sortilegos,
2380 4139 2601 4193 oracula
2619 4138 2953 4204 daemonum,
2980 4138 3175 4207 quibus
3197 4139 3372 4194 errori
3403 4154 3496 4195 ea-

1890 4248 2008 4287 rnm
2042 4231 2303 4286 illuditur.
2332 4230 2488 4289 Unde
2528 4239 2584 4286 et
2607 4247 2748 4285 nunc
2778 4231 3028 4286 seniores
3059 4231 3224 4285 Israel
3253 4233 3491 4303 prophe-

1891 4336 1999 4380 tam
2028 4323 2253 4390 adeunt,
2307 4331 2357 4377 ut
2412 4323 2756 4393 interrogent
2789 4339 2885 4392 per
2924 4339 3046 4378 eum
3079 4323 3386 4391 Dominum,
3437 4336 3495 4382 et

1893 4428 2070 4474 tamen
2101 4418 2169 4474 de
2191 4418 2617 4489 interrogatione
2665 4418 2850 4483 silent,
2878 4418 2997 4487 ipso
3025 4419 3116 4488 qui
3145 4418 3492 4490 interrogan-

1891 4511 1991 4566 dus
2018 4522 2137 4567 erat
2164 4512 2371 4567 sciente
2401 4511 2528 4581 quid
2558 4512 2983 4580 interrogarent,
3041 4520 3099 4566 ut
3122 4520 3179 4567 et
3205 4511 3259 4566 in
3293 4526 3358 4567 eo
3390 4512 3495 4567 mi-

224 4597 538 4673 intelligimus
562 4605 780 4667 (Matth.
816 4606 962 4675 xxiv)
990 4620 1156 4676 super
1196 4604 1517 4670 Ecclesium,
1547 4617 1613 4658 eo
1634 4602 1777 4672 quod
1807 4595 1861 4655 D
1886 4606 2126 4661 raculum
2160 4606 2232 4659 sit
2261 4605 2403 4660 scire
2427 4619 2523 4659 cur
2577 4604 2848 4666 venerint,
2888 4613 2943 4659 et
2969 4603 3035 4659 ad
3065 4620 3128 4661 ea
3158 4605 3495 4677 respondere

224 4690 262 4746 in
288 4697 839 4769 novissimotempore
862 4696 1214 4766 multiplicata
1262 4694 1568 4767 iniquitate,
1620 4693 1776 4749 reb‘io

224 4799 369 4855 gescat
402 4792 512 4863 (At.
560 4790 903 4865 refrigescet]
951 4792 1188 4849 charitas
1247 4792 1542 4853 multorum
1574 4809 1587 4845 ε
1618 4790 1689 4844 ita
1723 4799 1781 4844 ut

225 4882 481 4947 llmbentur
509 4889 554 4942 si
592 4887 710 4941 ﬁeri
739 4896 914 4956 potest
935 4887 1102 4942 etiam
1144 4886 1303 4941 electi
1341 4886 1457 4951 Dei,
1490 4894 1545 4940 et
1576 4885 1777 4956 princi-

223 4987 292 5042 pes
311 4978 415 5047 ejus
438 4980 733 5050 capiantur
756 4979 963 5036 retibus
1004 4978 1225 5042 diaboli,
1254 4979 1345 5049 qui
1372 4993 1478 5033 non
1520 4977 1590 5032 sit
1618 4978 1778 5034 unius

226 5070 335 5138 regis
362 5075 616 5142 captione
636 5082 949 5138 contentus,
979 5072 1077 5129 sed
1107 5071 1352 5143 quotidie
1375 5087 1532 5141 reges
1557 5081 1608 5126 et
1630 5071 1779 5142 prin-

223 5162 338 5229 είρθδ
376 5182 565 5239 capere
613 5167 860 5233 festinet,
910 5165 1212 5222 secundum
1269 5164 1398 5220 illud
1449 5164 1591 5232 quod
1646 5162 1781 5218 scri-

224 5265 337 5322 plum
364 5270 445 5315 est
474 5259 666 5316 :Esca:
700 5263 817 5334 ejus
862 5259 1033 5314 electa:
1064 5258 1249 5329 (Abac.
1280 5272 1319 5324 ι,
1357 5256 1468 5327 Ili).
1524 5254 1779 5310 Palmites

224 5362 399 5421 quoque
445 5354 704 5411 Ecclesia:
732 5354 822 5426 qui
854 5353 1059 5409 dudum
1094 5352 1320 5408 ﬁoribus
1355 5360 1410 5407 et
1439 5349 1627 5405 rubori
1656 5364 1780 5403 san-

224 5444 363 5509 guinis
383 5449 756 5521 aequabantur,
791 5456 975 5518 postea
1005 5458 1169 5505 vento
1193 5447 1212 5468 ‘
1246 5447 1548 5501 siccentur.
1602 5444 1777 5512 Quam

225 5542 585 5609 expositionem
632 5553 686 5600 et
736 5542 1018 5616 Evangelii
1052 5557 1267 5615 quoque
1299 5540 1563 5604 parabola
1595 5549 1774 5607 sonat,

224 5650 251 5736 li
279 5681 301 5710 ⁸
326 5678 616 5737 Additcum
650 5681 876 5737 Rabano
907 5680 1084 5737 Vatic.
1112 5695 1215 5736 ms.
1249 5650 1446 5735 urente.

279 5743 301 5782 ¹³
331 5749 581 5811 Victorius
613 5753 680 5810 ad
710 5754 950 5827 Vulgata:
981 5762 1206 5821 textum,
1238 5753 1498 5809 sederunt.
1545 5749 1768 5807 llebrai-

223 5829 271 5870 ce
294 5830 365 5876 est
387 5834 555 5887 num,

1878 4713 2001 4770 qua:
2023 4698 2220 4754 tacitus
2248 4712 2436 4753 sermo
2475 4697 2528 4752 in
2558 4698 2741 4752 animo
2762 4698 3099 4755 continebat.

1958 4791 2137 4861 (\‘ers.
2178 4792 2235 4856 '2,
2264 4790 2346 4858 5.)
2392 4788 2457 4843 Et
2489 4792 2657 4862 factus
2693 4798 2769 4844 est
2799 4806 2967 4845 sermo
3018 4790 3233 4846 Domini
3278 4793 3348 4846 ad
3387 4809 3489 4858 me,

1881 4887 2091 4941 dicens:
2121 4883 2234 4939 Fili
2267 4885 2513 4950 hominis,
2542 4883 2753 4956 loquere
2779 4885 3069 4940 senioribus
3115 4885 3311 4954 Israel,
3344 4897 3391 4943 et
3413 4888 3495 4941 di-

1881 4997 1962 5037 ces
1993 4982 2060 5035 ad
2089 4997 2216 5035 eos:
2248 4978 2377 5034 Hau:
2434 4979 2557 5033 dicit
2604 4976 2862 5033 Dominus
2910 4978 3053 5033 Deus
3078 4995 3097 5035 :
3126 4980 3395 5053 Numquid
3425 4982 3493 5033 ad

1882 5072 2313 5144 interrogandum
2357 5087 2435 5125 me
2476 5087 2563 5125 vos
2616 5071 2859 5126 uenistis?
2905 5070 3037 5125 Vivo
3071 5088 3187 5143 ego,
3240 5073 3491 5143 quianon

1885 5165 2202 5237 respondebo
2230 5163 2393 5229 vobis,
2433 5164 2505 5216 ait
2538 5162 2797 5218 Dominus
2830 5161 2997 5218 Deus.
3027 5163 3244 5220 Sanctis
3274 5174 3330 5217 et
3363 5177 3496 5218 con-

1887 5274 2019 5330 grua
2049 5256 2511 5328 interrogantibus
2534 5256 2695 5310 datur
2714 5256 3030 5327 promissio,
3061 5256 3237 5312 adhuc.
3264 5256 3494 5326 loquen-

1887 5361 1941 5408 te
1966 5361 2016 5407 te
2047 5352 2225 5407 dicam
2258 5369 2269 5405 :
2304 5352 2435 5405 Ecce
2456 5350 2664 5404 adsum.
2699 5349 3085 5405 Peccatoribus
3115 5359 3319 5414 autem,
3353 5363 3492 5420 qua-

1888 5448 1971 5502 les
2015 5446 2236 5503 I‘uernnt
2272 5446 2518 5501 seniores
2547 5443 2735 5508 Israel,
2787 5453 2845 5499 et
2887 5460 3117 5514 quorum
3177 5444 3382 5499 scelera
3438 5444 3491 5502 in

1887 5541 2354 5610 consequentibus
2401 5542 2667 5612 propheta
2700 5537 2983 5605 describit,
3039 5554 3143 5594 non
3192 5537 3351 5595 datur
3377 5555 3496 5597 res-

1960 5682 2243 5753 cReponit
2274 5680 2478 5753 Victor.
2520 5676 2717 5743 omnia,
2763 5691 2863 5744 pro
2909 5678 3132 5745 somnia,
3194 5695 3261 5736 ex
3311 5679 3489 5753 Graec.

1868 5750 2242 5883 ἴλῃδονιὰμῶν.
2273 5752 2572 5809 Hebraicus
2600 5761 2815 5820 quoque
2854 5764 3088 5823 augures
3109 5761 3162 5810 et
3192 5750 3491 5824 praestigia-

1894 5844 2021 5883 ores
2043 5836 2218 5883 sonat.

1894 5844 2021 5887 ores
2043 5836 2218 5887 801181.
