4038 6328
475 244 575 299 137

1724 246 1780 304 8.
1829 244 2097 305 EUSEBII
2136 238 2524 305 ΒΙΕΒΟΝΥΜΙ

3678 257 3793 315 188

470 365 693 435 pensio;
736 363 830 421 sed
871 361 1171 431 increpatio
1229 374 1324 432 pro
1364 361 1601 431 peccatis
1634 370 1728 417 :et
1780 362 1932 417 addit
1956 362 2074 431 ius»
2102 362 2150 422 Α
2177 361 2245 414 ad
2303 377 2435 417 eos:
2461 362 2564 429 Qui
2600 372 2699 431 est,
2755 363 2892 419 misit
2930 379 3011 421 me
3065 366 3266 438 (Exod.
3320 385 3401 435 tn,
3437 369 3523 438 i3,
3577 368 3691 442 Η).
3731 371 3793 425 in

460 458 752 530 jlll‘illltlll!"
788 476 799 511 :
830 457 941 510 vivo
972 470 1087 525 ego,
1134 463 1192 508 ut
1242 454 1455 509 lirmior
1485 454 1554 509 sit
1593 455 1862 510 sententia
1891 455 2075 511 dene-

469 555 667 625 gantis.
698 550 850 619 Quod
884 560 1061 605 autem
1087 548 1281 604 dixere
1298 548 1461 615 LXX,
1494 552 1539 604 si
1563 551 1875 620 respondero
1903 549 2079 604 vobis:

474 645 834 719 Symmachus
867 644 1207 700 manilestius
1249 645 1545 713 transtulit,
1605 660 1707 700 non
1762 645 2079 717 respondebo

472 740 635 795 vobis.

550 833 730 903 (Vers.
763 832 846 902 4.)
890 830 951 888 Si
994 832 1208 906 judicas
1237 848 1323 887 eos
1359 831 1445 887 :si
1466 830 1701 905 judicns,
1735 831 1813 901 ﬁli
1835 833 2079 889 hominis.

476 925 623 984 LXX
648 944 660 980 :
690 929 734 982 si
763 928 902 980 ultus
925 942 1010 980 eos
1033 926 1179 997 fuero
1205 927 1418 992 ultione,
1441 926 1519 996 ﬁli
1545 925 1773 980 hominis
1804 943 1819 980 :
1846 927 1927 982 Illi
1960 928 2081 998 qui-

476 1021 599 1076 dem
630 1020 694 1075 ad
728 1020 1175 1091 interrogandum
1210 1035 1296 1075 me
1345 1002 1635 1089 venerunt,
1671 1020 1958 1091 cupientes
2014 1022 2084 1080 de

478 1115 585 1185 Itis,
616 1117 814 1187 quibus
844 1115 1146 1183 ambigunt,
1179 1121 1233 1168 et
1261 1114 1439 1167 lutura
1473 1128 1841 1183 cognoscere;
1897 1126 1950 1169 tu
1980 1130 2079 1170 au-

478 1224 611 1279 tem,
642 1211 716 1265 lili
762 1208 1025 1270 hominis,
1051 1204 1235 1274 judica
1281 1219 1393 1271 eos,
1444 1214 1501 1260 ut
1543 1221 1646 1261 non
1707 1206 1985 1277 prapheta:
2014 1208 2085 1264 sit

480 1308 793 1379 responsio,
824 1304 920 1360 sed
950 1303 1220 1359 sententia
1247 1301 1541 1373 judicantis
1571 1318 1672 1373 pro
1710 1303 2083 1371 iniquitatibus

483 1422 603 1477 qua:
653 1406 916 1465 iecerunt,
972 1407 1025 1452 et
1066 1408 1275 1467 patrum
1310 1398 1479 1451 secuti
1538 1407 1665 1452 sunt
1705 1399 1934 1454 scelera.
1990 1398 2084 1454 Vel

479 1510 649 1565 certe,
685 1499 730 1551 si
759 1497 895 1551 ultus
929 1510 1015 1548 eos
1037 1492 1183 1561 fuero
1206 1491 1421 1558 ultione,
1478 1501 1534 1547 ut
1556 1492 1626 1547 sit
1648 1507 1841 1547 sensus
1874 1493 2083 1550 :Tanla

483 1594 773 1657 iniquitate
807 1588 1052 1658 cooperti
1085 1597 1230 1651 sunt,
1258 1595 1315 1640 ut
1348 1603 1414 1641 ne
1437 1588 1817 1642 emendatione
1841 1588 2082 1658 quidem,

481 1700 534 1745 et
574 1684 738 1760 22a.
764 1682 1114 1753 correptione
1139 1681 1247 1736 sint
1266 1681 1432 1751 digni,
1458 1682 1755 1737 secundum
1782 1683 1912 1737 illud
1941 1683 2083 1754 quod

2182 450 2419 525 Egypto
2442 454 2603 525 igitur
2632 463 2790 509 notus
2817 455 2990 511 lactus
3012 468 3096 513 est
3121 461 3345 530 populo,
3381 470 3435 515 et
3462 461 3659 516 semini
3688 461 3795 517 do-

2183 563 2303 602 mus
2330 548 2498 603 Jacob
2529 567 2542 601 :
2573 551 2734 623 225
2760 550 3199 621 quandolevavit
3243 570 3461 608 manum
3485 570 3642 610 suam
3677 569 3781 625 pro

2182 642 2263 697 eis
2292 652 2477 697 contra
2524 642 2836 715 Egyptios,
2889 654 2946 700 et
2995 646 3320 721 dixitzEgo
3367 666 3482 704 sum
3532 649 3796 706 Dominus

2184 735 2328 789 Deus
2380 744 2563 803 vester,
2618 746 2674 792 et
2729 737 2901 809 elegit
2950 755 3045 795 eos
3092 750 3151 795 ut
3213 742 3472 797 educeret
3523 743 3592 799 de
3642 752 3795 801 terra

2184 826 2424 900 Aﬂgypti,
2454 828 2521 883 ad
2552 839 2752 885 terram
2778 831 3037 889 liuentem
3084 834 3227 891 lacte
3265 846 3319 891 et
3340 838 3519 893 melle.
3547 837 3794 895 Necdum

2184 925 2330 977 enim
2377 937 2577 993 capere
2626 934 2881 995 poterant
2935 927 3176 983 solidum
3229 929 3408 985 cibum
3442 932 3572 987 :sed
3632 934 3795 1004 quasi

2184 1020 2390 1091 parvuli
2423 1030 2585 1090 atque
2618 1021 2906 1088 lactentes,
2933 1022 3097 1079 melle
3118 1033 3179 1093 et
3195 1023 3338 1080 lacte
3357 1025 3680 1096 indigebant
3709 1028 3797 1081 in-

2187 1112 2392 1168 lautia.
2433 1112 2597 1167 Juxta
2654 1114 2892 1170 litteram
2953 1130 3089 1171 vero
3132 1116 3397 1189 inclytam
3438 1133 3560 1175 esse
3588 1129 3793 1175 terram

2186 1205 2362 1275 Iudae,
2394 1215 2448 1262 et
2474 1211 2685 1263 cunctis
2716 1208 2878 1264 terris
2902 1207 3253 1275 fertiliorem,
3276 1211 3526 1267 dubitare
3558 1229 3664 1267 non
3699 1228 3799 1282 po.

2188 1302 2338 1368 terit,
2388 1303 2480 1372 qui
2526 1317 2555 1356 a
2602 1302 2943 1358 Rinocorura
2973 1318 3145 1374 usque
3173 1304 3240 1360 ad
3264 1305 3498 1361 Taurum
3524 1316 3792 1372 montem,

2187 1404 2240 1449 et
2272 1395 2605 1467 Euphratem
2658 1396 2883 1453 ﬂuvium
2940 1410 3195 1454 cunctam
3226 1400 3803 1458 consideraveritter-

2187 1503 2325 1557 ram,
2376 1498 2431 1543 et
2486 1490 2701 1545 urbium
2745 1493 3041 1560 potentiam
3090 1494 3581 1565 amoenitatemque
3613 1496 3798 1566 regio-

2189 1597 2338 1648 num,
2374 1582 2712 1637 Paltestinam
2744 1584 3002 1640 videlicet
3048 1595 3105 1641 et
3136 1586 3457 1651 thnicen,
3506 1588 3792 1656 Arabiam,

2189 1675 2401 1747 Syriam
2451 1675 2655 1744 Cailen,
2681 1677 2955 1748 Ciliciam,
3011 1690 3067 1735 et
3103 1690 3332 1736 caeteras
3364 1682 3636 1752 regiones,
3659 1698 3803 1752 quas

482 1785 534 1840 in
563 1784 824 1853 propheta
858 1776 1060 1832 dicitur
1101 1792 1114 1829 :
1146 1774 1269 1828 Non
1322 1776 1541 1829 visitabo
1583 1784 1607 1812 ι
1635 1777 1772 1831 ultra
1804 1777 1943 1844 ﬁlias
1974 1792 2086 1831 ues-
2116 1770 2162 1832 B
2192 1770 2400 1836 Maeli,
2433 1769 2479 1824 Si
2506 1770 2598 1826 Dei
2642 1781 2910 1844 precepla
2963 1786 3262 1843 servasset,
3300 1774 3560 1830 Dominus
3611 1791 3805 1847 repro-

479 1887 611 1945 tros,
641 1886 683 1929 et
717 1889 876 1927 nurus
899 1878 1111 1934 vestras,
1162 1884 1278 1921 cum
1302 1868 1565 1923 nunc/tatas
1585 1869 1776 1937 fuerint
1809 1868 1963 1941 (Osee
1984 1868 2081 1940 tv).

485 1970 638 2025 Unde
662 1977 716 2023 et
748 1974 1088 2036 peccatores,
1121 1963 1211 2032 qui
1245 1961 1299 2016 in
1350 1962 1674 2031 profundum
1719 1978 1917 2019 venere
1966 1979 2088 2033 pec-

482 2064 588 2119 cati
623 2105 651 2123 ..
687 2060 1037 2116 dimittuntur
1090 2062 1149 2109 ut
1193 2053 1392 2109 faciant
1445 2054 1715 2111 desideria
1769 2054 1951 2111 cordis
2000 2056 2085 2111 sui

482 2156 669 2227 (Prov.
692 2156 872 2226 xvm).

553 2250 973 2303 Abuminationes
1003 2256 1213 2319 patrum
1242 2258 1455 2299 suorum
1484 2240 1693 2295 ostende
1721 2242 1815 2309 eis,
1869 2248 1915 2293 et
1946 2240 2085 2296 dices

483 2344 550 2397 ad
578 2342 716 2398 illos.
748 2342 890 2397 LXX
924 2359 937 2395 :
970 2340 1281 2412 Iniquitates
1318 2346 1527 2409 patrum
1575 2351 1751 2388 eorum
1804 2342 2088 2387 contestare

482 2438 577 2504 eis,
614 2446 661 2490 et
689 2437 826 2489 dices
865 2435 1079 2490 ad.eos.
1134 2434 1189 2489 Si
1231 2441 1446 2503 peccata
1503 2438 1717 2499 patrum
1746 2443 1852 2482 non
1887 2427 2088 2482 redun-

484 2532 615 2587 dant
641 2536 705 2584 ad
737 2531 898 2595 filios,
941 2529 1217 2600 quomodo
1247 2527 1705 2592 abominationes,
1740 2534 1795 2578 et
1827 2524 2086 2592 iniquita-

484 2635 567 2683 tes
602 2635 810 2696 patrum
845 2640 988 2680 nunc
1016 2622 1333 2680 senioribus
1367 2621 1675 2691 ponuntur?
1706 2617 1819 2672 llac
1838 2616 2089 2672 videlicet

480 2734 668 2788 causa,
700 2728 763 2774 ut
806 2717 1167 2773 ostendantur
1216 2714 1411 2769 similia
1469 2709 1788 2783 parentibus
1816 2723 2004 2777 agere,
2035 2716 2090 2763 et

485 2814 828 2870 hazreditario
849 2813 1013 2879 malo,
1045 2809 1420 2878 longissimum
1450 2806 1631 2861 funem
1662 2802 1883 2858 trahere
1904 2815 2090 2872 pecca-

478 2918 677 2975 torum,
714 2919 770 2962 ιιι
812 2922 1044 2978 quorum
1083 2906 1367 2960 imitantur
1417 2901 1780 2968 vitia,eorum
1809 2895 2080 2969 supplicia

484 3005 898 3072 pertimescant.

557 3094 741 3165 (γυνθ.
770 3094 822 3159 5,
858 3091 938 3163 6.)
984 3091 1109 3147 Haec
1132 3091 1254 3145 dicit
1283 3088 1540 3144 Dominus
1564 3086 1748 3142 Deus:
1780 3085 1849 3140 In
1868 3085 1954 3139 die
1985 3101 2089 3156 qua

486 3190 615 3261 elegi
648 3188 841 3255 Israel,
876 3199 922 3242 et
951 3188 1109 3241 levavi
1149 3199 1356 3239 manum
1386 3198 1554 3237 meant
1586 3197 1680 3251 pro
1726 3180 1887 3249 stirpe
1907 3180 2093 3233 domus
2117 3162 2164 3227 Ο

488 3282 674 3347 Jacob,
696 3292 742 3336 et
765 3282 986 3353 apparui
1019 3282 1090 3333 eis
1117 3280 1179 3332 in.
1196 3288 1331 3331 terra
1357 3275 1596 3347 .fgypti,
1619 3283 1667 3327 et
1691 3271 1852 3327 lerari
1882 3285 2093 3326 manum

486 3395 652 3433 nteant
698 3394 793 3450 pro
820 3378 897 3433 eis
918 3419 930 3439 ,
961 3376 1139 3428 dicens
1170 3390 1188 3427 :
1212 3370 1327 3443 Ego
1366 3370 1617 3424 Dominus
1649 3367 1785 3421 Deus
1814 3372 1993 3421 vester.
2022 3361 2089 3417 In

484 3472 569 3525 die
592 3471 683 3524 illa
708 3470 870 3524 levavi
895 3485 1103 3522 manum
1156 3482 1321 3520 nteant
1350 3480 1445 3534 pro
1492 3463 1588 3528 eis,
1629 3471 1681 3515 ut
1712 3461 1983 3514 educerem
2005 3474 2090 3513 eos

483 3564 549 3619 de
581 3574 717 3618 terra
737 3562 955 3633 .Egypti
982 3562 1035 3614 in
1064 3570 1249 3612 terram
1274 3573 1427 3623 quam
1453 3555 1777 3626 provideram
1805 3552 1895 3617 eis,
1920 3554 2089 3623 ﬂuen-

484 3669 583 3714 tem
609 3655 739 3709 larte
770 3666 817 3709 et
844 3654 1028 3709 melle:
1053 3668 1167 3723 qua:
1198 3661 1269 3705 est
1302 3650 1511 3722 egregia
1538 3649 1670 3702 inter
1703 3662 1878 3701 omnes
1899 3654 2085 3699 terras.

489 3750 632 3805 LXX
659 3765 676 3804 .°
707 3748 838 3803 Ηωε
858 3748 985 3802 dicit
1011 3745 1269 3799 Dominus
1293 3744 1430 3797 Deus
1453 3759 1471 3796 :
1504 3740 1587 3795 Ea:
1612 3756 1715 3812 qua
1735 3740 1820 3793 die
1847 3738 1975 3809 elegi
1996 3738 2092 3792 do-

485 3860 625 3899 mum
651 3842 835 3908 lsrael,
870 3852 915 3896 et
936 3851 1088 3895 notus
1118 3843 1287 3910 factus
1318 3854 1436 3891 sum
1482 3834 1666 3889 semini
1687 3834 1872 3887 domus
1898 3831 2086 3898 Iacob,

483 3946 530 3991 et
562 3935 793 4006 cognitus
838 3936 912 3988 eis
936 3934 989 3987 in
1017 3942 1157 3986 terra
1186 3928 1427 4001 zifgypti,
1456 3938 1507 3983 et
1528 3927 1729 3996 suscepi
1752 3942 1835 3981 eos
1860 3926 2041 3980 dicens
2069 3941 2085 3977 :

488 4031 601 4104 Ii'go
634 4030 886 4085 Dominus
924 4029 1063 4082 Deus
1088 4038 1249 4081 rester
1278 4043 1293 4079 :
1322 4028 1375 4079 in
1424 4025 1506 4079 die
1533 4024 1627 4077 illa
1655 4020 1980 4092 apprehendi
2004 4038 2087 4077 eos

482 4144 638 4182 manu
666 4142 800 4190 mea,
828 4125 1001 4179 dicens
1027 4140 1043 4177 :
1074 4132 1127 4176 ut
1146 4122 1416 4176 educerem
1466 4135 1553 4174 eos
1604 4120 1667 4173 de
1699 4128 1839 4175 terra
1870 4116 2091 4189 zEgypti

481 4222 535 4274 in
580 4228 766 4274 terram
792 4233 948 4289 quam
997 4216 1177 4284 parari
1215 4216 1318 4279 eis,
1361 4222 1551 4267 terram
1588 4214 1832 4283 ﬂuentem
1881 4210 2014 4265 lacte
2042 4219 2091 4265 et

484 4315 678 4369 melle:
710 4315 860 4384 [aviis
906 4321 978 4367 est
1028 4313 1163 4365 ultra
1212 4326 1412 4365 omnem
1444 4319 1653 4364 terram.
1691 4309 1795 4364 Pro
1842 4323 1910 4364 eo
1939 4307 2087 4379 quod

484 4408 674 4462 dixere
697 4406 1077 4477 Septuaginta,
1111 4406 1259 4477 favus
1281 4414 1353 4457 est
1387 4404 1528 4457 ultra
1570 4418 1747 4457 omnes
1769 4412 1959 4469 terras,
1989 4416 2087 4472 pro

482 4518 591 4573 quo
623 4518 723 4559 nos
747 4503 1086 4571 interpretati
1117 4516 1327 4565 sumus,
1360 4501 1566 4571 egregia
1616 4508 1690 4553 est
1736 4500 1872 4552 inter
1912 4513 2087 4553 omnes

2187 1865 2359 1930 misit,
2388 1879 2525 1935 quas
2556 1877 2578 1905 ο
2612 1867 2736 1936 quia
2759 1882 2867 1922 non
2897 1870 3144 1938 accepit,
3176 1870 3368 1925 vitium
3401 1872 3501 1924 tuit
3538 1871 3800 1927 incredu-

2187 1959 2357 2015 litatis
2382 1960 2520 2031 ejus.
2547 1960 2678 2015 Nam
2711 1971 2765 2017 et
2794 1963 2845 2017 in
2887 1963 3004 2033 ipsa
3031 1962 3316 2020 Palaestina
3345 1964 3641 2036 Juda'aque
3678 1980 3806 2035 pro-

2187 2055 2367 2109 vincia
2390 2064 2585 2126 gentes
2618 2057 2871 2126 plurima:
2926 2068 3335 2127 remanserunt,
3385 2074 3507 2129 qua:
3539 2074 3645 2114 neu
3676 2068 3809 2115 sunt

2187 2149 2396 2219 ejectze.
2424 2150 2606 2221 Neque
2629 2152 2771 2207 cuiu:
2799 2167 3030 2222 Sponsor
3059 2155 3112 2207 in
3145 2155 3376 2208 crimine
3399 2162 3504 2219 est,
3526 2157 3569 2209 si
3603 2155 3691 2209 ille
3709 2157 3801 2211 cui

2188 2248 2613 2316 repromittitur,
2650 2247 2931 2318 indignum
2974 2264 3033 2305 se
3060 2248 3253 2305 fecerit
3283 2250 3579 2321 sponsione
3614 2269 3625 2304 :
3656 2265 3804 2319 pra:-

2189 2342 2376 2396 scrtim
2421 2356 2544 2395 cum
2586 2353 2926 2412 proponatur
2971 2344 3122 2413 optio
3180 2344 3549 2412 promittentis
3579 2360 3595 2398 :
3628 2344 3802 2399 Siro-

2189 2436 2389 2490 lneritis
2430 2445 2476 2489 et
2529 2436 2798 2489 audieritis
2844 2452 2949 2502 nte,
2995 2451 3111 2506 qua?
3137 2435 3273 2489 bona
3296 2445 3415 2491 sunt
3447 2446 3598 2491 terra:
3623 2452 3802 2491 conte-

2189 2529 2343 2584 detis.
2374 2529 2471 2585 Sin
2494 2540 2669 2584 autem
2696 2528 2994 2597 nolueritis,
3028 2530 3247 2602 gladius
3270 2529 3531 2585 deuorauit
3557 2547 3663 2585 vos.
3696 2529 3805 2585 Eli-

2190 2634 2389 2695 guntur
2412 2640 2542 2696 ergo
2575 2626 2865 2695 praesentia
2901 2643 2912 2679 :
2940 2639 3041 2681 nec
3070 2626 3256 2679 statim
3282 2627 3373 2697 qui
3402 2626 3642 2697 eligitur,
3669 2636 3797 2682 ten-

2194 2719 2290 2772 tari
2319 2734 2424 2772 non
2460 2728 2658 2787 potest,
2691 2734 2791 2774 nec
2831 2719 3045 2789 perire;
3080 2720 3209 2788 quia
3236 2729 3293 2774 et
3323 2720 3450 2775 Saul
3483 2721 3690 2775 electus
3739 2720 3799 2775 in

2194 2827 2400 2881 regem,
2427 2822 2481 2866 ct
2519 2811 2688 2867 Judas
2712 2813 2763 2866 in
2796 2812 3143 2881 Apostolum,
3175 2826 3276 2866 suo
3307 2820 3492 2881 postea
3518 2811 3651 2866 vitio
3675 2826 3804 2867 cor-

2193 2917 2438 2962 ruerunt.
2472 2905 2716 2960 Elevatio
2737 2916 2918 2961 autem
2949 2919 3165 2975 manus,
3202 2905 3316 2960 sive
3348 2906 3618 2969 extensio,
3646 2904 3803 2960 babi-

2195 3011 2304 3057 tum
2354 3002 2707 3072 percutientis
2760 3000 2996 3056 ostendit
3041 3018 3054 3054 :
3100 3009 3156 3054 ut
3209 3010 3524 3066 percuteret
3576 3014 3673 3069 pro
3721 3000 3805 3055 eis

2196 3096 2505 3168 .Egyptios,
2547 3096 2871 3165 etpopulum
2896 3095 3062 3151 Israel
3094 3094 3161 3149 de
3188 3094 3425 3167 )Egypto
3446 3093 3725 3149 liberaret.

2268 3188 2451 3261 (Vers.
2484 3187 2561 3259 7.)
2585 3188 2653 3243 Et
2682 3187 2794 3241 dixi
2830 3187 2899 3240 ad
2919 3203 3003 3241 eos
3030 3203 3046 3240 :
3093 3185 3457 3257 Unusquisque
3492 3184 3805 3251 o/fensionrs

2194 3282 2462 3336 oculorum
2502 3297 2714 3335 suorum
2754 3280 2988 3352 abjiciat,
3023 3289 3070 3334 et
3101 3280 3155 3333 in
3201 3278 3357 3332 idolis
3391 3276 3615 3349 [Egypti
3642 3277 3807 3331 nolite

2192 3376 2397 3447 pollui:
2429 3391 2521 3446 ego
2565 3374 2817 3428 Dominus
2855 3373 2997 3427 Deus
3034 3381 3214 3427 vester.
3248 3370 3428 3426 LXX:
3475 3369 3544 3423 Et
3567 3369 3679 3423 dixi
3719 3368 3800 3423 ad

2193 3484 2309 3524 eos:
2378 3466 2739 3537 Unusquisque
2792 3466 3200 3520 abominationes
3263 3463 3530 3517 oculorum
3586 3477 3808 3515 suorum

2195 3567 2459 3640 projiriat,
2495 3575 2543 3619 et
2564 3566 2617 3619 in
2643 3564 3090 3619 udinventionibus
3114 3562 3336 3633 ngypti
3354 3578 3455 3615 non
3489 3560 3755 3627 polluatur
3780 3575 3801 3614 :

2194 3678 2286 3733 ego
2338 3661 2589 3715 Dominus
2636 3659 2776 3714 Deus
2816 3667 2998 3714 rester.
3044 3658 3149 3711 Pro
3201 3655 3621 3723 olleusionibus,
3671 3670 3806 3724 qua:

2195 3756 2457 3811 liebraice
2486 3755 2738 3809 dicuntur
2762 3767 2956 3809 accuse
3002 3750 3271 3839 (impun),
3317 3748 3682 3822 Symmachus
3714 3747 3807 3802 in-

2195 3859 2633 3920 terpretatusest.
2659 3864 2897 3913 nauseas,
2916 3849 3125 3917 Aquilae
3144 3845 3385 3901 secunda
3400 3844 3590 3909 editio,
3610 3842 3810 3897 abscis-

2193 3944 2383 4009 siones,
2415 3953 2473 3997 ut
2500 3941 2870 4013 significarent
2902 3938 3238 4009 abjiciendas
3269 3938 3341 3991 ab
3369 3936 3540 3991 oculis
3577 3935 3807 4005 lippitu-

2193 4037 2371 4104 dines,
2415 4046 2471 4092 et
2497 4036 2651 4105 quasi
2686 4048 2941 4100 nauseas,
2989 4048 3112 4101 qua:
3159 4045 3267 4085 non
3298 4029 3477 4084 solum
3519 4036 3808 4097 a~pectuln

2194 4129 2541 4198 impediunt;
2615 4126 2710 4181 sed
2766 4136 2820 4180 et
2870 4136 3063 4180 contra
3119 4121 3474 4179 cernentibus
3532 4119 3808 4174 vomitum

2192 4230 2400 4278 creant.
2435 4221 2657 4275 GELULB
2702 4203 2885 4289 (νιπιιλ)
2912 4233 3131 4289 quoque
3173 4216 3400 4271 verbum
3442 4214 3801 4281 Hebraicum,

2191 4324 2294 4381 est,
2330 4314 2472 4385 quod
2517 4313 2660 4369 LXX
2692 4313 3122 4376 adinventiones;
3155 4309 3366 4379 Aquila}
3398 4308 3572 4379 prima
3601 4306 3805 4373 editio,

2189 4412 2581 4480 inquinamenta
2596 4426 2614 4475 ;
2628 4407 2791 4481 226
2804 4408 3057 4472 secunda,
3073 4404 3546 4478 Symmachusque
3559 4412 3612 4458 et
3629 4401 3811 4456 Theo-

2196 4505 2371 4570 dotio,
2404 4503 2546 4558 idola
2590 4503 2932 4573 interpretati
2961 4512 3123 4557 sunt:
3175 4517 3313 4570 quos
3345 4511 3401 4556 et
3431 4514 3531 4555 nos
3564 4500 3615 4553 in
3661 4513 3806 4568 prae-

485 4605 673 4662 terras,
736 4594 946 4664 Aquilae
994 4594 1169 4663 prima
1211 4594 1381 4648 editio
1439 4592 1638 4662 posuit.
1669 4592 2092 4662 ﬁrmamentum;
2118 4570 2174 4632 Ῑ)
2200 4597 2499 4652 seminium
2532 4595 2706 4650 secuti
2737 4610 2946 4649 sumus.
2980 4594 3229 4663 Praecipit
3259 4602 3441 4648 autem
3470 4590 3807 4647 exeuntibus

484 4687 752 4754 secunda,
792 4686 1045 4757 inclytum
1072 4704 1091 4753 ;
1121 4685 1502 4757 Symmachus,
1532 4683 1559 4723 ι»
1593 4685 1888 4757 regionem;
1919 4683 2087 4738 Theo-

2200 4689 2432 4760 primmn
2463 4688 2530 4743 de
2558 4684 2814 4760 Egypto,
2851 4697 2907 4741 ut
2938 4687 3335 4742 obliviscantur
3358 4686 3654 4748 idolorum,
3681 4685 3808 4753 qui-

488 4782 664 4848 dotio,
689 4781 1083 4852 fortitudinem;
1111 4781 1254 4851 quod
1280 4781 1535 4836 videlicet
1553 4795 1638 4834 om
1652 4781 1797 4834 nium
1826 4792 2095 4835 terrarum

482 4880 590 4934 ista
614 4880 684 4932 sit
710 4875 1141 4939 fundamentum,
1176 4874 1323 4945 quod
1357 4874 1408 4929 in
1440 4890 1502 4930 ea
1533 4876 1627 4929 Dei
1679 4874 1877 4946 religio
1913 4876 2007 4941 sit,
2042 4884 2098 4929 et

484 4972 770 5041 templum,
805 4980 858 5026 et
888 4969 1238 5035 ceremoniae,
1256 4978 1308 5023 et
1334 4968 1526 5023 notitia
1548 4968 1674 5034 Dei;
1707 4976 1765 5022 et
1797 4971 1847 5021 ιιι
1881 4974 2089 5022 tantum

482 5066 719 5137 populus
788 5063 951 5117 Israel
1011 5065 1061 5117 in
1121 5063 1361 5134 Egypto
1423 5063 1760 5117 constitutus
1812 5060 2095 5131 ignorabat

486 5162 683 5226 Deum,
718 5165 778 5213 ut
803 5158 1000 5212 missus
1043 5157 1108 5210 ad
1140 5171 1236 5211 eos
1279 5156 1529 5229 Moyses:
1558 5156 1617 5211 Si
1643 5156 2093 5225 interrogaverint,

486 5255 581 5320 ait,
624 5271 721 5321 me,
768 5254 885 5323 quis
918 5250 1057 5305 misit
1106 5252 1186 5303 te?
1225 5250 1347 5321 quid
1386 5249 1559 5303 dicam
1587 5249 1699 5311 eis?
1737 5248 1863 5315 Dic,
1897 5250 2089 5322 inquit,

562 5402 585 5427 ει
620 5392 764 5447 Idem
808 5406 870 5445 ac
921 5390 1232 5450 ilebrannn.
1289 5386 1690 5461 vulgatumque
1725 5387 2087 5461 Interpretem

482 5465 679 5534 quibus
705 5464 1205 5518 revcraassentitur
1258 5457 1584 5534 et_Gr:nrus,
1615 5457 1756 5512 hunc
1808 5459 1878 5534 ita
1906 5459 2094 5534 reﬁxit

482 5532 666 5590 locum
695 5553 706 5587 :
744 5535 863 5588 Non
887 5535 1100 5587 visitabo
1128 5548 1281 5602 super
1304 5532 1441 5599 ﬁlius
1464 5547 1656 5589 vestras
1689 5546 1803 5583 cum
1823 5532 2095 5602 fornicata:

504 5609 695 5674 uerinl,
751 5617 797 5660 et
843 5624 993 5678 super
1038 5621 1253 5676 sponsas
1294 5616 1485 5658 vestras
1519 5620 1634 5657 cum
1676 5605 1940 5658 mare/tata:
1981 5605 2093 5674 [uc-

481 5679 608 5733 rint.

549 5749 579 5788 ι»
618 5750 808 5805 Grarce
832 5764 963 5805 vero
994 5748 1157 5804 hab-:t
1193 5746 1556 5818 Symmachus
1582 5748 1787 5819 στάσιν,
1817 5762 1940 5821 quae
1992 5765 2095 5806 vox

484 5821 707 5897 prOprie
729 5823 1006 5879 stationem
1035 5827 1215 5879 sonat.

2199 4785 2301 4841 bus
2325 4786 2496 4839 multo
2520 4794 2767 4853 tempore
2805 4783 3137 4850 servierunt,
3171 4782 3338 4837 immo
3365 4781 3621 4849 abjiclant
3642 4794 3707 4833 ea
3731 4778 3812 4833 ab

2202 4878 2381 4935 oculis
2406 4879 2541 4944 suis,
2573 4884 2631 4930 ut
2662 4890 2730 4931 ne
2757 4885 2979 4945 aspectu
3010 4875 3229 4943 quidem
3264 4875 3426 4943 digna
3454 4873 3724 4928 habeant:
3756 4879 3818 4926 et

2202 4974 2397 5044 quibus
2430 4972 2597 5026 nmlto
2621 4980 2867 5040 tempore
2890 4970 3077 5039 polluti
3108 4979 3258 5035 sunt,
3292 4970 3432 5023 ultra
3456 4982 3561 5022 non
3589 4965 3819 5035 acquia

2197 5074 2372 5121 scant.
2411 5065 2542 5137 Ego,
2585 5065 2783 5134 inquit,
2812 5063 3067 5118 Dominus
3104 5062 3249 5116 Dens
3280 5071 3475 5123 uester;
3524 5074 3631 5113 non
3677 5073 3817 5125 por-

2199 5169 2346 5215 tenta
2382 5156 2657 5228 :Egypﬁa,
2690 5172 2798 5210 non
2823 5159 3096 5211 variorum
3125 5154 3380 5225 ﬁgmenta
3410 5157 3813 5205 monstrorum.

2201 5251 2309 5309 Sed
2337 5262 2391 5307 et
2423 5251 2606 5316 nobis,
2641 5249 2860 5321 quando
2882 5249 3099 5305 eximus
3120 5248 3188 5303 de
3218 5246 3476 5318 Egypto,
3504 5244 3728 5313 iubetur
3753 5253 3819 5299 ut

2278 5402 2297 5427 ε
2332 5389 2445 5443 llnc
2473 5386 2616 5441 refer
2636 5385 2952 5441 'l‘heOdOriti
2973 5385 3343 5454 Quaestionum
3369 5383 3436 5437 ὃς)
3467 5384 3519 5438 in
3540 5381 3819 5446 Exodum,

2200 5469 2311 5523 Πῶς
2364 5461 2797 5533 ἓπαγγειλᾲμενος
2826 5462 2864 5513 ’ὁ
2904 5461 3028 5520 Θεὸς
3070 5460 3235 5533 μέχρι
3267 5464 3356 5533 τοῦ
3392 5457 3673 5533 Ἐυφράτου
3714 5460 3820 5533 τᾳῦ

2202 5539 2442 5609 ποταμοῦ
2466 5531 2996 5609 πάροςδὼσειηαύτοῇε
3023 5535 3113 5588 τήν
3138 5531 3253 5609 7s...
3293 5532 3385 5583 οὐκ
3422 5531 3689 5609 ἐπλήρωσε
3718 5531 3822 5585 τὴν

2205 5598 2500 5670 Gnosiam»
2527 5598 2551 5656 ε’
2579 5602 2922 5669 Quamobrem
2948 5599 3110 5663 Deus,
3134 5598 3219 5670 qui
3246 5598 3629 5667 pronnserat'se
3656 5598 3824 5650 datu-

2207 5628 2345 5661 υποσ
2398 5628 2500 5659 εσικν
2528 5628 2539 5656 ;
2579 5628 2922 5669 ultumuurcm
2948 5628 3110 5663 ucua,
3134 5628 3219 5670 qm
3246 5628 3484 5667 νιυυιιδυι
3498 5628 3544 5653 tu
3575 5628 3628 5651 ac
3656 5628 3821 5650 υιιιιι-

2207 5696 2319 5731 rum
2343 5628 2543 5730 fnda'is
2566 5684 2753 5728 terram
2776 5687 2933 5740 nsque
2951 5674 3017 5725 ad
3045 5671 3383 5743 Euphratem,
3412 5670 3679 5743 promissis
3705 5685 3821 5743 ηωῃ

2206 5751 2423 5805 steterit.
2469 5746 2669 5803 Confer
2702 5753 2756 5800 et
2802 5740 3325 5814 Hieronymi'nostti
3369 5744 3540 5815 Epist.
3578 5740 3703 5809 129,
3738 5740 3818 5795 ad

2211 5820 2541 5877 Dardanum.
