4038 6328
200 277 283 340 189

856 264 1508 326 COMMENTARIOBUM
1544 265 1610 323 ιιι
1649 264 2086 326 Εῑιιαιιιιῑιιιιιί
2123 264 2250 324 LIB.
2295 264 2387 333 Vl,
2428 264 2586 325 CAP.
2627 262 2751 324 XX.

3321 267 3450 326 ειεο

198 394 476 457 oﬂensiuucs
497 388 780 448 oculorum
807 398 1119 444 nostrorum
1143 386 1509 458 abjiciamus:
1541 400 1608 441 ne
1635 385 1742 443 sci-
1767 391 1818 454 Α
1845 383 2125 442 describit.
2152 383 2285 454 Quae
2314 395 2642 458 sequuntur,
2673 386 2908 459 egressis
2936 386 3007 446 de
3032 386 3275 462 Egypto
3303 389 3452 446 locu-

194 496 286 550 licet
319 487 392 544 ltlS
417 485 774 550 delectemur,
805 480 1004 552 quibus
1040 491 1202 536 antea
1229 479 1642 538 delectabamur
1680 479 1738 535 in

194 582 370 648 seculo,
399 597 466 634 ne
489 577 801 634 simulacris
839 575 1060 648 Ευριί
1093 575 1417 645 polluamur,
1469 575 1735 631 adiuven-

196 677 388 736 tioaibus
411 670 667 728 videlicet
686 667 1132 742 philosophorum
1154 679 1316 739 atque
1328 669 1736 738 haereticorum,

193 788 280 844 que
304 775 438 824 recte
474 766 618 820 idola
649 766 1021 822 nominantur.
1055 767 1099 822 A
1143 765 1471 835 speetaculis
1499 780 1736 836 quoque,

190 869 314 923 immo
352 857 742 916 offensionibus
786 857 1042 931 Egypti,
1093 873 1478 914 removeamus
1523 859 1733 928 oculos,

191 972 346 1018 arenas.
383 953 535 1018 circi,
569 953 929 1019 theatrorum,
979 961 1035 1008 et
1078 952 1331 1008 omnibus
1371 967 1493 1022 quae
1539 953 1738 1008 animae

191 1045 512 1108 contaminant
556 1044 872 1114 puritatem,
904 1051 962 1099 et
988 1058 1086 1114 per
1115 1059 1311 1100 sensus
1353 1043 1738 1116 ingrediuntur

191 1145 240 1201 ad
259 1152 514 1207 mentem;
565 1139 932 1212 impleturque
955 1142 1100 1211 quod
1143 1144 1408 1214 scriptum
1437 1155 1552 1200 est:
1594 1143 1738 1200 Mors

190 1243 347 1298 intravit
365 1258 453 1314 per
474 1245 736 1312 fenestras
760 1251 951 1295 vestras
983 1237 1200 1308 (λεν-ειη.
1234 1255 1312 1306 l.\',
1334 1239 1448 1309 ‘2l).

243 1337 390 1406 (γεγε.
419 1334 499 1402 8.)
531 1333 602 1390 Et
626 1335 954 1389 irritaverant
983 1350 1085 1388 me.
1119 1333 1299 1389 LXX:
1335 1333 1402 1390 Et
1419 1344 1738 1391 recesserant

189 1448 211 1485 tl
235 1446 312 1483 ius.
339 1426 457 1483 Sive
503 1438 566 1482 ut
605 1425 970 1499 Symmachus
1009 1426 1402 1496 interpretatus
1446 1434 1562 1482 est:
1614 1427 1740 1484 Non

191 1525 494 1595 ατᾳιιίενετωιι
521 1521 678 1575 mihi.
709 1520 1009 1591 Statimque
1040 1521 1216 1576 vocati
1247 1520 1514 1577 recedunt
1538 1538 1566 1577 a
1605 1525 1734 1592 Deo,

191 1629 232 1673 ut
255 1616 430 1672 nullum
469 1615 548 1670 sit
601 1613 839 1684 spatium
873 1613 1014 1670 inter
1063 1614 1426 1680 vocationem,
1469 1625 1524 1670 et
1551 1629 1736 1670 reces-

191 1713 368 1767 sionem.
398 1709 467 1763 Et
487 1710 596 1763 ltoc
613 1687 935 1775 notandum,
964 1705 1295 1778 quod-nemo
1318 1706 1522 1764 recedit
1545 1723 1574 1760 a
1599 1708 1734 1773 Deo,

1842 488 1932 538 tus
1959 490 2066 537 est.

1915 576 2098 647 (Vers.
2133 575 2201 632 10
2227 574 2408 648 seqq.)
2440 575 2588 648 Ejeci
2637 592 2759 648 ergo
2805 594 2890 632 eos
2919 578 2982 632 de
3020 585 3161 634 terra
3196 575 3445 653 Egypti,

1841 680 1890 724 et
1917 671 2070 724 eduxi
2091 672 2145 724 in
2175 671 2456 736 desertum,
2485 680 2535 725 et
2574 670 2694 724 dedi
2723 675 2795 724 eis
2827 679 3085 740 praecepta
3114 689 3247 741 mea,
3287 683 3336 726 et
3353 675 3452 746 ju-

1841 766 1980 820 dicia
2024 781 2136 820 mea
2161 765 2360 820 ostendi
2403 764 2530 832 illis,
2572 781 2688 836 qua:
2731 767 2892 838 faciat
2939 765 3115 831 homo,
3155 777 3200 822 et
3226 769 3360 823 vivat
3391 768 3447 824 in

1843 859 1934 916 eis.
1969 857 2192 932 Insuper
2221 870 2270 914 et
2310 859 2524 914 sabbata
2558 875 2670 912 mea
2709 859 2829 913 dedi
2858 861 2952 926 eis,
2993 870 3050 914 ut
3083 871 3210 915 esset
3240 863 3446 933 signant

1841 953 1976 1008 inter
2005 971 2082 1008 nte
2107 964 2154 1007 et
2184 970 2292 1018 eos,
2326 964 2375 1008 et
2405 954 2614 1018 scirent,
2653 953 2776 1022 quia
2802 969 2894 1024 ego
2929 951 3182 1008 Dominus
3216 956 3450 1026 sanctifi—

1843 1064 1966 1101 caus
1995 1063 2104 1101 eos.
2135 1045 2202 1102 Et
2243 1047 2574 1101 irritaverant
2601 1063 2680 1100 nte
2699 1047 2884 1101 domus
2913 1043 3083 1101 Israel
3122 1048 3177 1101 in
3204 1047 3405 1104 deserto
3428 1065 3448 1105 :

1839 1139 1896 1194 in
1928 1141 2196 1212 praeceptis
2242 1139 2366 1196 meis
2415 1155 2520 1196 non
2561 1139 2972 1207 ambulaverunt,
3009 1149 3058 1194 et
3091 1139 3303 1214 judicia
3335 1159 3449 1197 mea

1845 1234 2192 1304 projecerunt,
2245 1249 2360 1304 quat
2409 1233 2565 1304 faciet
2597 1233 2748 1286 homo
2778 1241 2826 1287 et
2879 1233 3003 1288 vivet
3035 1231 3217 1305 [Vulg.
3252 1234 3450 1305 faciens

1840 1325 1994 1380 homo
2023 1324 2172 1398 vivet]
2204 1326 2255 1380 in
2298 1327 2394 1392 eis,
2426 1337 2474 1380 et
2515 1325 2730 1380 sabbata
2775 1343 2888 1380 mea
2935 1326 3255 1382 violaverunt
3296 1326 3450 1382 vehe-

1842 1429 2050 1475 ntenter.
2093 1417 2216 1474 Dixi
2247 1436 2370 1490 ergo
2401 1429 2453 1472 ut
2483 1417 2805 1488 e/funderent
2845 1423 3074 1490 furorem
3105 1436 3270 1474 meum
3295 1436 3448 1490 super

1841 1529 1927 1568 eos
1966 1515 2018 1568 in
2047 1513 2266 1580 deserto,
2297 1524 2346 1569 et
2374 1529 2726 1568 consumerent
2768 1529 2854 1568 eos
2897 1523 2946 1568 et
2975 1513 3078 1583 feci
3107 1523 3317 1586 prapter
3354 1530 3448 1568 no-

1841 1624 1957 1662 men
2000 1624 2166 1662 meum
2211 1624 2274 1662 ne
2313 1605 2594 1662 violaretur
2645 1621 2823 1661 coram
2863 1607 3118 1680 gentibus,
3153 1607 3216 1661 de
3267 1606 3450 1677 quibus

1843 1701 1967 1772 ejeci
1992 1717 2077 1756 eos
2106 1702 2160 1756 in
2205 1712 2484 1772 conspectu
2525 1717 2724 1756 earnm.
2780 1701 2906 1756 llasc
2949 1700 3018 1756 ad
3067 1717 3164 1756 eos
3196 1701 3449 1758 dicuntur

190 1805 262 1859 nisi
295 1802 373 1874 qui
397 1811 526 1858 ante
556 1816 686 1857 cum
729 1817 797 1858 eo
840 1801 1027 1857 fuerit.
1061 1800 1219 1857 Unde
1260 1809 1316 1856 et
1340 1800 1506 1856 draco
1535 1801 1588 1856 in
1632 1801 1738 1857 Job
1769 1802 1816 1864 Β
1845 1800 1935 1869 qui
1965 1800 2144 1855 educti
2194 1808 2323 1856 sunt
2346 1799 2416 1856 de
2443 1798 2684 1872 Aigypto
2730 1797 2782 1854 in
2828 1798 3109 1855 desertum
3137 1817 3150 1852 ι
3194 1810 3251 1854 ιιι
3279 1798 3450 1876 Ᾱξες-

191 1900 426 1964 wlvmine,
465 1905 745 1964 apostata,
776 1897 1196 1968 prtevaricator,
1244 1905 1302 1952 et
1345 1895 1608 1952 recedens
1635 1911 1733 1966 ap-

191 1992 368 2062 pellatur
398 1987 534 2059 (Job
567 1989 786 2060 xxxrv).

239 2083 604 2153 .Volttertmtque
628 2081 816 2136 audire
847 2098 948 2137 me.
998 2080 1362 2154 Unusquisque
1399 2082 1738 2138 abominatio-

188 2177 516 2232 assecularum
544 2193 763 2232 suorum
805 2191 908 2230 non
937 2178 1174 2246 projecit,
1220 2193 1313 2230 nec
1341 2175 1486 2231 idola
1512 2174 1738 2247 Aigypti

187 2275 463 2344 reliquerunt.
493 2269 683 2326 LXX:
716 2268 787 2324 Et
817 2269 1092 2324 noluerunt
1121 2270 1304 2326 audire
1327 2287 1426 2324 me.
1457 2270 1739 2324 Abomina-

187 2369 308 2419 tioars
342 2369 612 2420 oculorum
650 2374 676 2402 ει
714 2381 819 2420 non
864 2364 1217 2436 projecerunt,
1251 2375 1298 2420 et
1349 2365 1737 2420 adinventiones

188 2458 481 2530 :Eggptinoa
511 2457 862 2528 reliquerunt.
911 2457 1231 2528 Propterea,
1266 2459 1458 2530 inquit,
1487 2459 1738 2515 irritave-

185 2565 280 2608 runt
298 2572 393 2619 nte,
412 2563 466 2609 ct
496 2562 856 2610 recesserunt
878 2568 909 2608 a
941 2568 1052 2620 me,
1077 2553 1204 2624 quia
1224 2553 1520 2610 noluerunt
1547 2553 1738 2610 audire

188 2665 264 2712 tlte,
306 2645 418 2702 dum
462 2647 708 2704 liberum
770 2645 980 2701 homini
1008 2656 1260 2704 servatur
1303 2647 1633 2703 arbitrium:
1682 2658 1739 2705 et

187 2742 380 2798 iecerunt
409 2743 619 2808 omnia,
652 2758 774 2812 qua:
810 2757 880 2796 ne
903 2741 1147 2798 tacerent
1179 2743 1298 2812 lege
1321 2744 1596 2814 prterepi:
1628 2754 1737 2798 sta-

189 2839 257 2888 lim
301 2835 646 2902 desperantes
697 2834 978 2902 salutent,
1031 2843 1088 2890 et
1142 2837 1492 2890 mussitantes
1543 2845 1736 2892 contra

189 2929 380 3000 llnj'seu,
416 2928 630 3000 Deique
654 2928 1176 3000 repromissionibus
1215 2928 1548 2986 diltidentes.
1585 2929 1738 2988 Unde

191 3022 382 3092 sequitur
405 3040 418 3075 :

241 3103 428 3170 llr-diri
468 3124 524 3170 ut
565 3114 890 3184 effunderem
931 3115 1336 3189 indignationem
1374 3131 1538 3172 meam
1581 3133 1740 3189 super

194 3229 268 3278 est,
313 3222 353 3266 et
394 3212 663 3282 implerent
695 3212 827 3264 iram
875 3227 1044 3265 meum
1089 3211 1143 3264 in
1185 3211 1342 3265 eisin
1368 3210 1538 3266 medio
1585 3223 1736 3266 terra:
1765 3197 1809 3259 C

196 3305 381 3378 .lfgypti.
410 3305 610 3360 Statim
639 3317 698 3360 ut
727 3305 961 3375 prmcepi
989 3305 1070 3359 eis
1102 3304 1432 3374 relinquere,
1463 3305 1578 3359 sive
1601 3305 1736 3372 abji-

195 3415 286 3454 cerc
466 3399 806 3456 oll'cusioues
836 3399 1118 3455 oculorum
1147 3414 1397 3464 suorum,
1419 3409 1474 3454 et
1499 3401 1551 3454 iu
1576 3399 1738 3456 idolis

195 3484 362 3556 Egypu
400 3500 754 3556 nequaquam
795 3485 980 3555 pollui,
1015 3483 1366 3540 irritaverunt
1410 3502 1518 3550 me,
1554 3497 1606 3540 et
1637 3503 1737 3541 no-

196 3579 359 3632 luerunt
380 3579 566 3634 audire
586 3593 706 3649 qum
729 3578 864 3645 dixi,
885 3577 980 3633 sed
1002 3593 1033 3635 e
1055 3579 1332 3634 contrario
1356 3579 1602 3634 iecerunt
1617 3595 1738 3649 quso

199 3685 273 3723 non
283 3670 504 3727 iacienda
521 3673 780 3741 prmcepi.
800 3671 924 3726 Ideo
937 3671 1308 3741 decreveram,
1331 3682 1387 3728 ttt
1399 3672 1735 3728 effunderem

201 3767 236 3820 ia
253 3781 328 3823 eos
351 3766 591 3824 furorem
617 3774 672 3821 et
694 3766 1119 3838 indignationem
1154 3783 1351 3834 meam,
1379 3779 1432 3824 et
1456 3770 1737 3838 implerem

200 3863 296 3914 iram
308 3878 462 3918 meam
477 3879 645 3934 quam
672 3871 854 3919 mente
864 3878 1220 3934 conceperam
1237 3865 1290 3918 in
1310 3864 1736 3938 tttcdioIEgypti.

199 3959 290 4025 quia
313 3960 528 4016 necdum
584 3960 787 4031 egressi
834 3957 1044 4014 fuerant
1075 3960 1144 4014 de
1191 3959 1450 4031 Egypto.
1481 3960 1742 4032 Sequitur

200 4053 302 4106 enim
322 4055 444 4110 inira
461 4053 637 4129 :Ejeci
663 4069 784 4126 ergo
799 4071 883 4109 eos
905 4057 970 4109 de
993 4065 1130 4110 terra
1148 4053 1394 4128 [Egi/pii,
1426 4066 1470 4109 et
1500 4056 1656 4110 eduxi
1686 4057 1744 4110 in

200 4147 422 4207 deanam.
461 4151 542 4206 Ex
583 4165 691 4218 quo
743 4148 1069 4214 ostenditur,
1121 4163 1223 4204 nec
1267 4149 1396 4204 dum
1427 4163 1522 4204 eos
1577 4150 1744 4206 fuisse

201 4257 400 4310 egressos
421 4243 490 4301 de
515 4244 763 4316 Διῃριο
785 4287 802 4311 ,
854 4243 1072 4316 quando
1121 4243 1403 4301 eﬂ'undere
1457 4245 1631 4300 voluit
1662 4246 1744 4301 in-

202 4333 514 4404 dignationem
541 4353 724 4404 suam,
754 4348 810 4394 et
839 4337 1066 4406 implere
1096 4338 1234 4392 iram
1255 4349 1406 4392 suam
1436 4349 1600 4408 super
1621 4352 1739 4406 eos,

203 4441 242 4485 et
262 4444 515 4502 percutere
545 4450 644 4490 eos
665 4436 722 4489 in
745 4433 928 4490 medio
959 4442 1118 4491 terrae
1149 4431 1392 4504 Egypti.

255 4526 407 4598 (Vera.
436 4531 520 4600 9.)
558 4528 620 4582 Et
652 4531 750 4600 feci
768 4538 980 4598 prapter
1006 4544 1190 4582 nomen
1217 4543 1406 4597 meum,
1431 4535 1486 4582 at
1513 4543 1616 4582 non
1637 4527 1748 4582 vio—

1843 1893 2078 1963 ptiorum
2105 1893 2248 1949 vitiis
2269 1893 2484 1950 liberati
2517 1892 2734 1950 l‘acilius
2765 1893 2820 1947 in
2849 1892 3145 1948 solitudine
3177 1902 3447 1964 praecepta

1839 1989 2005 2060 ππ
2020 1986 2492 2057 Deicomplerent,
2512 1994 2568 2042 et
2588 1987 2793 2056 judicia
2813 1987 2930 2056 ejus
2951 1987 3218 2054 lacerent,
3241 1996 3298 2042 et
3322 1989 3448 2044 sab-

1837 2080 1958 2136 bata
1977 2080 2488 2147 custodirent.Qum
2517 2080 2568 2134 in
2599 2079 2814 2150 signum
2837 2078 2960 2134 data
2989 2089 3119 2135 sunt
3144 2079 3291 2134 inter
3317 2094 3440 2136 eum

1839 2176 1928 2246 qui
1946 2174 2114 2239 dedit,
2144 2183 2200 2230 et
2228 2189 2324 2229 eos
2339 2173 2535 2241 quibus
2556 2173 2682 2229 data
2709 2184 2858 2235 sunt.
2879 2173 3162 2238 Scriptura
3182 2172 3396 2228 dicente
3420 2190 3435 2228 :

1841 2268 1908 2322 Et
1937 2270 2139 2324 locutus
2167 2279 2238 2323 est
2260 2267 2518 2324 Dominus
2544 2266 2613 2322 ad
2641 2265 2882 2339 Moysen,
2908 2267 3122 2322 dicens:
3142 2266 3211 2320 Et
3235 2277 3288 2320 tu
3305 2281 3442 2338 prae-

1840 2365 1950 2436 cipe
1977 2365 2102 2434 ﬁliis
2130 2362 2320 2428 Israel,
2353 2363 2527 2418 dicens
2548 2379 2567 2418 :
2599 2361 2798 2428 Videte,
2821 2371 2868 2416 et
2893 2361 3106 2416 sabbata
3128 2377 3242 2414 mea
3270 2371 3442 2415 custo-

1839 2461 1969 2526 dite,
1991 2460 2128 2530 quod
2155 2468 2227 2514 est
2251 2460 2456 2530 signum
2483 2458 2618 2513 inter
2643 2473 2724 2511 nte
2751 2467 2795 2511 et
2825 2473 2912 2511 vos
2937 2457 2992 2510 in
3013 2455 3436 2528 generationibus

1837 2554 2054 2620 vestris;
2084 2561 2140 2608 ut
2169 2553 2342 2607 sciatis
2364 2551 2503 2622 quod
2529 2567 2622 2623 ego
2649 2566 2765 2606 sum
2795 2549 3044 2604 Dominus
3061 2549 3150 2621 qui
3170 2549 3440 2618 sanctiﬁco

1839 2665 1949 2714 vos,
1977 2658 2024 2702 et
2046 2647 2298 2702 custodite
2320 2647 2609 2713 sabbatum,
2636 2645 2886 2716 quoniam
2909 2652 3142 2698 sanctum
3167 2652 3243 2697 est
3274 2641 3438 2696 vobis.

1844 2742 1946 2810 Qui
1971 2741 2238 2796 violaverit
2264 2740 2418 2803 illud,
2451 2747 2613 2794 morte
2639 2738 2905 2792 ntorietur.
2938 2736 3120 2791 Omnis
3145 2737 3234 2806 qui
3260 2734 3440 2805 fecerit

1838 2837 1891 2890 in
1930 2852 1988 2890 eo
2019 2852 2169 2903 opus,
2222 2834 2558 2905 interficietur
2605 2833 2781 2887 aninta
2823 2832 2916 2887 illa
2947 2831 3010 2886 de
3040 2831 3208 2884 medio
3256 2830 3433 2902 populi

1838 2935 1920 2990 sui
1950 2932 2146 3004 (Exod.
2179 2948 2333 2998 xxxi,
2368 2933 2456 2999 15,
2488 2929 2600 3002 14).
2634 2929 2779 3001 Ergo
2809 2928 3095 2985 sabbatum
3118 2937 3174 2983 et
3200 2928 3433 2983 circum-

1837 3028 1976 3085 cisio
1999 3028 2052 3082 in
2081 3027 2298 3098 signum
2329 3024 2452 3080 data
2483 3035 2612 3078 sunt
2645 3023 2757 3078 veri
2794 3021 3030 3086 sabbati,
3065 3030 3120 3076 et
3150 3033 3292 3076 verte
3331 3019 3438 3074 cir-

1839 3119 2190 3176 cumcisionis
2214 3136 2226 3172 :
2263 3126 2320 3172 ut
2348 3117 2586 3172 sciamus
2611 3115 2848 3171 nobisin
2873 3113 3138 3185 perfecto,
3163 3122 3216 3168 et
3233 3121 3438 3168 aeterno

1843 3215 2072 3270 sabbato
2117 3211 2578 3284 requiescendum
2621 3226 2653 3266 a
2684 3209 2872 3264 sreculi
2922 3208 3203 3280 operibus,
3244 3217 3298 3264 et
3330 3221 3438 3262 non

1843 3308 2192 3379 praeputium,
2243 3307 2340 3363 sed
2379 3321 2475 3362 cor
2523 3304 3002 3361 circumcidamus.
3042 3303 3192 3360 Unde
3243 3303 3296 3358 in
3346 3317 3440 3357 sex

1843 3401 2038 3457 diebus
2069 3412 2383 3470 operantes,
2422 3399 2512 3456 die
2541 3399 2778 3467 septimo
2805 3397 3224 3466 requiescimus,
3256 3403 3316 3449 ut
3355 3395 3439 3450 ul-

1845 3496 1916 3550 ltil
1945 3493 2094 3549 aliud
2125 3493 2210 3550 die
2232 3509 2296 3548 ac
2327 3505 2484 3548 nocte
2510 3493 2790 3556 iactamus,
2824 3491 2926 3546 nisi
2959 3507 3120 3544 ontne
3141 3489 3284 3559 quad
3309 3489 3446 3544 viri-

1845 3607 1986 3657 tuus,
2012 3589 2200 3646 deberi
2233 3589 2462 3644 Domino
2491 3587 2825 3658 noverimus,
2861 3596 2916 3640 et
2947 3585 3210 3642 redeunte
3237 3583 3444 3640 hebdo-

1846 3684 2022 3748 made,
2075 3692 2217 3738 totos
2245 3698 2342 3737 nos
2382 3682 2501 3752 ejus
2546 3681 2752 3736 nomini
2798 3693 3208 3742 consecremus,
3243 3687 3299 3733 ut
3347 3694 3447 3749 per

1842 3779 2339 3840 sanctiﬁcationem
2371 3779 2500 3845 diei,
2555 3777 2907 3833 recordemur
2935 3777 3146 3831 Domini
3177 3776 3266 3846 qui
3313 3789 3447 3830 san-

1845 3873 2042 3929 ctilicat
2066 3887 2182 3928 nos.
2208 3871 2334 3928 Haec
2357 3880 2626 3942 praecepta
2655 3880 2709 3926 et
2725 3870 3165 3938 justiticationes,
3188 3877 3242 3923 et
3262 3867 3450 3923 obser-

1846 3969 2082 4025 vantiam
2122 3965 2336 4024 sabbati
2380 3965 2531 4022 dedit
2568 3964 2830 4020 Dominus
2869 3965 2924 4018 in
2954 3963 3198 4030 deserto,
3256 3969 3316 4017 ut
3364 3961 3443 4015 fa-

1845 4065 2054 4120 cientes
2084 4062 2174 4118 illa
2206 4061 2453 4117 viverent
2487 4063 2537 4114 in
2567 4059 2648 4114 eis
2677 4077 2689 4114 :
2737 4071 2845 4113 non
2887 4057 2956 4113 de
2989 4057 3102 4112 illis
3141 4055 3209 4111 ad
3243 4056 3451 4125 majora

1848 4156 2161 4220 transirent,
2202 4154 2344 4208 sicut
2389 4153 2443 4207 in
2473 4151 2770 4222 Evangelio
2817 4148 3146 4217 promissum
3184 4158 3290 4204 est.
3316 4146 3450 4215 Quae

1847 4250 1928 4306 illi
1944 4248 2303 4314 violaverunt,
2330 4261 2438 4300 non
2470 4243 2642 4301 semel
2666 4257 2766 4299 nec
2791 4257 3004 4313 parum.
3023 4239 3132 4298 Sed
3158 4240 3448 4296 vehemen-

1848 4354 1951 4411 ter,
1984 4353 2044 4397 ut
2070 4341 2382 4398 violationis
2411 4341 2648 4401 ἐπίτασις
2689 4347 3109 4392 monstraretur.
3144 4334 3290 4389 Dixit
3317 4348 3452 4404 ergo

1848 4450 1902 4494 et
1933 4439 1988 4492 in
2007 4451 2103 4492 sua
2128 4443 2310 4490 mente
2335 4433 2599 4501 decrevit,
2626 4438 2684 4486 ut
2708 4430 3015 4486 effunderet
3032 4432 3270 4484 furorem
3290 4443 3448 4483 suum

1849 4545 2013 4600 super
2060 4544 2154 4586 eos
2200 4529 2256 4583 in
2288 4527 2532 4594 deserto,
2577 4534 2634 4582 et
2661 4535 3021 4580 consumeret
3067 4537 3184 4586 eos,
3236 4521 3453 4592 quando

205 4621 350 4676 lmtar
365 4639 530 4678 eorum
554 4623 812 4695 gentibus,
833 4624 889 4678 in
912 4639 1133 4696 quarum
1160 4623 1324 4678 medio
1344 4633 1514 4688 erant,
1548 4631 1595 4676 et
1615 4623 1748 4678 inter
1773 4607 1828 4670 Ῑ)
1855 4624 2066 4680 locutus
2097 4633 2179 4678 est
2205 4621 2274 4677 ad
2304 4621 2522 4693 Moysen
2549 4637 2562 4672 :
2600 4619 2810 4673 Dimitte
2854 4621 2954 4685 me,
2997 4625 3046 4672 et
3084 4617 3250 4672 iratus
3279 4620 3457 4688 furore

205 4729 299 4781 quas
318 4717 528 4784 apparui
568 4718 641 4772 eis
671 4725 726 4770 ut
769 4716 1036 4771 educerem
1078 4733 1167 4772 eos
1211 4717 1274 4771 de
1315 4717 1451 4770 terra
1499 4715 1744 4790 Egypti.

207 4807 319 4874 Quod
345 4809 518 4868 lacere
557 4811 864 4883 cogitabam
912 4822 1135 4882 propter
1158 4811 1451 4882 justitiam,
1502 4827 1612 4866 non
1644 4809 1749 4866 l'eei

207 4913 380 4971 propter
422 4906 736 4962 clementia:
777 4905 1234 4974 magnitudinem,
1289 4921 1356 4960 ne
1412 4905 1750 4976 pollueretur

207 5009 360 5052 noen
374 5014 572 5066 meum,
601 5009 654 5053 et
675 4999 894 5055 viderer
916 5013 1024 5054 non
1051 5001 1292 5069 potuisse
1311 4999 1586 5068 complere
1605 4997 1752 5068 quod

207 5084 331 5145 Israel
351 5094 784 5162 repromiseram.
814 5093 1042 5162 Peperci
1076 5093 1241 5162 igitur
1267 5093 1474 5148 nomini
1503 5107 1650 5158 meo,
1681 5107 1750 5148 ne

209 5178 420 5240 baberent
457 5188 806 5243 occasionem
835 5186 1248 5257 blasphemandi
1281 5187 1557 5252 nationes,
1613 5187 1752 5242 inter

210 5287 308 5342 quas
333 5289 479 5335 notus
509 5280 683 5336 factus
725 5295 845 5336 sum
877 5280 957 5336 eis
987 5280 1040 5335 in
1068 5291 1214 5336 terra
1245 5279 1493 5354 Egypti.
1546 5280 1754 5336 Hucus-

211 5382 286 5438 que
304 5375 416 5443 qttitl
443 5377 524 5431 eis
546 5376 858 5447 promiserit
881 5377 932 5432 in
965 5387 1107 5433 terra
1154 5376 1376 5450 Egypti
1419 5378 1752 5445 constitutis,

210 5471 251 5515 ει
275 5471 522 5534 Quomodo
563 5472 742 5526 statim
792 5470 1144 5538 offenderint,
1178 5479 1235 5528 et
1264 5472 1392 5543 quid
1435 5481 1628 5527 contra
1658 5487 1756 5529 eos

213 5551 425 5615 Dominus
449 5563 786 5634 cogitaverit,
817 5572 870 5620 et
900 5575 1082 5636 tamen
1110 5581 1217 5621 non
1247 5565 1458 5632 iecerit,
1491 5564 1754 5636 propheta

264 5704 286 5780 δ
310 5697 676 5780 ,ᾼίίιὶἱι-Υἰςῑοΐ.
707 5721 920 5780 suorum
950 5721 1014 5760 ex
1047 5704 1248 5780 Graeco
1268 5707 1530 5780 ὀφθαλμῶν
1560 5706 1744 5780 αὐτῶν.

264 5766 284 5806 δ
306 5771 424 5827 Cum
457 5774 622 5833 Vatic.
650 5793 754 5834 nts.
806 5779 1032 5848 legimus
1060 5787 1180 5846 post
1211 5766 1429 5836 Victor:
1453 5779 1748 5834 constitutis

215 5849 288 5906 Pro
309 5857 402 5913 quo
429 5857 582 5906 antea
611 5858 730 5908 erat
756 5850 1084 5907 constitutus.

83 6083 120 6307 ἰ
319 6144 342 6182 ,

1851 4727 2032 4774 contra
2053 4734 2161 4784 eos,
2201 4715 2382 4772 delebo
2419 4714 2540 4770 illos
2564 4711 2761 4786 (Exod.
2796 4728 2964 4777 xxx",
2998 4711 3109 4782 l0).
3144 4709 3252 4767 Sed
3284 4710 3458 4766 noluit

1849 4816 2054 4884 facere,
2111 4825 2343 4883 parcens
2372 4808 2668 4882 Egyptiis,
2705 4815 2762 4863 et
2809 4805 3025 4861 caneris
3071 4805 3351 4874 gentibus,
3387 4817 3458 4859 ne

1852 4908 2372 4974 scaudalizarentur,
2414 4914 2469 4961 et
2495 4904 2626 4974 ipsis
2653 4916 2890 4973 quorum
2921 4901 3188 4956 misertus
3223 4908 3330 4964 est,
3357 4913 3456 4954 ex-

1853 5011 2106 5072 spectans
2145 4997 2520 5070 paenitentiam
2565 5009 2982 5051 conversurum.
3036 4992 3458 5061 Notandumque

1858 5095 2000 5168 quod
2023 5095 2242 5166 quando
2267 5091 2294 5131 ι)
2321 5090 2631 5148 constitutis
2656 5092 2708 5144 in
2735 5087 2974 5160 IEgypto
2992 5087 3318 5158 loquebatur
3337 5093 3461 5154 post

1855 5189 2115 5244 oll‘ensam
2143 5204 2156 5241 :
2188 5185 2340 5254 Feci,
2372 5186 2468 5250 ait,
2497 5190 2708 5255 prOpter
2739 5197 2923 5236 nomen
2948 5195 3136 5245 meum,
3164 5189 3219 5234 ut
3234 5194 3334 5232 non
3350 5177 3460 5230 vio-

1855 5283 2054 5339 laretur
2089 5298 2263 5337 coram
2292 5279 2528 5353 gentibus
2567 5290 2587 5317 ο
2622 5279 2688 5331 de
2715 5278 2900 5350 quibus
2939 5279 3069 5350 ejcci
3113 5292 3197 5330 eos
3242 5281 3296 5327 in
3336 5287 3460 5326 cou—

1855 5386 2033 5451 specta
2055 5392 2249 5431 earum.
2279 5375 2432 5430 Tunc
2463 5373 2608 5429 enim
2632 5371 2812 5428 adhuc
2846 5373 2898 5427 in
2923 5371 3101 5426 medio
3128 5378 3306 5436 erant,
3333 5367 3458 5438 quia

1858 5473 2090 5529 necdum
2137 5471 2402 5526 exierant.
2447 5467 2603 5524 Nunc
2657 5477 2838 5522 autem
2913 5475 3201 5536 postquam
3251 5461 3458 5529 egressi

1857 5575 2004 5629 sunt,
2029 5562 2250 5631 dicitur,
2283 5562 2346 5616 de
2367 5561 2549 5632 quibus
2578 5559 2710 5628 ejeci
2732 5575 2816 5614 eos
2843 5559 2896 5612 in
2926 5564 3202 5621 conspectu
3229 5568 3430 5610 earum.

1934 5713 1956 5742 ο
1985 5697 2277 5766 Victorius,
2302 5715 2405 5757 ms.
2431 5709 2490 5756 ut
2509 5699 2604 5763 ait,
2637 5711 2741 5769 Ope
2758 5693 2995 5768 adjutus,
3019 5691 3237 5768 supplet
3257 5695 3309 5751 in
3331 5714 3463 5768 qua-

1857 5793 1974 5831 rum
1999 5775 2166 5829 medio
2188 5785 2334 5829 erant
2359 5789 2377 5828 :
2405 5789 2524 5843 qum
2554 5783 2731 5827 tamen
2778 5771 2943 5827 verba
2977 5770 3032 5826 in
3074 5771 3280 5827 nostris
3323 5785 3457 5824 mss.

1859 5857 1954 5906 aut
1977 5847 2114 5905 alias
2134 5845 2296 5905 editis
2322 5845 2477 5903 libris
2507 5859 2615 5901 non
2641 5851 2813 5916 sunt.‘
3121 5863 3126 5868 -
