4038 6328
506 275 609 334 191

1753 272 1814 329 S.
1856 270 2131 328 EUSEBII
2170 270 2552 329 HIERONYMI

3715 271 3840 332 192

577 392 760 466 (Vers.
796 394 911 463 15.)
952 391 1064 463 Ego
1090 393 1254 464 igitur
1299 391 1460 446 levavi
1505 407 1716 446 manum
1746 407 1917 446 meam
1950 406 2106 462 super
2132 391 2188 455 Α
2213 392 2316 448 tico
2343 411 2354 446 :
2393 394 2502 466 Ego
2525 395 2861 466 interficiam,
2892 407 2939 452 et
2961 411 3053 468 ego
3075 399 3344 467 viviﬁcabo
3365 397 3550 473 (Deut.
3576 399 3671 463 xit,
3700 394 3831 466 59).

503 503 588 544 eos
613 487 777 561 229
799 488 852 540 in
877 486 1099 550 deserto,
1119 503 1182 540 ne
1205 496 1230 524 α
1258 486 1527 542 educerem
1551 503 1638 542 eos
1665 486 1716 540 in
1747 495 1939 540 terram
1956 502 2110 557 quam

506 583 628 638 dedi
653 588 742 646 eis,
776 584 1018 652 ﬂuentem
1043 579 1174 636 lacte
1206 591 1256 636 et
1280 580 1462 637 melle:
1500 583 1816 653 praecipuam
1860 590 2113 634 terrarum

510 675 758 740 onmium,
792 674 916 745 quia
934 673 1144 746 judicia
1169 691 1285 730 mea
1313 679 1661 746 proiecerant,
1693 683 1738 729 et
1766 675 1820 728 in
1845 674 2111 744 prteceptis

507 769 632 822 meis
646 785 748 822 non
769 768 1178 837 ambulaverunt,
1197 779 1244 824 et
1266 771 1478 826 sabbata
1495 788 1608 824 mea
1629 771 1962 824 violaverant.
1984 766 2113 822 Post

505 861 653 916 idola
688 865 824 916 enim
867 878 956 917 cor
985 878 1162 917 eorum
1192 863 1542 935 gradiebatur,
1584 871 1632 916 et
1673 863 1901 934 pepercit
1928 859 2113 915 oculus

509 969 654 1008 meus
685 969 842 1022 super
863 971 969 1016 eos,
999 963 1052 1008 ut
1081 971 1182 1008 non
1210 955 1546 1025 interﬁcerem
1572 971 1679 1019 eos,
1711 971 1803 1008 nec
1820 956 2114 1020 consumpsi

513 1063 599 1102 eos
619 1048 672 1101 in
697 1048 918 1102 deserto.
952 1047 1130 1104 LXX:
1157 1046 1225 1101 Et
1255 1065 1347 1119 ego
1367 1049 1525 1103 levavi
1548 1064 1755 1102 manum
1777 1065 1940 1102 meam
1957 1065 2113 1116 super

519 1159 604 1198 eos
632 1143 684 1196 in
715 1144 937 1208 deserto,
962 1153 1020 1198 ut
1048 1145 1258 1198 omnino
1291 1159 1392 1197 non
1419 1142 1799 1198 introducerem
1829 1161 1913 1198 eos
1940 1144 1992 1197 in
2014 1153 2116 1197 ter-

506 1250 620 1289 ram
662 1251 820 1306 quam
850 1235 972 1290 dedi
1013 1237 1118 1291 eis:
1164 1245 1356 1290 terram
1398 1237 1645 1307 fluentem
1675 1237 1806 1291 lacte
1834 1246 1880 1290 et
1920 1237 2111 1291 melle:

514 1332 664 1402 favus
691 1341 765 1385 est
795 1332 934 1390 ultra
973 1347 1176 1387 onmem
1207 1342 1428 1386 terram:
1464 1349 1525 1386 eo
1547 1333 1682 1402 quod
1713 1333 2114 1405 justificationes

507 1438 646 1475 meas
688 1422 1010 1492 repulerunt,
1050 1428 1179 1477 et-in
1213 1424 1483 1496 praeceptis
1525 1425 1650 1478 meis
1686 1440 1787 1478 non
1819 1422 2114 1478 ambulave—

507 1528 651 1584 runt,
683 1527 730 1572 et
767 1518 977 1572 sabbata
1011 1535 1122 1572 mea
1159 1518 1498 1582 violaverunt,
1543 1528 1590 1572 et
1633 1530 1747 1587 post
1776 1519 2114 1589 cogitationes

503 1611 738 1664 cordium
764 1628 974 1665 suorum
991 1610 1403 1666 ambulaverunt.
1427 1609 1495 1664 Et
1523 1612 1744 1683 pepercit
1771 1609 1954 1665 oculus
1971 1626 2114 1664 meus

500 1719 655 1776 super
681 1720 787 1768 eos,
816 1721 880 1757 ne
906 1703 1128 1759 delerem
1155 1721 1262 1768 eos,
1292 1713 1341 1759 et
1365 1720 1472 1757 non
1503 1703 1740 1773 interfeci
1769 1719 1880 1766 eos,
1906 1703 1962 1756 in
1988 1720 2113 1756 con-

2213 487 2508 544 POssnmus
2536 499 2592 545 et
2621 490 2725 546 hoc
2746 490 2898 560 juxta
2930 491 3166 548 litteram
3195 493 3378 548 dicere
3405 491 3548 562 quod
3577 507 3682 548 non
3718 491 3832 548 de-

2213 579 2400 636 leverit
2426 596 2540 650 eos,
2574 598 2752 654 neque
2779 587 3183 655 consumpserit
3211 602 3331 640 eum
3351 586 3520 656 stirpe
3537 600 3632 640 sua
3659 595 3840 655 atque

2215 674 2492 744 progenie,
2525 675 2621 728 sed
2669 676 2970 731 interfectis
3017 679 3284 748 patribus,
3333 679 3640 750 pepercerit
3671 679 3832 749 liliis,

2213 779 2350 835 quos
2373 765 2423 818 in
2453 775 2650 820 terram
2684 769 3126 839 repromissionis
3157 771 3386 826 induxit.

2288 860 2468 930 (Vers.
2501 864 2568 918 l8
2605 871 2789 935 seqq.)
2837 865 2962 922 Dixi
2983 877 3153 923 autem
3183 870 3252 922 ad
3291 871 3429 939 filios
3451 887 3629 925 eorum
3653 871 3708 925 in
3738 887 3838 926 so-

2214 954 2433 1008 litudine
2465 972 2483 1009 :
2512 955 2580 1011 In
2611 960 2885 1032 praeceptis
2914 962 3052 1028 (sive
3081 962 3349 1036 legitimis)
3379 975 3583 1033 patrum
3621 975 3834 1019 vestro-

2214 1061 2330 1099 rum
2358 1047 2516 1101 nolite
2537 1048 2797 1115 incedere,
2826 1069 2916 1104 nec
2933 1053 3140 1124 judicia
3168 1072 3341 1109 eorum
3376 1056 3700 1124 custodiatis,
3733 1074 3834 1111 nec

2213 1138 2370 1192 idolis
2397 1139 2534 1211 (sive
2558 1145 2984 1214 cogitationibus)
3011 1163 3188 1200 eorum
3212 1149 3542 1219 polluamini.
3577 1149 3690 1219 Ego
3714 1148 3831 1203 Do-

2215 1232 2385 1287 minus
2412 1231 2553 1287 Deus
2584 1245 2768 1290 vester.
2799 1236 2868 1290 ln
2901 1239 3175 1310 prwceptis
3201 1241 3328 1294 meis
3355 1240 3634 1308 ambulate,
3669 1251 3716 1295 et
3728 1242 3831 1312 ju-

2216 1325 2352 1379 dit-ia
2379 1342 2492 1380 mea
2513 1330 2786 1396 custodite,
2815 1340 2863 1385 et
2892 1333 3049 1402 facite
3077 1351 3160 1400 ea,
3191 1344 3239 1388 et
3259 1335 3474 1389 sabbata
3495 1352 3608 1389 mea
3629 1337 3830 1390 sancti-

2216 1418 2388 1487 ﬁcate,
2421 1430 2477 1474 ut
2517 1422 2584 1474 sit
2607 1424 2814 1493 signant
2836 1425 2971 1480 inter
2996 1443 3075 1480 me
3113 1435 3161 1482 et
3211 1444 3336 1494 vos,
3363 1440 3410 1482 et
3435 1431 3631 1484 sciatur
3681 1430 3831 1501 (sive

2216 1520 2273 1564 ut
2295 1512 2496 1583 sciatis)
2525 1516 2646 1584 quia
2685 1533 2778 1587 ego
2807 1534 2922 1572 sum
2967 1517 3222 1574 Dominus
3279 1521 3421 1576 Deus
3458 1533 3642 1577 vester.
3690 1523 3830 1579 Post

2217 1601 2654 1661 interfectionem
2711 1621 2927 1677 patrum
2977 1612 3068 1681 qui
3118 1613 3173 1666 in
3227 1627 3415 1669 eremo
3465 1627 3821 1685 corruerunt,

2218 1709 2489 1769 praecepta
2534 1699 2630 1755 dat
2660 1700 2809 1770 ﬁliis,
2863 1703 2917 1759 in
2959 1720 3190 1775 quorum
3238 1708 3418 1764 salute
3452 1708 3710 1765 nti~ertus
3737 1718 3831 1766 est

509 1797 852 1866 sumptionem
877 1797 930 1850 in
962 1797 1186 1852 deserto.
1215 1799 1571 1854 Decreveram
1596 1796 1811 1866 quidem
1846 1805 1906 1850 ut
1936 1804 2105 1850 totum
2137 1795 2186 1856 B
2213 1802 2448 1862 patrum.
2485 1793 2550 1847 Et
2580 1799 2846 1864 pepercit,
2901 1798 3098 1868 inquit,
3147 1801 3344 1856 oculus
3392 1801 3608 1856 Domini
3655 1819 3832 1875 super

508 1887 755 1945 furorem
789 1905 968 1944 meum
997 1889 1331 1946 effunderem
1361 1905 1524 1959 super
1549 1903 1665 1953 eos,
1698 1898 1753 1945 et
1777 1887 2019 1944 delerem
2052 1889 2115 1942 il-

515 1983 597 2037 los
615 1996 775 2054 atque
792 1997 1171 2039 consumerem
1196 2003 1209 2038 :
1235 1984 1330 2039 sed
1351 1985 1448 2038 ieci
1474 1992 1691 2054 propter
1709 1997 1906 2036 nomen
1932 1996 2111 2036 meum

515 2090 584 2130 ne
614 2076 916 2131 violaretur
957 2074 1010 2130 in
1066 2076 1346 2146 gentibus,
1395 2075 1712 2131 Amalecitis
1756 2073 2008 2129 videlicet
2059 2082 2114 2129 et

508 2165 735 2237 reliquis
767 2165 968 2239 (Exod.
1007 2183 1145 2233 xvtt;
1178 2166 1345 2222 Num.
1379 2169 1519 2238 xw),
1551 2182 1672 2237 qua:
1710 2175 1898 2222 contra
1931 2181 2029 2222 eos
2060 2167 2112 2221 in

508 2259 807 2316 solitudine
840 2261 1196 2329 dimicarunt,
1225 2271 1282 2316 ιιι
1307 2276 1646 2333 nequaquam
1677 2259 1990 2316 inducerem
2019 2277 2114 2316 eos

503 2353 558 2408 in
593 2362 814 2421 terram,
851 2369 1011 2423 quam
1041 2355 1121 2410 eis
1149 2355 1430 2425 pollicitus
1457 2369 1577 2410 sum
1601 2352 1862 2408 ﬂuentem
1897 2355 2034 2410 lacte
2059 2365 2116 2410 et

513 2451 702 2515 melle,
735 2466 858 2520 quae
891 2452 1154 2524 praecipua
1181 2462 1447 2508 terrarum
1475 2451 1720 2508 omnium
1751 2461 1852 2518 est,
1887 2451 2000 2506 sive
2028 2455 2113 2524 fa-

508 2559 621 2597 vus.
651 2543 830 2598 Causa
855 2553 1035 2598 autem
1059 2559 1236 2614 ptenae
1257 2557 1338 2601 est
1367 2547 1633 2618 istiusqne
1652 2547 1960 2609 sententiae,
1986 2545 2113 2616 quia

502 2634 704 2705 judicia
752 2651 870 2691 mea
904 2636 1273 2707 proiecerant,
1316 2648 1371 2694 et
1417 2639 1471 2694 in
1504 2641 1792 2709 prreeeptis
1823 2639 1962 2695 meis
2006 2653 2112 2694 non

509 2728 945 2796 ambulaverant,
972 2741 1026 2784 et
1050 2731 1283 2786 sabbata
1303 2747 1421 2786 mea
1445 2733 1806 2789 violaverant.
1826 2733 2112 2804 lpsiusque

514 2837 691 2877 causae
723 2821 842 2877 tunc
869 2838 1032 2879 causa
1061 2835 1164 2890 est,
1202 2835 1259 2880 ut
1286 2827 1386 2882 ista
1427 2843 1534 2882 non
1567 2828 1829 2896 facerent,
1864 2829 1987 2897 quia
2021 2845 2115 2884 cor

507 2930 699 2971 eorum
746 2915 965 2989 ,λεωριὶ
1016 2918 1158 2975 idola
1209 2921 1561 2992 sequebatur.
1613 2924 1865 2990 Pepercit
1902 2935 2111 2991 autem,

509 3011 607 3074 ait,
634 3010 824 3066 oculus
860 3027 1013 3067 meus
1042 3029 1109 3068 ne
1141 3014 1506 3071 interlicerem
1533 3032 1629 3072 eos
1661 3025 1825 3088 atque
1847 3018 2108 3086 delerem,

516 3116 619 3157 nec
641 3103 866 3160 omnino
887 3119 1292 3162 consumerem.
1317 3107 1375 3164 ln
1399 3125 1510 3180 quo
1536 3116 1819 3182 quaeritur,
1840 3113 2114 3183 quomodo

514 3201 597 3256 eis
629 3203 962 3270 pepercerit,
1011 3220 1239 3274 quorum
1270 3204 1618 3276 cadaveragjn
1665 3207 1960 3262 solitudine
1987 3223 2113 3262 cor-

515 3306 765 3364 ruerunt,
797 3307 850 3351 et
875 3307 1103 3368 excepto
1129 3297 1260 3354 Jesu
1290 3299 1456 3364 Nave,
1486 3308 1542 3354 et
1573 3299 1738 3356 Caleb
1766 3301 1874 3354 tilio
1911 3300 2116 3372 Jeplto—

513 3401 620 3454 me,
654 3395 856 3443 terram
887 3391 1336 3461 repromissionis
1371 3391 1553 3447 tmllus
1595 3393 1876 3462 ingreSSns
1908 3403 2009 3448 est.
2038 3395 2112 3449 Ex

513 3495 621 3552 quo
647 3483 1003 3554 intelligimus
1045 3486 1225 3541 vivere
1274 3500 1392 3552 eos,
1424 3501 1524 3541 nec
1571 3489 1792 3542 teternis
1833 3489 2115 3558 suppliciis

515 3586 842 3641 reservatos,
876 3593 979 3633 nec
1005 3578 1220 3634 deletos
1248 3594 1373 3635 esse
1399 3579 1470 3635 de
1498 3579 1640 3636 libro
1670 3580 1988 3648 viventium,
2015 3598 2117 3638 nec

515 3678 871 3737 consumptos
899 3679 1028 3726 ante
1052 3671 1240 3726 faciem
1275 3672 1510 3728 Domini.
1537 3674 1592 3727 Si
1623 3674 1767 3728 enim
1792 3691 1857 3728 ex
1881 3689 1948 3729 eo
1969 3676 2115 3746 quod

516 3778 624 3818 non
642 3774 768 3819 sunt
785 3765 1077 3821 introducti
1106 3768 1159 3821 in
1183 3774 1384 3821 terram
1409 3767 1882 3835 repromissionis,
1910 3770 2117 3838 perisse

517 3859 774 3915 credendi
809 3869 975 3916 sunt:
1007 3876 1142 3932 ergo
1170 3871 1224 3917 et
1265 3861 1479 3933 Moyses
1511 3862 1690 3932 periit,
1724 3864 1813 3932 qui
1841 3863 1973 3918 vidit
1999 3873 2118 3918 tan—

519 3960 630 4005 tum
663 3961 862 4006 terram
911 3953 1374 4022 repromissitmis,
1404 3963 1462 4008 et
1493 3969 1598 4008 non
1639 3964 1722 4010 est
1754 3957 2030 4026 ingressus
2062 3957 2116 4010 in

520 4058 658 4099 eam.
692 4044 765 4100 De
790 4060 899 4116 quo
928 4045 981 4099 in
1007 4046 1144 4102 libro
1170 4044 1298 4102 Jesu
1325 4047 1585 4103 Dominus
1614 4049 1884 4119 loquitur:
1913 4050 2118 4122 Moyses

519 4137 747 4206 famulus
779 4155 919 4193 meus
945 4149 1186 4194 mortuus
1213 4150 1286 4194 est
1311 4140 1492 4212 (Deut.
1522 4157 1712 4208 xxxw,
1842 4143 1910 4198 Et
1934 4145 1985 4198 in
2009 4145 2120 4199 Ma-

520 4229 695 4286 lacbia
721 4250 734 4286 :
769 4230 1084 4287 Mementote
1108 4232 1257 4303 Legis
1278 4228 1449 4306 Moysi
1474 4236 1604 4290 servi
1629 4237 1730 4291 mei
1761 4235 2019 4308 (Malach.
2042 4254 2116 4304 tv,

512 4323 594 4393 4).
629 4325 698 4379 Ει
728 4325 780 4379 in
805 4325 968 4397 230
994 4325 1253 4391 terentia,
1286 4329 1446 4392 quasi
1477 4327 1544 4383 de
1571 4332 1768 4394 amico,
1803 4340 1858 4384 et
1888 4330 2122 4385 familia-

517 4419 736 4474 rissimo
772 4436 873 4476 suo
920 4422 1168 4492 loquitur
1211 4422 1391 4476 Deus:
1446 4423 1506 4478 Si
1545 4425 1778 4479 steterint
1829 4424 2035 4496 Moyses
2073 4435 2120 4480 et

518 4509 730 4568 Samuel
775 4515 826 4567 in
857 4525 1132 4584 conspectu
1155 4531 1267 4570 meo
1305 4514 1522 4588 (Jerem.
1557 4533 1644 4586 xv,
1681 4519 1758 4585 1).
1782 4517 2038 4588 Alioquin
2066 4528 2121 4575 et

513 4604 683 4676 Moysi
727 4621 914 4675 preces
941 4609 1221 4664 exauditas
1247 4624 1373 4665 esse
1403 4609 1734 4666 credendum
1760 4620 1865 4677 est,
1898 4613 2119 4683 quando

517 4713 616 4768 pro
645 4701 846 4770 ponulo
895 4701 1270 4772 interpellans,
1321 4704 1427 4758 ait:
1465 4704 1526 4760 Si
1569 4705 1786 4760 dimittis
1823 4707 1900 4761 eis
1931 4724 2116 4777 pecca-

522 4799 655 4858 tum,
690 4793 921 4861 dimitte;
949 4797 1029 4849 sin
1059 4805 1230 4850 autent
1257 4813 1357 4850 non
1393 4799 1488 4862 vis,
1531 4815 1610 4852 me
1641 4799 1755 4854 dele
1779 4799 1842 4854 de
1868 4800 1999 4855 libro
2030 4813 2119 4855 tuo

520 4901 669 4955 quem
697 4889 956 4957 scripsisti
982 4888 1179 4960 (Exod.
1200 4906 1369 4953 χχχιι.
1404 4892 1495 4957 52,
1525 4893 1637 4964 55).
1672 4894 1741 4948 Ut
1769 4903 1948 4950 autem
1982 4897 2121 4951 scia-

520 4992 642 5033 mus
687 4981 1013 5036 sententiam
1065 4983 1155 5040 Dei
1207 4985 1258 5038 in
1308 4983 1450 5040 ﬁlios
1494 4994 1549 5040 et
1580 4985 1833 5053 famulos,
1891 5003 1998 5042 non
2051 4989 2118 5044 ad

519 5070 922 5140 perditionem,
982 5074 1078 5131 sed
1142 5077 1578 5133 emendationem
1636 5081 1783 5148 ﬁeri,
1831 5081 2117 5137 audiamus

521 5162 830 5219 teSIimonia
857 5166 1283 5238 Scriptnrsrum.
1305 5168 1436 5234 Fili,
1464 5189 1525 5226 ne
1538 5175 1853 5228 contristeris
1873 5174 1942 5226 ad
1962 5175 2119 5228 disci-

519 5255 719 5325 plinam
745 5256 982 5322 Domini,
1015 5277 1176 5331 neque
1217 5263 1429 5330 deﬁcias
1463 5266 1671 5336 quando
1701 5267 1764 5318 ab
1797 5282 1859 5320 eo
1885 5268 2121 5337 argueris

515 5346 708 5418 (Prov.
739 5366 816 5417 ut,
848 5351 962 5423 ll).
993 5352 1158 5421 Quem
1185 5356 1322 5410 enim
1347 5357 1521 5430 diligit
1565 5357 1836 5425 Dominus,
1865 5361 2122 5432 corripit:

523 5444 759 5515 flagellat
789 5455 960 5500 autent
991 5462 1191 5502 omnem
1219 5449 1388 5516 filium
1413 5467 1561 5518 quem
1586 5451 1766 5522 recipit
1794 5450 1983 5520 (Hebr.
2020 5467 2118 5520 xu,

515 5534 594 5608 6).
628 5537 695 5594 Et
725 5539 778 5594 in
807 5539 919 5596 alio
946 5541 1102 5597 loco:
1138 5542 1268 5597 Cum
1298 5543 1608 5614 interﬁceret
1637 5560 1746 5612 eos,
1780 5554 1898 5598 tunc
1923 5559 2122 5616 qutere-

511 5630 633 5687 bant
659 5650 774 5689 eum
805 5633 980 5700 (Psal.
1008 5653 1220 5708 Lxsvtt,
1247 5638 1362 5711 54).
1391 5639 1456 5695 Et
1472 5640 1525 5696 in
1549 5638 2120 5697 DeuterouomiiCan—

2216 1899 2312 1939 eos
2345 1901 2357 1936 :
2393 1900 2463 1940 ne
2496 1886 2720 1940 omnino
2750 1888 3091 1945 interﬁceret
3119 1907 3217 1946 eos
3251 1903 3414 1964 atque
3443 1893 3691 1961 deleret,
3721 1893 3825 1950 sed

2216 1979 2482 2050 patresin
2513 1979 2638 2035 [iliis
2671 1992 2988 2038 reservaret
3024 2001 3038 2039 :
3074 1984 3376 2054 eademque
3401 1996 3662 2053 testatur,
3697 2002 3828 2057 quas

2215 2080 2267 2126 et
2301 2072 2553 2142 patribus
2581 2081 2668 2129 est
2707 2074 2968 2142 loeutus;
3004 2088 3060 2130 ut
3093 2088 3376 2149 postquam
3428 2079 3482 2133 in
3532 2080 3828 2150 praeceptis

2216 2166 2362 2222 illius
2395 2169 2821 2237 ambulaverint,
2873 2182 2929 2226 et
2977 2171 3185 2241 judicia
3229 2173 3378 2228 illius
3430 2173 3824 2242 custodierint,

2216 2268 2271 2314 et
2301 2259 2790 2318 sanctilicationem
2821 2262 3032 2318 sabbati
3059 2264 3203 2335 quod
3237 2266 3450 2336 signum
3484 2266 3668 2321 datum
3707 2277 3820 2335 est,

2218 2357 2670 2411 reservaverint:
2721 2365 2850 2413 tunc
2893 2357 3071 2413 sciant
3101 2361 3228 2430 quia
3277 2361 3395 2430 ipse
3440 2363 3511 2415 sit
3559 2360 3828 2417 Dominus

2219 2450 2363 2506 Deus
2416 2466 2628 2507 eorum.
2691 2453 2972 2524 Prtecepta
3027 2464 3212 2511 autem
3245 2498 3260 2522 ,
3312 2466 3368 2512 et
3425 2457 3666 2529 legitima
3724 2473 3827 2529 pa-

2220 2552 2391 2612 trum,
2422 2543 2696 2613 etjudicia
2745 2561 2968 2616 eorum,
3013 2562 3255 2602 errorem
3303 2546 3550 2603 inolitum
3593 2549 3806 2619 signili»

2215 2643 2302 2689 cat
2333 2652 2346 2689 :
2378 2652 2443 2690 ne
2477 2649 2699 2704 peccata
2729 2653 2920 2694 eorum
2947 2639 3251 2712 imitentur,
3287 2657 3521 2711 quorum
3550 2651 3824 2699 tormenta

2216 2729 2577 2800 perspiciunt.

2288 2825 2470 2895 (Vers.
2503 2826 2593 2892 21,
2623 2827 2739 2899 22.)
2774 2827 2841 2882 Et
2867 2830 3302 2886 exacerbaverunt
3339 2849 3418 2886 me
3441 2833 3561 2902 filii,
3592 2833 3646 2888 in
3678 2849 3820 2906 pra:-

2215 2918 2369 2988 ceptis
2409 2919 2531 2972 meis
2573 2936 2676 2972 non
2721 2921 3164 2990 ambulaverunt,
3209 2934 3255 2978 et
3304 2925 3508 2993 iudicia
3557 2943 3670 2980 mea
3714 2943 3822 2982 non

2217 3011 2598 3079 custodierunt,
2647 3023 2702 3065 ut
2735 3013 2959 3083 facerent
2987 3031 3084 3080 ea,
3130 3033 3246 3087 quat
3281 3033 3398 3070 cum
3445 3019 3620 3088 fecerit
3667 3018 3824 3076 homo

2218 3102 2347 3156 vivet
2367 3104 2418 3156 in
2462 3104 2557 3172 eis,
2589 3115 2634 3156 et
2656 3105 2869 3160 sabbata
2894 3125 3008 3162 mea
3039 3109 3382 3164 violaverunt.
3428 3110 3494 3165 Et
3540 3115 3824 3169 commina-

2142 3195 2188 3260 C
2221 3205 2301 3250 tus
2331 3213 2444 3250 sum
2473 3207 2529 3250 ut
2558 3196 2876 3265 effunderem
2896 3204 3127 3270 furorem
3149 3217 3316 3256 meum
3337 3219 3493 3274 super
3519 3222 3626 3268 eos,
3658 3205 3817 3278 231

2218 3301 2266 3344 et
2293 3291 2554 3362 implerem
2579 3293 2897 3348 irammeam
2929 3296 2980 3348 in
3015 3298 3087 3350 eis
3111 3296 3164 3350 in
3191 3296 3414 3352 deserto.
3446 3299 3618 3353 At'erti
3649 3309 3821 3355 autent

2221 3399 2432 3436 manum
2459 3401 2641 3450 meam,
2690 3396 2736 3439 Cl
2772 3388 2870 3457 feci
2918 3399 3128 3460 propter
3176 3407 3362 3444 nomen
3412 3409 3603 3458 meum,
3637 3403 3820 3448 utnon

2219 3478 2497 3532 violaretur
2517 3495 2694 3532 coram
2742 3482 2981 3552 gentibus
3012 3483 3078 3536 de
3109 3482 3294 3552 quibus
3320 3485 3446 3556 ejeci
3466 3501 3552 3540 eos
3579 3486 3630 3538 in
3659 3487 3827 3541 oculis

2218 3590 2417 3627 earum.
2459 3574 2563 3628 Sed
2603 3584 2659 3629 et
2707 3575 2821 3643 lilii,
2853 3575 3050 3647 inquit,
3099 3587 3384 3646 parentum
3433 3579 3642 3634 scelera
3692 3590 3825 3636 sunt

2219 3667 2413 3732 secuti,
2444 3667 2796 3738 feceruntque
2827 3670 3009 3722 omnia
3052 3686 3173 3740 quae
3225 3671 3300 3724 illi
3351 3671 3630 3727 fecerant:
3678 3671 3824 3728 unde

2221 3768 2274 3813 et
2306 3759 2542 3814 similem
2574 3776 2829 3816 meruere
2861 3761 3186 3817 sententiam
3216 3779 3231 3829 ;
3265 3765 3358 3818 sed
3400 3766 3594 3820 eadem
3634 3778 3742 3834 qua
3769 3772 3828 3820 et

2221 3857 2403 3917 patres
2433 3864 2626 3904 eorum
2658 3851 3050 3906 misericordim
3079 3869 3212 3908 mea:
3242 3856 3614 3926 magnitudine
3641 3870 3824 3910 rcSer-

2221 3942 2328 3996 vati
2363 3954 2512 4009 sunt,
2547 3954 2602 3999 et
2631 3944 2699 3998 ob
2723 3945 2944 4000 easdem
2992 3962 3208 4015 causas,
3264 3950 3462 4019 quibus
3506 3960 3558 4006 et
3611 3959 3826 4020 patrum

2211 4037 2478 4091 misertus
2508 4053 2626 4092 smn
2666 4057 2676 4091 :
2707 4049 2763 4092 ut
2793 4055 2929 4095 unus
2966 4047 3128 4110 atque
3161 4040 3304 4096 idem
3360 4040 3587 4097 Creator
3633 4043 3829 4096 ambo-

2220 4150 2358 4194 rum.
2390 4135 2554 4189 simiai
2584 4135 2717 4189 iram
2759 4150 2934 4192 meam
2983 4138 3242 4206 patientia
3275 4137 3603 4209 mitigarem.
3641 4138 3830 4194 Mani-

2221 4229 2359 4286 festa
2393 4231 2785 4298 percurrimus,
2815 4241 2871 4287 et
2898 4231 2962 4286 ad
2993 4231 3310 4288 obscuriora
3341 4234 3656 4288 transimus.

2295 4321 2476 4394 (Vers.
2503 4323 2594 4387 23,
2627 4323 2696 4378 2-4
2724 4322 2868 4396 seq.)
2903 4322 3104 4379 lterum
3151 4324 3306 4380 levavi
3329 4342 3544 4381 manum
3575 4343 3740 4381 meam
3772 4329 3831 4384 in

2223 4431 2306 4470 eos
2337 4416 2392 4468 in
2420 4415 2720 4484 solitudine,
2775 4427 2832 4470 ut
2879 4417 3228 4490 dispergerem
3271 4419 3392 4474 illos
3436 4421 3487 4473 in
3529 4421 3832 4477 nationibus

2224 4509 2404 4582 [Vulg.
2435 4509 2711 4583 nationes],
2743 4521 2791 4566 et
2823 4510 3129 4566 ventilarem
3156 4513 3208 4565 in
3239 4523 3405 4567 terras
3431 4528 3449 4567 :
3487 4529 3545 4567 eo
3573 4515 3713 4585 quod
3732 4517 3834 4585 ju-

2149 4597 2204 4658 D
2228 4604 2368 4659 dicia
2397 4620 2509 4658 mea
2531 4622 2633 4658 non
2666 4607 2928 4676 fecissent,
2959 4615 3006 4660 et
3030 4617 3286 4677 praecepta
3308 4623 3418 4660 mea
3445 4607 3826 4680 reprobassent,

2221 4706 2268 4751 et
2298 4698 2510 4752 sabbata
2540 4714 2652 4752 mea
2681 4699 2983 4762 violassent,
3020 4708 3068 4752 et
3100 4709 3215 4769 post
3256 4700 3400 4754 idola
3447 4700 3590 4772 (sive
3627 4702 3834 4774 cogita-

2221 4791 2408 4863 tiones)
2439 4801 2646 4860 patrum
2692 4808 2906 4846 suorum
2931 4793 3151 4865 fuissent
3193 4794 3332 4848 oculi
3380 4810 3576 4849 eorum.
3611 4793 3751 4865 Ergo
3781 4805 3834 4850 et

2222 4901 2314 4955 ego
2342 4884 2463 4938 dedi
2487 4884 2559 4937 eis
2587 4895 2846 4955 prmcepta
2866 4883 2980 4939 'non
3017 4887 3152 4940 bona
3177 4927 3192 4951 ,
3241 4895 3286 4940 et
3317 4886 3525 4952 judicia
3553 4887 3606 4939 in
3642 4887 3833 4956 quibus

2222 4995 2325 5032 non
2351 4980 2534 5044 vivent,
2567 4987 2613 5032 et
2645 4976 2812 5046 pollui
2839 4994 2923 5035 eos
2947 4980 3003 5033 in
3037 4979 3336 5032 muneribus
3381 4981 3489 5032 suis
3521 4995 3636 5032 cum
3671 4978 3835 5046 offer-

2221 5083 2334 5126 rent
2377 5072 2517 5144 (sive
2558 5074 2982 5145 transducerent)
3030 5091 3179 5128 onme
3225 5074 3366 5144 quod
3416 5074 3580 5145 aperit
3623 5075 3834 5129 vulvam

2223 5178 2433 5240 propter
2463 5167 2657 5222 delicta
2680 5187 2776 5224 sua
2804 5173 2928 5238 (pro
2973 5185 3082 5240 quo
3132 5167 3273 5224 LXX
3327 5169 3746 5228 transtulerunt.
3776 5179 3836 5224 ut

2223 5264 2444 5317 delerem
2475 5280 2560 5317 eos
2590 5273 2646 5318 et
2671 5265 2814 5334 quod
2853 5265 2934 5319 illi
2983 5265 3477 5335 pra'termiserunt)
3511 5281 3524 5318 :
3574 5272 3620 5315 et
3667 5262 3834 5315 scient

2223 5359 2345 5427 quia
2368 5374 2457 5428 ego
2490 5356 2766 5414 Dominus.
2801 5357 2904 5415 Ubi
2939 5360 2990 5413 in
3021 5359 3197 5415 veteri
3234 5359 3592 5414 Testamento
3637 5363 3836 5411 contra

2228 5451 2366 5506 ﬁlios
2391 5467 2607 5518 eorum,
2636 5453 2726 5524 qui
2757 5453 2812 5508 in
2838 5451 3143 5508 solitudine
3173 5461 3536 5516 corruerunt,
3572 5446 3839 5503 Dominus

2227 5545 2485 5601 levaverit
2515 5561 2731 5600 manum
2761 5561 2936 5613 suam,
2963 5546 3156 5601 volens
3181 5559 3278 5602 eos
3303 5545 3620 5616 dispergere
3649 5539 3706 5595 in
3735 5555 3842 5594 na-

2226 5638 2424 5707 tiones,
2455 5638 2736 5711 Scriptura
2781 5653 2891 5695 non
2923 5637 3092 5694 dicit:
3123 5637 3222 5694 sed
3249 5653 3318 5694 ex
3347 5653 3414 5694 eo
3445 5635 3591 5710 quod
3622 5633 3711 5690 hic
3743 5647 3809 5690 re

583 5832 606 5861 ³
639 5824 864 5883 Scilicet
903 5827 1029 5884 hinc
1058 5830 1325 5886 educerem
1367 5833 1420 5886 in
1466 5841 1689 5899 terram,
1735 5842 1842 5889 etc.
1870 5879 1881 5900 ,
1911 5848 2087 5904 neque
2115 5833 2253 5890 adeo
2275 5843 2397 5890 erat
2426 5849 2520 5890 cur
2543 5834 2820 5892 Victorius
2847 5844 3086 5893 mutaret
3111 5836 3433 5891 inducet-em.
