4038 6328
240 235 340 293 195
948 222 1601 287 COMMENTARIORUM
1643 228 1711 288 ΙΝ
1751 228 2183 291 EZECHIELEM
2223 229 2352 288 LIB.
2393 226 2484 300 VI,
2524 226 2679 288 CAP.
2721 228 2844 288 XX.
3430 232 3534 293 194

232 352 348 411 fert.
382 348 588 403 factum
617 359 741 403 esse
771 345 1107 402 credendum
1127 354 1232 401 est.
1256 345 1382 402 Sive
1406 346 1510 401 bne
1537 347 1823 416 signiﬁcat,
1857 355 1907 414 Α
1934 360 1988 405 et
2017 348 2196 404 facere
2246 348 2298 402 in
2351 355 2465 402 toto
2499 348 2634 403 orbe
2691 346 3033 420 peregrinos,
3082 344 3216 403 dare
3263 346 3531 418 cogitasse

230 445 363 518 quod
397 452 688 514 postquam
723 453 924 497 terram
976 439 1421 511 repromissionis
1458 440 1814 510 intraverint,

228 538 385 593 variis
416 535 760 607 temporibus
790 535 862 589 ob
893 534 1062 589 multa
1106 542 1327 603 peccata
1368 532 1601 588 diversis
1644 535 1825 591 traditi

223 642 342 689 sunt
370 631 634 702 gentibus
662 629 1012 699 regibusque,
1048 637 1104 682 et
1129 642 1194 681 eo
1228 633 1470 696 tempore
1492 642 1613 696 quae
1638 638 1828 683 natura

222 743 310 784 sua
341 727 487 781 bona
516 735 679 781 erant
706 733 980 794 praecepta
1009 720 1228 777 Domini
1255 762 1270 785 ,
1303 728 1358 775 et
1382 719 1583 790 judicia
1616 721 1670 776 in
1704 723 1825 793 qui-

220 820 314 876 bus
358 826 594 889 possent
638 816 935 873 credentes
976 813 1192 877 vivere,
1242 810 1383 866 facta
1429 812 1539 866 sint
1588 815 1670 868 eis
1718 829 1827 870 non

220 912 372 975 bona,
418 910 554 965 dum
606 921 954 979 nequaquam
996 905 1186 960 valent
1229 905 1280 957 iu
1331 904 1652 974 captivitate
1690 905 1828 976 legis

220 1013 483 1076 przrcepta
511 1017 761 1069 servare,
790 1011 843 1056 et
871 1000 1053 1055 facere
1075 1014 1199 1069 quas
1225 996 1444 1052 divinus
1468 1011 1652 1052 sermo
1675 1014 1827 1055 mau-

216 1097 374 1153 davit.
397 1094 911 1168 Nequedixit,dedi
936 1096 1016 1149 eis
1042 1101 1315 1162 praecepta
1337 1091 1476 1145 mala
1511 1109 1525 1147 :
1557 1092 1678 1160 sed,
1720 1110 1824 1147 non

217 1192 360 1246 bona.
403 1190 531 1246 Non
556 1190 704 1245 enim
733 1188 921 1244 statim
946 1188 1214 1256 sequitur,
1242 1197 1299 1239 ut
1320 1185 1463 1255 quod
1494 1186 1692 1241 bonum
1720 1201 1824 1243 non

215 1297 310 1355 εει,
339 1286 417 1339 sit
446 1285 654 1337 malum
687 1299 701 1337 :
730 1281 874 1336 sicut
895 1290 952 1335 et
974 1279 1134 1351 232
1166 1277 1464 1348 Apostolus
1513 1278 1706 1347 docet,
1734 1280 1826 1335 bo-

212 1393 332 1431 num
364 1393 498 1433 esse
527 1375 740 1432 homini
766 1390 989 1429 uxorem
1015 1373 1101 1427 vel
1126 1370 1413 1427 mulierem
1439 1386 1546 1426 non
1568 1380 1820 1441 tangere;

212 1471 298 1527 sed
329 1480 570 1540 praptor
610 1468 1070 1524 incontinentiam
1118 1475 1142 1503 θ
1177 1481 1619 1536 unumquemque
1649 1464 1822 1533 possi-

212 1563 334 1618 dere
363 1579 464 1618 vas
489 1578 655 1618 suum
686 1561 740 1615 in
773 1559 1208 1615 sanctiﬁcatione
1232 1568 1287 1614 et
1313 1561 1564 1612 castitate
1611 1559 1654 1629 (l
1696 1557 1819 1613 Cor.

208 1662 317 1726 vn).
347 1658 514 1726 Quod
547 1660 593 1713 si
626 1672 734 1712 non
770 1657 983 1720 iecerit,
1004 1669 1106 1710 nec
1128 1655 1330 1709 bonum
1360 1668 1459 1707 nec
1482 1652 1684 1708 malum
1712 1662 1816 1708 est.

1937 441 1961 480 ἀ
1994 458 2113 514 qua:
2135 456 2242 496 non
2265 440 2414 495 dedit
2441 457 2454 493 :
2483 452 2542 495 ut
2567 440 2638 495 ibi
2674 442 2770 497 Dei
2797 450 3063 511 prmcepta
3088 440 3253 507 bona,
3279 441 3413 496 vitio
3435 456 3535 497 suo

1933 550 2040 591 non
2073 535 2215 588 bona
2250 532 2518 599 facerent,
2552 532 2678 587 dum
2724 533 2881 587 idolis
2912 530 3175 588 exhibent
3222 547 3342 603 qua:
3391 533 3535 591 Deus

1930 630 2032 686 sibi
2062 638 2399 700 praeceperat
2426 625 2755 684 exhibenda.
2789 626 2979 682 Potest
3008 636 3063 682 et
3092 626 3197 682 hoc
3228 626 3359 694 dici,
3386 626 3534 698 quod

1931 734 2057 782 ante
2087 736 2109 763 ε
2143 726 2431 794 oll'ensam,
2457 722 2781 789 decalogum
2806 728 3015 777 tantum
3038 723 3345 792 acceperint
3370 738 3383 787 ;
3409 730 3537 791 post

1930 819 2292 874 idololatriam
2325 834 2476 887 vero,
2506 826 2561 872 et
2591 814 2752 887 233
2781 814 3178 884 blasphemiam
3202 814 3534 887 multiplices

1929 914 2064 984 legis
2090 914 2469 978 cazremonias,
2502 922 2560 965 ut
2596 912 2706 965 Deo
2735 910 2915 979 potius
2945 907 3208 964 offerrent
3252 910 3532 976 victimas,

1929 1022 2063 1078 quas
2084 1007 2423 1062 daemonibus
2445 1002 2772 1066 oilerebant,
2793 1009 2848 1057 et
2867 1002 3283 1071 comparatione
3307 1002 3536 1057 sacrile-

1927 1100 2025 1171 gii,
2058 1101 2233 1155 levius
2265 1100 2421 1155 ﬁeret
2448 1096 2592 1167 quod
2620 1112 2726 1151 non
2758 1104 2876 1151 erat
2905 1110 3002 1166 per
3022 1109 3082 1150 se
3104 1094 3329 1160 bonum,
3358 1105 3413 1151 et
3436 1111 3530 1152 ne-

1927 1210 2198 1265 quaquam
2216 1194 2442 1258 malum,
2475 1193 2594 1263 quia
2628 1192 2743 1247 Deo
2763 1190 3119 1257 offerebatur,
3145 1198 3200 1245 et
3223 1198 3400 1246 tamen
3426 1204 3534 1246 nou

1927 1288 2153 1352 bonum,
2186 1289 2310 1358 quia
2340 1286 2468 1341 boni
2494 1294 2777 1340 auctorem
2811 1282 3179 1339 oll'enderant.

2001 1381 2186 1453 (Vers.
2210 1382 2299 1446 27,
2320 1381 2391 1436 29
2420 1379 2564 1451 seq.)
2593 1378 2935 1446 Quamobrem
2966 1376 3177 1449 loquere
3203 1377 3272 1431 ad
3316 1378 3525 1431 domum

1927 1471 2119 1539 Israel,
2142 1473 2221 1542 ﬁli
2243 1474 2487 1540 hominis,
2518 1483 2564 1526 et
2595 1472 2729 1524 dices
2756 1471 2825 1524 ad
2848 1487 2934 1525 eos
2958 1487 2977 1524 :
3022 1470 3150 1525 llwc
3181 1470 3309 1523 dicit
3351 1470 3534 1524 Domi-

1928 1582 2021 1619 nus
2051 1565 2226 1619 Deus:
2252 1564 2438 1619 Adhuc
2460 1574 2506 1619 et
2537 1565 2595 1617 in
2621 1563 2716 1617 hoc
2738 1561 3225 1632 blasphemaverunt
3256 1578 3336 1615 me
3357 1571 3530 1634 patres

1925 1657 2096 1723 vestri,
2122 1674 2237 1711 cum
2266 1658 2575 1729 sprevissent
2604 1672 2684 1709 me
2704 1663 3102 1721 contemnentes,
3136 1664 3182 1709 et
3204 1655 3524 1712 induxissent

210 1753 362 1808 Dedit
392 1768 535 1822 ergo
565 1751 646 1806 eis
677 1750 819 1804 Deus
848 1748 1112 1817 dispersis
1156 1746 1210 1800 in
1260 1746 1516 1815 gentibus
1546 1754 1818 1815 prmeepta
1850 1761 1895 1821 Β
1925 1765 2010 1803 eos
2038 1751 2091 1803 in
2117 1761 2305 1804 terram
2327 1766 2481 1820 super
2510 1764 2665 1817 quam
2698 1747 2859 1801 levavi
2896 1763 3109 1800 manuni
3136 1762 3323 1812 meam,
3350 1756 3405 1799 ut
3434 1746 3529 1799 da-

210 1861 309 1901 non
338 1847 510 1909 bona,
542 1845 647 1899 lioc
673 1852 778 1907 est,
809 1842 1019 1896 dimisit
1047 1856 1144 1896 eos
1175 1840 1622 1912 cogitationibus,
1651 1851 1707 1895 et
1730 1840 1819 1894 de-

206 1938 422 1994 sideriis
450 1938 596 2003 suis,
628 1947 683 1990 ut
717 1935 960 1989 lacerent
1007 1950 1127 2004 quae
1178 1950 1286 1988 non
1340 1933 1696 1988 conveniunt.
1748 1933 1817 1988 Et

206 2033 395 2103 polluit
422 2048 523 2087 eos
549 2031 604 2086 in
639 2031 960 2085 muneribus
988 2030 1103 2084 suis
1134 2046 1147 2081 :
1183 2030 1325 2084 sicut
1350 2028 1620 2085 SacerdOs
1641 2031 1818 2100 lepro-

212 2138 302 2178 sos
338 2124 410 2177 de
440 2124 651 2195 populo
698 2137 983 2193 separans,
1038 2132 1092 2177 ct
1138 2137 1233 2177 eos
1279 2124 1519 2193 pollutos
1550 2138 1672 2177 esse
1716 2123 1815 2178 de-

204 2227 521 2271 monstrans
550 2233 566 2283 ;
597 2215 725 2270 dum
758 2214 925 2270 idolis
954 2214 1189 2270 oderunt
1216 2230 1336 2285 qua:
1371 2216 1481 2271 Deo
1504 2214 1701 2270 oll'terre
1723 2214 1818 2270 de-

204 2312 418 2367 herent.
451 2312 521 2366 Et
550 2310 915 2365 transducunt
936 2325 1096 2365 omne
1118 2310 1260 2379 quod
1286 2309 1462 2380 aperit
1485 2310 1698 2363 vulvam
1724 2324 1820 2379 per

206 2407 381 2475 ignem
414 2404 444 2442 δ
478 2405 655 2471 Baali,
708 2404 761 2459 id
811 2414 919 2471 cst,
971 2405 1375 2474 primogenita;
1426 2412 1484 2458 ut
1533 2409 1817 2474 postquam

202 2499 409 2555 deserti
446 2500 658 2554 iuerint
678 2514 706 2550 a
739 2499 870 2563 Deo,
891 2505 947 2552 et
976 2497 1245 2551 idolorum
1269 2496 1436 2551 cultui
1460 2496 1663 2569 traditi,
1691 2506 1819 2551 tunc

204 2593 523 2663 intelligant
552 2591 695 2661 quod
727 2592 846 2660 ipse
875 2591 946 2646 sit
981 2592 1273 2657 Dominus,
1326 2606 1488 2660 quem
1529 2605 1632 2645 suo
1681 2590 1818 2645 vitio

206 2687 270 2741 ad
287 2686 633 2741 iracundiam
649 2686 1082 2740 concitaverunt.
1107 2684 1260 2738 Hunc
1276 2682 1455 2738 locum
1473 2683 1818 2739 manifestius

206 2780 606 2850 interpretatus
633 2786 717 2835 est
745 2779 1129 2850 Symmachus,
1167 2794 1267 2848 pro
1298 2778 1581 2848 praeterito
1612 2794 1819 2848 ponens

205 2874 472 2928 futurum.
512 2871 689 2944 Igitur
716 2881 764 2925 et
792 2888 884 2942 ego
915 2870 1050 2924 dabo
1080 2872 1150 2924 eis
1174 2879 1432 2941 praecepta
1459 2886 1560 2923 non
1584 2869 1737 2939 bona,
1767 2880 1815 2925 et

196 2969 402 3040 judicia
435 2976 654 3035 propter
676 2981 792 3035 qua!
816 2982 920 3019 non
942 2966 1135 3030 vivent,
1163 2974 1210 3019 et
1235 2963 1469 3033 polluant
1501 2982 1586 3019 eos
1608 2974 1820 3036 pt'Oplt’t’

207 3081 420 3119 munera
441 3080 565 3125 sua,
580 3064 705 3133 quia
721 3069 1045 3126 consecrant,
1070 3070 1116 3113 et
1135 3060 1479 3114 transducunt
1510 3076 1659 3113 omne
1676 3059 1816 3131 quod

1921 1860 2030 1898 rem
2070 1845 2141 1898 eis
2173 1843 2354 1915 [Vulg.
2400 1842 2552 1898 addit
2582 1842 2791 1914 illam]:
2838 1843 3073 1896 viderunt
3107 1858 3305 1896 onmem
3345 1841 3529 1896 collem

1921 1938 2201 2004 excelsum,
2226 1947 2271 1993 et
2299 1954 2447 1993 omne
2468 1936 2667 2008 lignum
2690 1953 3039 2004 nemorosum,
3061 1946 3107 1990 et
3132 1936 3529 1991 immolaverunt

1919 2030 1987 2083 ibi
2019 2030 2249 2084 victimas
2271 2047 2414 2098 suas,
2444 2040 2489 2083 et
2512 2030 2760 2084 dederunt
2780 2030 2851 2083 ibi
2874 2030 3217 2083 irritationem
3247 2028 3526 2085 oblationis

1918 2141 2046 2189 sure,
2072 2135 2121 2178 et
2160 2136 2437 2196 posuerunt
2469 2126 2538 2179 ibi
2568 2125 2776 2179 odorem
2807 2125 3077 2180 suavitatis
3103 2141 3233 2188 sure,
3264 2136 3311 2179 et
3333 2124 3524 2180 libave-

1920 2227 2038 2271 runt
2060 2218 2128 2270 ibi
2144 2216 2321 2289 [Vulg
2353 2215 2600 2287 tacetibi]
2624 2216 2899 2271 libationes
2923 2232 3065 2271 suas.
3094 2214 3160 2269 Et
3180 2217 3292 2270 dixi
3312 2217 3380 2270 ad
3402 2233 3527 2274 eos:

1925 2311 2064 2378 Quid
2108 2320 2181 2365 est
2211 2312 2468 2366 excelsum
2496 2312 2565 2364 ad
2593 2311 2734 2382 quod
2762 2327 2850 2366 vos
2876 2312 3253 2382 ingredimini?
3282 2310 3349 2365 Et
3374 2328 3527 2367 voca-

1921 2413 2031 2458 tum
2071 2412 2146 2457 est
2192 2421 2375 2458 nomen
2419 2404 2533 2474 ejus
2584 2402 2847 2458 excelsum
2892 2421 3051 2472 usque
3090 2405 3142 2458 in
3193 2405 3327 2459 hunc
3365 2405 3527 2462 diem.

1920 2496 2096 2552 LXX:
2131 2496 2337 2551 Idcirco
2369 2498 2575 2567 loquere
2601 2497 2671 2551 ad
2705 2498 2916 2551 domum
2939 2496 3136 2562 Israel,
3176 2498 3254 2563 ﬁli
3277 2486 3521 2566 hominis,

1921 2600 1967 2646 et
1992 2592 2132 2645 dices
2161 2591 2229 2644 ad
2254 2606 2375 2645 eos:
2403 2589 2534 2645 Haec
2560 2590 2682 2644 dicit
2706 2590 2911 2645 Adanai
2940 2589 3227 2646 Dominus:
3261 2589 3434 2663 Usque
3455 2590 3523 2645 ad

1922 2685 2020 2739 hoc
2055 2702 2135 2740 me
2167 2685 2235 2739 ad
2266 2687 2591 2739 iracundiam
2626 2694 3029 2757 provocaverunt
3068 2695 3242 2754 patres
3270 2688 3420 2741 vestri
3470 2686 3527 2742 in

1921 2778 2122 2832 delictis
2153 2778 2282 2842 suis,
2309 2778 2498 2849 quibus
2531 2788 2835 2832 corruerunt
2865 2778 2917 2832 in
2946 2795 3047 2843 me,
3080 2788 3127 2832 et
3148 2778 3418 2833 introduxi
3439 2795 3527 2834 eos

1920 2869 1974 2923 in
2005 2879 2197 2923 terram
2222 2886 2375 2938 super
2395 2886 2551 2940 quam
2577 2870 2736 2923 levavi
2759 2886 2972 2924 manum
2998 2886 3162 2924 meam
3192 2880 3245 2924 ut
3274 2870 3527 2926 traderem

1921 2979 2036 3017 eam
2076 2962 2202 3018 illis.
2255 2963 2609 3035 Viderunlque
2657 2982 2857 3019 omnem
2909 2967 3096 3021 collem
3138 2966 3427 3035 excelsum,
3473 2977 3526 3022 et

1921 3075 2069 3112 omne
2090 3056 2291 3129 lignum
2317 3074 2664 3124 nemorosum,
2687 3069 2731 3113 et
2758 3060 3150 3114 immolaverunt
3176 3060 3246 3113 ibi
3276 3059 3377 3113 diis
3393 3061 3523 3131 suis,

207 3159 370 3227 aperit
385 3156 613 3219 vulvam,
628 3165 683 3208 ut
696 3155 897 3209 deleam
921 3171 1025 3218 eos,
1046 3163 1092 3208 et
1105 3155 1402 3225 scientquia
1417 3171 1511 3225 ego
1534 3153 1813 3208 Dominus.
1846 3164 1890 3229 ο
1922 3162 1969 3206 et
1999 3161 2279 3223 posuerunt
2310 3152 2377 3206 ibi
2414 3157 2645 3222 furorem
2675 3169 2944 3207 munerant
2987 3169 3223 3223 suorum,
3253 3163 3301 3208 et
3345 3169 3531 3224 posue-

209 3253 275 3308 Et
295 3264 377 3306 cst
407 3265 646 3306 sensus:
674 3250 811 3317 Quia
828 3250 937 3303 vidi
959 3248 1105 3303 ﬁlios
1126 3257 1335 3319 patrum
1358 3248 1656 3303 sceleribus
1677 3247 1821 3302 adte-

212 3347 387 3417 qnari,
416 3355 475 3401 et
508 3344 704 3400 eadem
737 3343 919 3398 facere
960 3356 1188 3415 propter
1214 3357 1339 3412 qua:
1376 3342 1449 3396 illi
1481 3340 1823 3397 olleuderant

211 3438 405 3497 Deum,
439 3437 596 3490 volui
633 3437 757 3491 illos
787 3434 1034 3490 dividere
1080 3435 1132 3489 in
1184 3434 1458 3499 nationes,
1506 3443 1562 3489 et
1612 3434 1664 3487 in
1709 3444 1823 3488 toto

211 3533 341 3589 orbe
371 3531 725 3601 dispergere,
759 3538 813 3584 et
842 3528 970 3584 dare
998 3528 1108 3583 illis
1133 3536 1404 3598 praecepta
1430 3543 1538 3583 non
1567 3528 1740 3593 bona;
1769 3535 1824 3583 et

210 3625 408 3696 judicia
436 3626 493 3679 in
525 3624 725 3693 quibus
755 3640 864 3678 non
890 3624 1159 3689 viverent,
1188 3631 1247 3675 ut
1275 3622 1576 3691 polluerem
1618 3622 1740 3676 illos
1769 3622 1820 3675 in

215 3717 542 3773 muneribus
569 3716 705 3779 suis,
741 3715 867 3782 quia
897 3713 1078 3768 omnia
1112 3714 1475 3783 primogenita
1504 3712 1664 3767 idolis
1694 3728 1825 3767 con-

211 3813 509 3864 secrabant
542 3849 557 3873 ,
590 3816 646 3862 et
675 3806 920 3861 delerem
953 3821 1047 3860 eos
1077 3806 1130 3860 in
1159 3815 1505 3876 perpetuum,
1534 3814 1587 3861 et
1621 3807 1825 3860 scirent

216 3904 356 3974 quod
391 3919 499 3973 ego
531 3917 706 3957 essem
738 3901 1018 3955 Dominus.
1054 3901 1159 3955 Per
1187 3917 1305 3971 qua:
1335 3900 1574 3957 ostendit
1614 3918 1721 3958 non
1766 3917 1824 3957 se

214 3998 434 4054 dedisse
466 4006 490 4035 ε
523 3996 605 4050 eis
626 4002 901 4065 praecepta
926 4010 1032 4048 non
1059 3994 1199 4049 bona
1224 3992 1318 4065 qui
1350 3994 1402 4048 in
1432 4009 1621 4049 eremo
1644 4010 1821 4049 mora-

214 4089 432 4156 bantur,
469 4088 569 4145 sed
603 4087 687 4142 his
710 4102 846 4159 quos
900 4087 1221 4160 dispergere
1255 4087 1431 4144 voluit
1460 4087 1513 4143 in
1547 4089 1813 4155 nationes,

285 4293 311 4322 ⁸
340 4283 640 4339 [merserit
669 4283 924 4339 Rabanus
955 4301 968 4337 :
1002 4298 1415 4353 unumquemque
1444 4297 1592 4336 suam
1607 4298 1821 4338 uxorem

220 4356 411 4410 habere
456 4356 649 4408 bonum
671 4366 767 4408 est.

284 4426 311 4466 δ
344 4428 402 4483 In
448 4443 561 4482 uno
592 4426 765 4482 Vatic.
810 4424 1087 4479 Bachalim
1124 4425 1350 4495 legimus
1376 4468 1389 4491 ,
1438 4442 1507 4481 ex
1544 4441 1650 4493 quo
1696 4427 1821 4482 reli-

220 4500 451 4570 geudum
478 4500 737 4567 suspicati
761 4514 946 4553 sumus
967 4497 1267 4562 Bacharim,
1292 4498 1434 4566 quod
1463 4499 1598 4552 Itane
1630 4514 1816 4554 vocem

1922 3256 2041 3299 runt
2096 3245 2168 3299 ibi
2235 3247 2445 3301 odorem
2505 3248 2812 3319 fragrantiw
2861 3264 3078 3315 eorum,
3136 3260 3181 3302 et
3239 3248 3534 3303 libaverant

1924 3340 1992 3394 ibi
2033 3339 2285 3394 libamina
2342 3356 2457 3393 sua.
2519 3338 2587 3392 Et
2632 3340 2742 3394 dixi
2784 3341 2853 3393 ad
2899 3358 2984 3395 eos
3036 3357 3054 3393 :
3108 3340 3246 3407 Quid
3295 3352 3373 3397 est
3435 3343 3529 3396 ab-

1924 3431 2088 3500 bana,
2145 3433 2268 3502 quia
2318 3448 2405 3486 vos
2462 3434 2667 3487 intratis
2716 3431 2884 3488 illuc?
2927 3434 2997 3487 Et
3055 3444 3366 3489 vocaverunt
3428 3452 3524 3491 no-

1925 3543 2039 3580 men
2081 3526 2192 3591 ejus
2237 3525 2436 3580 abbaua
2481 3544 2639 3595 usque
2682 3528 2738 3581 in
2776 3526 3089 3583 hodiernum
3135 3528 3294 3584 diem.
3334 3530 3525 3598 Volui,

1924 3620 2135 3690 inquit,
2196 3634 2289 3674 eos
2346 3619 2400 3673 in
2454 3618 2749 3674 solitudine
2799 3620 3182 3690 delinquentes
3237 3622 3293 3677 iu
3350 3638 3522 3679 cunc-

1928 3724 2009 3768 tas
2037 3711 2354 3781 dispergere
2386 3711 2659 3777 nationes,
2712 3719 2767 3765 et
2794 3710 2925 3765 dare
2968 3712 3075 3765 illis
3117 3722 3386 3783 prter-cpta
3419 3728 3527 3769 non

1925 3807 2089 3872 bona,
2137 3815 2194 3860 u.t
2232 3804 2379 3875 quod
2434 3803 2566 3858 mihi
2613 3802 2812 3858 ollerre
2864 3803 3190 3869 debuerunt,
3244 3804 3401 3862 idolis
3426 3806 3529 3861 im-

1927 3900 2214 3967 molarent,
2248 3908 2304 3954 et
2347 3912 2508 3953 clune
2542 3896 2877 3978 primitivum
2923 3897 3033 3970 [AL
3080 3898 3525 3973 primogenitum]

1927 4010 2084 4049 suum
2126 3998 2513 4048 consecrarent
2560 3990 2641 4045 eis
2692 4004 2787 4060 per
2816 3990 3019 4061 ignem,
3053 3998 3115 4046 ut
3163 3991 3525 4048 interficerent

1927 4101 2024 4144 eos
2070 4096 2234 4157 atque
2260 4083 2527 4140 delerem.
2576 4082 2805 4151 Quando
2834 4093 3016 4138 autem
3061 4082 3219 4151 dicit,
3244 4084 3407 4151 volui,
3440 4098 3532 4139 os-

1931 4297 2052 4358 cum
2082 4281 2556 4358 Erudisententia
2577 4298 2706 4358 _cap.
2735 4299 2792 4358 ut
2817 4283 2909 4358 ubi
2939 4285 3116 4341 emitti
3140 4288 3533 4358 prmcipiuntur

1930 4354 2145 4427 llebra-i
2172 4367 2230 4427 ut
2267 4356 2375 4410 Deo
2407 4356 2710 4411 immolent.
2746 4356 2942 4426 Utique
2987 4369 3107 4427 post
3140 4354 3367 4414 vitulum
3403 4378 3535 4417 ron-

1930 4426 2111 4480 ﬂatum
2149 4426 2413 4495 pluribus,
2460 4427 2887 4497 durioribusque
2928 4426 3372 4485 Observationum
3406 4434 3529 4488 viu-

1926 4499 2064 4552 culis
2103 4501 2358 4567 p0pulum
2389 4498 2727 4567 pervicacem
2761 4499 2905 4571 Deus
2935 4500 3295 4571 obligaverit;
3338 4520 3525 4561 verum

222 4587 251 4627 e
275 4572 510 4641 vestigio
537 4572 771 4643 Hieron.
794 4570 1462 4643 interpretarivideretur,
1505 4570 1678 4643 idest,
1713 4573 1816 4642 pri-
1849 4576 1902 4637 D
1926 4579 1982 4625 et
2006 4581 2134 4643 ante
2164 4571 2512 4643 μοσχοποιΐαν
2548 4573 2753 4627 cultum
2778 4570 3186 4643 eodemlerme
3218 4575 3381 4631 modo
3416 4577 3528 4633 Deo

222 4640 505 4715 ηιυᾳεηὶὶα,
540 4652 702 4715 atque
720 4640 1250 4715 illebraice‘quidem
1292 4649 1495 4702 ενἾῚὶέ.
1541 4640 1821 4697 Bai-Iturius

220 4712 575 4785 priinngeniti
608 4712 1200 4785 appellentur-.7Verum
1241 4728 1360 4767 cum
1408 4716 1474 4767 ad
1518 4716 1686 4785 ignem
1730 4730 1817 4769 re-

222 4784 363 4841 ctius
386 4802 493 4839 vox
525 4784 699 4850 Bauli,
734 4788 849 4841 sive
881 4784 1010 4839 idoli
1043 4784 1195 4851 Baal,
1230 4784 1696 4850 referatur,nihil
1737 4794 1822 4840 est

222 4857 596 4913 itumutatum.

292 4941 316 4968 ε
353 4934 530 4984 Antea
554 4930 735 4984 minus
765 4929 1051 5000 perspicuo
1077 4943 1242 4983 sensu
1272 4940 1411 4994 erat,
1455 4929 1680 4984 ostendit
1725 4930 1818 4996 eis,

224 5017 323 5055 non
353 5019 405 5056 se
436 5002 641 5054 dedisse
661 5012 934 5072 prtecepta,
967 5010 1074 5057 etc.
1102 5000 1423 5071 llujusmodi
1456 5002 1560 5056 alia
1592 5001 1823 5057 subinde

225 5073 368 5128 taciti
417 5073 771 5142 castigamus.

292 5142 319 5181 ἀ
353 5145 699 5200 Martiattaeus
723 5153 847 5214 post
876 5145 1161 5200 Erasmum
1194 5145 1416 5216 coegisse
1444 5144 1688 5208 retinuit,
1726 5159 1822 5212 pro

228 5218 499 5290 regnasse,
544 5234 704 5282 quem
737 5227 915 5271 tamen
949 5225 1104 5271 antea
1139 5217 1414 5290 Vietgrins
1449 5217 1607 5290 sibilo
1635 5218 1821 5286 explo-

229 5287 465 5359 deudum
494 5304 738 5344 errorem
762 5290 914 5354 dixit,
947 5291 1226 5359 triumque
1260 5287 1701 5343 Florentinorutu
1730 5304 1821 5342 co-

229 5358 405 5413 dicum
455 5376 563 5429 ope
608 5361 936 5417 emendavit.
980 5358 1248 5431 Cogitavi,
1280 5361 1485 5431 inquit,
1533 5360 1639 5414 illis
1688 5360 1820 5416 dare

232 5441 500 5502 pmcepta
525 5446 631 5487 non
663 5434 833 5498 boaa;
857 5431 952 5487 sed
981 5447 1089 5485 non
1119 5432 1240 5485 feci.
1263 5430 1633 5502 Constantque
1658 5434 1821 5486 etiam

232 5518 295 5556 ex
325 5505 577 5572 proxime
599 5504 976 5567 superioribus
998 5502 1184 5558 verbis
1218 5521 1229 5557 :
1270 5503 1425 5557 Volui
1455 5505 1575 5558 illus
1600 5503 1827 5557 dividere

233 5574 284 5625 in
311 5577 568 5636 nationes.
593 5586 640 5629 et
663 5576 713 5630 in
742 5584 848 5630 toto
870 5575 989 5630 orbe
1014 5575 1326 5648 dispergere,
1350 5584 1394 5628 et
1415 5574 1543 5648 dare
1566 5574 1672 5629 illis
1693 5591 1823 5646 prte-

230 5655 375 5717 repta
420 5664 525 5700 non
566 5648 718 5712 bona,
775 5659 906 5713 etc.,
932 5647 1116 5703 veram
1150 5663 1312 5703 uuam
1350 5663 1477 5703 esse
1532 5647 1822 5703 lectionem

233 5719 506 5805 cegitgsse,
525 5734 699 5805 .quam
732 5722 1094 5802 reposuimus-
1427 5794 1437 5805 .

305 5797 329 5826 ο
362 5789 632 5862 Equidem
662 5792 767 5849 hoc
795 5789 1000 5859 nescio,
1030 5806 1138 5863 quo
1165 5791 1439 5865 conciliari
1476 5799 1632 5865 pacto
1665 5800 1829 5863 queat

1930 4641 2226 4708 redditum,
2252 4641 2560 4719 inultusque
2583 4642 2787 4711 legales
2815 4643 2952 4719 ritus
2975 4641 3145 4719 fuisse
3166 4648 3367 4718 populo
3391 4664 3531 4719 pra:-

1929 4726 2136 4789 eeptos,
2164 4729 2283 4767 cuin
2318 4713 2503 4779 primis
2534 4714 2962 4789 vero_sacri_licia
2992 4724 3047 4789 et
3076 4713 3346 4789 victimas,
3382 4713 3528 4778 [ntus

1927 4784 2222 4855 Scriptura:
2247 4794 2542 4839 contextus
2574 4786 2789 4855 probat.
2829 4786 2897 4841 Et
2935 4788 3049 4843 scio
3097 4799 3273 4845 tamen
3327 4784 3525 4850 nedum

1928 4854 2019 4929 hic
2051 4858 2176 4929 loci,
2209 4857 2303 4911 sed
2326 4856 2463 4911 etin
2491 4854 2743 4912 Jeremia:
2789 4873 2911 4929 cap.
2953 4875 3050 4928 vu,
3083 4861 3168 4916 col
3243 4864 3369 4929 895,
3396 4881 3524 4922 sen~

1930 4928 2071 4983 sissc
2099 4927 2509 5002 Hieronymum,
2534 4930 2771 5002 non_uisi
2797 4927 2918 5002 post
2941 4927 3099 4987 vituli
3124 4927 3521 5002 adorationem,

1933 5010 2169 5054 mactare
2201 5000 2312 5054 Deo
2350 5001 2598 5055 victimas
2648 5000 2903 5058 lsraelitis
2952 5005 3303 5072 permissum.
3355 5000 3529 5062 Mani-

1930 5072 2106 5148 feste,_
2134 5074 2341 5148 inqu_iI,_
2382 5072 2711 5148 intelligitur,
2760 5075 2897 5144 quod
2940 5078 3160 5144 primum
3206 5077 3524 5148 Decalogum

1930 5144 2130 5221 dederit
2160 5143 2456 5221 infabulis
2479 5144 2702 5221 lapideis
2730 5143 2981 5221 scriptum
3000 5148 3174 5221 digito
3198 5148 3314 5213 Dei,
3340 5159 3386 5203 et
3403 5143 3525 5221 post

1930 5216 2181 5293 olfensam
2222 5215 2537 5293 idololatriae
2594 5215 2845 5293 caputque
2880 5219 3026 5293 vituli
3067 5215 3133 5272 ea
3165 5223 3379 5293 jusserit
3410 5215 3526 5278 'sibi

1930 5289 2095 5361 magis
2127 5287 2239 5356 ﬁeri
2261 5328 2276 5354 ,
2306 5305 2459 5361 quam
2490 5287 2841 5361 daemonibus,
2884 5290 3125 5360 auferens
3165 5287 3357 5361 puram
3404 5296 3529 5349 reli-

1928 5358 2131 5430 gionem
2160 5359 2522 5414 mandatorum
2552 5358 2669 5428 Dei,
2701 5370 2747 5413 et
2772 5358 3053 5415 concedens
3089 5358 3391 5431 sanguinem
3419 5366 3525 5420 vic-

1928 5433 2174 5485 timarum
2224 5473 2239 5496 ,
2298 5435 2637 5502 carniumque
2698 5433 3032 5487 desiderium.
3107 5433 3219 5489 Nec
3302 5436 3521 5496 demum

1927 5504 2122 5574 ignoro
2154 5502 2291 5557 hanc
2317 5503 2483 5558 fuisse
2505 5504 2863 5559 vetustiorum
2896 5520 3113 5575 quoque
3141 5505 3360 5563 Patrum
3387 5526 3524 5567 non-

1929 5575 2205 5652 nullorth
2234 5576 2560 5652 sententiam
2594 5594 2606 5629 :
2652 5586 2772 5652 puta
2799 5575 3088 5652 Lactantii
3126 5577 3222 5632 lib.
3270 5595 3348 5644 tv,
3398 5599 3522 5652 cap.

1932 5649 2021 5709 10,
2052 5658 2105 5701 et
2126 5646 2498 5719 Clirysostumi
2524 5657 2664 5702 orat.
2688 5646 2724 5699 2
2746 5647 2964 5702 advers.
2987 5646 3229 5716 Judteos,
3254 5663 3308 5707 et
3334 5646 3523 5713 ltomil.

1933 5718 1999 5795 l7
2034 5724 2085 5774 in
2113 5718 2539 5795 Act.'Ap_ostol.,
2581 5719 2633 5773 in
2649 5734 2822 5795 quam
2848 5726 2905 5773 et
2933 5720 3109 5795 multo
3138 5733 3265 5795 post
3294 5729 3525 5786 Anima-

1934 5792 2048 5849 sius
2077 5792 2248 5851 abbas
2271 5807 2302 5850 a
2324 5790 2546 5850 Canisio
2575 5790 2825 5863 vulgatus
2848 5790 3146 5853 concessit;
