  <div class='ocr_page' id='page_1' title='image "/cluster/home/n/w/nwhite01/storage/ocr_20150623/25/hvd.32044015471394/105.png"; bbox 0 0 4038 6328; ppageno 0'>
   <div class='ocr_carea' id='block_1_1' title="bbox 544 284 648 343">
    <p class='ocr_par' dir='ltr' id='par_1_1' title="bbox 544 284 648 343">
     <span class='ocr_line' id='line_1_1' title="bbox 544 284 648 343; baseline -0.019 0"><span class='ocrx_word' id='word_1_1' title='bbox 544 284 648 343; x_wconf 79' lang='lat' dir='ltr'><strong>I95</strong></span> 
     </span>
    </p>
   </div>
   <div class='ocr_carea' id='block_1_2' title="bbox 1788 272 2577 335">
    <p class='ocr_par' dir='ltr' id='par_1_2' title="bbox 1788 272 2577 335">
     <span class='ocr_line' id='line_1_2' title="bbox 1788 272 2577 335; baseline -0.004 -1"><span class='ocrx_word' id='word_1_2' title='bbox 1788 276 1845 334; x_wconf 91' lang='lat' dir='ltr'><strong>S.</strong></span> <span class='ocrx_word' id='word_1_3' title='bbox 1891 272 2156 335; x_wconf 70' lang='lat' dir='ltr'><strong>EU‘SEBII</strong></span> <span class='ocrx_word' id='word_1_4' title='bbox 2192 273 2577 334; x_wconf 69' lang='grc' dir='ltr'><strong>ΗΙΕΗΟΝῩΜΙ</strong></span> 
     </span>
    </p>
   </div>
   <div class='ocr_carea' id='block_1_3' title="bbox 3741 279 3860 335">
    <p class='ocr_par' dir='ltr' id='par_1_3' title="bbox 3741 279 3860 335">
     <span class='ocr_line' id='line_1_3' title="bbox 3741 279 3860 335; baseline 0.008 -1"><span class='ocrx_word' id='word_1_5' title='bbox 3741 279 3860 335; x_wconf 62' lang='grc' dir='ltr'><strong>μϐ</strong></span> 
     </span>
    </p>
   </div>
   <div class='ocr_carea' id='block_1_4' title="bbox 543 386 3863 463">
    <p class='ocr_par' dir='ltr' id='par_1_4' title="bbox 543 386 3863 463">
     <span class='ocr_line' id='line_1_4' title="bbox 543 386 3863 463; baseline -0.003 -8"><span class='ocrx_word' id='word_1_6' title='bbox 543 401 716 458; x_wconf 86' lang='lat' dir='ltr'><strong>tendit</strong></span> <span class='ocrx_word' id='word_1_7' title='bbox 742 413 801 455; x_wconf 89' lang='lat' dir='ltr'><strong>se</strong></span> <span class='ocrx_word' id='word_1_8' title='bbox 832 412 941 454; x_wconf 90' lang='lat' dir='ltr'><strong>non</strong></span> <span class='ocrx_word' id='word_1_9' title='bbox 984 395 1176 450; x_wconf 78' lang='lat' dir='ltr'><strong>fecisse</strong></span> <span class='ocrx_word' id='word_1_10' title='bbox 1202 390 1346 463; x_wconf 91' lang='lat' dir='ltr'><strong>quod</strong></span> <span class='ocrx_word' id='word_1_11' title='bbox 1374 390 1563 446; x_wconf 88' lang='lat' dir='ltr'><strong>voluit.</strong></span> <span class='ocrx_word' id='word_1_12' title='bbox 1597 390 1841 459; x_wconf 43' lang='lat' dir='ltr'><strong>llludilue</strong></span> <span class='ocrx_word' id='word_1_13' title='bbox 1883 390 2026 461; x_wconf 89' lang='lat' dir='ltr'><strong>quod</strong></span> <span class='ocrx_word' id='word_1_14' title='bbox 2052 405 2141 445; x_wconf 83' lang='lat' dir='ltr'><strong>se—</strong></span> <span class='ocrx_word' id='word_1_15' title='bbox 2169 389 2224 452; x_wconf 84' lang='grc' dir='ltr'><strong>Α</strong></span> <span class='ocrx_word' id='word_1_16' title='bbox 2244 391 2422 446; x_wconf 85' lang='lat' dir='ltr'><strong>enim:</strong></span> <span class='ocrx_word' id='word_1_17' title='bbox 2458 389 2722 445; x_wconf 78' lang='lat' dir='ltr'><strong>Nolumus</strong></span> <span class='ocrx_word' id='word_1_18' title='bbox 2744 402 2869 444; x_wconf 87' lang='lat' dir='ltr'><strong>esse</strong></span> <span class='ocrx_word' id='word_1_19' title='bbox 2891 387 2993 443; x_wconf 85' lang='lat' dir='ltr'><strong>sub</strong></span> <span class='ocrx_word' id='word_1_20' title='bbox 3026 386 3276 457; x_wconf 88' lang='lat' dir='ltr'><strong>Domino,</strong></span> <span class='ocrx_word' id='word_1_21' title='bbox 3306 402 3408 445; x_wconf 89' lang='lat' dir='ltr'><strong>nec</strong></span> <span class='ocrx_word' id='word_1_22' title='bbox 3437 388 3671 459; x_wconf 88' lang='lat' dir='ltr'><strong>populus</strong></span> <span class='ocrx_word' id='word_1_23' title='bbox 3702 391 3863 446; x_wconf 77' lang='lat' dir='ltr'><strong>illius</strong></span> 
     </span>
    </p>
   </div>
   <div class='ocr_carea' id='block_1_5' title="bbox 542 487 2145 568">
    <p class='ocr_par' dir='ltr' id='par_1_5' title="bbox 542 487 2145 568">
     <span class='ocr_line' id='line_1_5' title="bbox 542 487 2145 568; baseline -0.004 -19"><span class='ocrx_word' id='word_1_24' title='bbox 542 498 729 568; x_wconf 80' lang='lat' dir='ltr'><strong>quitur</strong></span> <span class='ocrx_word' id='word_1_25' title='bbox 765 512 776 547; x_wconf 89' lang='lat'>:</span> <span class='ocrx_word' id='word_1_26' title='bbox 827 493 895 547; x_wconf 86' lang='lat' dir='ltr'><strong>Et</strong></span> <span class='ocrx_word' id='word_1_27' title='bbox 938 492 1102 547; x_wconf 85' lang='lat' dir='ltr'><strong>scient</strong></span> <span class='ocrx_word' id='word_1_28' title='bbox 1131 491 1256 561; x_wconf 89' lang='lat' dir='ltr'><strong>quia</strong></span> <span class='ocrx_word' id='word_1_29' title='bbox 1300 506 1393 562; x_wconf 86' lang='lat' dir='ltr'><strong>ego</strong></span> <span class='ocrx_word' id='word_1_30' title='bbox 1423 504 1539 544; x_wconf 78' lang='lat' dir='ltr'><strong>sunt</strong></span> <span class='ocrx_word' id='word_1_31' title='bbox 1574 487 1853 554; x_wconf 86' lang='lat' dir='ltr'><strong>Dominus,</strong></span> <span class='ocrx_word' id='word_1_32' title='bbox 1897 487 1952 545; x_wconf 85' lang='lat' dir='ltr'><strong>in</strong></span> <span class='ocrx_word' id='word_1_33' title='bbox 2000 487 2145 543; x_wconf 74' lang='lat' dir='ltr'><strong>LXX</strong></span> 
     </span>
    </p>
   </div>
   <div class='ocr_carea' id='block_1_6' title="bbox 544 584 2148 653">
    <p class='ocr_par' dir='ltr' id='par_1_6' title="bbox 544 584 2148 653">
     <span class='ocr_line' id='line_1_6' title="bbox 544 584 2148 653; baseline -0.004 -9"><span class='ocrx_word' id='word_1_34' title='bbox 544 604 652 644; x_wconf 91' lang='lat' dir='ltr'><strong>non</strong></span> <span class='ocrx_word' id='word_1_35' title='bbox 704 587 951 645; x_wconf 83' lang='lat' dir='ltr'><strong>habetur.</strong></span> <span class='ocrx_word' id='word_1_36' title='bbox 1001 585 1119 640; x_wconf 80' lang='lat' dir='ltr'><strong>Non</strong></span> <span class='ocrx_word' id='word_1_37' title='bbox 1169 585 1315 641; x_wconf 89' lang='lat' dir='ltr'><strong>enim</strong></span> <span class='ocrx_word' id='word_1_38' title='bbox 1360 586 1439 639; x_wconf 90' lang='lat' dir='ltr'><strong>eis</strong></span> <span class='ocrx_word' id='word_1_39' title='bbox 1486 584 1772 639; x_wconf 73' lang='lat' dir='ltr'><strong>videbatur</strong></span> <span class='ocrx_word' id='word_1_40' title='bbox 1802 597 2148 653; x_wconf 83' lang='lat' dir='ltr'><strong>censequeus</strong></span> 
     </span>
    </p>
   </div>
   <div class='ocr_carea' id='block_1_7' title="bbox 546 676 2145 753">
    <p class='ocr_par' dir='ltr' id='par_1_7' title="bbox 546 676 2145 753">
     <span class='ocr_line' id='line_1_7' title="bbox 546 676 2145 753; baseline -0.003 -18"><span class='ocrx_word' id='word_1_41' title='bbox 546 693 667 753; x_wconf 86' lang='lat' dir='ltr'><strong>post</strong></span> <span class='ocrx_word' id='word_1_42' title='bbox 700 678 1138 734; x_wconf 81' lang='lat' dir='ltr'><strong>interfectionem</strong></span> <span class='ocrx_word' id='word_1_43' title='bbox 1172 692 1353 745; x_wconf 88' lang='lat' dir='ltr'><strong>nosse,</strong></span> <span class='ocrx_word' id='word_1_44' title='bbox 1404 678 1546 748; x_wconf 88' lang='lat' dir='ltr'><strong>quod</strong></span> <span class='ocrx_word' id='word_1_45' title='bbox 1576 676 1740 749; x_wconf 64' lang='lat'><strong>234</strong></span> <span class='ocrx_word' id='word_1_46' title='bbox 1785 679 1902 747; x_wconf 54' lang='lat' dir='ltr'><strong>ipso</strong></span> <span class='ocrx_word' id='word_1_47' title='bbox 1935 676 2005 732; x_wconf 92' lang='lat' dir='ltr'><strong>sit</strong></span> <span class='ocrx_word' id='word_1_48' title='bbox 2036 676 2145 731; x_wconf 90' lang='lat' dir='ltr'><strong>Do-</strong></span> 
     </span>
    </p>
   </div>
   <div class='ocr_carea' id='block_1_8' title="bbox 544 769 2146 839">
    <p class='ocr_par' dir='ltr' id='par_1_8' title="bbox 544 769 2146 839">
     <span class='ocr_line' id='line_1_8' title="bbox 544 769 2146 839; baseline -0.004 -9"><span class='ocrx_word' id='word_1_49' title='bbox 544 778 743 832; x_wconf 83' lang='lat' dir='ltr'><strong>minus.</strong></span> <span class='ocrx_word' id='word_1_50' title='bbox 770 773 878 829; x_wconf 88' lang='lat' dir='ltr'><strong>Sed</strong></span> <span class='ocrx_word' id='word_1_51' title='bbox 912 783 988 835; x_wconf 84' lang='lat' dir='ltr'><strong>tu,</strong></span> <span class='ocrx_word' id='word_1_52' title='bbox 1028 773 1103 827; x_wconf 84' lang='lat' dir='ltr'><strong>illi</strong></span> <span class='ocrx_word' id='word_1_53' title='bbox 1142 773 1402 838; x_wconf 80' lang='lat' dir='ltr'><strong>hominis,</strong></span> <span class='ocrx_word' id='word_1_54' title='bbox 1435 787 1653 826; x_wconf 84' lang='lat' dir='ltr'><strong>rursum</strong></span> <span class='ocrx_word' id='word_1_55' title='bbox 1682 772 1905 839; x_wconf 86' lang='lat' dir='ltr'><strong>loquere</strong></span> <span class='ocrx_word' id='word_1_56' title='bbox 1934 769 1999 823; x_wconf 91' lang='lat' dir='ltr'><strong>ad</strong></span> <span class='ocrx_word' id='word_1_57' title='bbox 2028 785 2146 834; x_wconf 62' lang='lat' dir='ltr'><strong>eos,</strong></span> 
     </span>
    </p>
   </div>
   <div class='ocr_carea' id='block_1_9' title="bbox 550 862 2148 935">
    <p class='ocr_par' dir='ltr' id='par_1_9' title="bbox 550 862 2148 935">
     <span class='ocr_line' id='line_1_9' title="bbox 550 862 2148 935; baseline -0.003 -12"><span class='ocrx_word' id='word_1_58' title='bbox 550 869 652 923; x_wconf 90' lang='lat' dir='ltr'><strong>hoc</strong></span> <span class='ocrx_word' id='word_1_59' title='bbox 697 877 803 933; x_wconf 88' lang='lat' dir='ltr'><strong>est,</strong></span> <span class='ocrx_word' id='word_1_60' title='bbox 845 867 911 921; x_wconf 90' lang='lat' dir='ltr'><strong>ad</strong></span> <span class='ocrx_word' id='word_1_61' title='bbox 951 868 1199 921; x_wconf 77' lang='lat' dir='ltr'><strong>seniores</strong></span> <span class='ocrx_word' id='word_1_62' title='bbox 1226 867 1422 923; x_wconf 82' lang='lat' dir='ltr'><strong>donius</strong></span> <span class='ocrx_word' id='word_1_63' title='bbox 1452 864 1643 929; x_wconf 55' lang='lat' dir='ltr'><strong>Israel,</strong></span> <span class='ocrx_word' id='word_1_64' title='bbox 1671 864 1766 935; x_wconf 88' lang='lat' dir='ltr'><strong>qui</strong></span> <span class='ocrx_word' id='word_1_65' title='bbox 1808 872 1861 919; x_wconf 86' lang='lat' dir='ltr'><strong>te</strong></span> <span class='ocrx_word' id='word_1_66' title='bbox 1906 862 2148 918; x_wconf 82' lang='lat' dir='ltr'><strong>interro-</strong></span> 
     </span>
    </p>
   </div>
   <div class='ocr_carea' id='block_1_10' title="bbox 544 958 2151 1036">
    <p class='ocr_par' dir='ltr' id='par_1_10' title="bbox 544 958 2151 1036">
     <span class='ocr_line' id='line_1_10' title="bbox 544 958 2151 1036; baseline -0.002 -21"><span class='ocrx_word' id='word_1_67' title='bbox 544 976 674 1033; x_wconf 89' lang='lat' dir='ltr'><strong>gare</strong></span> <span class='ocrx_word' id='word_1_68' title='bbox 705 970 973 1016; x_wconf 88' lang='lat' dir='ltr'><strong>venerunt</strong></span> <span class='ocrx_word' id='word_1_69' title='bbox 1008 979 1020 1014; x_wconf 87' lang='lat'><strong>:</strong></span> <span class='ocrx_word' id='word_1_70' title='bbox 1066 961 1251 1036; x_wconf 79' lang='lat' dir='ltr'><strong>Patres</strong></span> <span class='ocrx_word' id='word_1_71' title='bbox 1280 960 1471 1019; x_wconf 80' lang='lat' dir='ltr'><strong>vestri.</strong></span> <span class='ocrx_word' id='word_1_72' title='bbox 1498 958 1823 1027; x_wconf 87' lang='lat' dir='ltr'><strong>dequornm</strong></span> <span class='ocrx_word' id='word_1_73' title='bbox 1860 974 1954 1011; x_wconf 83' lang='lat' dir='ltr'><strong>vos</strong></span> <span class='ocrx_word' id='word_1_74' title='bbox 1983 958 2151 1025; x_wconf 85' lang='lat' dir='ltr'><strong>stirpe</strong></span> 
     </span>
    </p>
   </div>
   <div class='ocr_carea' id='block_1_11' title="bbox 544 1050 2153 1122">
    <p class='ocr_par' dir='ltr' id='par_1_11' title="bbox 544 1050 2153 1122">
     <span class='ocr_line' id='line_1_11' title="bbox 544 1050 2153 1122; baseline -0.006 -12"><span class='ocrx_word' id='word_1_75' title='bbox 544 1054 928 1120; x_wconf 86' lang='lat' dir='ltr'><strong>dcsceiidistis,</strong></span> <span class='ocrx_word' id='word_1_76' title='bbox 961 1055 1123 1111; x_wconf 87' lang='lat' dir='ltr'><strong>etiam</strong></span> <span class='ocrx_word' id='word_1_77' title='bbox 1157 1055 1209 1108; x_wconf 91' lang='lat' dir='ltr'><strong>in</strong></span> <span class='ocrx_word' id='word_1_78' title='bbox 1244 1054 1348 1109; x_wconf 90' lang='lat' dir='ltr'><strong>hoc</strong></span> <span class='ocrx_word' id='word_1_79' title='bbox 1388 1050 1906 1122; x_wconf 77' lang='lat' dir='ltr'><strong>blasphemaverunt</strong></span> <span class='ocrx_word' id='word_1_80' title='bbox 1944 1064 2050 1113; x_wconf 87' lang='lat' dir='ltr'><strong>me,</strong></span> <span class='ocrx_word' id='word_1_81' title='bbox 2096 1056 2153 1103; x_wconf 90' lang='lat' dir='ltr'><strong>et</strong></span> 
     </span>
    </p>
   </div>
   <div class='ocr_carea' id='block_1_12' title="bbox 548 1147 2151 1220">
    <p class='ocr_par' dir='ltr' id='par_1_12' title="bbox 548 1147 2151 1220">
     <span class='ocr_line' id='line_1_12' title="bbox 548 1147 2151 1220; baseline -0.003 -15"><span class='ocrx_word' id='word_1_82' title='bbox 548 1149 757 1205; x_wconf 79' lang='lat' dir='ltr'><strong>duxere</strong></span> <span class='ocrx_word' id='word_1_83' title='bbox 786 1165 883 1220; x_wconf 90' lang='lat' dir='ltr'><strong>pro</strong></span> <span class='ocrx_word' id='word_1_84' title='bbox 914 1149 1102 1213; x_wconf 85' lang='lat' dir='ltr'><strong>nihili;</strong></span> <span class='ocrx_word' id='word_1_85' title='bbox 1126 1156 1413 1220; x_wconf 82' lang='lat' dir='ltr'><strong>postquam</strong></span> <span class='ocrx_word' id='word_1_86' title='bbox 1449 1147 1842 1203; x_wconf 78' lang='lat' dir='ltr'><strong>introduxieos</strong></span> <span class='ocrx_word' id='word_1_87' title='bbox 1872 1147 1925 1200; x_wconf 92' lang='lat' dir='ltr'><strong>in</strong></span> <span class='ocrx_word' id='word_1_88' title='bbox 1949 1156 2151 1201; x_wconf 89' lang='lat' dir='ltr'><strong>terram</strong></span> 
     </span>
    </p>
   </div>
   <div class='ocr_carea' id='block_1_13' title="bbox 547 1240 2156 1314">
    <p class='ocr_par' dir='ltr' id='par_1_13' title="bbox 547 1240 2156 1314">
     <span class='ocr_line' id='line_1_13' title="bbox 547 1240 2156 1314; baseline 0.001 -21"><span class='ocrx_word' id='word_1_89' title='bbox 547 1258 711 1314; x_wconf 87' lang='lat' dir='ltr'><strong>quam</strong></span> <span class='ocrx_word' id='word_1_90' title='bbox 730 1258 846 1298; x_wconf 91' lang='lat' dir='ltr'><strong>mea</strong></span> <span class='ocrx_word' id='word_1_91' title='bbox 873 1242 1192 1297; x_wconf 80' lang='lat' dir='ltr'><strong>fortitudine</strong></span> <span class='ocrx_word' id='word_1_92' title='bbox 1213 1240 1597 1312; x_wconf 87' lang='lat' dir='ltr'><strong>possederunt,</strong></span> <span class='ocrx_word' id='word_1_93' title='bbox 1623 1256 1783 1312; x_wconf 87' lang='lat' dir='ltr'><strong>quam</strong></span> <span class='ocrx_word' id='word_1_94' title='bbox 1808 1256 1912 1312; x_wconf 88' lang='lat' dir='ltr'><strong>ego</strong></span> <span class='ocrx_word' id='word_1_95' title='bbox 1940 1241 2006 1296; x_wconf 91' lang='lat' dir='ltr'><strong>ad</strong></span> <span class='ocrx_word' id='word_1_96' title='bbox 2030 1255 2156 1311; x_wconf 90' lang='lat' dir='ltr'><strong>pos-</strong></span> 
     </span>
    </p>
   </div>
   <div class='ocr_carea' id='block_1_14' title="bbox 550 1335 2153 1407">
    <p class='ocr_par' dir='ltr' id='par_1_14' title="bbox 550 1335 2153 1407">
     <span class='ocr_line' id='line_1_14' title="bbox 550 1335 2153 1407; baseline -0.001 -16"><span class='ocrx_word' id='word_1_97' title='bbox 550 1337 838 1391; x_wconf 90' lang='lat' dir='ltr'><strong>sidendum</strong></span> <span class='ocrx_word' id='word_1_98' title='bbox 868 1336 1152 1402; x_wconf 85' lang='lat' dir='ltr'><strong>dederam,</strong></span> <span class='ocrx_word' id='word_1_99' title='bbox 1186 1335 1273 1390; x_wconf 87' lang='lat' dir='ltr'><strong>illi</strong></span> <span class='ocrx_word' id='word_1_100' title='bbox 1299 1345 1590 1391; x_wconf 85' lang='lat' dir='ltr'><strong>verterunt</strong></span> <span class='ocrx_word' id='word_1_101' title='bbox 1622 1335 1688 1390; x_wconf 90' lang='lat' dir='ltr'><strong>ad</strong></span> <span class='ocrx_word' id='word_1_102' title='bbox 1721 1336 2153 1407; x_wconf 79' lang='lat' dir='ltr'><strong>exasperandum</strong></span> 
     </span>
    </p>
   </div>
   <div class='ocr_carea' id='block_1_15' title="bbox 550 1430 2152 1499">
    <p class='ocr_par' dir='ltr' id='par_1_15' title="bbox 550 1430 2152 1499">
     <span class='ocr_line' id='line_1_15' title="bbox 550 1430 2152 1499; baseline 0.001 -15"><span class='ocrx_word' id='word_1_103' title='bbox 550 1445 658 1485; x_wconf 90' lang='lat' dir='ltr'><strong>me.</strong></span> <span class='ocrx_word' id='word_1_104' title='bbox 705 1430 840 1485; x_wconf 88' lang='lat' dir='ltr'><strong>Cum</strong></span> <span class='ocrx_word' id='word_1_105' title='bbox 885 1431 1029 1485; x_wconf 89' lang='lat' dir='ltr'><strong>enim</strong></span> <span class='ocrx_word' id='word_1_106' title='bbox 1083 1431 1353 1486; x_wconf 80' lang='lat' dir='ltr'><strong>vidissent</strong></span> <span class='ocrx_word' id='word_1_107' title='bbox 1380 1446 1599 1487; x_wconf 86' lang='lat' dir='ltr'><strong>omnem</strong></span> <span class='ocrx_word' id='word_1_108' title='bbox 1631 1431 1824 1487; x_wconf 88' lang='lat' dir='ltr'><strong>collem</strong></span> <span class='ocrx_word' id='word_1_109' title='bbox 1854 1433 2152 1499; x_wconf 78' lang='lat' dir='ltr'><strong>excelsum,</strong></span> 
     </span>
    </p>
   </div>
   <div class='ocr_carea' id='block_1_16' title="bbox 546 1522 2154 1594">
    <p class='ocr_par' dir='ltr' id='par_1_16' title="bbox 546 1522 2154 1594">
     <span class='ocr_line' id='line_1_16' title="bbox 546 1522 2154 1594; baseline 0.002 -17"><span class='ocrx_word' id='word_1_110' title='bbox 546 1522 871 1592; x_wconf 87' lang='lat' dir='ltr'><strong>lignumque</strong></span> <span class='ocrx_word' id='word_1_111' title='bbox 916 1538 1290 1589; x_wconf 88' lang='lat' dir='ltr'><strong>nemorosum,</strong></span> <span class='ocrx_word' id='word_1_112' title='bbox 1328 1524 1712 1579; x_wconf 79' lang='lat' dir='ltr'><strong>sacriﬁcabant</strong></span> <span class='ocrx_word' id='word_1_113' title='bbox 1760 1526 1816 1579; x_wconf 86' lang='lat' dir='ltr'><strong>in</strong></span> <span class='ocrx_word' id='word_1_114' title='bbox 1858 1525 2154 1594; x_wconf 83' lang='lat' dir='ltr'><strong>montibus,</strong></span> 
     </span>
    </p>
   </div>
   <div class='ocr_carea' id='block_1_17' title="bbox 542 1614 2156 1685">
    <p class='ocr_par' dir='ltr' id='par_1_17' title="bbox 542 1614 2156 1685">
     <span class='ocr_line' id='line_1_17' title="bbox 542 1614 2156 1685; baseline 0.002 -18"><span class='ocrx_word' id='word_1_115' title='bbox 542 1622 601 1668; x_wconf 85' lang='lat' dir='ltr'><strong>et</strong></span> <span class='ocrx_word' id='word_1_116' title='bbox 630 1614 684 1669; x_wconf 92' lang='lat' dir='ltr'><strong>in</strong></span> <span class='ocrx_word' id='word_1_117' title='bbox 711 1615 849 1670; x_wconf 89' lang='lat' dir='ltr'><strong>lucis</strong></span> <span class='ocrx_word' id='word_1_118' title='bbox 870 1624 927 1670; x_wconf 84' lang='lat' dir='ltr'><strong>et</strong></span> <span class='ocrx_word' id='word_1_119' title='bbox 949 1616 1203 1683; x_wconf 79' lang='lat' dir='ltr'><strong>saltibus,</strong></span> <span class='ocrx_word' id='word_1_120' title='bbox 1230 1625 1286 1672; x_wconf 87' lang='lat' dir='ltr'><strong>et</strong></span> <span class='ocrx_word' id='word_1_121' title='bbox 1315 1615 1475 1672; x_wconf 82' lang='lat' dir='ltr'><strong>idolis</strong></span> <span class='ocrx_word' id='word_1_122' title='bbox 1499 1616 1758 1672; x_wconf 84' lang='lat' dir='ltr'><strong>victimas</strong></span> <span class='ocrx_word' id='word_1_123' title='bbox 1780 1616 2156 1685; x_wconf 85' lang='lat' dir='ltr'><strong>immolabant,</strong></span> 
     </span>
    </p>
   </div>
   <div class='ocr_carea' id='block_1_18' title="bbox 547 1710 2155 1783">
    <p class='ocr_par' dir='ltr' id='par_1_18' title="bbox 547 1710 2155 1783">
     <span class='ocr_line' id='line_1_18' title="bbox 547 1710 2155 1783; baseline 0 -20"><span class='ocrx_word' id='word_1_124' title='bbox 547 1718 602 1764; x_wconf 86' lang='lat' dir='ltr'><strong>et</strong></span> <span class='ocrx_word' id='word_1_125' title='bbox 634 1710 738 1764; x_wconf 90' lang='lat' dir='ltr'><strong>liba</strong></span> <span class='ocrx_word' id='word_1_126' title='bbox 772 1710 1096 1777; x_wconf 65' lang='lat' dir='ltr'><strong>fundebant,</strong></span> <span class='ocrx_word' id='word_1_127' title='bbox 1129 1711 1273 1783; x_wconf 87' lang='lat' dir='ltr'><strong>quod</strong></span> <span class='ocrx_word' id='word_1_128' title='bbox 1313 1726 1435 1765; x_wconf 89' lang='lat' dir='ltr'><strong>cum</strong></span> <span class='ocrx_word' id='word_1_129' title='bbox 1461 1710 1743 1777; x_wconf 64' lang='lat' dir='ltr'><strong>vidissem,</strong></span> <span class='ocrx_word' id='word_1_130' title='bbox 1776 1711 1891 1765; x_wconf 80' lang='lat' dir='ltr'><strong>dixi</strong></span> <span class='ocrx_word' id='word_1_131' title='bbox 1922 1711 1987 1765; x_wconf 90' lang='lat' dir='ltr'><strong>ad</strong></span> <span class='ocrx_word' id='word_1_132' title='bbox 2014 1725 2108 1767; x_wconf 91' lang='lat' dir='ltr'><strong>eos</strong></span> <span class='ocrx_word' id='word_1_133' title='bbox 2143 1728 2155 1763; x_wconf 88' lang='lat'><strong>:</strong></span> 
     </span>
    </p>
   </div>
   <div class='ocr_carea' id='block_1_19' title="bbox 2247 482 3865 553">
    <p class='ocr_par' dir='ltr' id='par_1_19' title="bbox 2247 482 3865 553">
     <span class='ocr_line' id='line_1_19' title="bbox 2247 482 3865 553; baseline 0.002 -16"><span class='ocrx_word' id='word_1_134' title='bbox 2247 483 2545 553; x_wconf 79' lang='lat' dir='ltr'><strong>appellari:</strong></span> <span class='ocrx_word' id='word_1_135' title='bbox 2595 482 2694 537; x_wconf 85' lang='lat' dir='ltr'><strong>sed</strong></span> <span class='ocrx_word' id='word_1_136' title='bbox 2722 482 2866 537; x_wconf 89' lang='lat' dir='ltr'><strong>sicut</strong></span> <span class='ocrx_word' id='word_1_137' title='bbox 2910 491 3130 537; x_wconf 74' lang='lat' dir='ltr'><strong>cunctm</strong></span> <span class='ocrx_word' id='word_1_138' title='bbox 3162 484 3212 536; x_wconf 90' lang='lat' dir='ltr'><strong>in</strong></span> <span class='ocrx_word' id='word_1_139' title='bbox 3261 492 3377 538; x_wconf 91' lang='lat' dir='ltr'><strong>toto</strong></span> <span class='ocrx_word' id='word_1_140' title='bbox 3415 483 3551 539; x_wconf 90' lang='lat' dir='ltr'><strong>orbe</strong></span> <span class='ocrx_word' id='word_1_141' title='bbox 3598 495 3725 539; x_wconf 90' lang='lat' dir='ltr'><strong>sunt</strong></span> <span class='ocrx_word' id='word_1_142' title='bbox 3753 502 3865 540; x_wconf 89' lang='lat' dir='ltr'><strong>na—</strong></span> 
     </span>
    </p>
   </div>
   <div class='ocr_carea' id='block_1_20' title="bbox 2248 576 3871 647">
    <p class='ocr_par' dir='ltr' id='par_1_20' title="bbox 2248 576 3871 647">
     <span class='ocr_line' id='line_1_20' title="bbox 2248 576 3871 647; baseline 0.002 -18"><span class='ocrx_word' id='word_1_143' title='bbox 2248 576 2445 642; x_wconf 79' lang='lat' dir='ltr'><strong>tiones,</strong></span> <span class='ocrx_word' id='word_1_144' title='bbox 2467 586 2519 631; x_wconf 90' lang='lat' dir='ltr'><strong>et</strong></span> <span class='ocrx_word' id='word_1_145' title='bbox 2548 590 2885 647; x_wconf 73' lang='lat' dir='ltr'><strong>unaquaeque</strong></span> <span class='ocrx_word' id='word_1_146' title='bbox 2908 591 3043 646; x_wconf 81' lang='lat' dir='ltr'><strong>gens</strong></span> <span class='ocrx_word' id='word_1_147' title='bbox 3063 590 3163 631; x_wconf 88' lang='lat' dir='ltr'><strong>suo</strong></span> <span class='ocrx_word' id='word_1_148' title='bbox 3188 576 3319 631; x_wconf 89' lang='lat' dir='ltr'><strong>vivit</strong></span> <span class='ocrx_word' id='word_1_149' title='bbox 3345 578 3597 644; x_wconf 89' lang='lat' dir='ltr'><strong>arbitrio,</strong></span> <span class='ocrx_word' id='word_1_150' title='bbox 3622 588 3677 633; x_wconf 88' lang='lat' dir='ltr'><strong>ut</strong></span> <span class='ocrx_word' id='word_1_151' title='bbox 3703 579 3871 635; x_wconf 82' lang='lat' dir='ltr'><strong>colat</strong></span> 
     </span>
    </p>
   </div>
   <div class='ocr_carea' id='block_1_21' title="bbox 2250 668 3865 740">
    <p class='ocr_par' dir='ltr' id='par_1_21' title="bbox 2250 668 3865 740">
     <span class='ocr_line' id='line_1_21' title="bbox 2250 668 3865 740; baseline 0.001 -17"><span class='ocrx_word' id='word_1_152' title='bbox 2250 669 2417 738; x_wconf 87' lang='lat' dir='ltr'><strong>ligna,</strong></span> <span class='ocrx_word' id='word_1_153' title='bbox 2468 681 2522 724; x_wconf 90' lang='lat' dir='ltr'><strong>et</strong></span> <span class='ocrx_word' id='word_1_154' title='bbox 2573 669 2798 740; x_wconf 85' lang='lat' dir='ltr'><strong>lapides.</strong></span> <span class='ocrx_word' id='word_1_155' title='bbox 2832 680 2885 725; x_wconf 91' lang='lat' dir='ltr'><strong>et</strong></span> <span class='ocrx_word' id='word_1_156' title='bbox 2926 668 3090 725; x_wconf 84' lang='lat' dir='ltr'><strong>idolis</strong></span> <span class='ocrx_word' id='word_1_157' title='bbox 3127 670 3350 736; x_wconf 82' lang='lat' dir='ltr'><strong>serviat,</strong></span> <span class='ocrx_word' id='word_1_158' title='bbox 3396 671 3562 727; x_wconf 87' lang='lat' dir='ltr'><strong>etiam</strong></span> <span class='ocrx_word' id='word_1_159' title='bbox 3610 687 3710 727; x_wconf 87' lang='lat' dir='ltr'><strong>nos</strong></span> <span class='ocrx_word' id='word_1_160' title='bbox 3743 688 3865 727; x_wconf 83' lang='lat' dir='ltr'><strong>una</strong></span> 
     </span>
    </p>
   </div>
   <div class='ocr_carea' id='block_1_22' title="bbox 2249 763 3870 835">
    <p class='ocr_par' dir='ltr' id='par_1_22' title="bbox 2249 763 3870 835">
     <span class='ocr_line' id='line_1_22' title="bbox 2249 763 3870 835; baseline 0.002 -20"><span class='ocrx_word' id='word_1_161' title='bbox 2249 778 2386 834; x_wconf 85' lang='lat' dir='ltr'><strong>gens</strong></span> <span class='ocrx_word' id='word_1_162' title='bbox 2411 764 2615 819; x_wconf 86' lang='lat' dir='ltr'><strong>erimus</strong></span> <span class='ocrx_word' id='word_1_163' title='bbox 2635 778 2666 820; x_wconf 89' lang='lat' dir='ltr'><strong>e</strong></span> <span class='ocrx_word' id='word_1_164' title='bbox 2690 763 2959 834; x_wconf 79' lang='lat' dir='ltr'><strong>pluribus.</strong></span> <span class='ocrx_word' id='word_1_165' title='bbox 2990 763 3071 819; x_wconf 79' lang='lat' dir='ltr'><strong>Ad</strong></span> <span class='ocrx_word' id='word_1_166' title='bbox 3093 779 3216 831; x_wconf 69' lang='lat' dir='ltr'><strong>qua:</strong></span> <span class='ocrx_word' id='word_1_167' title='bbox 3246 763 3541 833; x_wconf 84' lang='lat' dir='ltr'><strong>respondet</strong></span> <span class='ocrx_word' id='word_1_168' title='bbox 3568 764 3732 832; x_wconf 86' lang='lat' dir='ltr'><strong>Deus,</strong></span> <span class='ocrx_word' id='word_1_169' title='bbox 3766 765 3870 835; x_wconf 86' lang='lat' dir='ltr'><strong>ju-</strong></span> 
     </span>
    </p>
   </div>
   <div class='ocr_carea' id='block_1_23' title="bbox 2252 856 3867 929">
    <p class='ocr_par' dir='ltr' id='par_1_23' title="bbox 2252 856 3867 929">
     <span class='ocr_line' id='line_1_23' title="bbox 2252 856 3867 929; baseline 0.001 -17"><span class='ocrx_word' id='word_1_170' title='bbox 2252 866 2443 928; x_wconf 87' lang='lat' dir='ltr'><strong>ratque</strong></span> <span class='ocrx_word' id='word_1_171' title='bbox 2474 872 2568 928; x_wconf 89' lang='lat' dir='ltr'><strong>per</strong></span> <span class='ocrx_word' id='word_1_172' title='bbox 2594 859 2949 928; x_wconf 85' lang='lat' dir='ltr'><strong>semetipsum</strong></span> <span class='ocrx_word' id='word_1_173' title='bbox 2976 865 3034 913; x_wconf 81' lang='lat' dir='ltr'><strong>et</strong></span> <span class='ocrx_word' id='word_1_174' title='bbox 3052 858 3185 913; x_wconf 88' lang='lat' dir='ltr'><strong>dicit</strong></span> <span class='ocrx_word' id='word_1_175' title='bbox 3214 872 3228 911; x_wconf 72' lang='grc' dir='ltr'><strong>ε</strong></span> <span class='ocrx_word' id='word_1_176' title='bbox 3272 856 3391 912; x_wconf 82' lang='lat' dir='ltr'><strong>Non</strong></span> <span class='ocrx_word' id='word_1_177' title='bbox 3417 872 3517 913; x_wconf 86' lang='lat' dir='ltr'><strong>vos</strong></span> <span class='ocrx_word' id='word_1_178' title='bbox 3540 858 3867 929; x_wconf 79' lang='lat' dir='ltr'><strong>relinquam</strong></span> 
     </span>
    </p>
   </div>
   <div class='ocr_carea' id='block_1_24' title="bbox 2253 938 3866 1025">
    <p class='ocr_par' dir='ltr' id='par_1_24' title="bbox 2253 938 3866 1025">
     <span class='ocr_line' id='line_1_24' title="bbox 2253 938 3866 1025; baseline 0.001 -19"><span class='ocrx_word' id='word_1_179' title='bbox 2253 967 2433 1021; x_wconf 91' lang='lat' dir='ltr'><strong>neque</strong></span> <span class='ocrx_word' id='word_1_180' title='bbox 2459 938 2827 1020; x_wconf 84' lang='lat' dir='ltr'><strong>contemnam,</strong></span> <span class='ocrx_word' id='word_1_181' title='bbox 2861 962 2917 1006; x_wconf 92' lang='lat' dir='ltr'><strong>ut</strong></span> <span class='ocrx_word' id='word_1_182' title='bbox 2947 951 3167 1023; x_wconf 76' lang='lat' dir='ltr'><strong>fugaces</strong></span> <span class='ocrx_word' id='word_1_183' title='bbox 3205 967 3394 1008; x_wconf 86' lang='lat' dir='ltr'><strong>servos</strong></span> <span class='ocrx_word' id='word_1_184' title='bbox 3421 952 3627 1007; x_wconf 85' lang='lat' dir='ltr'><strong>domini</strong></span> <span class='ocrx_word' id='word_1_185' title='bbox 3671 955 3866 1025; x_wconf 78' lang='lat' dir='ltr'><strong>negli-</strong></span> 
     </span>
    </p>
   </div>
   <div class='ocr_carea' id='block_1_25' title="bbox 2253 1046 3868 1116">
    <p class='ocr_par' dir='ltr' id='par_1_25' title="bbox 2253 1046 3868 1116">
     <span class='ocr_line' id='line_1_25' title="bbox 2253 1046 3868 1116; baseline 0.002 -16"><span class='ocrx_word' id='word_1_186' title='bbox 2253 1055 2444 1116; x_wconf 80' lang='lat' dir='ltr'><strong>gentes</strong></span> <span class='ocrx_word' id='word_1_187' title='bbox 2492 1046 2666 1102; x_wconf 88' lang='lat' dir='ltr'><strong>solent</strong></span> <span class='ocrx_word' id='word_1_188' title='bbox 2709 1053 3084 1107; x_wconf 78' lang='lat' dir='ltr'><strong>contemnere.</strong></span> <span class='ocrx_word' id='word_1_189' title='bbox 3115 1046 3208 1101; x_wconf 89' lang='lat' dir='ltr'><strong>sed</strong></span> <span class='ocrx_word' id='word_1_190' title='bbox 3252 1046 3317 1101; x_wconf 88' lang='lat' dir='ltr'><strong>ad</strong></span> <span class='ocrx_word' id='word_1_191' title='bbox 3362 1062 3541 1101; x_wconf 88' lang='lat' dir='ltr'><strong>meum</strong></span> <span class='ocrx_word' id='word_1_192' title='bbox 3576 1049 3868 1103; x_wconf 85' lang='lat' dir='ltr'><strong>retraham</strong></span> 
     </span>
    </p>
   </div>
   <div class='ocr_carea' id='block_1_26' title="bbox 2257 1139 3875 1211">
    <p class='ocr_par' dir='ltr' id='par_1_26' title="bbox 2257 1139 3875 1211">
     <span class='ocr_line' id='line_1_26' title="bbox 2257 1139 3875 1211; baseline 0.001 -17"><span class='ocrx_word' id='word_1_193' title='bbox 2257 1139 2570 1211; x_wconf 83' lang='lat' dir='ltr'><strong>imperium,</strong></span> <span class='ocrx_word' id='word_1_194' title='bbox 2600 1152 2653 1195; x_wconf 87' lang='lat' dir='ltr'><strong>et</strong></span> <span class='ocrx_word' id='word_1_195' title='bbox 2684 1141 2909 1196; x_wconf 87' lang='lat' dir='ltr'><strong>brachio</strong></span> <span class='ocrx_word' id='word_1_196' title='bbox 2939 1149 3163 1195; x_wconf 77' lang='lat' dir='ltr'><strong>extento</strong></span> <span class='ocrx_word' id='word_1_197' title='bbox 3211 1156 3272 1194; x_wconf 88' lang='lat' dir='ltr'><strong>ac</strong></span> <span class='ocrx_word' id='word_1_198' title='bbox 3303 1140 3640 1209; x_wconf 85' lang='lat' dir='ltr'><strong>percutiente</strong></span> <span class='ocrx_word' id='word_1_199' title='bbox 3668 1158 3733 1197; x_wconf 89' lang='lat' dir='ltr'><strong>ac</strong></span> <span class='ocrx_word' id='word_1_200' title='bbox 3780 1142 3875 1196; x_wconf 79' lang='lat' dir='ltr'><strong>lu-</strong></span> 
     </span>
    </p>
   </div>
   <div class='ocr_carea' id='block_1_27' title="bbox 2256 1234 3870 1305">
    <p class='ocr_par' dir='ltr' id='par_1_27' title="bbox 2256 1234 3870 1305">
     <span class='ocr_line' id='line_1_27' title="bbox 2256 1234 3870 1305; baseline -0.001 -15"><span class='ocrx_word' id='word_1_201' title='bbox 2256 1250 2384 1290; x_wconf 87' lang='lat' dir='ltr'><strong>rore</strong></span> <span class='ocrx_word' id='word_1_202' title='bbox 2428 1234 2624 1301; x_wconf 83' lang='lat' dir='ltr'><strong>eﬂ&#39;uso,</strong></span> <span class='ocrx_word' id='word_1_203' title='bbox 2675 1234 2727 1289; x_wconf 91' lang='lat' dir='ltr'><strong>in</strong></span> <span class='ocrx_word' id='word_1_204' title='bbox 2760 1236 3051 1305; x_wconf 76' lang='lat' dir='ltr'><strong>pristinam</strong></span> <span class='ocrx_word' id='word_1_205' title='bbox 3084 1249 3180 1289; x_wconf 88' lang='lat' dir='ltr'><strong>vos</strong></span> <span class='ocrx_word' id='word_1_206' title='bbox 3229 1235 3471 1305; x_wconf 83' lang='lat' dir='ltr'><strong>redigam</strong></span> <span class='ocrx_word' id='word_1_207' title='bbox 3515 1236 3870 1305; x_wconf 83' lang='lat' dir='ltr'><strong>servitutem,</strong></span> 
     </span>
    </p>
   </div>
   <div class='ocr_carea' id='block_1_28' title="bbox 2258 1327 3878 1405">
    <p class='ocr_par' dir='ltr' id='par_1_28' title="bbox 2258 1327 3878 1405">
     <span class='ocr_line' id='line_1_28' title="bbox 2258 1327 3878 1405; baseline 0 -23"><span class='ocrx_word' id='word_1_208' title='bbox 2258 1338 2312 1382; x_wconf 87' lang='lat' dir='ltr'><strong>et</strong></span> <span class='ocrx_word' id='word_1_209' title='bbox 2336 1327 2770 1405; x_wconf 79' lang='lat' dir='ltr'><strong>regnabosuper</strong></span> <span class='ocrx_word' id='word_1_210' title='bbox 2794 1342 2895 1383; x_wconf 87' lang='lat' dir='ltr'><strong>vos</strong></span> <span class='ocrx_word' id='word_1_211' title='bbox 2920 1345 2934 1381; x_wconf 86' lang='lat'><strong>:</strong></span> <span class='ocrx_word' id='word_1_212' title='bbox 2969 1338 3027 1382; x_wconf 90' lang='lat' dir='ltr'><strong>ut</strong></span> <span class='ocrx_word' id='word_1_213' title='bbox 3054 1327 3235 1382; x_wconf 82' lang='lat' dir='ltr'><strong>velitis</strong></span> <span class='ocrx_word' id='word_1_214' title='bbox 3261 1327 3471 1395; x_wconf 77' lang='lat' dir='ltr'><strong>nolitis,</strong></span> <span class='ocrx_word' id='word_1_215' title='bbox 3500 1343 3586 1383; x_wconf 86' lang='lat' dir='ltr'><strong>me</strong></span> <span class='ocrx_word' id='word_1_216' title='bbox 3616 1329 3878 1384; x_wconf 83' lang='lat' dir='ltr'><strong>habeatis</strong></span> 
     </span>
    </p>
   </div>
   <div class='ocr_carea' id='block_1_29' title="bbox 2261 1420 3875 1494">
    <p class='ocr_par' dir='ltr' id='par_1_29' title="bbox 2261 1420 3875 1494">
     <span class='ocr_line' id='line_1_29' title="bbox 2261 1420 3875 1494; baseline 0 -17"><span class='ocrx_word' id='word_1_217' title='bbox 2261 1439 2465 1494; x_wconf 80' lang='lat' dir='ltr'><strong>regem,</strong></span> <span class='ocrx_word' id='word_1_218' title='bbox 2492 1433 2545 1477; x_wconf 90' lang='lat' dir='ltr'><strong>et</strong></span> <span class='ocrx_word' id='word_1_219' title='bbox 2576 1423 2829 1479; x_wconf 85' lang='lat' dir='ltr'><strong>sentiatis</strong></span> <span class='ocrx_word' id='word_1_220' title='bbox 2857 1438 3039 1494; x_wconf 83' lang='lat' dir='ltr'><strong>regem</strong></span> <span class='ocrx_word' id='word_1_221' title='bbox 3073 1424 3291 1490; x_wconf 89' lang='lat' dir='ltr'><strong>iratum,</strong></span> <span class='ocrx_word' id='word_1_222' title='bbox 3325 1420 3480 1493; x_wconf 85' lang='lat' dir='ltr'><strong>cujus</strong></span> <span class='ocrx_word' id='word_1_223' title='bbox 3508 1423 3875 1477; x_wconf 84' lang='lat' dir='ltr'><strong>clementiam</strong></span> 
     </span>
    </p>
   </div>
   <div class='ocr_carea' id='block_1_30' title="bbox 2263 1520 2606 1589">
    <p class='ocr_par' dir='ltr' id='par_1_30' title="bbox 2263 1520 2606 1589">
     <span class='ocr_line' id='line_1_30' title="bbox 2263 1520 2606 1589; baseline 0.003 -16"><span class='ocrx_word' id='word_1_224' title='bbox 2263 1520 2606 1589; x_wconf 82' lang='lat' dir='ltr'><strong>neglexistis.</strong></span> 
     </span>
    </p>
   </div>
   <div class='ocr_carea' id='block_1_31' title="bbox 2334 1610 3884 1686">
    <p class='ocr_par' dir='ltr' id='par_1_31' title="bbox 2334 1610 3884 1686">
     <span class='ocr_line' id='line_1_31' title="bbox 2334 1610 3884 1686; baseline 0.001 -21"><span class='ocrx_word' id='word_1_225' title='bbox 2334 1610 2518 1682; x_wconf 74' lang='lat' dir='ltr'><strong>(Vers.</strong></span> <span class='ocrx_word' id='word_1_226' title='bbox 2554 1610 2670 1681; x_wconf 74' lang='grc'><strong>54.)</strong></span> <span class='ocrx_word' id='word_1_227' title='bbox 2705 1610 2773 1665; x_wconf 83' lang='grc' dir='ltr'><strong>Ει</strong></span> <span class='ocrx_word' id='word_1_228' title='bbox 2813 1612 3029 1666; x_wconf 87' lang='lat' dir='ltr'><strong>educam</strong></span> <span class='ocrx_word' id='word_1_229' title='bbox 3065 1630 3152 1667; x_wconf 82' lang='lat' dir='ltr'><strong>ros</strong></span> <span class='ocrx_word' id='word_1_230' title='bbox 3190 1614 3255 1667; x_wconf 88' lang='lat' dir='ltr'><strong>de</strong></span> <span class='ocrx_word' id='word_1_231' title='bbox 3294 1614 3524 1686; x_wconf 80' lang='lat' dir='ltr'><strong>populis,</strong></span> <span class='ocrx_word' id='word_1_232' title='bbox 3575 1622 3624 1667; x_wconf 89' lang='lat' dir='ltr'><strong>et</strong></span> <span class='ocrx_word' id='word_1_233' title='bbox 3649 1629 3884 1686; x_wconf 79' lang='lat' dir='ltr'><strong>congre-</strong></span> 
     </span>
    </p>
   </div>
   <div class='ocr_carea' id='block_1_32' title="bbox 2262 1704 3883 1781">
    <p class='ocr_par' dir='ltr' id='par_1_32' title="bbox 2262 1704 3883 1781">
     <span class='ocr_line' id='line_1_32' title="bbox 2262 1704 3883 1781; baseline 0.002 -23"><span class='ocrx_word' id='word_1_234' title='bbox 2262 1706 2390 1780; x_wconf 80' lang='lat' dir='ltr'><strong>gabo</strong></span> <span class='ocrx_word' id='word_1_235' title='bbox 2420 1721 2506 1759; x_wconf 75' lang='lat' dir='ltr'><strong>vos</strong></span> <span class='ocrx_word' id='word_1_236' title='bbox 2533 1704 2598 1759; x_wconf 87' lang='lat' dir='ltr'><strong>de</strong></span> <span class='ocrx_word' id='word_1_237' title='bbox 2621 1707 2768 1760; x_wconf 77' lang='lat' dir='ltr'><strong>terris</strong></span> <span class='ocrx_word' id='word_1_238' title='bbox 2790 1707 2840 1760; x_wconf 87' lang='lat' dir='ltr'><strong>in</strong></span> <span class='ocrx_word' id='word_1_239' title='bbox 2882 1708 3063 1778; x_wconf 82' lang='lat' dir='ltr'><strong>quibus</strong></span> <span class='ocrx_word' id='word_1_240' title='bbox 3093 1707 3315 1781; x_wconf 75' lang='lat' dir='ltr'><strong>dispersi</strong></span> <span class='ocrx_word' id='word_1_241' title='bbox 3337 1711 3489 1764; x_wconf 83' lang='lat' dir='ltr'><strong>estis:</strong></span> <span class='ocrx_word' id='word_1_242' title='bbox 3517 1711 3568 1763; x_wconf 89' lang='lat' dir='ltr'><strong>in</strong></span> <span class='ocrx_word' id='word_1_243' title='bbox 3594 1726 3752 1762; x_wconf 85' lang='lat' dir='ltr'><strong>manu</strong></span> <span class='ocrx_word' id='word_1_244' title='bbox 3780 1725 3883 1762; x_wconf 80' lang='lat' dir='ltr'><strong>ra-</strong></span> 
     </span>
    </p>
   </div>
   <div class='ocr_carea' id='block_1_33' title="bbox 549 1798 3884 1875">
    <p class='ocr_par' dir='ltr' id='par_1_33' title="bbox 549 1798 3884 1875">
     <span class='ocr_line' id='line_1_33' title="bbox 549 1798 3884 1875; baseline 0 -20"><span class='ocrx_word' id='word_1_245' title='bbox 549 1803 691 1870; x_wconf 81' lang='lat' dir='ltr'><strong>Quid</strong></span> <span class='ocrx_word' id='word_1_246' title='bbox 732 1813 828 1874; x_wconf 85' lang='lat' dir='ltr'><strong>est,</strong></span> <span class='ocrx_word' id='word_1_247' title='bbox 860 1806 1038 1859; x_wconf 69' lang='lat' dir='ltr'><strong>BM“?</strong></span> <span class='ocrx_word' id='word_1_248' title='bbox 1072 1805 1174 1860; x_wconf 90' lang='lat' dir='ltr'><strong>hoc</strong></span> <span class='ocrx_word' id='word_1_249' title='bbox 1218 1805 1367 1861; x_wconf 87' lang='lat' dir='ltr'><strong>enim</strong></span> <span class='ocrx_word' id='word_1_250' title='bbox 1413 1806 1807 1875; x_wconf 87' lang='lat' dir='ltr'><strong>interpretatur</strong></span> <span class='ocrx_word' id='word_1_251' title='bbox 1851 1804 2145 1859; x_wconf 70' lang='lat' dir='ltr'><strong>excelsum:</strong></span> <span class='ocrx_word' id='word_1_252' title='bbox 2180 1803 2225 1863; x_wconf 83' lang='grc' dir='ltr'><strong>Β</strong></span> <span class='ocrx_word' id='word_1_253' title='bbox 2255 1799 2363 1852; x_wconf 69' lang='grc' dir='ltr'><strong>ΙὶίΙα</strong></span> <span class='ocrx_word' id='word_1_254' title='bbox 2414 1808 2459 1851; x_wconf 79' lang='lat' dir='ltr'><strong>et</strong></span> <span class='ocrx_word' id='word_1_255' title='bbox 2498 1798 2714 1853; x_wconf 71' lang='lat' dir='ltr'><strong>brachio</strong></span> <span class='ocrx_word' id='word_1_256' title='bbox 2763 1811 2987 1869; x_wconf 72' lang='lat' dir='ltr'><strong>extento,</strong></span> <span class='ocrx_word' id='word_1_257' title='bbox 3034 1811 3081 1856; x_wconf 79' lang='lat' dir='ltr'><strong>et</strong></span> <span class='ocrx_word' id='word_1_258' title='bbox 3129 1804 3181 1856; x_wconf 88' lang='lat' dir='ltr'><strong>in</strong></span> <span class='ocrx_word' id='word_1_259' title='bbox 3220 1805 3398 1875; x_wconf 79' lang='lat' dir='ltr'><strong>furore</strong></span> <span class='ocrx_word' id='word_1_260' title='bbox 3436 1802 3599 1869; x_wconf 73' lang='lat' dir='ltr'><strong>eﬁ&#39;uso</strong></span> <span class='ocrx_word' id='word_1_261' title='bbox 3644 1801 3884 1873; x_wconf 83' lang='lat' dir='ltr'><strong>regnabo</strong></span> 
     </span>
    </p>
   </div>
   <div class='ocr_carea' id='block_1_34' title="bbox 550 1897 2157 1970">
    <p class='ocr_par' dir='ltr' id='par_1_34' title="bbox 550 1897 2157 1970">
     <span class='ocr_line' id='line_1_34' title="bbox 550 1897 2157 1970; baseline 0.001 -21"><span class='ocrx_word' id='word_1_262' title='bbox 550 1904 767 1951; x_wconf 81' lang='lat' dir='ltr'><strong>aut-cur</strong></span> <span class='ocrx_word' id='word_1_263' title='bbox 798 1898 1151 1968; x_wconf 88' lang='lat' dir='ltr'><strong>ingredimini</strong></span> <span class='ocrx_word' id='word_1_264' title='bbox 1178 1898 1485 1953; x_wconf 72' lang='lat' dir='ltr'><strong>istiusmodi</strong></span> <span class='ocrx_word' id='word_1_265' title='bbox 1521 1900 1703 1954; x_wconf 88' lang='lat' dir='ltr'><strong>locum</strong></span> <span class='ocrx_word' id='word_1_266' title='bbox 1730 1914 1893 1970; x_wconf 81' lang='lat' dir='ltr'><strong>quem</strong></span> <span class='ocrx_word' id='word_1_267' title='bbox 1922 1898 2083 1952; x_wconf 86' lang='lat' dir='ltr'><strong>vobis</strong></span> <span class='ocrx_word' id='word_1_268' title='bbox 2104 1897 2157 1951; x_wconf 90' lang='lat' dir='ltr'><strong>in</strong></span> 
     </span>
    </p>
   </div>
   <div class='ocr_carea' id='block_1_35' title="bbox 548 1993 2159 2066">
    <p class='ocr_par' dir='ltr' id='par_1_35' title="bbox 548 1993 2159 2066">
     <span class='ocr_line' id='line_1_35' title="bbox 548 1993 2159 2066; baseline 0.002 -21"><span class='ocrx_word' id='word_1_269' title='bbox 548 1993 762 2045; x_wconf 85' lang='lat' dir='ltr'><strong>cunctis</strong></span> <span class='ocrx_word' id='word_1_270' title='bbox 804 1993 1045 2049; x_wconf 88' lang='lat' dir='ltr'><strong>collibus</strong></span> <span class='ocrx_word' id='word_1_271' title='bbox 1072 1994 1343 2063; x_wconf 83' lang='lat' dir='ltr'><strong>elegistis,</strong></span> <span class='ocrx_word' id='word_1_272' title='bbox 1386 1994 1456 2048; x_wconf 91' lang='lat' dir='ltr'><strong>ita</strong></span> <span class='ocrx_word' id='word_1_273' title='bbox 1491 2003 1549 2049; x_wconf 89' lang='lat' dir='ltr'><strong>ut</strong></span> <span class='ocrx_word' id='word_1_274' title='bbox 1576 2009 1752 2066; x_wconf 89' lang='lat' dir='ltr'><strong>usque</strong></span> <span class='ocrx_word' id='word_1_275' title='bbox 1784 1995 1947 2050; x_wconf 85' lang='lat' dir='ltr'><strong>hodie</strong></span> <span class='ocrx_word' id='word_1_276' title='bbox 1977 1993 2159 2049; x_wconf 78' lang='lat' dir='ltr'><strong>iatius-</strong></span> 
     </span>
    </p>
   </div>
   <div class='ocr_carea' id='block_1_36' title="bbox 548 2083 2160 2156">
    <p class='ocr_par' dir='ltr' id='par_1_36' title="bbox 548 2083 2160 2156">
     <span class='ocr_line' id='line_1_36' title="bbox 548 2083 2160 2156; baseline 0.002 -19"><span class='ocrx_word' id='word_1_277' title='bbox 548 2083 699 2137; x_wconf 88' lang='lat' dir='ltr'><strong>modi</strong></span> <span class='ocrx_word' id='word_1_278' title='bbox 748 2084 869 2138; x_wconf 81' lang='lat' dir='ltr'><strong>loca</strong></span> <span class='ocrx_word' id='word_1_279' title='bbox 928 2087 1270 2156; x_wconf 85' lang='lat' dir='ltr'><strong>appellentur</strong></span> <span class='ocrx_word' id='word_1_280' title='bbox 1314 2102 1550 2153; x_wconf 72' lang='lat' dir='ltr'><strong>BAIOTE,</strong></span> <span class='ocrx_word' id='word_1_281' title='bbox 1607 2097 1660 2141; x_wconf 90' lang='lat' dir='ltr'><strong>ct</strong></span> <span class='ocrx_word' id='word_1_282' title='bbox 1710 2089 1965 2156; x_wconf 85' lang='lat' dir='ltr'><strong>antiquus</strong></span> <span class='ocrx_word' id='word_1_283' title='bbox 2003 2101 2160 2142; x_wconf 87' lang='lat' dir='ltr'><strong>error</strong></span> 
     </span>
    </p>
   </div>
   <div class='ocr_carea' id='block_1_37' title="bbox 548 2177 2163 2248">
    <p class='ocr_par' dir='ltr' id='par_1_37' title="bbox 548 2177 2163 2248">
     <span class='ocr_line' id='line_1_37' title="bbox 548 2177 2163 2248; baseline 0.002 -19"><span class='ocrx_word' id='word_1_284' title='bbox 548 2190 748 2229; x_wconf 79' lang='lat' dir='ltr'><strong>nomen</strong></span> <span class='ocrx_word' id='word_1_285' title='bbox 779 2177 1072 2245; x_wconf 83' lang='lat' dir='ltr'><strong>pristinum</strong></span> <span class='ocrx_word' id='word_1_286' title='bbox 1100 2180 1319 2233; x_wconf 85' lang='lat' dir='ltr'><strong>teneat?</strong></span> <span class='ocrx_word' id='word_1_287' title='bbox 1346 2178 1454 2233; x_wconf 86' lang='lat' dir='ltr'><strong>Pro</strong></span> <span class='ocrx_word' id='word_1_288' title='bbox 1476 2194 1642 2245; x_wconf 68' lang='lat' dir='ltr'><strong>usus,</strong></span> <span class='ocrx_word' id='word_1_289' title='bbox 1672 2178 1816 2248; x_wconf 89' lang='lat' dir='ltr'><strong>quod</strong></span> <span class='ocrx_word' id='word_1_290' title='bbox 1858 2193 1957 2234; x_wconf 84' lang='lat' dir='ltr'><strong>nos</strong></span> <span class='ocrx_word' id='word_1_291' title='bbox 1988 2180 2039 2232; x_wconf 92' lang='lat' dir='ltr'><strong>in</strong></span> <span class='ocrx_word' id='word_1_292' title='bbox 2071 2194 2163 2233; x_wconf 74' lang='lat' dir='ltr'><strong>ex-</strong></span> 
     </span>
    </p>
   </div>
   <div class='ocr_carea' id='block_1_38' title="bbox 549 2268 2163 2342">
    <p class='ocr_par' dir='ltr' id='par_1_38' title="bbox 549 2268 2163 2342">
     <span class='ocr_line' id='line_1_38' title="bbox 549 2268 2163 2342; baseline 0.005 -23"><span class='ocrx_word' id='word_1_293' title='bbox 549 2268 740 2320; x_wconf 83' lang='lat' dir='ltr'><strong>celsum</strong></span> <span class='ocrx_word' id='word_1_294' title='bbox 772 2270 1062 2337; x_wconf 84' lang='lat' dir='ltr'><strong>vertimus,</strong></span> <span class='ocrx_word' id='word_1_295' title='bbox 1093 2271 1145 2324; x_wconf 90' lang='lat' dir='ltr'><strong>in</strong></span> <span class='ocrx_word' id='word_1_296' title='bbox 1169 2271 1530 2342; x_wconf 84' lang='lat' dir='ltr'><strong>Septuaginta</strong></span> <span class='ocrx_word' id='word_1_297' title='bbox 1560 2272 1802 2328; x_wconf 87' lang='lat' dir='ltr'><strong>editione</strong></span> <span class='ocrx_word' id='word_1_298' title='bbox 1831 2288 1989 2328; x_wconf 89' lang='lat' dir='ltr'><strong>error</strong></span> <span class='ocrx_word' id='word_1_299' title='bbox 2019 2273 2163 2327; x_wconf 91' lang='lat' dir='ltr'><strong>obti-</strong></span> 
     </span>
    </p>
   </div>
   <div class='ocr_carea' id='block_1_39' title="bbox 554 2360 2160 2434">
    <p class='ocr_par' dir='ltr' id='par_1_39' title="bbox 554 2360 2160 2434">
     <span class='ocr_line' id='line_1_39' title="bbox 554 2360 2160 2434; baseline 0.006 -20"><span class='ocrx_word' id='word_1_300' title='bbox 554 2360 693 2428; x_wconf 83' lang='lat' dir='ltr'><strong>nuit,</strong></span> <span class='ocrx_word' id='word_1_301' title='bbox 728 2371 786 2416; x_wconf 91' lang='lat' dir='ltr'><strong>ut</strong></span> <span class='ocrx_word' id='word_1_302' title='bbox 810 2365 1084 2419; x_wconf 88' lang='lat' dir='ltr'><strong>scribatur</strong></span> <span class='ocrx_word' id='word_1_303' title='bbox 1112 2375 1139 2403; x_wconf 78' lang='grc' dir='ltr'><strong>ιι</strong></span> <span class='ocrx_word' id='word_1_304' title='bbox 1166 2366 1390 2432; x_wconf 61' lang='lat' dir='ltr'><strong>essm,</strong></span> <span class='ocrx_word' id='word_1_305' title='bbox 1419 2366 1565 2434; x_wconf 88' lang='lat' dir='ltr'><strong>quod</strong></span> <span class='ocrx_word' id='word_1_306' title='bbox 1606 2366 1874 2422; x_wconf 85' lang='lat' dir='ltr'><strong>Hebraico</strong></span> <span class='ocrx_word' id='word_1_307' title='bbox 1906 2381 2160 2423; x_wconf 87' lang='lat' dir='ltr'><strong>sermone</strong></span> 
     </span>
    </p>
   </div>
   <div class='ocr_carea' id='block_1_40' title="bbox 550 2455 2163 2533">
    <p class='ocr_par' dir='ltr' id='par_1_40' title="bbox 550 2455 2163 2533">
     <span class='ocr_line' id='line_1_40' title="bbox 550 2455 2163 2533; baseline 0.004 -24"><span class='ocrx_word' id='word_1_308' title='bbox 550 2455 624 2509; x_wconf 90' lang='lat' dir='ltr'><strong>nil</strong></span> <span class='ocrx_word' id='word_1_309' title='bbox 657 2466 899 2511; x_wconf 87' lang='lat' dir='ltr'><strong>resonat.</strong></span> <span class='ocrx_word' id='word_1_310' title='bbox 940 2457 1129 2513; x_wconf 87' lang='lat' dir='ltr'><strong>Potest</strong></span> <span class='ocrx_word' id='word_1_311' title='bbox 1166 2474 1309 2513; x_wconf 64' lang='grc' dir='ltr'><strong>ΒΑΜ</strong></span> <span class='ocrx_word' id='word_1_312' title='bbox 1338 2459 1540 2532; x_wconf 72' lang='lat' dir='ltr'><strong>(nm),</strong></span> <span class='ocrx_word' id='word_1_313' title='bbox 1590 2460 1638 2514; x_wconf 85' lang='lat' dir='ltr'><strong>si</strong></span> <span class='ocrx_word' id='word_1_314' title='bbox 1671 2471 1956 2530; x_wconf 85' lang='lat' dir='ltr'><strong>utramque</strong></span> <span class='ocrx_word' id='word_1_315' title='bbox 1996 2462 2163 2533; x_wconf 82' lang='lat' dir='ltr'><strong>sylla-</strong></span> 
     </span>
    </p>
   </div>
   <div class='ocr_carea' id='block_1_41' title="bbox 554 2536 2161 2626">
    <p class='ocr_par' dir='ltr' id='par_1_41' title="bbox 554 2536 2161 2626">
     <span class='ocr_line' id='line_1_41' title="bbox 554 2536 2161 2626; baseline 0.002 -19"><span class='ocrx_word' id='word_1_316' title='bbox 554 2536 676 2607; x_wconf 57' lang='lat' dir='ltr'><strong>biim</strong></span> <span class='ocrx_word' id='word_1_317' title='bbox 716 2554 768 2608; x_wconf 88' lang='lat' dir='ltr'><strong>in</strong></span> <span class='ocrx_word' id='word_1_318' title='bbox 800 2553 907 2608; x_wconf 89' lang='lat' dir='ltr'><strong>duo</strong></span> <span class='ocrx_word' id='word_1_319' title='bbox 952 2554 1163 2609; x_wconf 85' lang='lat' dir='ltr'><strong>dividas</strong></span> <span class='ocrx_word' id='word_1_320' title='bbox 1190 2556 1379 2625; x_wconf 84' lang='lat' dir='ltr'><strong>verba,</strong></span> <span class='ocrx_word' id='word_1_321' title='bbox 1413 2555 1750 2626; x_wconf 79' lang='lat' dir='ltr'><strong>signiﬁcare,</strong></span> <span class='ocrx_word' id='word_1_322' title='bbox 1784 2556 1837 2610; x_wconf 83' lang='lat' dir='ltr'><strong>in</strong></span> <span class='ocrx_word' id='word_1_323' title='bbox 1873 2571 2010 2626; x_wconf 83' lang='lat' dir='ltr'><strong>quo;</strong></span> <span class='ocrx_word' id='word_1_324' title='bbox 2061 2556 2161 2611; x_wconf 84' lang='lat' dir='ltr'><strong>sed</strong></span> 
     </span>
    </p>
   </div>
   <div class='ocr_carea' id='block_1_42' title="bbox 555 2648 2164 2720">
    <p class='ocr_par' dir='ltr' id='par_1_42' title="bbox 555 2648 2164 2720">
     <span class='ocr_line' id='line_1_42' title="bbox 555 2648 2164 2720; baseline 0.004 -21"><span class='ocrx_word' id='word_1_325' title='bbox 555 2650 817 2718; x_wconf 61' lang='lat' dir='ltr'><strong>prasenti</strong></span> <span class='ocrx_word' id='word_1_326' title='bbox 857 2648 976 2704; x_wconf 88' lang='lat' dir='ltr'><strong>loco</strong></span> <span class='ocrx_word' id='word_1_327' title='bbox 1003 2663 1199 2703; x_wconf 79' lang='lat' dir='ltr'><strong>sensus</strong></span> <span class='ocrx_word' id='word_1_328' title='bbox 1230 2649 1333 2703; x_wconf 79' lang='lat' dir='ltr'><strong>iste</strong></span> <span class='ocrx_word' id='word_1_329' title='bbox 1365 2664 1472 2704; x_wconf 91' lang='lat' dir='ltr'><strong>non</strong></span> <span class='ocrx_word' id='word_1_330' title='bbox 1513 2651 1788 2720; x_wconf 86' lang='lat' dir='ltr'><strong>congruit.</strong></span> <span class='ocrx_word' id='word_1_331' title='bbox 1822 2648 2164 2719; x_wconf 86' lang='lat' dir='ltr'><strong>Ubicumque</strong></span> 
     </span>
    </p>
   </div>
   <div class='ocr_carea' id='block_1_43' title="bbox 553 2742 2159 2815">
    <p class='ocr_par' dir='ltr' id='par_1_43' title="bbox 553 2742 2159 2815">
     <span class='ocr_line' id='line_1_43' title="bbox 553 2742 2159 2815; baseline 0.003 -21"><span class='ocrx_word' id='word_1_332' title='bbox 553 2749 737 2795; x_wconf 89' lang='lat' dir='ltr'><strong>autem</strong></span> <span class='ocrx_word' id='word_1_333' title='bbox 764 2742 815 2795; x_wconf 90' lang='lat' dir='ltr'><strong>in</strong></span> <span class='ocrx_word' id='word_1_334' title='bbox 847 2742 1077 2813; x_wconf 77' lang='lat' dir='ltr'><strong>Regum,</strong></span> <span class='ocrx_word' id='word_1_335' title='bbox 1102 2754 1156 2799; x_wconf 90' lang='lat' dir='ltr'><strong>et</strong></span> <span class='ocrx_word' id='word_1_336' title='bbox 1186 2744 1644 2815; x_wconf 82' lang='lat' dir='ltr'><strong>Paralipomenon</strong></span> <span class='ocrx_word' id='word_1_337' title='bbox 1674 2744 1829 2799; x_wconf 90' lang='lat' dir='ltr'><strong>libris</strong></span> <span class='ocrx_word' id='word_1_338' title='bbox 1860 2745 2121 2800; x_wconf 88' lang='lat' dir='ltr'><strong>scribitur</strong></span> <span class='ocrx_word' id='word_1_339' title='bbox 2146 2762 2159 2799; x_wconf 90' lang='lat'><strong>:</strong></span> 
     </span>
    </p>
   </div>
   <div class='ocr_carea' id='block_1_44' title="bbox 556 2834 2161 2906">
    <p class='ocr_par' dir='ltr' id='par_1_44' title="bbox 556 2834 2161 2906">
     <span class='ocr_line' id='line_1_44' title="bbox 556 2834 2161 2906; baseline 0.002 -18"><span class='ocrx_word' id='word_1_340' title='bbox 556 2834 741 2888; x_wconf 78' lang='lat' dir='ltr'><strong>Adhuc</strong></span> <span class='ocrx_word' id='word_1_341' title='bbox 759 2837 983 2906; x_wconf 83' lang='lat' dir='ltr'><strong>populus</strong></span> <span class='ocrx_word' id='word_1_342' title='bbox 1010 2836 1248 2891; x_wconf 77' lang='lat' dir='ltr'><strong>adolebat</strong></span> <span class='ocrx_word' id='word_1_343' title='bbox 1268 2838 1561 2904; x_wconf 87' lang='lat' dir='ltr'><strong>incensum,</strong></span> <span class='ocrx_word' id='word_1_344' title='bbox 1592 2848 1639 2891; x_wconf 85' lang='lat' dir='ltr'><strong>et</strong></span> <span class='ocrx_word' id='word_1_345' title='bbox 1668 2836 1970 2891; x_wconf 80' lang='lat' dir='ltr'><strong>immolabat</strong></span> <span class='ocrx_word' id='word_1_346' title='bbox 1998 2838 2052 2891; x_wconf 90' lang='lat' dir='ltr'><strong>in</strong></span> <span class='ocrx_word' id='word_1_347' title='bbox 2073 2855 2161 2892; x_wconf 76' lang='lat' dir='ltr'><strong>ea:-</strong></span> 
     </span>
    </p>
   </div>
   <div class='ocr_carea' id='block_1_45' title="bbox 555 2928 2165 3004">
    <p class='ocr_par' dir='ltr' id='par_1_45' title="bbox 555 2928 2165 3004">
     <span class='ocr_line' id='line_1_45' title="bbox 555 2928 2165 3004; baseline 0.002 -22"><span class='ocrx_word' id='word_1_348' title='bbox 555 2928 732 2982; x_wconf 82' lang='lat' dir='ltr'><strong>celso:</strong></span> <span class='ocrx_word' id='word_1_349' title='bbox 772 2943 913 2983; x_wconf 69' lang='lat' dir='ltr'><strong>BAIA</strong></span> <span class='ocrx_word' id='word_1_350' title='bbox 951 2929 1298 2999; x_wconf 82' lang='lat' dir='ltr'><strong>singulariter</strong></span> <span class='ocrx_word' id='word_1_351' title='bbox 1321 2971 1336 2999; x_wconf 94' lang='lat'><strong>,</strong></span> <span class='ocrx_word' id='word_1_352' title='bbox 1367 2941 1424 2986; x_wconf 91' lang='lat' dir='ltr'><strong>et</strong></span> <span class='ocrx_word' id='word_1_353' title='bbox 1472 2945 1686 2987; x_wconf 68' lang='lat' dir='ltr'><strong>BAIOTH</strong></span> <span class='ocrx_word' id='word_1_354' title='bbox 1715 2929 1914 3004; x_wconf 68' lang='lat' dir='ltr'><strong>(mu)</strong></span> <span class='ocrx_word' id='word_1_355' title='bbox 1941 2930 2165 3002; x_wconf 87' lang='lat' dir='ltr'><strong>plurali-</strong></span> 
     </span>
    </p>
   </div>
   <div class='ocr_carea' id='block_1_46' title="bbox 558 3024 1191 3095">
    <p class='ocr_par' dir='ltr' id='par_1_46' title="bbox 558 3024 1191 3095">
     <span class='ocr_line' id='line_1_46' title="bbox 558 3024 1191 3095; baseline 0.003 -17"><span class='ocrx_word' id='word_1_356' title='bbox 558 3032 643 3079; x_wconf 89' lang='lat' dir='ltr'><strong>ter</strong></span> <span class='ocrx_word' id='word_1_357' title='bbox 674 3026 876 3078; x_wconf 78' lang='lat' dir='ltr'><strong>eacetsa</strong></span> <span class='ocrx_word' id='word_1_358' title='bbox 897 3024 1191 3095; x_wconf 80' lang='lat' dir='ltr'><strong>signiﬁcat.</strong></span> 
     </span>
    </p>
   </div>
   <div class='ocr_carea' id='block_1_47' title="bbox 629 3117 2163 3190">
    <p class='ocr_par' dir='ltr' id='par_1_47' title="bbox 629 3117 2163 3190">
     <span class='ocr_line' id='line_1_47' title="bbox 629 3117 2163 3190; baseline 0.001 -18"><span class='ocrx_word' id='word_1_359' title='bbox 629 3117 809 3186; x_wconf 84' lang='lat' dir='ltr'><strong>(Vers.</strong></span> <span class='ocrx_word' id='word_1_360' title='bbox 847 3117 940 3183; x_wconf 79' lang='lat'><strong>50,</strong></span> <span class='ocrx_word' id='word_1_361' title='bbox 969 3119 1087 3190; x_wconf 76' lang='lat'><strong>5|.)</strong></span> <span class='ocrx_word' id='word_1_362' title='bbox 1133 3118 1419 3188; x_wconf 68' lang='lat' dir='ltr'><strong>Propterea</strong></span> <span class='ocrx_word' id='word_1_363' title='bbox 1452 3119 1505 3176; x_wconf 91' lang='lat' dir='ltr'><strong>di</strong></span> <span class='ocrx_word' id='word_1_364' title='bbox 1585 3119 1650 3173; x_wconf 74' lang='lat' dir='ltr'><strong>ad</strong></span> <span class='ocrx_word' id='word_1_365' title='bbox 1693 3119 1901 3174; x_wconf 88' lang='lat' dir='ltr'><strong>domum</strong></span> <span class='ocrx_word' id='word_1_366' title='bbox 1940 3117 2111 3175; x_wconf 82' lang='lat' dir='ltr'><strong>Israel</strong></span> <span class='ocrx_word' id='word_1_367' title='bbox 2148 3137 2163 3174; x_wconf 87' lang='lat'><em>:</em></span> 
     </span>
    </p>
   </div>
   <div class='ocr_carea' id='block_1_48' title="bbox 2263 1893 3882 1969">
    <p class='ocr_par' dir='ltr' id='par_1_48' title="bbox 2263 1893 3882 1969">
     <span class='ocr_line' id='line_1_48' title="bbox 2263 1893 3882 1969; baseline 0.002 -22"><span class='ocrx_word' id='word_1_368' title='bbox 2263 1910 2417 1965; x_wconf 83' lang='lat' dir='ltr'><strong>super</strong></span> <span class='ocrx_word' id='word_1_369' title='bbox 2446 1911 2555 1948; x_wconf 79' lang='lat' dir='ltr'><strong>vos.</strong></span> <span class='ocrx_word' id='word_1_370' title='bbox 2590 1893 2699 1950; x_wconf 82' lang='lat' dir='ltr'><strong>Nec</strong></span> <span class='ocrx_word' id='word_1_371' title='bbox 2732 1911 2847 1965; x_wconf 92' lang='lat' dir='ltr'><strong>vos,</strong></span> <span class='ocrx_word' id='word_1_372' title='bbox 2879 1896 2972 1963; x_wconf 85' lang='lat' dir='ltr'><strong>ait,</strong></span> <span class='ocrx_word' id='word_1_373' title='bbox 3001 1898 3180 1968; x_wconf 87' lang='lat' dir='ltr'><strong>patiar</strong></span> <span class='ocrx_word' id='word_1_374' title='bbox 3212 1913 3333 1952; x_wconf 90' lang='lat' dir='ltr'><strong>esse</strong></span> <span class='ocrx_word' id='word_1_375' title='bbox 3366 1898 3420 1952; x_wconf 91' lang='lat' dir='ltr'><strong>iu</strong></span> <span class='ocrx_word' id='word_1_376' title='bbox 3462 1898 3736 1969; x_wconf 86' lang='lat' dir='ltr'><strong>gentibus,</strong></span> <span class='ocrx_word' id='word_1_377' title='bbox 3769 1911 3882 1951; x_wconf 85' lang='lat' dir='ltr'><strong>nec</strong></span> 
     </span>
    </p>
   </div>
   <div class='ocr_carea' id='block_1_49' title="bbox 2264 1989 3879 2062">
    <p class='ocr_par' dir='ltr' id='par_1_49' title="bbox 2264 1989 3879 2062">
     <span class='ocr_line' id='line_1_49' title="bbox 2264 1989 3879 2062; baseline 0.001 -19"><span class='ocrx_word' id='word_1_378' title='bbox 2264 1998 2467 2043; x_wconf 68' lang='lat' dir='ltr'><strong>mterna</strong></span> <span class='ocrx_word' id='word_1_379' title='bbox 2498 1989 2817 2058; x_wconf 82' lang='lat' dir='ltr'><strong>captivitate</strong></span> <span class='ocrx_word' id='word_1_380' title='bbox 2846 1991 3097 2057; x_wconf 87' lang='lat' dir='ltr'><strong>retineri,</strong></span> <span class='ocrx_word' id='word_1_381' title='bbox 3132 1991 3225 2047; x_wconf 90' lang='lat' dir='ltr'><strong>scd</strong></span> <span class='ocrx_word' id='word_1_382' title='bbox 3269 1992 3496 2047; x_wconf 89' lang='lat' dir='ltr'><strong>educam</strong></span> <span class='ocrx_word' id='word_1_383' title='bbox 3529 1992 3596 2046; x_wconf 90' lang='lat' dir='ltr'><strong>de</strong></span> <span class='ocrx_word' id='word_1_384' title='bbox 3626 1989 3879 2062; x_wconf 85' lang='lat' dir='ltr'><strong>populis.</strong></span> 
     </span>
    </p>
   </div>
   <div class='ocr_carea' id='block_1_50' title="bbox 2264 2083 3882 2157">
    <p class='ocr_par' dir='ltr' id='par_1_50' title="bbox 2264 2083 3882 2157">
     <span class='ocr_line' id='line_1_50' title="bbox 2264 2083 3882 2157; baseline 0 -20"><span class='ocrx_word' id='word_1_385' title='bbox 2264 2090 2319 2137; x_wconf 88' lang='lat' dir='ltr'><strong>ct</strong></span> <span class='ocrx_word' id='word_1_386' title='bbox 2350 2083 2697 2153; x_wconf 82' lang='lat' dir='ltr'><strong>congregabo</strong></span> <span class='ocrx_word' id='word_1_387' title='bbox 2747 2084 2813 2139; x_wconf 89' lang='lat' dir='ltr'><strong>de</strong></span> <span class='ocrx_word' id='word_1_388' title='bbox 2853 2086 3018 2139; x_wconf 86' lang='lat' dir='ltr'><strong>terris</strong></span> <span class='ocrx_word' id='word_1_389' title='bbox 3049 2086 3101 2140; x_wconf 91' lang='lat' dir='ltr'><strong>in</strong></span> <span class='ocrx_word' id='word_1_390' title='bbox 3135 2101 3271 2157; x_wconf 80' lang='lat' dir='ltr'><strong>quas</strong></span> <span class='ocrx_word' id='word_1_391' title='bbox 3295 2101 3394 2141; x_wconf 82' lang='lat' dir='ltr'><strong>vos</strong></span> <span class='ocrx_word' id='word_1_392' title='bbox 3423 2086 3488 2139; x_wconf 89' lang='lat' dir='ltr'><strong>ad</strong></span> <span class='ocrx_word' id='word_1_393' title='bbox 3520 2084 3882 2140; x_wconf 88' lang='lat' dir='ltr'><strong>serviendum</strong></span> 
     </span>
    </p>
   </div>
   <div class='ocr_carea' id='block_1_51' title="bbox 2265 2176 3881 2250">
    <p class='ocr_par' dir='ltr' id='par_1_51' title="bbox 2265 2176 3881 2250">
     <span class='ocr_line' id='line_1_51' title="bbox 2265 2176 3881 2250; baseline 0.001 -20"><span class='ocrx_word' id='word_1_394' title='bbox 2265 2176 2478 2232; x_wconf 85' lang='lat' dir='ltr'><strong>hostilis</strong></span> <span class='ocrx_word' id='word_1_395' title='bbox 2508 2178 2808 2233; x_wconf 86' lang='lat' dir='ltr'><strong>necessitas</strong></span> <span class='ocrx_word' id='word_1_396' title='bbox 2830 2178 2935 2233; x_wconf 88' lang='lat' dir='ltr'><strong>huc</strong></span> <span class='ocrx_word' id='word_1_397' title='bbox 2959 2179 3195 2250; x_wconf 84' lang='lat' dir='ltr'><strong>illucque</strong></span> <span class='ocrx_word' id='word_1_398' title='bbox 3215 2180 3493 2249; x_wconf 87' lang='lat' dir='ltr'><strong>dispersit.</strong></span> <span class='ocrx_word' id='word_1_399' title='bbox 3526 2179 3652 2235; x_wconf 37' lang='lat' dir='ltr'><strong>Haec</strong></span> <span class='ocrx_word' id='word_1_400' title='bbox 3683 2190 3881 2232; x_wconf 89' lang='lat' dir='ltr'><strong>autem</strong></span> 
     </span>
    </p>
   </div>
   <div class='ocr_carea' id='block_1_52' title="bbox 2263 2267 3883 2343">
    <p class='ocr_par' dir='ltr' id='par_1_52' title="bbox 2263 2267 3883 2343">
     <span class='ocr_line' id='line_1_52' title="bbox 2263 2267 3883 2343; baseline 0 -20"><span class='ocrx_word' id='word_1_401' title='bbox 2263 2267 2480 2337; x_wconf 74' lang='lat' dir='ltr'><strong>faciam,</strong></span> <span class='ocrx_word' id='word_1_402' title='bbox 2531 2286 2638 2325; x_wconf 92' lang='lat' dir='ltr'><strong>non</strong></span> <span class='ocrx_word' id='word_1_403' title='bbox 2687 2281 2745 2327; x_wconf 89' lang='lat' dir='ltr'><strong>ut</strong></span> <span class='ocrx_word' id='word_1_404' title='bbox 2794 2270 3020 2343; x_wconf 86' lang='lat' dir='ltr'><strong>perdam</strong></span> <span class='ocrx_word' id='word_1_405' title='bbox 3050 2286 3148 2326; x_wconf 84' lang='lat' dir='ltr'><strong>vos</strong></span> <span class='ocrx_word' id='word_1_406' title='bbox 3178 2283 3231 2326; x_wconf 89' lang='lat' dir='ltr'><strong>et</strong></span> <span class='ocrx_word' id='word_1_407' title='bbox 3275 2271 3511 2340; x_wconf 78' lang='lat' dir='ltr'><strong>doleam,</strong></span> <span class='ocrx_word' id='word_1_408' title='bbox 3543 2270 3638 2326; x_wconf 90' lang='lat' dir='ltr'><strong>sed</strong></span> <span class='ocrx_word' id='word_1_409' title='bbox 3687 2280 3742 2324; x_wconf 90' lang='lat' dir='ltr'><strong>ut</strong></span> <span class='ocrx_word' id='word_1_410' title='bbox 3777 2286 3883 2324; x_wconf 81' lang='lat' dir='ltr'><strong>rex</strong></span> 
     </span>
    </p>
   </div>
   <div class='ocr_carea' id='block_1_53' title="bbox 2268 2364 3883 2438">
    <p class='ocr_par' dir='ltr' id='par_1_53' title="bbox 2268 2364 3883 2438">
     <span class='ocr_line' id='line_1_53' title="bbox 2268 2364 3883 2438; baseline 0.001 -21"><span class='ocrx_word' id='word_1_411' title='bbox 2268 2374 2453 2420; x_wconf 80' lang='lat' dir='ltr'><strong>vester</strong></span> <span class='ocrx_word' id='word_1_412' title='bbox 2501 2366 2625 2419; x_wconf 89' lang='lat' dir='ltr'><strong>sim.</strong></span> <span class='ocrx_word' id='word_1_413' title='bbox 2669 2364 2751 2421; x_wconf 78' lang='lat' dir='ltr'><strong>Ex</strong></span> <span class='ocrx_word' id='word_1_414' title='bbox 2796 2382 2902 2437; x_wconf 93' lang='lat' dir='ltr'><strong>quo</strong></span> <span class='ocrx_word' id='word_1_415' title='bbox 2936 2367 3289 2438; x_wconf 90' lang='lat' dir='ltr'><strong>intelligimus</strong></span> <span class='ocrx_word' id='word_1_416' title='bbox 3321 2367 3487 2422; x_wconf 88' lang='lat' dir='ltr'><strong>etiam</strong></span> <span class='ocrx_word' id='word_1_417' title='bbox 3543 2380 3664 2421; x_wconf 82' lang='lat' dir='ltr'><strong>eam</strong></span> <span class='ocrx_word' id='word_1_418' title='bbox 3706 2379 3883 2435; x_wconf 85' lang='lat' dir='ltr'><strong>quam</strong></span> 
     </span>
    </p>
   </div>
   <div class='ocr_carea' id='block_1_54' title="bbox 2264 2458 3885 2528">
    <p class='ocr_par' dir='ltr' id='par_1_54' title="bbox 2264 2458 3885 2528">
     <span class='ocr_line' id='line_1_54' title="bbox 2264 2458 3885 2528; baseline 0.002 -17"><span class='ocrx_word' id='word_1_419' title='bbox 2264 2458 2545 2528; x_wconf 84' lang='lat' dir='ltr'><strong>appellant</strong></span> <span class='ocrx_word' id='word_1_420' title='bbox 2594 2458 2837 2515; x_wconf 65' lang='lat' dir='ltr'><strong>haeretici</strong></span> <span class='ocrx_word' id='word_1_421' title='bbox 2888 2460 3167 2516; x_wconf 89' lang='lat' dir='ltr'><strong>Creatoris</strong></span> <span class='ocrx_word' id='word_1_422' title='bbox 3218 2462 3623 2526; x_wconf 86' lang='lat' dir='ltr'><strong>crudelitatem,</strong></span> <span class='ocrx_word' id='word_1_423' title='bbox 3672 2475 3885 2515; x_wconf 85' lang='lat' dir='ltr'><strong>sonare</strong></span> 
     </span>
    </p>
   </div>
   <div class='ocr_carea' id='block_1_55' title="bbox 2265 2551 3887 2620">
    <p class='ocr_par' dir='ltr' id='par_1_55' title="bbox 2265 2551 3887 2620">
     <span class='ocr_line' id='line_1_55' title="bbox 2265 2551 3887 2620; baseline 0.001 -15"><span class='ocrx_word' id='word_1_424' title='bbox 2265 2551 2611 2605; x_wconf 85' lang='lat' dir='ltr'><strong>clementiam</strong></span> <span class='ocrx_word' id='word_1_425' title='bbox 2659 2569 2671 2604; x_wconf 90' lang='lat'><strong>:</strong></span> <span class='ocrx_word' id='word_1_426' title='bbox 2707 2552 2832 2607; x_wconf 88' lang='lat' dir='ltr'><strong>dum</strong></span> <span class='ocrx_word' id='word_1_427' title='bbox 2869 2551 2935 2608; x_wconf 90' lang='lat' dir='ltr'><strong>ad</strong></span> <span class='ocrx_word' id='word_1_428' title='bbox 2978 2552 3081 2608; x_wconf 89' lang='lat' dir='ltr'><strong>hoc</strong></span> <span class='ocrx_word' id='word_1_429' title='bbox 3124 2554 3399 2620; x_wconf 87' lang='lat' dir='ltr'><strong>irascitur,</strong></span> <span class='ocrx_word' id='word_1_430' title='bbox 3433 2562 3486 2608; x_wconf 90' lang='lat' dir='ltr'><strong>et</strong></span> <span class='ocrx_word' id='word_1_431' title='bbox 3535 2552 3785 2617; x_wconf 73' lang='lat' dir='ltr'><strong>desmvit,</strong></span> <span class='ocrx_word' id='word_1_432' title='bbox 3824 2560 3887 2607; x_wconf 90' lang='lat' dir='ltr'><strong>et</strong></span> 
     </span>
    </p>
   </div>
   <div class='ocr_carea' id='block_1_56' title="bbox 2266 2644 3881 2716">
    <p class='ocr_par' dir='ltr' id='par_1_56' title="bbox 2266 2644 3881 2716">
     <span class='ocr_line' id='line_1_56' title="bbox 2266 2644 3881 2716; baseline 0 -17"><span class='ocrx_word' id='word_1_433' title='bbox 2266 2653 2437 2702; x_wconf 89' lang='lat' dir='ltr'><strong>totum</strong></span> <span class='ocrx_word' id='word_1_434' title='bbox 2489 2645 2719 2700; x_wconf 77' lang='lat' dir='ltr'><strong>etlundit</strong></span> <span class='ocrx_word' id='word_1_435' title='bbox 2749 2644 3010 2709; x_wconf 79' lang='lat' dir='ltr'><strong>furorem,</strong></span> <span class='ocrx_word' id='word_1_436' title='bbox 3044 2656 3102 2701; x_wconf 89' lang='lat' dir='ltr'><strong>ut</strong></span> <span class='ocrx_word' id='word_1_437' title='bbox 3142 2645 3388 2701; x_wconf 87' lang='lat' dir='ltr'><strong>retrahat</strong></span> <span class='ocrx_word' id='word_1_438' title='bbox 3415 2662 3511 2702; x_wconf 91' lang='lat' dir='ltr'><strong>eos</strong></span> <span class='ocrx_word' id='word_1_439' title='bbox 3544 2646 3608 2700; x_wconf 90' lang='lat' dir='ltr'><strong>ad</strong></span> <span class='ocrx_word' id='word_1_440' title='bbox 3642 2659 3881 2716; x_wconf 82' lang='lat' dir='ltr'><strong>regnum</strong></span> 
     </span>
    </p>
   </div>
   <div class='ocr_carea' id='block_1_57' title="bbox 2266 2737 3884 2810">
    <p class='ocr_par' dir='ltr' id='par_1_57' title="bbox 2266 2737 3884 2810">
     <span class='ocr_line' id='line_1_57' title="bbox 2266 2737 3884 2810; baseline 0.001 -19"><span class='ocrx_word' id='word_1_441' title='bbox 2266 2739 2553 2809; x_wconf 87' lang='lat' dir='ltr'><strong>suum,qui</strong></span> <span class='ocrx_word' id='word_1_442' title='bbox 2577 2737 2886 2794; x_wconf 69' lang='lat' dir='ltr'><strong>daemonum</strong></span> <span class='ocrx_word' id='word_1_443' title='bbox 2917 2739 3268 2810; x_wconf 86' lang='lat' dir='ltr'><strong>tyrannidem</strong></span> <span class='ocrx_word' id='word_1_444' title='bbox 3298 2738 3364 2793; x_wconf 88' lang='lat' dir='ltr'><strong>ad</strong></span> <span class='ocrx_word' id='word_1_445' title='bbox 3382 2738 3732 2794; x_wconf 88' lang='lat' dir='ltr'><strong>serviendum</strong></span> <span class='ocrx_word' id='word_1_446' title='bbox 3759 2737 3884 2793; x_wconf 89' lang='lat' dir='ltr'><strong>ele-</strong></span> 
     </span>
    </p>
   </div>
   <div class='ocr_carea' id='block_1_58' title="bbox 2264 2841 2480 2904">
    <p class='ocr_par' dir='ltr' id='par_1_58' title="bbox 2264 2841 2480 2904">
     <span class='ocr_line' id='line_1_58' title="bbox 2264 2841 2480 2904; baseline -0.005 -17"><span class='ocrx_word' id='word_1_447' title='bbox 2264 2841 2480 2904; x_wconf 81' lang='lat' dir='ltr'><strong>gemat.</strong></span> 
     </span>
    </p>
   </div>
   <div class='ocr_carea' id='block_1_59' title="bbox 2340 2926 3882 3000">
    <p class='ocr_par' dir='ltr' id='par_1_59' title="bbox 2340 2926 3882 3000">
     <span class='ocr_line' id='line_1_59' title="bbox 2340 2926 3882 3000; baseline -0.004 -15"><span class='ocrx_word' id='word_1_448' title='bbox 2340 2929 2522 3000; x_wconf 85' lang='lat' dir='ltr'><strong>(Vers.</strong></span> <span class='ocrx_word' id='word_1_449' title='bbox 2562 2928 2655 2995; x_wconf 70' lang='lat'><strong>53,</strong></span> <span class='ocrx_word' id='word_1_450' title='bbox 2690 2929 2777 2994; x_wconf 73' lang='lat'><strong>36,</strong></span> <span class='ocrx_word' id='word_1_451' title='bbox 2813 2926 2959 3000; x_wconf 79' lang='lat' dir='ltr'><strong>seq.)</strong></span> <span class='ocrx_word' id='word_1_452' title='bbox 2995 2928 3071 2984; x_wconf 84' lang='lat' dir='ltr'><strong>Et.</strong></span> <span class='ocrx_word' id='word_1_453' title='bbox 3101 2928 3359 2984; x_wconf 82' lang='lat' dir='ltr'><strong>adducam</strong></span> <span class='ocrx_word' id='word_1_454' title='bbox 3399 2944 3487 2982; x_wconf 77' lang='lat' dir='ltr'><strong>ros</strong></span> <span class='ocrx_word' id='word_1_455' title='bbox 3530 2928 3584 2981; x_wconf 90' lang='lat' dir='ltr'><strong>in</strong></span> <span class='ocrx_word' id='word_1_456' title='bbox 3613 2926 3882 2981; x_wconf 76' lang='lat' dir='ltr'><strong>desertum</strong></span> 
     </span>
    </p>
   </div>
   <div class='ocr_carea' id='block_1_60' title="bbox 2268 3022 3876 3094">
    <p class='ocr_par' dir='ltr' id='par_1_60' title="bbox 2268 3022 3876 3094">
     <span class='ocr_line' id='line_1_60' title="bbox 2268 3022 3876 3094; baseline -0.001 -18"><span class='ocrx_word' id='word_1_457' title='bbox 2268 3025 2599 3094; x_wconf 85' lang='lat' dir='ltr'><strong>populorum,</strong></span> <span class='ocrx_word' id='word_1_458' title='bbox 2633 3032 2684 3078; x_wconf 91' lang='lat' dir='ltr'><strong>et</strong></span> <span class='ocrx_word' id='word_1_459' title='bbox 2715 3023 2984 3089; x_wconf 81' lang='lat' dir='ltr'><strong>iudicabor</strong></span> <span class='ocrx_word' id='word_1_460' title='bbox 3013 3025 3271 3078; x_wconf 83' lang='lat' dir='ltr'><strong>robiscum</strong></span> <span class='ocrx_word' id='word_1_461' title='bbox 3298 3023 3371 3078; x_wconf 86' lang='lat' dir='ltr'><strong>ibi</strong></span> <span class='ocrx_word' id='word_1_462' title='bbox 3400 3024 3536 3094; x_wconf 77' lang='lat' dir='ltr'><strong>[acie</strong></span> <span class='ocrx_word' id='word_1_463' title='bbox 3561 3023 3629 3075; x_wconf 82' lang='lat' dir='ltr'><strong>ad</strong></span> <span class='ocrx_word' id='word_1_464' title='bbox 3658 3022 3876 3091; x_wconf 75' lang='lat' dir='ltr'><strong>facient.</strong></span> 
     </span>
    </p>
   </div>
   <div class='ocr_carea' id='block_1_61' title="bbox 2270 3115 3882 3191">
    <p class='ocr_par' dir='ltr' id='par_1_61' title="bbox 2270 3115 3882 3191">
     <span class='ocr_line' id='line_1_61' title="bbox 2270 3115 3882 3191; baseline -0.001 -20"><span class='ocrx_word' id='word_1_465' title='bbox 2270 3118 2420 3171; x_wconf 84' lang='lat' dir='ltr'><strong>Sicut</strong></span> <span class='ocrx_word' id='word_1_466' title='bbox 2457 3117 2659 3190; x_wconf 87' lang='lat' dir='ltr'><strong>judicio</strong></span> <span class='ocrx_word' id='word_1_467' title='bbox 2702 3116 2944 3172; x_wconf 79' lang='lat' dir='ltr'><strong>contendi</strong></span> <span class='ocrx_word' id='word_1_468' title='bbox 2974 3118 3218 3172; x_wconf 69' lang='lat' dir='ltr'><strong>adversus</strong></span> <span class='ocrx_word' id='word_1_469' title='bbox 3248 3127 3419 3190; x_wconf 79' lang='lat' dir='ltr'><strong>patres</strong></span> <span class='ocrx_word' id='word_1_470' title='bbox 3447 3115 3475 3155; x_wconf 70' lang='grc' dir='ltr'>δ</span> <span class='ocrx_word' id='word_1_471' title='bbox 3508 3116 3670 3191; x_wconf 73' lang='lat'><strong>2‘36</strong></span> <span class='ocrx_word' id='word_1_472' title='bbox 3698 3117 3749 3170; x_wconf 88' lang='lat' dir='ltr'><strong>in</strong></span> <span class='ocrx_word' id='word_1_473' title='bbox 3784 3116 3882 3169; x_wconf 85' lang='lat' dir='ltr'><strong>de-</strong></span> 
     </span>
    </p>
   </div>
   <div class='ocr_carea' id='block_1_62' title="bbox 559 3208 3875 3286">
    <p class='ocr_par' dir='ltr' id='par_1_62' title="bbox 559 3208 3875 3286">
     <span class='ocr_line' id='line_1_62' title="bbox 559 3208 3875 3286; baseline -0.001 -22"><span class='ocrx_word' id='word_1_474' title='bbox 559 3210 688 3265; x_wconf 64' lang='lat' dir='ltr'><strong>llaec</strong></span> <span class='ocrx_word' id='word_1_475' title='bbox 721 3208 850 3265; x_wconf 84' lang='lat' dir='ltr'><strong>dicit</strong></span> <span class='ocrx_word' id='word_1_476' title='bbox 892 3211 1149 3266; x_wconf 85' lang='lat' dir='ltr'><strong>Dominus</strong></span> <span class='ocrx_word' id='word_1_477' title='bbox 1180 3212 1318 3267; x_wconf 83' lang='lat' dir='ltr'><strong>Deus</strong></span> <span class='ocrx_word' id='word_1_478' title='bbox 1349 3212 1533 3284; x_wconf 89' lang='lat' dir='ltr'><strong>[Vulg.</strong></span> <span class='ocrx_word' id='word_1_479' title='bbox 1561 3214 1832 3286; x_wconf 63' lang='lat' dir='ltr'><strong>prmponit</strong></span> <span class='ocrx_word' id='word_1_480' title='bbox 1860 3211 2060 3285; x_wconf 82' lang='lat' dir='ltr'><strong>Certe]:</strong></span> <span class='ocrx_word' id='word_1_481' title='bbox 2095 3212 2160 3267; x_wconf 80' lang='lat' dir='ltr'><strong>In</strong></span> <span class='ocrx_word' id='word_1_482' title='bbox 2187 3208 2231 3271; x_wconf 91' lang='lat' dir='ltr'>C</span> <span class='ocrx_word' id='word_1_483' title='bbox 2266 3220 2401 3265; x_wconf 83' lang='lat' dir='ltr'><strong>serto</strong></span> <span class='ocrx_word' id='word_1_484' title='bbox 2430 3220 2578 3264; x_wconf 74' lang='lat' dir='ltr'><strong>terra:</strong></span> <span class='ocrx_word' id='word_1_485' title='bbox 2602 3210 2843 3283; x_wconf 51' lang='lat' dir='ltr'><strong>igypti,</strong></span> <span class='ocrx_word' id='word_1_486' title='bbox 2886 3212 2959 3265; x_wconf 86' lang='lat' dir='ltr'><strong>sic</strong></span> <span class='ocrx_word' id='word_1_487' title='bbox 2992 3211 3246 3284; x_wconf 81' lang='lat' dir='ltr'><strong>jadicnbo</strong></span> <span class='ocrx_word' id='word_1_488' title='bbox 3276 3228 3381 3280; x_wconf 84' lang='lat' dir='ltr'><strong>ros,</strong></span> <span class='ocrx_word' id='word_1_489' title='bbox 3422 3212 3543 3264; x_wconf 83' lang='lat' dir='ltr'><strong>dicit</strong></span> <span class='ocrx_word' id='word_1_490' title='bbox 3588 3210 3875 3264; x_wconf 78' lang='lat' dir='ltr'><strong>Dominus.</strong></span> 
     </span>
    </p>
   </div>
   <div class='ocr_carea' id='block_1_63' title="bbox 552 3306 2164 3378">
    <p class='ocr_par' dir='ltr' id='par_1_63' title="bbox 552 3306 2164 3378">
     <span class='ocr_line' id='line_1_63' title="bbox 552 3306 2164 3378; baseline 0.003 -22"><span class='ocrx_word' id='word_1_491' title='bbox 552 3306 638 3357; x_wconf 72' lang='lat' dir='ltr'><strong>via</strong></span> <span class='ocrx_word' id='word_1_492' title='bbox 664 3315 871 3376; x_wconf 81' lang='lat' dir='ltr'><strong>patrum</strong></span> <span class='ocrx_word' id='word_1_493' title='bbox 900 3317 1186 3361; x_wconf 83' lang='lat' dir='ltr'><strong>vestrorum</strong></span> <span class='ocrx_word' id='word_1_494' title='bbox 1234 3324 1321 3361; x_wconf 77' lang='lat' dir='ltr'><strong>vos</strong></span> <span class='ocrx_word' id='word_1_495' title='bbox 1351 3306 1673 3378; x_wconf 86' lang='lat' dir='ltr'><strong>polluimini,</strong></span> <span class='ocrx_word' id='word_1_496' title='bbox 1704 3317 1753 3361; x_wconf 92' lang='lat' dir='ltr'><strong>et</strong></span> <span class='ocrx_word' id='word_1_497' title='bbox 1786 3318 1899 3377; x_wconf 85' lang='lat' dir='ltr'><strong>post</strong></span> <span class='ocrx_word' id='word_1_498' title='bbox 1942 3307 2164 3374; x_wconf 69' lang='lat' dir='ltr'><strong>offendi-</strong></span> 
     </span>
    </p>
   </div>
   <div class='ocr_carea' id='block_1_64' title="bbox 556 3397 2163 3469">
    <p class='ocr_par' dir='ltr' id='par_1_64' title="bbox 556 3397 2163 3469">
     <span class='ocr_line' id='line_1_64' title="bbox 556 3397 2163 3469; baseline 0.003 -20"><span class='ocrx_word' id='word_1_499' title='bbox 556 3397 673 3450; x_wconf 72' lang='lat' dir='ltr'><strong>cula</strong></span> <span class='ocrx_word' id='word_1_500' title='bbox 699 3414 878 3451; x_wconf 80' lang='lat' dir='ltr'><strong>eorum</strong></span> <span class='ocrx_word' id='word_1_501' title='bbox 904 3414 992 3453; x_wconf 74' lang='lat' dir='ltr'><strong>vos</strong></span> <span class='ocrx_word' id='word_1_502' title='bbox 1032 3400 1390 3469; x_wconf 80' lang='lat' dir='ltr'><strong>fornicamini.</strong></span> <span class='ocrx_word' id='word_1_503' title='bbox 1427 3399 1493 3453; x_wconf 84' lang='lat' dir='ltr'><strong>Et</strong></span> <span class='ocrx_word' id='word_1_504' title='bbox 1524 3401 1578 3453; x_wconf 89' lang='lat' dir='ltr'><strong>in</strong></span> <span class='ocrx_word' id='word_1_505' title='bbox 1609 3401 1870 3454; x_wconf 86' lang='lat' dir='ltr'><strong>oblatione</strong></span> <span class='ocrx_word' id='word_1_506' title='bbox 1907 3402 2163 3454; x_wconf 88' lang='lat' dir='ltr'><strong>donorum</strong></span> 
     </span>
    </p>
   </div>
   <div class='ocr_carea' id='block_1_65' title="bbox 556 3491 2162 3565">
    <p class='ocr_par' dir='ltr' id='par_1_65' title="bbox 556 3491 2162 3565">
     <span class='ocr_line' id='line_1_65' title="bbox 556 3491 2162 3565; baseline 0.002 -21"><span class='ocrx_word' id='word_1_507' title='bbox 556 3501 864 3557; x_wconf 70' lang='lat' dir='ltr'><strong>vestrorum,</strong></span> <span class='ocrx_word' id='word_1_508' title='bbox 894 3507 1011 3545; x_wconf 86' lang='lat' dir='ltr'><strong>cum</strong></span> <span class='ocrx_word' id='word_1_509' title='bbox 1041 3491 1312 3546; x_wconf 70' lang='lat' dir='ltr'><strong>(reducitis</strong></span> <span class='ocrx_word' id='word_1_510' title='bbox 1344 3493 1482 3562; x_wconf 85' lang='lat' dir='ltr'><strong>ﬁlios</strong></span> <span class='ocrx_word' id='word_1_511' title='bbox 1523 3505 1718 3547; x_wconf 69' lang='lat' dir='ltr'><strong>vestros</strong></span> <span class='ocrx_word' id='word_1_512' title='bbox 1742 3510 1832 3563; x_wconf 81' lang='lat' dir='ltr'><strong>per</strong></span> <span class='ocrx_word' id='word_1_513' title='bbox 1853 3495 2040 3565; x_wconf 78' lang='lat' dir='ltr'><strong>ignem,</strong></span> <span class='ocrx_word' id='word_1_514' title='bbox 2074 3511 2162 3549; x_wconf 81' lang='lat' dir='ltr'><strong>vos</strong></span> 
     </span>
    </p>
   </div>
   <div class='ocr_carea' id='block_1_66' title="bbox 558 3585 2160 3662">
    <p class='ocr_par' dir='ltr' id='par_1_66' title="bbox 558 3585 2160 3662">
     <span class='ocr_line' id='line_1_66' title="bbox 558 3585 2160 3662; baseline 0.004 -25"><span class='ocrx_word' id='word_1_515' title='bbox 558 3585 853 3656; x_wconf 80' lang='lat' dir='ltr'><strong>polluimini</strong></span> <span class='ocrx_word' id='word_1_516' title='bbox 875 3603 927 3638; x_wconf 81' lang='lat' dir='ltr'><strong>in</strong></span> <span class='ocrx_word' id='word_1_517' title='bbox 957 3586 1192 3641; x_wconf 86' lang='lat' dir='ltr'><strong>omnibus</strong></span> <span class='ocrx_word' id='word_1_518' title='bbox 1217 3588 1375 3641; x_wconf 86' lang='lat' dir='ltr'><strong>idolis</strong></span> <span class='ocrx_word' id='word_1_519' title='bbox 1396 3589 1575 3642; x_wconf 75' lang='lat' dir='ltr'><strong>vestris</strong></span> <span class='ocrx_word' id='word_1_520' title='bbox 1598 3605 1756 3660; x_wconf 83' lang='lat' dir='ltr'><strong>usque</strong></span> <span class='ocrx_word' id='word_1_521' title='bbox 1785 3588 1958 3655; x_wconf 81' lang='lat' dir='ltr'><strong>hodie,</strong></span> <span class='ocrx_word' id='word_1_522' title='bbox 1990 3598 2037 3644; x_wconf 91' lang='lat' dir='ltr'><strong>et</strong></span> <span class='ocrx_word' id='word_1_523' title='bbox 2067 3607 2160 3662; x_wconf 83' lang='lat' dir='ltr'><strong>ego</strong></span> 
     </span>
    </p>
   </div>
   <div class='ocr_carea' id='block_1_67' title="bbox 548 3678 2161 3754">
    <p class='ocr_par' dir='ltr' id='par_1_67' title="bbox 548 3678 2161 3754">
     <span class='ocr_line' id='line_1_67' title="bbox 548 3678 2161 3754; baseline 0.002 -21"><span class='ocrx_word' id='word_1_524' title='bbox 548 3678 873 3749; x_wconf 82' lang='lat' dir='ltr'><strong>respondebo</strong></span> <span class='ocrx_word' id='word_1_525' title='bbox 894 3680 1032 3733; x_wconf 82' lang='lat' dir='ltr'><strong>vobis</strong></span> <span class='ocrx_word' id='word_1_526' title='bbox 1054 3722 1067 3743; x_wconf 94' lang='lat'><strong>,</strong></span> <span class='ocrx_word' id='word_1_527' title='bbox 1084 3680 1269 3734; x_wconf 87' lang='lat' dir='ltr'><strong>domus</strong></span> <span class='ocrx_word' id='word_1_528' title='bbox 1297 3678 1506 3735; x_wconf 77' lang='lat' dir='ltr'><strong>Israel?</strong></span> <span class='ocrx_word' id='word_1_529' title='bbox 1534 3681 1657 3735; x_wconf 80' lang='lat' dir='ltr'><strong>Vivo</strong></span> <span class='ocrx_word' id='word_1_530' title='bbox 1675 3699 1766 3754; x_wconf 85' lang='lat' dir='ltr'><strong>ego</strong></span> <span class='ocrx_word' id='word_1_531' title='bbox 1789 3726 1801 3749; x_wconf 90' lang='lat'><strong>,</strong></span> <span class='ocrx_word' id='word_1_532' title='bbox 1835 3682 1956 3736; x_wconf 83' lang='lat' dir='ltr'><strong>dicit</strong></span> <span class='ocrx_word' id='word_1_533' title='bbox 1984 3681 2161 3737; x_wconf 88' lang='lat' dir='ltr'><strong>Domi-</strong></span> 
     </span>
    </p>
   </div>
   <div class='ocr_carea' id='block_1_68' title="bbox 554 3771 2159 3843">
    <p class='ocr_par' dir='ltr' id='par_1_68' title="bbox 554 3771 2159 3843">
     <span class='ocr_line' id='line_1_68' title="bbox 554 3771 2159 3843; baseline 0.001 -16"><span class='ocrx_word' id='word_1_534' title='bbox 554 3789 654 3827; x_wconf 88' lang='lat' dir='ltr'><strong>nus</strong></span> <span class='ocrx_word' id='word_1_535' title='bbox 672 3771 834 3838; x_wconf 83' lang='lat' dir='ltr'><strong>Deus,</strong></span> <span class='ocrx_word' id='word_1_536' title='bbox 861 3774 982 3842; x_wconf 87' lang='lat' dir='ltr'><strong>quia</strong></span> <span class='ocrx_word' id='word_1_537' title='bbox 1010 3791 1110 3827; x_wconf 87' lang='lat' dir='ltr'><strong>non</strong></span> <span class='ocrx_word' id='word_1_538' title='bbox 1142 3775 1463 3843; x_wconf 85' lang='lat' dir='ltr'><strong>respondebo</strong></span> <span class='ocrx_word' id='word_1_539' title='bbox 1501 3773 1659 3829; x_wconf 76' lang='lat' dir='ltr'><strong>vobis.</strong></span> <span class='ocrx_word' id='word_1_540' title='bbox 1696 3775 1915 3830; x_wconf 88' lang='lat' dir='ltr'><strong>Patrum</strong></span> <span class='ocrx_word' id='word_1_541' title='bbox 1950 3786 2159 3831; x_wconf 80' lang='lat' dir='ltr'><strong>vestro-</strong></span> 
     </span>
    </p>
   </div>
   <div class='ocr_carea' id='block_1_69' title="bbox 554 3865 2161 3937">
    <p class='ocr_par' dir='ltr' id='par_1_69' title="bbox 554 3865 2161 3937">
     <span class='ocr_line' id='line_1_69' title="bbox 554 3865 2161 3937; baseline 0.003 -18"><span class='ocrx_word' id='word_1_542' title='bbox 554 3880 675 3919; x_wconf 88' lang='lat' dir='ltr'><strong>rum</strong></span> <span class='ocrx_word' id='word_1_543' title='bbox 698 3865 988 3920; x_wconf 86' lang='lat' dir='ltr'><strong>imitamini</strong></span> <span class='ocrx_word' id='word_1_544' title='bbox 1016 3868 1171 3933; x_wconf 85' lang='lat' dir='ltr'><strong>vitia,</strong></span> <span class='ocrx_word' id='word_1_545' title='bbox 1197 3879 1246 3920; x_wconf 90' lang='lat' dir='ltr'><strong>et</strong></span> <span class='ocrx_word' id='word_1_546' title='bbox 1272 3882 1373 3937; x_wconf 88' lang='lat' dir='ltr'><strong>per</strong></span> <span class='ocrx_word' id='word_1_547' title='bbox 1402 3867 1620 3922; x_wconf 52' lang='lat' dir='ltr'><strong>caulem</strong></span> <span class='ocrx_word' id='word_1_548' title='bbox 1651 3868 1904 3923; x_wconf 89' lang='lat' dir='ltr'><strong>inceditis</strong></span> <span class='ocrx_word' id='word_1_549' title='bbox 1927 3868 2067 3935; x_wconf 90' lang='lat' dir='ltr'><strong>vias,</strong></span> <span class='ocrx_word' id='word_1_550' title='bbox 2102 3878 2161 3924; x_wconf 90' lang='lat' dir='ltr'><strong>ut</strong></span> 
     </span>
    </p>
   </div>
   <div class='ocr_carea' id='block_1_70' title="bbox 552 3957 2156 4031">
    <p class='ocr_par' dir='ltr' id='par_1_70' title="bbox 552 3957 2156 4031">
     <span class='ocr_line' id='line_1_70' title="bbox 552 3957 2156 4031; baseline 0.002 -18"><span class='ocrx_word' id='word_1_551' title='bbox 552 3957 749 4013; x_wconf 89' lang='lat' dir='ltr'><strong>delicta</strong></span> <span class='ocrx_word' id='word_1_552' title='bbox 781 3958 982 4013; x_wconf 91' lang='lat' dir='ltr'><strong>similia</strong></span> <span class='ocrx_word' id='word_1_553' title='bbox 1011 3960 1244 4014; x_wconf 86' lang='lat' dir='ltr'><strong>similem</strong></span> <span class='ocrx_word' id='word_1_554' title='bbox 1296 3971 1612 4017; x_wconf 71' lang='lat' dir='ltr'><strong>tur-reantur</strong></span> <span class='ocrx_word' id='word_1_555' title='bbox 1648 3970 1705 4016; x_wconf 89' lang='lat' dir='ltr'><strong>et</strong></span> <span class='ocrx_word' id='word_1_556' title='bbox 1736 3977 1973 4031; x_wconf 60' lang='lat' dir='ltr'><strong>poenam,</strong></span> <span class='ocrx_word' id='word_1_557' title='bbox 2023 3972 2076 4017; x_wconf 90' lang='lat' dir='ltr'><strong>et</strong></span> <span class='ocrx_word' id='word_1_558' title='bbox 2104 3963 2156 4017; x_wconf 91' lang='lat' dir='ltr'><strong>in</strong></span> 
     </span>
    </p>
   </div>
   <div class='ocr_carea' id='block_1_71' title="bbox 552 4051 2155 4127">
    <p class='ocr_par' dir='ltr' id='par_1_71' title="bbox 552 4051 2155 4127">
     <span class='ocr_line' id='line_1_71' title="bbox 552 4051 2155 4127; baseline 0.003 -20"><span class='ocrx_word' id='word_1_559' title='bbox 552 4061 764 4107; x_wconf 84' lang='lat' dir='ltr'><strong>tantum</strong></span> <span class='ocrx_word' id='word_1_560' title='bbox 787 4053 967 4107; x_wconf 88' lang='lat' dir='ltr'><strong>scelus</strong></span> <span class='ocrx_word' id='word_1_561' title='bbox 995 4051 1325 4122; x_wconf 80' lang='lat' dir='ltr'><strong>profecistis,</strong></span> <span class='ocrx_word' id='word_1_562' title='bbox 1356 4064 1413 4108; x_wconf 91' lang='lat' dir='ltr'><strong>ut</strong></span> <span class='ocrx_word' id='word_1_563' title='bbox 1440 4054 1583 4109; x_wconf 81' lang='lat' dir='ltr'><strong>tilios</strong></span> <span class='ocrx_word' id='word_1_564' title='bbox 1614 4067 1822 4110; x_wconf 84' lang='lat' dir='ltr'><strong>vestros</strong></span> <span class='ocrx_word' id='word_1_565' title='bbox 1852 4072 1946 4127; x_wconf 89' lang='lat' dir='ltr'><strong>per</strong></span> <span class='ocrx_word' id='word_1_566' title='bbox 1975 4058 2155 4127; x_wconf 84' lang='lat' dir='ltr'><strong>ignem</strong></span> 
     </span>
    </p>
   </div>
   <div class='ocr_carea' id='block_1_72' title="bbox 553 4146 2158 4207">
    <p class='ocr_par' dir='ltr' id='par_1_72' title="bbox 553 4146 2158 4207">
     <span class='ocr_line' id='line_1_72' title="bbox 553 4146 2158 4207; baseline 0.002 -6"><span class='ocrx_word' id='word_1_567' title='bbox 553 4146 899 4201; x_wconf 78' lang='lat' dir='ltr'><strong>dthonibtts</strong></span> <span class='ocrx_word' id='word_1_568' title='bbox 925 4148 1305 4204; x_wconf 80' lang='lat' dir='ltr'><strong>consecratis:</strong></span> <span class='ocrx_word' id='word_1_569' title='bbox 1339 4164 1439 4205; x_wconf 86' lang='lat' dir='ltr'><strong>nec</strong></span> <span class='ocrx_word' id='word_1_570' title='bbox 1468 4152 1640 4205; x_wconf 91' lang='lat' dir='ltr'><strong>semel</strong></span> <span class='ocrx_word' id='word_1_571' title='bbox 1677 4150 1778 4205; x_wconf 91' lang='lat' dir='ltr'><strong>hoc</strong></span> <span class='ocrx_word' id='word_1_572' title='bbox 1807 4153 2002 4207; x_wconf 79' lang='lat' dir='ltr'><strong>iecisse</strong></span> <span class='ocrx_word' id='word_1_573' title='bbox 2045 4152 2158 4207; x_wconf 84' lang='lat' dir='ltr'><strong>suf-</strong></span> 
     </span>
    </p>
   </div>
   <div class='ocr_carea' id='block_1_73' title="bbox 551 4240 2158 4316">
    <p class='ocr_par' dir='ltr' id='par_1_73' title="bbox 551 4240 2158 4316">
     <span class='ocr_line' id='line_1_73' title="bbox 551 4240 2158 4316; baseline 0.002 -21"><span class='ocrx_word' id='word_1_574' title='bbox 551 4240 715 4308; x_wconf 82' lang='lat' dir='ltr'><strong>ﬁciat,</strong></span> <span class='ocrx_word' id='word_1_575' title='bbox 747 4240 841 4296; x_wconf 88' lang='lat' dir='ltr'><strong>sed</strong></span> <span class='ocrx_word' id='word_1_576' title='bbox 890 4256 1061 4309; x_wconf 79' lang='lat' dir='ltr'><strong>uSque</strong></span> <span class='ocrx_word' id='word_1_577' title='bbox 1095 4243 1144 4297; x_wconf 94' lang='lat' dir='ltr'><strong>in</strong></span> <span class='ocrx_word' id='word_1_578' title='bbox 1181 4242 1598 4312; x_wconf 77' lang='lat' dir='ltr'><strong>praesentiarum</strong></span> <span class='ocrx_word' id='word_1_579' title='bbox 1630 4243 1791 4315; x_wconf 76' lang='lat'><strong>235</strong></span> <span class='ocrx_word' id='word_1_580' title='bbox 1841 4245 2015 4316; x_wconf 85' lang='lat' dir='ltr'><strong>agatis</strong></span> <span class='ocrx_word' id='word_1_581' title='bbox 2066 4261 2158 4300; x_wconf 82' lang='lat' dir='ltr'><strong>ea-</strong></span> 
     </span>
    </p>
   </div>
   <div class='ocr_carea' id='block_1_74' title="bbox 544 4335 2151 4409">
    <p class='ocr_par' dir='ltr' id='par_1_74' title="bbox 544 4335 2151 4409">
     <span class='ocr_line' id='line_1_74' title="bbox 544 4335 2151 4409; baseline 0.002 -18"><span class='ocrx_word' id='word_1_582' title='bbox 544 4335 693 4391; x_wconf 78' lang='lat' dir='ltr'><strong>dem.</strong></span> <span class='ocrx_word' id='word_1_583' title='bbox 724 4335 841 4390; x_wconf 83' lang='lat' dir='ltr'><strong>Non</strong></span> <span class='ocrx_word' id='word_1_584' title='bbox 874 4336 1018 4406; x_wconf 87' lang='lat' dir='ltr'><strong>quod</strong></span> <span class='ocrx_word' id='word_1_585' title='bbox 1048 4340 1162 4391; x_wconf 69' lang='lat' dir='ltr'><strong>haec</strong></span> <span class='ocrx_word' id='word_1_586' title='bbox 1192 4338 1440 4393; x_wconf 87' lang='lat' dir='ltr'><strong>seniores</strong></span> <span class='ocrx_word' id='word_1_587' title='bbox 1470 4339 1522 4391; x_wconf 90' lang='lat' dir='ltr'><strong>in</strong></span> <span class='ocrx_word' id='word_1_588' title='bbox 1552 4339 1875 4409; x_wconf 78' lang='lat' dir='ltr'><strong>captivitate</strong></span> <span class='ocrx_word' id='word_1_589' title='bbox 1922 4339 2151 4407; x_wconf 77' lang='lat' dir='ltr'><strong>faciant,</strong></span> 
     </span>
    </p>
   </div>
   <div class='ocr_carea' id='block_1_75' title="bbox 542 4430 2153 4505">
    <p class='ocr_par' dir='ltr' id='par_1_75' title="bbox 542 4430 2153 4505">
     <span class='ocr_line' id='line_1_75' title="bbox 542 4430 2153 4505; baseline 0.005 -21"><span class='ocrx_word' id='word_1_590' title='bbox 542 4430 637 4485; x_wconf 90' lang='lat' dir='ltr'><strong>sed</strong></span> <span class='ocrx_word' id='word_1_591' title='bbox 673 4430 818 4502; x_wconf 89' lang='lat' dir='ltr'><strong>quod</strong></span> <span class='ocrx_word' id='word_1_592' title='bbox 849 4430 930 4485; x_wconf 86' lang='lat' dir='ltr'><strong>illi</strong></span> <span class='ocrx_word' id='word_1_593' title='bbox 955 4433 1043 4501; x_wconf 91' lang='lat' dir='ltr'><strong>qui</strong></span> <span class='ocrx_word' id='word_1_594' title='bbox 1068 4431 1428 4505; x_wconf 78' lang='lat' dir='ltr'><strong>Jerosolymis</strong></span> <span class='ocrx_word' id='word_1_595' title='bbox 1454 4433 1833 4501; x_wconf 86' lang='lat' dir='ltr'><strong>morabantur,</strong></span> <span class='ocrx_word' id='word_1_596' title='bbox 1869 4442 1924 4490; x_wconf 89' lang='lat' dir='ltr'><strong>et</strong></span> <span class='ocrx_word' id='word_1_597' title='bbox 1952 4434 2153 4505; x_wconf 80' lang='lat' dir='ltr'><strong>quibus</strong></span> 
     </span>
    </p>
   </div>
   <div class='ocr_carea' id='block_1_76' title="bbox 549 4523 2153 4594">
    <p class='ocr_par' dir='ltr' id='par_1_76' title="bbox 549 4523 2153 4594">
     <span class='ocr_line' id='line_1_76' title="bbox 549 4523 2153 4594; baseline 0.003 -16"><span class='ocrx_word' id='word_1_598' title='bbox 549 4523 843 4594; x_wconf 87' lang='lat' dir='ltr'><strong>captivitas</strong></span> <span class='ocrx_word' id='word_1_599' title='bbox 872 4524 1218 4589; x_wconf 85' lang='lat' dir='ltr'><strong>imminebat,</strong></span> <span class='ocrx_word' id='word_1_600' title='bbox 1268 4524 1389 4580; x_wconf 67' lang='lat' dir='ltr'><strong>huic</strong></span> <span class='ocrx_word' id='word_1_601' title='bbox 1419 4526 1603 4581; x_wconf 72' lang='lat' dir='ltr'><strong>omnia</strong></span> <span class='ocrx_word' id='word_1_602' title='bbox 1652 4525 1839 4583; x_wconf 75' lang='lat' dir='ltr'><strong>facere</strong></span> <span class='ocrx_word' id='word_1_603' title='bbox 1881 4542 1989 4582; x_wconf 85' lang='lat' dir='ltr'><strong>non</strong></span> <span class='ocrx_word' id='word_1_604' title='bbox 2023 4542 2153 4583; x_wconf 85' lang='lat' dir='ltr'><strong>ces-</strong></span> 
     </span>
    </p>
   </div>
   <div class='ocr_carea' id='block_1_77' title="bbox 2268 3302 3881 3374">
    <p class='ocr_par' dir='ltr' id='par_1_77' title="bbox 2268 3302 3881 3374">
     <span class='ocr_line' id='line_1_77' title="bbox 2268 3302 3881 3374; baseline -0.001 -17"><span class='ocrx_word' id='word_1_605' title='bbox 2268 3302 2337 3357; x_wconf 85' lang='lat' dir='ltr'><strong>Et</strong></span> <span class='ocrx_word' id='word_1_606' title='bbox 2382 3304 2657 3374; x_wconf 79' lang='lat' dir='ltr'><strong>subjiciam</strong></span> <span class='ocrx_word' id='word_1_607' title='bbox 2684 3320 2773 3358; x_wconf 85' lang='lat' dir='ltr'><strong>vos</strong></span> <span class='ocrx_word' id='word_1_608' title='bbox 2800 3314 3001 3374; x_wconf 85' lang='lat' dir='ltr'><strong>sceptro</strong></span> <span class='ocrx_word' id='word_1_609' title='bbox 3030 3322 3160 3371; x_wconf 83' lang='lat' dir='ltr'><strong>meo,</strong></span> <span class='ocrx_word' id='word_1_610' title='bbox 3192 3316 3238 3359; x_wconf 89' lang='lat' dir='ltr'><strong>et</strong></span> <span class='ocrx_word' id='word_1_611' title='bbox 3268 3305 3507 3358; x_wconf 82' lang='lat' dir='ltr'><strong>inducam</strong></span> <span class='ocrx_word' id='word_1_612' title='bbox 3536 3320 3621 3357; x_wconf 80' lang='lat' dir='ltr'><strong>ros</strong></span> <span class='ocrx_word' id='word_1_613' title='bbox 3666 3303 3717 3356; x_wconf 88' lang='lat' dir='ltr'><strong>in</strong></span> <span class='ocrx_word' id='word_1_614' title='bbox 3758 3303 3881 3355; x_wconf 71' lang='lat' dir='ltr'><strong>rin—</strong></span> 
     </span>
    </p>
   </div>
   <div class='ocr_carea' id='block_1_78' title="bbox 2265 3399 3876 3475">
    <p class='ocr_par' dir='ltr' id='par_1_78' title="bbox 2265 3399 3876 3475">
     <span class='ocr_line' id='line_1_78' title="bbox 2265 3399 3876 3475; baseline -0.001 -21"><span class='ocrx_word' id='word_1_615' title='bbox 2265 3402 2398 3455; x_wconf 87' lang='lat' dir='ltr'><strong>culis</strong></span> <span class='ocrx_word' id='word_1_616' title='bbox 2425 3401 2653 3472; x_wconf 63' lang='lat' dir='ltr'><strong>(aderis,</strong></span> <span class='ocrx_word' id='word_1_617' title='bbox 2686 3412 2733 3455; x_wconf 90' lang='lat' dir='ltr'><strong>et</strong></span> <span class='ocrx_word' id='word_1_618' title='bbox 2761 3401 2949 3475; x_wconf 83' lang='lat' dir='ltr'><strong>eligam</strong></span> <span class='ocrx_word' id='word_1_619' title='bbox 2978 3404 3041 3455; x_wconf 82' lang='lat' dir='ltr'><strong>de</strong></span> <span class='ocrx_word' id='word_1_620' title='bbox 3069 3401 3211 3457; x_wconf 79' lang='lat' dir='ltr'><strong>vobis</strong></span> <span class='ocrx_word' id='word_1_621' title='bbox 3241 3411 3645 3473; x_wconf 81' lang='lat' dir='ltr'><strong>transgressores</strong></span> <span class='ocrx_word' id='word_1_622' title='bbox 3684 3409 3730 3453; x_wconf 87' lang='lat' dir='ltr'><strong>et</strong></span> <span class='ocrx_word' id='word_1_623' title='bbox 3770 3399 3876 3453; x_wconf 74' lang='lat' dir='ltr'><strong>im-</strong></span> 
     </span>
    </p>
   </div>
   <div class='ocr_carea' id='block_1_79' title="bbox 2265 3494 3878 3565">
    <p class='ocr_par' dir='ltr' id='par_1_79' title="bbox 2265 3494 3878 3565">
     <span class='ocr_line' id='line_1_79' title="bbox 2265 3494 3878 3565; baseline -0.001 -19"><span class='ocrx_word' id='word_1_624' title='bbox 2265 3496 2409 3565; x_wconf 87' lang='lat' dir='ltr'><strong>pios:</strong></span> <span class='ocrx_word' id='word_1_625' title='bbox 2441 3495 2503 3548; x_wconf 84' lang='lat' dir='ltr'><strong>de</strong></span> <span class='ocrx_word' id='word_1_626' title='bbox 2537 3505 2672 3549; x_wconf 83' lang='lat' dir='ltr'><strong>terra</strong></span> <span class='ocrx_word' id='word_1_627' title='bbox 2697 3495 2957 3549; x_wconf 80' lang='lat' dir='ltr'><strong>incolatus</strong></span> <span class='ocrx_word' id='word_1_628' title='bbox 2978 3511 3156 3550; x_wconf 85' lang='lat' dir='ltr'><strong>eorum</strong></span> <span class='ocrx_word' id='word_1_629' title='bbox 3188 3496 3399 3549; x_wconf 81' lang='lat' dir='ltr'><strong>educam</strong></span> <span class='ocrx_word' id='word_1_630' title='bbox 3428 3494 3565 3558; x_wconf 85' lang='lat' dir='ltr'><strong>illos,</strong></span> <span class='ocrx_word' id='word_1_631' title='bbox 3596 3503 3640 3546; x_wconf 89' lang='lat' dir='ltr'><strong>et</strong></span> <span class='ocrx_word' id='word_1_632' title='bbox 3668 3494 3717 3546; x_wconf 87' lang='lat' dir='ltr'><strong>in</strong></span> <span class='ocrx_word' id='word_1_633' title='bbox 3766 3504 3878 3547; x_wconf 76' lang='lat' dir='ltr'><strong>ter-</strong></span> 
     </span>
    </p>
   </div>
   <div class='ocr_carea' id='block_1_80' title="bbox 2261 3584 3874 3661">
    <p class='ocr_par' dir='ltr' id='par_1_80' title="bbox 2261 3584 3874 3661">
     <span class='ocr_line' id='line_1_80' title="bbox 2261 3584 3874 3661; baseline -0.002 -20"><span class='ocrx_word' id='word_1_634' title='bbox 2261 3604 2374 3641; x_wconf 86' lang='lat' dir='ltr'><strong>ram</strong></span> <span class='ocrx_word' id='word_1_635' title='bbox 2405 3588 2570 3642; x_wconf 80' lang='lat' dir='ltr'><strong>Israel</strong></span> <span class='ocrx_word' id='word_1_636' title='bbox 2600 3606 2699 3642; x_wconf 89' lang='lat' dir='ltr'><strong>non</strong></span> <span class='ocrx_word' id='word_1_637' title='bbox 2728 3588 3103 3661; x_wconf 81' lang='lat' dir='ltr'><strong>ingredientur,</strong></span> <span class='ocrx_word' id='word_1_638' title='bbox 3128 3597 3176 3642; x_wconf 87' lang='lat' dir='ltr'><strong>et</strong></span> <span class='ocrx_word' id='word_1_639' title='bbox 3206 3588 3378 3642; x_wconf 88' lang='lat' dir='ltr'><strong>scietis</strong></span> <span class='ocrx_word' id='word_1_640' title='bbox 3407 3590 3532 3658; x_wconf 87' lang='lat' dir='ltr'><strong>quia</strong></span> <span class='ocrx_word' id='word_1_641' title='bbox 3555 3603 3647 3658; x_wconf 86' lang='lat' dir='ltr'><strong>ego</strong></span> <span class='ocrx_word' id='word_1_642' title='bbox 3679 3584 3874 3639; x_wconf 85' lang='lat' dir='ltr'><strong>Domi-</strong></span> 
     </span>
    </p>
   </div>
   <div class='ocr_carea' id='block_1_81' title="bbox 2262 3678 3874 3751">
    <p class='ocr_par' dir='ltr' id='par_1_81' title="bbox 2262 3678 3874 3751">
     <span class='ocr_line' id='line_1_81' title="bbox 2262 3678 3874 3751; baseline -0.001 -17"><span class='ocrx_word' id='word_1_643' title='bbox 2262 3697 2377 3734; x_wconf 89' lang='lat' dir='ltr'><strong>nus.</strong></span> <span class='ocrx_word' id='word_1_644' title='bbox 2434 3678 2693 3751; x_wconf 81' lang='lat' dir='ltr'><strong>Faciam,</strong></span> <span class='ocrx_word' id='word_1_645' title='bbox 2756 3680 2829 3734; x_wconf 88' lang='lat' dir='ltr'><strong>ait</strong></span> <span class='ocrx_word' id='word_1_646' title='bbox 2888 3680 3193 3746; x_wconf 84' lang='lat' dir='ltr'><strong>Dominus,</strong></span> <span class='ocrx_word' id='word_1_647' title='bbox 3248 3681 3409 3734; x_wconf 90' lang='lat' dir='ltr'><strong>vobis</strong></span> <span class='ocrx_word' id='word_1_648' title='bbox 3460 3678 3550 3742; x_wconf 84' lang='lat' dir='ltr'><strong>qui</strong></span> <span class='ocrx_word' id='word_1_649' title='bbox 3609 3678 3740 3733; x_wconf 88' lang='lat' dir='ltr'><strong>estis</strong></span> <span class='ocrx_word' id='word_1_650' title='bbox 3818 3680 3874 3733; x_wconf 92' lang='lat' dir='ltr'><strong>in</strong></span> 
     </span>
    </p>
   </div>
   <div class='ocr_carea' id='block_1_82' title="bbox 2263 3771 3870 3845">
    <p class='ocr_par' dir='ltr' id='par_1_82' title="bbox 2263 3771 3870 3845">
     <span class='ocr_line' id='line_1_82' title="bbox 2263 3771 3870 3845; baseline -0.001 -17"><span class='ocrx_word' id='word_1_651' title='bbox 2263 3773 2560 3845; x_wconf 85' lang='lat' dir='ltr'><strong>Babylone,</strong></span> <span class='ocrx_word' id='word_1_652' title='bbox 2595 3783 2650 3829; x_wconf 90' lang='lat' dir='ltr'><strong>et</strong></span> <span class='ocrx_word' id='word_1_653' title='bbox 2680 3789 2823 3828; x_wconf 89' lang='lat' dir='ltr'><strong>nunc.</strong></span> <span class='ocrx_word' id='word_1_654' title='bbox 2850 3774 3068 3829; x_wconf 78' lang='lat' dir='ltr'><strong>servitis</strong></span> <span class='ocrx_word' id='word_1_655' title='bbox 3098 3773 3277 3843; x_wconf 85' lang='lat' dir='ltr'><strong>idolis,</strong></span> <span class='ocrx_word' id='word_1_656' title='bbox 3310 3773 3451 3845; x_wconf 90' lang='lat' dir='ltr'><strong>quod</strong></span> <span class='ocrx_word' id='word_1_657' title='bbox 3484 3772 3586 3828; x_wconf 83' lang='lat' dir='ltr'><strong>feci</strong></span> <span class='ocrx_word' id='word_1_658' title='bbox 3613 3771 3870 3842; x_wconf 82' lang='lat' dir='ltr'><strong>patribus</strong></span> 
     </span>
    </p>
   </div>
   <div class='ocr_carea' id='block_1_83' title="bbox 2262 3866 3877 3939">
    <p class='ocr_par' dir='ltr' id='par_1_83' title="bbox 2262 3866 3877 3939">
     <span class='ocr_line' id='line_1_83' title="bbox 2262 3866 3877 3939; baseline 0 -18"><span class='ocrx_word' id='word_1_659' title='bbox 2262 3870 2458 3922; x_wconf 87' lang='lat' dir='ltr'><strong>vestris</strong></span> <span class='ocrx_word' id='word_1_660' title='bbox 2500 3868 2554 3922; x_wconf 90' lang='lat' dir='ltr'><strong>in</strong></span> <span class='ocrx_word' id='word_1_661' title='bbox 2600 3866 2861 3939; x_wconf 64' lang='lat' dir='ltr'><strong>Egypto,</strong></span> <span class='ocrx_word' id='word_1_662' title='bbox 2893 3879 2950 3923; x_wconf 91' lang='lat' dir='ltr'><strong>ut</strong></span> <span class='ocrx_word' id='word_1_663' title='bbox 2988 3868 3216 3923; x_wconf 88' lang='lat' dir='ltr'><strong>educam</strong></span> <span class='ocrx_word' id='word_1_664' title='bbox 3253 3881 3346 3921; x_wconf 92' lang='lat' dir='ltr'><strong>vos</strong></span> <span class='ocrx_word' id='word_1_665' title='bbox 3380 3868 3430 3921; x_wconf 92' lang='lat' dir='ltr'><strong>in</strong></span> <span class='ocrx_word' id='word_1_666' title='bbox 3464 3867 3734 3921; x_wconf 81' lang='lat' dir='ltr'><strong>desertum</strong></span> <span class='ocrx_word' id='word_1_667' title='bbox 3770 3881 3877 3936; x_wconf 92' lang='lat' dir='ltr'><strong>po-</strong></span> 
     </span>
    </p>
   </div>
   <div class='ocr_carea' id='block_1_84' title="bbox 2261 3956 3871 4030">
    <p class='ocr_par' dir='ltr' id='par_1_84' title="bbox 2261 3956 3871 4030">
     <span class='ocr_line' id='line_1_84' title="bbox 2261 3956 3871 4030; baseline -0.001 -17"><span class='ocrx_word' id='word_1_668' title='bbox 2261 3960 2533 4029; x_wconf 83' lang='lat' dir='ltr'><strong>pulorum,</strong></span> <span class='ocrx_word' id='word_1_669' title='bbox 2577 3970 2631 4015; x_wconf 90' lang='lat' dir='ltr'><strong>et</strong></span> <span class='ocrx_word' id='word_1_670' title='bbox 2677 3961 2745 4015; x_wconf 87' lang='lat' dir='ltr'><strong>ibi</strong></span> <span class='ocrx_word' id='word_1_671' title='bbox 2788 3958 3005 4030; x_wconf 88' lang='lat' dir='ltr'><strong>jndicer</strong></span> <span class='ocrx_word' id='word_1_672' title='bbox 3030 3960 3311 4015; x_wconf 88' lang='lat' dir='ltr'><strong>vobiscum</strong></span> <span class='ocrx_word' id='word_1_673' title='bbox 3362 3959 3497 4015; x_wconf 81' lang='lat' dir='ltr'><strong>facie</strong></span> <span class='ocrx_word' id='word_1_674' title='bbox 3542 3959 3607 4013; x_wconf 92' lang='lat' dir='ltr'><strong>ad</strong></span> <span class='ocrx_word' id='word_1_675' title='bbox 3641 3956 3871 4024; x_wconf 80' lang='lat' dir='ltr'><strong>faciem,</strong></span> 
     </span>
    </p>
   </div>
   <div class='ocr_carea' id='block_1_85' title="bbox 2260 4053 3873 4125">
    <p class='ocr_par' dir='ltr' id='par_1_85' title="bbox 2260 4053 3873 4125">
     <span class='ocr_line' id='line_1_85' title="bbox 2260 4053 3873 4125; baseline 0 -18"><span class='ocrx_word' id='word_1_676' title='bbox 2260 4053 2400 4108; x_wconf 86' lang='lat' dir='ltr'><strong>sicut</strong></span> <span class='ocrx_word' id='word_1_677' title='bbox 2426 4054 2690 4109; x_wconf 83' lang='lat' dir='ltr'><strong>adversus</strong></span> <span class='ocrx_word' id='word_1_678' title='bbox 2717 4055 2842 4109; x_wconf 87' lang='lat' dir='ltr'><strong>illos</strong></span> <span class='ocrx_word' id='word_1_679' title='bbox 2862 4054 3071 4124; x_wconf 87' lang='lat' dir='ltr'><strong>judicio</strong></span> <span class='ocrx_word' id='word_1_680' title='bbox 3096 4054 3379 4119; x_wconf 86' lang='lat' dir='ltr'><strong>contendi,</strong></span> <span class='ocrx_word' id='word_1_681' title='bbox 3412 4054 3630 4125; x_wconf 77' lang='lat' dir='ltr'><strong>quando</strong></span> <span class='ocrx_word' id='word_1_682' title='bbox 3657 4053 3873 4124; x_wconf 83' lang='lat' dir='ltr'><strong>egressi</strong></span> 
     </span>
    </p>
   </div>
   <div class='ocr_carea' id='block_1_86' title="bbox 2258 4146 3875 4218">
    <p class='ocr_par' dir='ltr' id='par_1_86' title="bbox 2258 4146 3875 4218">
     <span class='ocr_line' id='line_1_86' title="bbox 2258 4146 3875 4218; baseline -0.002 -16"><span class='ocrx_word' id='word_1_683' title='bbox 2258 4155 2386 4202; x_wconf 87' lang='lat' dir='ltr'><strong>sunt</strong></span> <span class='ocrx_word' id='word_1_684' title='bbox 2423 4147 2492 4202; x_wconf 92' lang='lat' dir='ltr'><strong>de</strong></span> <span class='ocrx_word' id='word_1_685' title='bbox 2524 4146 2781 4218; x_wconf 63' lang='lat' dir='ltr'><strong>Egypto.</strong></span> <span class='ocrx_word' id='word_1_686' title='bbox 2817 4147 2883 4202; x_wconf 85' lang='lat' dir='ltr'><strong>Et</strong></span> <span class='ocrx_word' id='word_1_687' title='bbox 2914 4157 3199 4218; x_wconf 87' lang='lat' dir='ltr'><strong>postquam</strong></span> <span class='ocrx_word' id='word_1_688' title='bbox 3236 4163 3333 4201; x_wconf 89' lang='lat' dir='ltr'><strong>vos</strong></span> <span class='ocrx_word' id='word_1_689' title='bbox 3359 4147 3702 4217; x_wconf 85' lang='lat' dir='ltr'><strong>judicavero,</strong></span> <span class='ocrx_word' id='word_1_690' title='bbox 3736 4146 3875 4199; x_wconf 89' lang='lat' dir='ltr'><strong>sub-</strong></span> 
     </span>
    </p>
   </div>
   <div class='ocr_carea' id='block_1_87' title="bbox 2254 4239 3869 4311">
    <p class='ocr_par' dir='ltr' id='par_1_87' title="bbox 2254 4239 3869 4311">
     <span class='ocr_line' id='line_1_87' title="bbox 2254 4239 3869 4311; baseline -0.002 -17"><span class='ocrx_word' id='word_1_691' title='bbox 2254 4239 2438 4311; x_wconf 86' lang='lat' dir='ltr'><strong>jiciam</strong></span> <span class='ocrx_word' id='word_1_692' title='bbox 2461 4256 2560 4295; x_wconf 89' lang='lat' dir='ltr'><strong>vos</strong></span> <span class='ocrx_word' id='word_1_693' title='bbox 2587 4248 2809 4308; x_wconf 80' lang='lat' dir='ltr'><strong>sceptro</strong></span> <span class='ocrx_word' id='word_1_694' title='bbox 2843 4255 2964 4295; x_wconf 91' lang='lat' dir='ltr'><strong>meo</strong></span> <span class='ocrx_word' id='word_1_695' title='bbox 2995 4250 3049 4295; x_wconf 91' lang='lat' dir='ltr'><strong>et</strong></span> <span class='ocrx_word' id='word_1_696' title='bbox 3090 4239 3343 4310; x_wconf 88' lang='lat' dir='ltr'><strong>imperio,</strong></span> <span class='ocrx_word' id='word_1_697' title='bbox 3376 4249 3430 4294; x_wconf 90' lang='lat' dir='ltr'><strong>et</strong></span> <span class='ocrx_word' id='word_1_698' title='bbox 3462 4240 3610 4294; x_wconf 90' lang='lat' dir='ltr'><strong>inibo</strong></span> <span class='ocrx_word' id='word_1_699' title='bbox 3643 4247 3869 4307; x_wconf 88' lang='lat' dir='ltr'><strong>pactum</strong></span> 
     </span>
    </p>
   </div>
   <div class='ocr_carea' id='block_1_88' title="bbox 2256 4330 3875 4397">
    <p class='ocr_par' dir='ltr' id='par_1_88' title="bbox 2256 4330 3875 4397">
     <span class='ocr_line' id='line_1_88' title="bbox 2256 4330 3875 4397; baseline -0.002 -9"><span class='ocrx_word' id='word_1_700' title='bbox 2256 4335 2562 4397; x_wconf 76' lang='lat' dir='ltr'><strong>vobiscum.</strong></span> <span class='ocrx_word' id='word_1_701' title='bbox 2598 4344 2655 4389; x_wconf 90' lang='lat' dir='ltr'><strong>et</strong></span> <span class='ocrx_word' id='word_1_702' title='bbox 2683 4333 2932 4389; x_wconf 80' lang='lat' dir='ltr'><strong>inducam</strong></span> <span class='ocrx_word' id='word_1_703' title='bbox 2960 4349 3061 4390; x_wconf 81' lang='lat' dir='ltr'><strong>vos</strong></span> <span class='ocrx_word' id='word_1_704' title='bbox 3086 4336 3139 4387; x_wconf 89' lang='lat' dir='ltr'><strong>in</strong></span> <span class='ocrx_word' id='word_1_705' title='bbox 3166 4344 3370 4389; x_wconf 84' lang='lat' dir='ltr'><strong>terram</strong></span> <span class='ocrx_word' id='word_1_706' title='bbox 3403 4343 3638 4389; x_wconf 85' lang='lat' dir='ltr'><strong>vestram</strong></span> <span class='ocrx_word' id='word_1_707' title='bbox 3660 4330 3717 4385; x_wconf 84' lang='lat' dir='ltr'><strong>in</strong></span> <span class='ocrx_word' id='word_1_708' title='bbox 3747 4331 3875 4385; x_wconf 90' lang='lat' dir='ltr'><strong>vin-</strong></span> 
     </span>
    </p>
   </div>
   <div class='ocr_carea' id='block_1_89' title="bbox 2257 4429 3883 4501">
    <p class='ocr_par' dir='ltr' id='par_1_89' title="bbox 2257 4429 3883 4501">
     <span class='ocr_line' id='line_1_89' title="bbox 2257 4429 3883 4501; baseline -0.001 -16"><span class='ocrx_word' id='word_1_709' title='bbox 2257 4430 2393 4486; x_wconf 84' lang='lat' dir='ltr'><strong>culis</strong></span> <span class='ocrx_word' id='word_1_710' title='bbox 2427 4429 2730 4497; x_wconf 89' lang='lat' dir='ltr'><strong>cbaritatis,</strong></span> <span class='ocrx_word' id='word_1_711' title='bbox 2765 4437 2822 4486; x_wconf 92' lang='lat' dir='ltr'><strong>ut</strong></span> <span class='ocrx_word' id='word_1_712' title='bbox 2848 4429 2996 4501; x_wconf 81' lang='lat' dir='ltr'><strong>ligati</strong></span> <span class='ocrx_word' id='word_1_713' title='bbox 3037 4444 3228 4485; x_wconf 84' lang='lat' dir='ltr'><strong>amore</strong></span> <span class='ocrx_word' id='word_1_714' title='bbox 3257 4443 3400 4491; x_wconf 90' lang='lat' dir='ltr'><strong>meo.</strong></span> <span class='ocrx_word' id='word_1_715' title='bbox 3444 4439 3797 4497; x_wconf 79' lang='lat' dir='ltr'><strong>nequaquam</strong></span> <span class='ocrx_word' id='word_1_716' title='bbox 3842 4440 3883 4485; x_wconf 73' lang='grc' dir='ltr'><strong>τι,</strong></span> 
     </span>
    </p>
   </div>
   <div class='ocr_carea' id='block_1_90' title="bbox 2255 4520 3872 4595">
    <p class='ocr_par' dir='ltr' id='par_1_90' title="bbox 2255 4520 3872 4595">
     <span class='ocr_line' id='line_1_90' title="bbox 2255 4520 3872 4595; baseline -0.002 -14"><span class='ocrx_word' id='word_1_717' title='bbox 2255 4541 2346 4581; x_wconf 86' lang='lat' dir='ltr'><strong>me</strong></span> <span class='ocrx_word' id='word_1_718' title='bbox 2398 4525 2622 4595; x_wconf 79' lang='lat' dir='ltr'><strong>possitis</strong></span> <span class='ocrx_word' id='word_1_719' title='bbox 2652 4527 2931 4581; x_wconf 84' lang='lat' dir='ltr'><strong>recedere.</strong></span> <span class='ocrx_word' id='word_1_720' title='bbox 2978 4524 3438 4595; x_wconf 76' lang='lat' dir='ltr'><strong>Transgressores</strong></span> <span class='ocrx_word' id='word_1_721' title='bbox 3462 4532 3649 4578; x_wconf 86' lang='lat' dir='ltr'><strong>autem</strong></span> <span class='ocrx_word' id='word_1_722' title='bbox 3676 4529 3733 4576; x_wconf 79' lang='lat' dir='ltr'><strong>et</strong></span> <span class='ocrx_word' id='word_1_723' title='bbox 3762 4520 3872 4577; x_wconf 73' lang='lat' dir='ltr'><strong>iui—</strong></span> 
     </span>
    </p>
   </div>
   <div class='ocr_carea' id='block_1_91' title="bbox 549 4615 3867 4690">
    <p class='ocr_par' dir='ltr' id='par_1_91' title="bbox 549 4615 3867 4690">
     <span class='ocr_line' id='line_1_91' title="bbox 549 4615 3867 4690; baseline -0.001 -20"><span class='ocrx_word' id='word_1_724' title='bbox 549 4627 694 4671; x_wconf 90' lang='lat' dir='ltr'><strong>sent.</strong></span> <span class='ocrx_word' id='word_1_725' title='bbox 728 4617 793 4671; x_wconf 86' lang='lat' dir='ltr'><strong>Et</strong></span> <span class='ocrx_word' id='word_1_726' title='bbox 817 4631 942 4671; x_wconf 75' lang='lat' dir='ltr'><strong>cum</strong></span> <span class='ocrx_word' id='word_1_727' title='bbox 968 4616 1140 4672; x_wconf 76' lang='lat' dir='ltr'><strong>tantis</strong></span> <span class='ocrx_word' id='word_1_728' title='bbox 1161 4616 1385 4688; x_wconf 71' lang='lat' dir='ltr'><strong>ﬂagitiis</strong></span> <span class='ocrx_word' id='word_1_729' title='bbox 1415 4618 1638 4689; x_wconf 80' lang='lat' dir='ltr'><strong>obligati</strong></span> <span class='ocrx_word' id='word_1_730' title='bbox 1670 4619 1813 4687; x_wconf 73' lang='lat' dir='ltr'><strong>sitis,</strong></span> <span class='ocrx_word' id='word_1_731' title='bbox 1842 4621 2159 4690; x_wconf 88' lang='lat' dir='ltr'><strong>responsio—</strong></span> <span class='ocrx_word' id='word_1_732' title='bbox 2184 4617 2237 4679; x_wconf 88' lang='lat' dir='ltr'><strong>D</strong></span> <span class='ocrx_word' id='word_1_733' title='bbox 2264 4621 2404 4689; x_wconf 85' lang='lat' dir='ltr'><strong>pios,</strong></span> <span class='ocrx_word' id='word_1_734' title='bbox 2444 4620 2532 4689; x_wconf 89' lang='lat' dir='ltr'><strong>qui</strong></span> <span class='ocrx_word' id='word_1_735' title='bbox 2560 4618 2745 4674; x_wconf 88' lang='lat' dir='ltr'><strong>cordis</strong></span> <span class='ocrx_word' id='word_1_736' title='bbox 2770 4618 2975 4673; x_wconf 84' lang='lat' dir='ltr'><strong>duritia</strong></span> <span class='ocrx_word' id='word_1_737' title='bbox 3012 4620 3063 4673; x_wconf 92' lang='lat' dir='ltr'><strong>in</strong></span> <span class='ocrx_word' id='word_1_738' title='bbox 3108 4618 3266 4673; x_wconf 88' lang='lat' dir='ltr'><strong>malis</strong></span> <span class='ocrx_word' id='word_1_739' title='bbox 3309 4615 3576 4687; x_wconf 84' lang='lat' dir='ltr'><strong>operibus</strong></span> <span class='ocrx_word' id='word_1_740' title='bbox 3604 4626 3867 4686; x_wconf 79' lang='lat' dir='ltr'><strong>perseve-</strong></span> 
     </span>
    </p>
   </div>
   <div class='ocr_carea' id='block_1_92' title="bbox 550 4710 2156 4785">
    <p class='ocr_par' dir='ltr' id='par_1_92' title="bbox 550 4710 2156 4785">
     <span class='ocr_line' id='line_1_92' title="bbox 550 4710 2156 4785; baseline 0.003 -20"><span class='ocrx_word' id='word_1_741' title='bbox 550 4726 697 4775; x_wconf 86' lang='lat' dir='ltr'><strong>nem,</strong></span> <span class='ocrx_word' id='word_1_742' title='bbox 728 4711 923 4781; x_wconf 85' lang='lat' dir='ltr'><strong>inquit,</strong></span> <span class='ocrx_word' id='word_1_743' title='bbox 956 4724 1131 4765; x_wconf 87' lang='lat' dir='ltr'><strong>meam</strong></span> <span class='ocrx_word' id='word_1_744' title='bbox 1162 4710 1452 4782; x_wconf 67' lang='lat' dir='ltr'><strong>quieritis?</strong></span> <span class='ocrx_word' id='word_1_745' title='bbox 1485 4711 1622 4767; x_wconf 88' lang='lat' dir='ltr'><strong>Vivo</strong></span> <span class='ocrx_word' id='word_1_746' title='bbox 1656 4728 1776 4785; x_wconf 85' lang='lat' dir='ltr'><strong>ego,</strong></span> <span class='ocrx_word' id='word_1_747' title='bbox 1811 4713 1945 4769; x_wconf 91' lang='lat' dir='ltr'><strong>dicit</strong></span> <span class='ocrx_word' id='word_1_748' title='bbox 1974 4714 2156 4770; x_wconf 87' lang='lat' dir='ltr'><strong>Domi-</strong></span> 
     </span>
    </p>
   </div>
   <div class='ocr_carea' id='block_1_93' title="bbox 549 4804 2155 4879">
    <p class='ocr_par' dir='ltr' id='par_1_93' title="bbox 549 4804 2155 4879">
     <span class='ocr_line' id='line_1_93' title="bbox 549 4804 2155 4879; baseline 0.006 -22"><span class='ocrx_word' id='word_1_749' title='bbox 549 4819 651 4858; x_wconf 92' lang='lat' dir='ltr'><strong>nus</strong></span> <span class='ocrx_word' id='word_1_750' title='bbox 697 4804 859 4870; x_wconf 84' lang='lat' dir='ltr'><strong>Deus,</strong></span> <span class='ocrx_word' id='word_1_751' title='bbox 892 4815 945 4861; x_wconf 90' lang='lat' dir='ltr'><strong>et</strong></span> <span class='ocrx_word' id='word_1_752' title='bbox 988 4804 1114 4872; x_wconf 87' lang='lat' dir='ltr'><strong>juro</strong></span> <span class='ocrx_word' id='word_1_753' title='bbox 1145 4819 1241 4875; x_wconf 86' lang='lat' dir='ltr'><strong>per</strong></span> <span class='ocrx_word' id='word_1_754' title='bbox 1273 4806 1680 4878; x_wconf 75' lang='lat' dir='ltr'><strong>memetipsum,</strong></span> <span class='ocrx_word' id='word_1_755' title='bbox 1720 4810 1848 4879; x_wconf 77' lang='lat' dir='ltr'><strong>quia</strong></span> <span class='ocrx_word' id='word_1_756' title='bbox 1880 4823 1986 4865; x_wconf 79' lang='lat' dir='ltr'><strong>non</strong></span> <span class='ocrx_word' id='word_1_757' title='bbox 2034 4824 2155 4866; x_wconf 82' lang='lat' dir='ltr'><strong>res-</strong></span> 
     </span>
    </p>
   </div>
   <div class='ocr_carea' id='block_1_94' title="bbox 548 4897 1603 4972">
    <p class='ocr_par' dir='ltr' id='par_1_94' title="bbox 548 4897 1603 4972">
     <span class='ocr_line' id='line_1_94' title="bbox 548 4897 1603 4972; baseline 0.003 -20"><span class='ocrx_word' id='word_1_758' title='bbox 548 4897 802 4968; x_wconf 81' lang='lat' dir='ltr'><strong>pondebo</strong></span> <span class='ocrx_word' id='word_1_759' title='bbox 830 4898 1003 4964; x_wconf 79' lang='lat' dir='ltr'><strong>Vobis,</strong></span> <span class='ocrx_word' id='word_1_760' title='bbox 1034 4899 1292 4967; x_wconf 71' lang='lat' dir='ltr'><strong>quodque</strong></span> <span class='ocrx_word' id='word_1_761' title='bbox 1323 4900 1603 4972; x_wconf 75' lang='lat' dir='ltr'><strong>sequitur:</strong></span> 
     </span>
    </p>
   </div>
   <div class='ocr_carea' id='block_1_95' title="bbox 614 4989 2147 5067">
    <p class='ocr_par' dir='ltr' id='par_1_95' title="bbox 614 4989 2147 5067">
     <span class='ocr_line' id='line_1_95' title="bbox 614 4989 2147 5067; baseline 0.005 -23"><span class='ocrx_word' id='word_1_762' title='bbox 614 4991 801 5062; x_wconf 76' lang='lat' dir='ltr'><strong>(Vers.</strong></span> <span class='ocrx_word' id='word_1_763' title='bbox 838 4989 928 5056; x_wconf 68' lang='lat'><strong>5!,</strong></span> <span class='ocrx_word' id='word_1_764' title='bbox 959 4991 1076 5063; x_wconf 77' lang='lat'><strong>35.)</strong></span> <span class='ocrx_word' id='word_1_765' title='bbox 1112 4991 1294 5063; x_wconf 83' lang='lat' dir='ltr'><strong>Neque</strong></span> <span class='ocrx_word' id='word_1_766' title='bbox 1325 4994 1572 5065; x_wconf 82' lang='lat' dir='ltr'><strong>cogitatio</strong></span> <span class='ocrx_word' id='word_1_767' title='bbox 1618 4996 1801 5049; x_wconf 82' lang='lat' dir='ltr'><strong>mentis</strong></span> <span class='ocrx_word' id='word_1_768' title='bbox 1833 5003 2012 5051; x_wconf 75' lang='lat' dir='ltr'><strong>vestra:</strong></span> <span class='ocrx_word' id='word_1_769' title='bbox 2039 4996 2147 5067; x_wconf 84' lang='lat' dir='ltr'><strong>fiet,</strong></span> 
     </span>
    </p>
   </div>
   <div class='ocr_carea' id='block_1_96' title="bbox 547 5074 2153 5160">
    <p class='ocr_par' dir='ltr' id='par_1_96' title="bbox 547 5074 2153 5160">
     <span class='ocr_line' id='line_1_96' title="bbox 547 5074 2153 5160; baseline 0.005 -22"><span class='ocrx_word' id='word_1_770' title='bbox 547 5083 853 5149; x_wconf 86' lang='lat' dir='ltr'><strong>dicentium,</strong></span> <span class='ocrx_word' id='word_1_771' title='bbox 904 5087 1092 5139; x_wconf 84' lang='lat' dir='ltr'><strong>erimus</strong></span> <span class='ocrx_word' id='word_1_772' title='bbox 1140 5087 1272 5139; x_wconf 85' lang='lat' dir='ltr'><strong>sicut</strong></span> <span class='ocrx_word' id='word_1_773' title='bbox 1314 5096 1509 5157; x_wconf 73' lang='lat' dir='ltr'><strong>gentes,</strong></span> <span class='ocrx_word' id='word_1_774' title='bbox 1560 5096 1607 5142; x_wconf 82' lang='lat' dir='ltr'><strong>et</strong></span> <span class='ocrx_word' id='word_1_775' title='bbox 1658 5089 1793 5143; x_wconf 70' lang='lat' dir='ltr'><strong>sicut</strong></span> <span class='ocrx_word' id='word_1_776' title='bbox 1820 5074 2153 5160; x_wconf 52' lang='lat' dir='ltr'><strong>cognationds</strong></span> 
     </span>
    </p>
   </div>
   <div class='ocr_carea' id='block_1_97' title="bbox 547 5179 2152 5258">
    <p class='ocr_par' dir='ltr' id='par_1_97' title="bbox 547 5179 2152 5258">
     <span class='ocr_line' id='line_1_97' title="bbox 547 5179 2152 5258; baseline 0.004 -25"><span class='ocrx_word' id='word_1_777' title='bbox 547 5188 719 5239; x_wconf 72' lang='lat' dir='ltr'><strong>terrm.</strong></span> <span class='ocrx_word' id='word_1_778' title='bbox 777 5189 831 5234; x_wconf 85' lang='lat' dir='ltr'><strong>ut</strong></span> <span class='ocrx_word' id='word_1_779' title='bbox 872 5179 1104 5235; x_wconf 82' lang='lat' dir='ltr'><strong>colamus</strong></span> <span class='ocrx_word' id='word_1_780' title='bbox 1146 5182 1293 5254; x_wconf 75' lang='lat' dir='ltr'><strong>ligna</strong></span> <span class='ocrx_word' id='word_1_781' title='bbox 1333 5191 1382 5235; x_wconf 88' lang='lat' dir='ltr'><strong>et</strong></span> <span class='ocrx_word' id='word_1_782' title='bbox 1423 5183 1647 5249; x_wconf 69' lang='grc' dir='ltr'><strong>ιαρὲόεε.</strong></span> <span class='ocrx_word' id='word_1_783' title='bbox 1690 5184 1817 5238; x_wconf 76' lang='lat' dir='ltr'><strong>Vivo</strong></span> <span class='ocrx_word' id='word_1_784' title='bbox 1864 5202 1978 5258; x_wconf 82' lang='lat' dir='ltr'><strong>ego,</strong></span> <span class='ocrx_word' id='word_1_785' title='bbox 2027 5186 2152 5239; x_wconf 85' lang='lat' dir='ltr'><strong>dicit</strong></span> 
     </span>
    </p>
   </div>
   <div class='ocr_carea' id='block_1_98' title="bbox 549 5270 2151 5347">
    <p class='ocr_par' dir='ltr' id='par_1_98' title="bbox 549 5270 2151 5347">
     <span class='ocr_line' id='line_1_98' title="bbox 549 5270 2151 5347; baseline 0.004 -21"><span class='ocrx_word' id='word_1_786' title='bbox 549 5270 807 5327; x_wconf 79' lang='lat' dir='ltr'><strong>Dominus</strong></span> <span class='ocrx_word' id='word_1_787' title='bbox 840 5272 999 5341; x_wconf 79' lang='lat' dir='ltr'><strong>Deus,</strong></span> <span class='ocrx_word' id='word_1_788' title='bbox 1029 5274 1273 5343; x_wconf 79' lang='lat' dir='ltr'><strong>quoniam</strong></span> <span class='ocrx_word' id='word_1_789' title='bbox 1300 5276 1355 5328; x_wconf 79' lang='lat' dir='ltr'><strong>in</strong></span> <span class='ocrx_word' id='word_1_790' title='bbox 1397 5292 1556 5329; x_wconf 81' lang='lat' dir='ltr'><strong>manu</strong></span> <span class='ocrx_word' id='word_1_791' title='bbox 1590 5278 1736 5347; x_wconf 77' lang='lat' dir='ltr'><strong>forti,</strong></span> <span class='ocrx_word' id='word_1_792' title='bbox 1783 5287 1828 5331; x_wconf 86' lang='lat' dir='ltr'><strong>et</strong></span> <span class='ocrx_word' id='word_1_793' title='bbox 1860 5280 1911 5331; x_wconf 89' lang='lat' dir='ltr'><strong>in</strong></span> <span class='ocrx_word' id='word_1_794' title='bbox 1942 5277 2151 5333; x_wconf 84' lang='lat' dir='ltr'><strong>brachio</strong></span> 
     </span>
    </p>
   </div>
   <div class='ocr_carea' id='block_1_99' title="bbox 549 5367 2153 5444">
    <p class='ocr_par' dir='ltr' id='par_1_99' title="bbox 549 5367 2153 5444">
     <span class='ocr_line' id='line_1_99' title="bbox 549 5367 2153 5444; baseline 0.004 -22"><span class='ocrx_word' id='word_1_795' title='bbox 549 5379 774 5437; x_wconf 76' lang='lat' dir='ltr'><strong>extento,</strong></span> <span class='ocrx_word' id='word_1_796' title='bbox 821 5378 870 5422; x_wconf 86' lang='lat' dir='ltr'><strong>et</strong></span> <span class='ocrx_word' id='word_1_797' title='bbox 908 5370 961 5422; x_wconf 86' lang='lat' dir='ltr'><strong>in</strong></span> <span class='ocrx_word' id='word_1_798' title='bbox 1003 5367 1184 5438; x_wconf 80' lang='lat' dir='ltr'><strong>furore</strong></span> <span class='ocrx_word' id='word_1_799' title='bbox 1214 5367 1378 5437; x_wconf 55' lang='lat' dir='ltr'><strong>eiusa</strong></span> <span class='ocrx_word' id='word_1_800' title='bbox 1409 5371 1637 5441; x_wconf 83' lang='lat' dir='ltr'><strong>regnabo</strong></span> <span class='ocrx_word' id='word_1_801' title='bbox 1660 5388 1813 5444; x_wconf 83' lang='lat' dir='ltr'><strong>super</strong></span> <span class='ocrx_word' id='word_1_802' title='bbox 1850 5390 1956 5427; x_wconf 78' lang='lat' dir='ltr'><strong>vos.</strong></span> <span class='ocrx_word' id='word_1_803' title='bbox 1999 5373 2153 5430; x_wconf 84' lang='lat' dir='ltr'><strong>Hunc</strong></span> 
     </span>
    </p>
   </div>
   <div class='ocr_carea' id='block_1_100' title="bbox 551 5461 2151 5535">
    <p class='ocr_par' dir='ltr' id='par_1_100' title="bbox 551 5461 2151 5535">
     <span class='ocr_line' id='line_1_100' title="bbox 551 5461 2151 5535; baseline 0.001 -17"><span class='ocrx_word' id='word_1_804' title='bbox 551 5461 717 5519; x_wconf 81' lang='lat' dir='ltr'><strong>habet</strong></span> <span class='ocrx_word' id='word_1_805' title='bbox 742 5479 964 5520; x_wconf 85' lang='lat' dir='ltr'><strong>sensum</strong></span> <span class='ocrx_word' id='word_1_806' title='bbox 1008 5479 1021 5515; x_wconf 90' lang='lat'><strong>:</strong></span> <span class='ocrx_word' id='word_1_807' title='bbox 1056 5463 1134 5518; x_wconf 87' lang='lat' dir='ltr'><strong>Ne</strong></span> <span class='ocrx_word' id='word_1_808' title='bbox 1158 5466 1362 5533; x_wconf 72' lang='lat' dir='ltr'><strong>putetis</strong></span> <span class='ocrx_word' id='word_1_809' title='bbox 1392 5467 1753 5535; x_wconf 76' lang='lat' dir='ltr'><strong>cogitationes</strong></span> <span class='ocrx_word' id='word_1_810' title='bbox 1781 5476 1992 5520; x_wconf 63' lang='lat' dir='ltr'><strong>vestras</strong></span> <span class='ocrx_word' id='word_1_811' title='bbox 2030 5466 2151 5534; x_wconf 81' lang='lat' dir='ltr'><strong>qni-</strong></span> 
     </span>
    </p>
   </div>
   <div class='ocr_carea' id='block_1_101' title="bbox 548 5556 2149 5628">
    <p class='ocr_par' dir='ltr' id='par_1_101' title="bbox 548 5556 2149 5628">
     <span class='ocr_line' id='line_1_101' title="bbox 548 5556 2149 5628; baseline 0.001 -16"><span class='ocrx_word' id='word_1_812' title='bbox 548 5556 651 5612; x_wconf 74' lang='lat' dir='ltr'><strong>bus</strong></span> <span class='ocrx_word' id='word_1_813' title='bbox 674 5567 868 5612; x_wconf 86' lang='lat' dir='ltr'><strong>contra</strong></span> <span class='ocrx_word' id='word_1_814' title='bbox 898 5572 991 5613; x_wconf 78' lang='lat' dir='ltr'><strong>me</strong></span> <span class='ocrx_word' id='word_1_815' title='bbox 1020 5556 1398 5626; x_wconf 78' lang='lat' dir='ltr'><strong>basphematis</strong></span> <span class='ocrx_word' id='word_1_816' title='bbox 1438 5571 1601 5628; x_wconf 84' lang='lat' dir='ltr'><strong>posse</strong></span> <span class='ocrx_word' id='word_1_817' title='bbox 1631 5558 1935 5628; x_wconf 79' lang='lat' dir='ltr'><strong>compleri;</strong></span> <span class='ocrx_word' id='word_1_818' title='bbox 1967 5556 2149 5614; x_wconf 85' lang='lat' dir='ltr'><strong>dicitis</strong></span> 
     </span>
    </p>
   </div>
   <div class='ocr_carea' id='block_1_102' title="bbox 624 5693 2149 5770">
    <p class='ocr_par' dir='ltr' id='par_1_102' title="bbox 624 5693 2149 5770">
     <span class='ocr_line' id='line_1_102' title="bbox 624 5693 2149 5770; baseline 0.001 -19"><span class='ocrx_word' id='word_1_819' title='bbox 624 5707 652 5736; x_wconf 70' lang='grc' dir='ltr'><strong>σι</strong></span> <span class='ocrx_word' id='word_1_820' title='bbox 684 5695 837 5751; x_wconf 85' lang='lat' dir='ltr'><strong>Nunc</strong></span> <span class='ocrx_word' id='word_1_821' title='bbox 865 5698 1074 5752; x_wconf 68' lang='lat' dir='ltr'><strong>obtinet</strong></span> <span class='ocrx_word' id='word_1_822' title='bbox 1107 5698 1316 5770; x_wconf 73' lang='grc' dir='ltr'><strong>ἁϐαμάς</strong></span> <span class='ocrx_word' id='word_1_823' title='bbox 1350 5696 1444 5752; x_wconf 91' lang='lat' dir='ltr'><strong>sed</strong></span> <span class='ocrx_word' id='word_1_824' title='bbox 1480 5707 1538 5752; x_wconf 90' lang='lat' dir='ltr'><strong>et</strong></span> <span class='ocrx_word' id='word_1_825' title='bbox 1580 5693 1834 5751; x_wconf 67' lang='lat' dir='ltr'><strong>Nobilius</strong></span> <span class='ocrx_word' id='word_1_826' title='bbox 1871 5696 1927 5751; x_wconf 84' lang='lat' dir='ltr'><strong>in</strong></span> <span class='ocrx_word' id='word_1_827' title='bbox 1956 5697 2149 5770; x_wconf 87' lang='lat' dir='ltr'><strong>pleris-</strong></span> 
     </span>
    </p>
   </div>
   <div class='ocr_carea' id='block_1_103' title="bbox 549 5769 2150 5843">
    <p class='ocr_par' dir='ltr' id='par_1_103' title="bbox 549 5769 2150 5843">
     <span class='ocr_line' id='line_1_103' title="bbox 549 5769 2150 5843; baseline -0.001 -17"><span class='ocrx_word' id='word_1_828' title='bbox 549 5769 875 5843; x_wconf 64' lang='lat' dir='ltr'><strong>qneGra&#39;eis</strong></span> <span class='ocrx_word' id='word_1_829' title='bbox 888 5769 1301 5843; x_wconf 74' lang='lat' dir='ltr'><strong>exemplaribus</strong></span> <span class='ocrx_word' id='word_1_830' title='bbox 1316 5771 1482 5826; x_wconf 73' lang='grc' dir='ltr'><strong>ἀϐανά</strong></span> <span class='ocrx_word' id='word_1_831' title='bbox 1497 5771 1721 5843; x_wconf 73' lang='lat' dir='ltr'><strong>reperit,</strong></span> <span class='ocrx_word' id='word_1_832' title='bbox 1732 5779 1792 5825; x_wconf 85' lang='lat' dir='ltr'><strong>et</strong></span> <span class='ocrx_word' id='word_1_833' title='bbox 1806 5779 1967 5825; x_wconf 80' lang='lat' dir='ltr'><strong>vetus</strong></span> <span class='ocrx_word' id='word_1_834' title='bbox 1985 5769 2150 5826; x_wconf 87' lang='lat' dir='ltr'><strong>Scho-</strong></span> 
     </span>
    </p>
   </div>
   <div class='ocr_carea' id='block_1_104' title="bbox 554 5838 2149 5918">
    <p class='ocr_par' dir='ltr' id='par_1_104' title="bbox 554 5838 2149 5918">
     <span class='ocr_line' id='line_1_104' title="bbox 554 5838 2149 5918; baseline -0.003 -16"><span class='ocrx_word' id='word_1_835' title='bbox 554 5838 689 5911; x_wconf 78' lang='lat' dir='ltr'><strong>lion,</strong></span> <span class='ocrx_word' id='word_1_836' title='bbox 721 5842 959 5911; x_wconf 77' lang='grc' dir='ltr'>Ἀϐϐανὰ,</span> <span class='ocrx_word' id='word_1_837' title='bbox 989 5842 1124 5905; x_wconf 55' lang='lat' dir='ltr'><strong>uno;</strong></span> <span class='ocrx_word' id='word_1_838' title='bbox 1166 5842 1517 5918; x_wconf 53' lang='lat' dir='ltr'><strong>imiimi,</strong></span> <span class='ocrx_word' id='word_1_839' title='bbox 1550 5838 1783 5913; x_wconf 67' lang='lat' dir='ltr'><strong>Mane,</strong></span> <span class='ocrx_word' id='word_1_840' title='bbox 1824 5843 1961 5915; x_wconf 73' lang='lat' dir='ltr'><strong>lupis</strong></span> <span class='ocrx_word' id='word_1_841' title='bbox 1984 5844 2149 5898; x_wconf 85' lang='lat' dir='ltr'><strong>inter-</strong></span> 
     </span>
    </p>
   </div>
   <div class='ocr_carea' id='block_1_105' title="bbox 2261 4704 3867 4785">
    <p class='ocr_par' dir='ltr' id='par_1_105' title="bbox 2261 4704 3867 4785">
     <span class='ocr_line' id='line_1_105' title="bbox 2261 4704 3867 4785; baseline -0.004 -18"><span class='ocrx_word' id='word_1_842' title='bbox 2261 4723 2408 4780; x_wconf 87' lang='lat' dir='ltr'><strong>rant,</strong></span> <span class='ocrx_word' id='word_1_843' title='bbox 2442 4712 2636 4785; x_wconf 84' lang='lat' dir='ltr'><strong>eligam</strong></span> <span class='ocrx_word' id='word_1_844' title='bbox 2671 4712 2739 4769; x_wconf 88' lang='lat' dir='ltr'><strong>de</strong></span> <span class='ocrx_word' id='word_1_845' title='bbox 2773 4712 2946 4782; x_wconf 89' lang='lat' dir='ltr'><strong>vobis,</strong></span> <span class='ocrx_word' id='word_1_846' title='bbox 2982 4728 3094 4767; x_wconf 90' lang='lat' dir='ltr'><strong>non</strong></span> <span class='ocrx_word' id='word_1_847' title='bbox 3128 4711 3193 4767; x_wconf 89' lang='lat' dir='ltr'><strong>ad</strong></span> <span class='ocrx_word' id='word_1_848' title='bbox 3226 4709 3645 4783; x_wconf 83' lang='lat' dir='ltr'><strong>possidendum,</strong></span> <span class='ocrx_word' id='word_1_849' title='bbox 3670 4705 3762 4762; x_wconf 81' lang='lat' dir='ltr'><strong>sed</strong></span> <span class='ocrx_word' id='word_1_850' title='bbox 3795 4704 3867 4762; x_wconf 87' lang='lat' dir='ltr'><strong>ad</strong></span> 
     </span>
    </p>
   </div>
   <div class='ocr_carea' id='block_1_106' title="bbox 2258 4800 3867 4875">
    <p class='ocr_par' dir='ltr' id='par_1_106' title="bbox 2258 4800 3867 4875">
     <span class='ocr_line' id='line_1_106' title="bbox 2258 4800 3867 4875; baseline -0.005 -13"><span class='ocrx_word' id='word_1_851' title='bbox 2258 4805 2654 4875; x_wconf 85' lang='lat' dir='ltr'><strong>abjicieodum.</strong></span> <span class='ocrx_word' id='word_1_852' title='bbox 2684 4806 2754 4861; x_wconf 82' lang='lat' dir='ltr'><strong>Et</strong></span> <span class='ocrx_word' id='word_1_853' title='bbox 2791 4805 3018 4862; x_wconf 76' lang='lat' dir='ltr'><strong>educam</strong></span> <span class='ocrx_word' id='word_1_854' title='bbox 3057 4804 3273 4875; x_wconf 82' lang='lat' dir='ltr'><strong>quidem</strong></span> <span class='ocrx_word' id='word_1_855' title='bbox 3306 4818 3404 4860; x_wconf 88' lang='lat' dir='ltr'><strong>eos</strong></span> <span class='ocrx_word' id='word_1_856' title='bbox 3433 4803 3501 4858; x_wconf 86' lang='lat' dir='ltr'><strong>de</strong></span> <span class='ocrx_word' id='word_1_857' title='bbox 3530 4811 3679 4859; x_wconf 85' lang='lat' dir='ltr'><strong>terra</strong></span> <span class='ocrx_word' id='word_1_858' title='bbox 3708 4800 3867 4855; x_wconf 86' lang='lat' dir='ltr'><strong>inoo-</strong></span> 
     </span>
    </p>
   </div>
   <div class='ocr_carea' id='block_1_107' title="bbox 2260 4891 3865 4970">
    <p class='ocr_par' dir='ltr' id='par_1_107' title="bbox 2260 4891 3865 4970">
     <span class='ocr_line' id='line_1_107' title="bbox 2260 4891 3865 4970; baseline -0.006 -15"><span class='ocrx_word' id='word_1_859' title='bbox 2260 4899 2401 4955; x_wconf 91' lang='lat' dir='ltr'><strong>latus</strong></span> <span class='ocrx_word' id='word_1_860' title='bbox 2437 4915 2649 4963; x_wconf 86' lang='lat' dir='ltr'><strong>eorum,</strong></span> <span class='ocrx_word' id='word_1_861' title='bbox 2682 4907 2743 4953; x_wconf 88' lang='lat' dir='ltr'><strong>ut</strong></span> <span class='ocrx_word' id='word_1_862' title='bbox 2770 4899 2956 4955; x_wconf 89' lang='lat' dir='ltr'><strong>educti</strong></span> <span class='ocrx_word' id='word_1_863' title='bbox 2987 4914 3095 4954; x_wconf 92' lang='lat' dir='ltr'><strong>non</strong></span> <span class='ocrx_word' id='word_1_864' title='bbox 3138 4896 3517 4970; x_wconf 86' lang='lat' dir='ltr'><strong>ingrediantur</strong></span> <span class='ocrx_word' id='word_1_865' title='bbox 3542 4904 3748 4951; x_wconf 53' lang='lat' dir='ltr'><strong>tertiam</strong></span> <span class='ocrx_word' id='word_1_866' title='bbox 3775 4891 3865 4946; x_wconf 78' lang='lat' dir='ltr'><strong>ls-</strong></span> 
     </span>
    </p>
   </div>
   <div class='ocr_carea' id='block_1_108' title="bbox 2258 4988 3865 5068">
    <p class='ocr_par' dir='ltr' id='par_1_108' title="bbox 2258 4988 3865 5068">
     <span class='ocr_line' id='line_1_108' title="bbox 2258 4988 3865 5068; baseline -0.004 -17"><span class='ocrx_word' id='word_1_867' title='bbox 2258 4997 2406 5061; x_wconf 86' lang='lat' dir='ltr'><strong>rael;</strong></span> <span class='ocrx_word' id='word_1_868' title='bbox 2438 4993 2531 5050; x_wconf 90' lang='lat' dir='ltr'><strong>sed</strong></span> <span class='ocrx_word' id='word_1_869' title='bbox 2564 4994 2617 5049; x_wconf 91' lang='lat' dir='ltr'><strong>in</strong></span> <span class='ocrx_word' id='word_1_870' title='bbox 2646 4994 2879 5051; x_wconf 88' lang='lat' dir='ltr'><strong>diversis</strong></span> <span class='ocrx_word' id='word_1_871' title='bbox 2909 5002 3139 5068; x_wconf 88' lang='lat' dir='ltr'><strong>pereant</strong></span> <span class='ocrx_word' id='word_1_872' title='bbox 3161 4992 3473 5063; x_wconf 87' lang='lat' dir='ltr'><strong>regionibus</strong></span> <span class='ocrx_word' id='word_1_873' title='bbox 3507 5010 3517 5045; x_wconf 93' lang='lat'><strong>:</strong></span> <span class='ocrx_word' id='word_1_874' title='bbox 3553 4999 3606 5047; x_wconf 89' lang='lat' dir='ltr'><strong>et</strong></span> <span class='ocrx_word' id='word_1_875' title='bbox 3636 4988 3865 5044; x_wconf 80' lang='lat' dir='ltr'><strong>distinc-</strong></span> 
     </span>
    </p>
   </div>
   <div class='ocr_carea' id='block_1_109' title="bbox 2262 5083 3863 5158">
    <p class='ocr_par' dir='ltr' id='par_1_109' title="bbox 2262 5083 3863 5158">
     <span class='ocr_line' id='line_1_109' title="bbox 2262 5083 3863 5158; baseline -0.006 -15"><span class='ocrx_word' id='word_1_876' title='bbox 2262 5089 2411 5145; x_wconf 92' lang='lat' dir='ltr'><strong>tione</strong></span> <span class='ocrx_word' id='word_1_877' title='bbox 2453 5089 2717 5143; x_wconf 89' lang='lat' dir='ltr'><strong>bonorum</strong></span> <span class='ocrx_word' id='word_1_878' title='bbox 2758 5098 2811 5143; x_wconf 89' lang='lat' dir='ltr'><strong>et</strong></span> <span class='ocrx_word' id='word_1_879' title='bbox 2852 5089 3149 5153; x_wconf 90' lang='lat' dir='ltr'><strong>malorum,</strong></span> <span class='ocrx_word' id='word_1_880' title='bbox 3195 5084 3544 5158; x_wconf 78' lang='lat' dir='ltr'><strong>cognoscatis</strong></span> <span class='ocrx_word' id='word_1_881' title='bbox 3582 5083 3711 5154; x_wconf 82' lang='lat' dir='ltr'><strong>quia</strong></span> <span class='ocrx_word' id='word_1_882' title='bbox 3754 5096 3863 5151; x_wconf 78' lang='lat' dir='ltr'><strong>ego</strong></span> 
     </span>
    </p>
   </div>
   <div class='ocr_carea' id='block_1_110' title="bbox 2260 5176 3862 5252">
    <p class='ocr_par' dir='ltr' id='par_1_110' title="bbox 2260 5176 3862 5252">
     <span class='ocr_line' id='line_1_110' title="bbox 2260 5176 3862 5252; baseline -0.006 -14"><span class='ocrx_word' id='word_1_883' title='bbox 2260 5198 2381 5239; x_wconf 88' lang='lat' dir='ltr'><strong>sum</strong></span> <span class='ocrx_word' id='word_1_884' title='bbox 2414 5185 2697 5248; x_wconf 81' lang='lat' dir='ltr'><strong>Dominus,</strong></span> <span class='ocrx_word' id='word_1_885' title='bbox 2730 5182 2825 5252; x_wconf 79' lang='lat' dir='ltr'><strong>qui</strong></span> <span class='ocrx_word' id='word_1_886' title='bbox 2856 5182 2996 5238; x_wconf 82' lang='lat' dir='ltr'><strong>iacio</strong></span> <span class='ocrx_word' id='word_1_887' title='bbox 3038 5191 3237 5237; x_wconf 85' lang='lat' dir='ltr'><strong>cuncta</strong></span> <span class='ocrx_word' id='word_1_888' title='bbox 3265 5180 3499 5251; x_wconf 76' lang='lat' dir='ltr'><strong>judicio.</strong></span> <span class='ocrx_word' id='word_1_889' title='bbox 3530 5178 3611 5233; x_wconf 76' lang='lat' dir='ltr'><strong>Ad</strong></span> <span class='ocrx_word' id='word_1_890' title='bbox 3650 5176 3862 5244; x_wconf 59' lang='lat' dir='ltr'><strong>reliqua</strong></span> 
     </span>
    </p>
   </div>
   <div class='ocr_carea' id='block_1_111' title="bbox 2256 5270 3863 5346">
    <p class='ocr_par' dir='ltr' id='par_1_111' title="bbox 2256 5270 3863 5346">
     <span class='ocr_line' id='line_1_111' title="bbox 2256 5270 3863 5346; baseline -0.006 -14"><span class='ocrx_word' id='word_1_891' title='bbox 2256 5276 2475 5332; x_wconf 75' lang='lat' dir='ltr'><strong>festinat</strong></span> <span class='ocrx_word' id='word_1_892' title='bbox 2506 5276 2703 5343; x_wconf 84' lang='lat' dir='ltr'><strong>oratio,</strong></span> <span class='ocrx_word' id='word_1_893' title='bbox 2746 5275 3093 5346; x_wconf 87' lang='lat' dir='ltr'><strong>breviterque</strong></span> <span class='ocrx_word' id='word_1_894' title='bbox 3125 5274 3497 5345; x_wconf 85' lang='lat' dir='ltr'><strong>pereurrimus</strong></span> <span class='ocrx_word' id='word_1_895' title='bbox 3526 5270 3762 5344; x_wconf 84' lang='lat' dir='ltr'><strong>singula,</strong></span> <span class='ocrx_word' id='word_1_896' title='bbox 3802 5275 3863 5324; x_wconf 90' lang='lat' dir='ltr'><strong>ut</strong></span> 
     </span>
    </p>
   </div>
   <div class='ocr_carea' id='block_1_112' title="bbox 2255 5368 3449 5440">
    <p class='ocr_par' dir='ltr' id='par_1_112' title="bbox 2255 5368 3449 5440">
     <span class='ocr_line' id='line_1_112' title="bbox 2255 5368 3449 5440; baseline -0.003 -15"><span class='ocrx_word' id='word_1_897' title='bbox 2255 5384 2480 5425; x_wconf 85' lang='lat' dir='ltr'><strong>sensum</strong></span> <span class='ocrx_word' id='word_1_898' title='bbox 2514 5380 2719 5425; x_wconf 86' lang='lat' dir='ltr'><strong>tantum</strong></span> <span class='ocrx_word' id='word_1_899' title='bbox 2750 5369 3058 5440; x_wconf 82' lang='lat' dir='ltr'><strong>legentibus</strong></span> <span class='ocrx_word' id='word_1_900' title='bbox 3082 5368 3449 5439; x_wconf 65' lang='lat' dir='ltr'><strong>praebeamus.</strong></span> 
     </span>
    </p>
   </div>
   <div class='ocr_carea' id='block_1_113' title="bbox 2330 5456 3860 5537">
    <p class='ocr_par' dir='ltr' id='par_1_113' title="bbox 2330 5456 3860 5537">
     <span class='ocr_line' id='line_1_113' title="bbox 2330 5456 3860 5537; baseline -0.007 -18"><span class='ocrx_word' id='word_1_901' title='bbox 2330 5466 2509 5536; x_wconf 78' lang='lat' dir='ltr'><strong>(Vere.</strong></span> <span class='ocrx_word' id='word_1_902' title='bbox 2533 5464 2651 5537; x_wconf 78' lang='lat'><strong>&#39;59.)</strong></span> <span class='ocrx_word' id='word_1_903' title='bbox 2687 5464 2750 5519; x_wconf 82' lang='lat' dir='ltr'><strong>Et</strong></span> <span class='ocrx_word' id='word_1_904' title='bbox 2768 5482 2875 5531; x_wconf 74' lang='lat' dir='ltr'><strong>ros,</strong></span> <span class='ocrx_word' id='word_1_905' title='bbox 2904 5467 3087 5518; x_wconf 80' lang='lat' dir='ltr'><strong>domas</strong></span> <span class='ocrx_word' id='word_1_906' title='bbox 3109 5462 3301 5528; x_wconf 87' lang='lat' dir='ltr'><strong>Israel,</strong></span> <span class='ocrx_word' id='word_1_907' title='bbox 3328 5460 3578 5515; x_wconf 75' lang='lat' dir='ltr'><strong>Iiwcds&#39;a&#39;t</strong></span> <span class='ocrx_word' id='word_1_908' title='bbox 3604 5456 3860 5511; x_wconf 61' lang='lat' dir='ltr'><strong>Dominis</strong></span> 
     </span>
    </p>
   </div>
   <div class='ocr_carea' id='block_1_114' title="bbox 2255 5550 3854 5633">
    <p class='ocr_par' dir='ltr' id='par_1_114' title="bbox 2255 5550 3854 5633">
     <span class='ocr_line' id='line_1_114' title="bbox 2255 5550 3854 5633; baseline -0.004 -22"><span class='ocrx_word' id='word_1_909' title='bbox 2255 5556 2393 5614; x_wconf 85' lang='lat' dir='ltr'><strong>Deus</strong></span> <span class='ocrx_word' id='word_1_910' title='bbox 2418 5576 2436 5615; x_wconf 91' lang='lat'><em>:</em></span> <span class='ocrx_word' id='word_1_911' title='bbox 2462 5560 2653 5633; x_wconf 78' lang='lat' dir='ltr'><strong>singuli</strong></span> <span class='ocrx_word' id='word_1_912' title='bbox 2682 5569 2795 5631; x_wconf 85' lang='lat' dir='ltr'><strong>post</strong></span> <span class='ocrx_word' id='word_1_913' title='bbox 2816 5559 2959 5615; x_wconf 87' lang='lat' dir='ltr'><strong>idola</strong></span> <span class='ocrx_word' id='word_1_914' title='bbox 2980 5569 3144 5614; x_wconf 80' lang='lat' dir='ltr'><strong>vestra</strong></span> <span class='ocrx_word' id='word_1_915' title='bbox 3167 5555 3451 5625; x_wconf 81' lang='lat' dir='ltr'><strong>ambulate,</strong></span> <span class='ocrx_word' id='word_1_916' title='bbox 3485 5564 3530 5610; x_wconf 87' lang='lat' dir='ltr'><strong>et</strong></span> <span class='ocrx_word' id='word_1_917' title='bbox 3548 5553 3732 5609; x_wconf 75' lang='lat' dir='ltr'><strong>servile</strong></span> <span class='ocrx_word' id='word_1_918' title='bbox 3761 5550 3854 5605; x_wconf 88' lang='lat' dir='ltr'><strong>eis.</strong></span> 
     </span>
    </p>
   </div>
   <div class='ocr_carea' id='block_1_115' title="bbox 2254 5706 3852 5839">
    <p class='ocr_par' dir='ltr' id='par_1_115' title="bbox 2254 5706 3852 5839">
     <span class='ocr_line' id='line_1_115' title="bbox 2254 5706 3852 5839; baseline 0.004 -16"><span class='ocrx_word' id='word_1_919' title='bbox 2254 5706 2551 5825; x_wconf 46' lang='lat' dir='ltr'><strong>&quot;iungit</strong></span> <span class='ocrx_word' id='word_1_920' title='bbox 2581 5770 2787 5825; x_wconf 81' lang='lat' dir='ltr'><strong>Victor.</strong></span> <span class='ocrx_word' id='word_1_921' title='bbox 2818 5780 3032 5839; x_wconf 84' lang='lat' dir='ltr'><strong>vestros,</strong></span> <span class='ocrx_word' id='word_1_922' title='bbox 3062 5779 3119 5826; x_wconf 83' lang='lat' dir='ltr'><strong>et</strong></span> <span class='ocrx_word' id='word_1_923' title='bbox 3162 5769 3218 5825; x_wconf 90' lang='lat' dir='ltr'><strong>in</strong></span> <span class='ocrx_word' id='word_1_924' title='bbox 3251 5768 3507 5826; x_wconf 81' lang='lat' dir='ltr'><strong>versiculi</strong></span> <span class='ocrx_word' id='word_1_925' title='bbox 3553 5768 3660 5825; x_wconf 86' lang='lat' dir='ltr'><strong>line</strong></span> <span class='ocrx_word' id='word_1_926' title='bbox 3688 5760 3852 5830; x_wconf 67' lang='grc' dir='ltr'><strong>υσεδ,</strong></span> 
     </span>
    </p>
   </div>
   <div class='ocr_carea' id='block_1_116' title="bbox 2254 5840 2987 5914">
    <p class='ocr_par' dir='ltr' id='par_1_116' title="bbox 2254 5840 2987 5914">
     <span class='ocr_line' id='line_1_116' title="bbox 2254 5840 2987 5914; baseline -0.004 -14"><span class='ocrx_word' id='word_1_927' title='bbox 2254 5856 2324 5900; x_wconf 79' lang='lat' dir='ltr'><strong>ex</strong></span> <span class='ocrx_word' id='word_1_928' title='bbox 2351 5842 2583 5914; x_wconf 74' lang='lat' dir='ltr'><strong>Vulgata</strong></span> <span class='ocrx_word' id='word_1_929' title='bbox 2611 5852 2667 5900; x_wconf 81' lang='lat' dir='ltr'><strong>et</strong></span> <span class='ocrx_word' id='word_1_930' title='bbox 2692 5840 2987 5901; x_wconf 77' lang='lat' dir='ltr'><strong>ﬂebraico.</strong></span> 
     </span>
    </p>
   </div>
  </div>
