4038 6328
30 240 35 249 γ

184 272 272 330 I91
837 261 1501 322 COMMENTARIORUM
1540 259 1606 317 IN
1648 256 2086 317 EZECHIELEM
2126 255 2256 313 LIB.
2300 256 2391 324 VI,
2433 255 2588 312 CAP.
2632 254 2755 311 XX.

3366 256 3471 313 {98

186 386 312 453 Quod
345 382 389 437 si
427 390 472 437 et
500 383 557 437 in
592 383 689 436 hoc
724 399 828 437 non
859 382 1128 437 audieritis
1172 398 1273 447 me,
1303 390 1349 434 et
1376 397 1558 435 nomen
1603 395 1765 432 meum
1797 392 1839 449 Α
1870 374 2088 430 ascende
2108 375 2199 446 qui
2219 376 2499 429 annuntias
2525 374 2656 428 Sion
2680 391 2696 426 :
2719 374 2857 428 olera
2878 383 2924 427 et
2942 372 3113 428 exalto
3136 388 3306 427 roccm
3334 383 3476 426 tuam

180 490 390 534 saeuum
432 478 731 548 pollueritis
776 480 917 531 ultra
956 480 1009 530 in
1056 476 1351 531 muneribus
1397 474 1595 540 rostris,
1630 483 1678 528 et
1713 472 1766 526 in

182 572 311 624 idolis
350 572 555 624 i-estris.
590 570 778 624 LXX:
812 568 881 623 Et
910 586 1017 634 ros,
1046 570 1233 622 domus
1270 564 1458 637 Israel,
1493 568 1601 620 haec
1645 564 1768 619 dicit

179 666 354 718 Adonai
393 662 648 717 Dominus
688 682 704 717 :
738 662 1100 733 Unusquisque
1121 662 1507 715 adinrentiones
1530 676 1649 714 suas
1674 675 1770 713 au-

182 764 321 831 ferat:
340 769 392 812 et
416 771 536 829 post
561 756 675 812 ἡαπ
704 760 750 811 si
773 774 860 812 vos
890 758 1162 811 audieritis
1185 772 1285 822 me,
1314 764 1361 810 et
1390 772 1572 810 nomen
1600 770 1770 808 meum

179 866 395 907 metum
427 868 537 906 non
565 852 860 920 pollueritis
885 850 1025 904 ultra
1066 851 1119 904 in
1150 849 1447 903 muneribus
1498 850 1696 915 vestris,
1725 857 1774 902 et

180 948 219 1000 in
252 946 436 999 studiis
466 947 676 1001 uestris.
711 946 864 1000 lquc
904 945 1084 1000 locum
1115 944 1460 998 uiatiifestius
1491 942 1770 1010 interpre-

180 1050 298 1093 tatus
318 1048 407 1093 est
437 1038 806 1110 Symmachus
841 1055 854 1091 :
892 1037 1258 1107 Unusquisque
1286 1036 1441 1090 idolis
1468 1036 1574 1091 suis
1598 1045 1774 1088 euntes

178 1133 356 1197 semita,
385 1132 519 1201 quia
541 1132 784 1191 noluistis
805 1132 987 1186 audire
1017 1148 1094 1185 me
1120 1147 1139 1185 :
1182 1147 1373 1185 nomen
1402 1141 1579 1184 autem
1607 1145 1773 1183 meum

177 1237 394 1279 sanctum
424 1226 591 1279 nolite
620 1226 760 1279 ultra
787 1226 1021 1295 polluere
1052 1240 1140 1294 per
1183 1240 1402 1278 munera
1428 1234 1596 1279 vestra
1622 1235 1776 1292 atque

176 1316 461 1372 simulacra.
499 1316 569 1371 In
595 1326 768 1371 monte
797 1334 912 1372 vero
933 1326 1111 1371 sancto
1132 1332 1265 1380 meo,
1298 1316 1351 1370 in
1381 1326 1555 1370 monte
1580 1316 1775 1369 excelso

178 1409 349 1478 Israel,
374 1412 453 1464 ait
490 1410 749 1465 Dominus
772 1410 935 1476 Deus,
966 1410 1035 1464 ibi
1053 1410 1236 1464 serviet
1259 1410 1384 1464 milii
1412 1410 1579 1464 omnis
1593 1410 1777 1463 domus

178 1502 349 1557 Israel.
411 1503 732 1574 Symmachi
783 1503 1075 1558 translatio
1105 1504 1251 1557 hunc
1301 1502 1466 1561 habet
1512 1517 1772 1558 sensum:

177 1596 291 1663 Quia
320 1597 463 1650 mihi
496 1595 712 1652 servire
744 1612 849 1652 non
891 1596 1071 1661 vultis,
1100 1596 1176 1651 ite
1198 1603 1254 1651 et
1275 1597 1479 1651 servile
1505 1596 1688 1655 idolis.
1725 1603 1779 1649 et

180 1690 585 1746 simulacrorum
633 1704 939 1746 vestrorum
979 1691 1191 1748 calcate
1227 1690 1475 1762 vestigia.
1516 1690 1601 1745 Me
1630 1688 1776 1746 enim

1870 469 1959 537 qui
2002 470 2323 538 evangelizas
2368 466 2663 521 Jerusalem
2714 464 2846 535 (Isa.
2881 472 2991 533 XL).
3033 466 3202 533 Quem
3239 476 3477 519 montem

1873 559 2028 629 Sion,
2070 572 2160 614 aut
2193 560 2493 615 Ecclesium
2546 559 2896 629 intelligimus
2938 559 3101 630 238
3146 573 3269 628 qua:
3314 559 3481 612 liuer-

1872 664 2121 724 pretatur
2154 652 2385 720 specula,
2421 663 2473 707 et
2500 654 2552 706 in
2579 652 2871 707 altitudine
2898 665 3212 706 sanctorum
3249 652 3477 723 dogma-

1878 759 1988 805 tmn
2038 751 2339 805 constituta
2374 759 2458 804 cst
2491 767 2503 801 :
2537 748 2837 818 autipsum
2890 748 3177 803 Dominum
3234 746 3485 803 8:than-

1876 858 2028 906 rem,
2060 842 2115 897 in
2144 857 2252 912 quo
2283 852 2339 896 et
2369 840 2647 911 primitur,
2688 850 2743 894 et
2775 840 3023 906 decimze,
3056 849 3111 894 et
3159 840 3338 893 omnis
3370 841 3486 894 col-

1879 946 1997 991 tura
2021 935 2074 990 in
2095 935 2330 990 odorem
2357 936 2594 989 vertitur
2617 934 2905 989 suavitatis
2939 950 2952 986 :
2988 943 3045 987 ut
3067 946 3261 987 omnes
3292 932 3344 986 iu
3374 932 3481 987 cir-

1877 1031 2024 1087 cuitu
2054 1031 2307 1086 ttatioocs
2339 1028 2589 1084 videntes
2615 1029 2874 1100 populum
2905 1027 3124 1083 Domini
3146 1042 3271 1083 esse
3303 1027 3485 1081 salva-

1876 1132 2013 1191 tum,
2057 1125 2359 1197 glorificent
2406 1122 2598 1190 Deum,
2655 1132 2709 1178 et
2753 1131 3087 1193 cognoscant
3142 1122 3234 1193 qui
3285 1120 3485 1176 satvati

1878 1216 2113 1283 fuerint,
2147 1220 2289 1287 quod
2325 1217 2443 1287 ipse
2473 1217 2547 1271 sit
2575 1216 2860 1271 Dominus.

1953 1311 2137 1384 (Vers.
2166 1310 2285 1382 42.)
2313 1309 2441 1364 Cum
2472 1310 2728 1365 induxero
2760 1327 2845 1365 vos
2871 1310 2939 1364 ad
2967 1319 3159 1365 terram
3198 1307 3368 1364 Israel
3397 1325 3412 1362 :
3437 1308 3489 1362 in

1879 1416 2070 1462 terram
2115 1423 2207 1478 pro
2261 1424 2365 1477 qua
2414 1407 2573 1461 levavi
2604 1423 2812 1460 manum
2856 1423 3056 1471 meam,
3090 1415 3140 1459 ut
3172 1407 3347 1459 darem
3376 1420 3488 1458 cam

1881 1498 2114 1571 patribus
2146 1501 2345 1555 vestris.
2376 1500 2528 1556 Tunc
2548 1502 2737 1557 scietis
2757 1500 2902 1572 quod
2933 1516 3035 1570 ego
3058 1501 3159 1554 sim
3205 1501 3487 1570 Dominus,

1881 1593 2097 1665 quando
2125 1592 2415 1660 induxero,
2449 1595 2546 1661 ait,
2581 1610 2677 1649 vos
2707 1596 2759 1650 in
2805 1606 3005 1649 terram
3038 1594 3228 1662 Israel,
3260 1611 3357 1665 pro
3386 1612 3490 1665 qua

1883 1685 2060 1740 levati
2106 1701 2322 1741 manum
2374 1701 2571 1752 meum,
2598 1696 2656 1740 ut
2696 1686 3007 1741 inducerem
3047 1687 3099 1742 iu
3147 1702 3266 1741 eam
3310 1698 3493 1756 patres

179 1785 353 1841 audire
385 1802 499 1839 non
535 1785 722 1850 vultis,
757 1795 818 1841 ut
861 1801 1204 1856 nequaquam
1251 1786 1385 1840 mihi
1428 1786 1637 1840 hostias
1677 1786 1779 1841 im-
1811 1811 1855 1869 Β
1882 1793 2128 1850 vestros,
2157 1797 2319 1851 quam
2349 1781 2423 1835 illi
2455 1796 2555 1837 suo
2603 1780 2733 1837 vitio
2765 1781 3153 1852 perdiderunt,
3185 1792 3240 1836 et
3268 1798 3362 1835 vos
3385 1797 3493 1836 non

179 1879 414 1943 moletis,
468 1879 634 1951 237
678 1894 775 1934 nec
812 1879 1077 1935 adoleatis
1119 1881 1424 1946 incensum,
1474 1895 1579 1935 nec
1626 1893 1777 1934 meus

179 1972 408 2040 ροριιιιις
439 1972 815 2040 appellemini.
842 1970 971 2025 Mihi
995 1970 1142 2027 etaim
1171 1987 1511 2042 nequaquam
1537 1971 1587 2025 in
1620 1970 1777 2036 locis,

179 2074 227 2118 et
265 2064 432 2129 lanis,
467 2072 527 2118 et
558 2063 829 2118 idolorum
878 2064 1015 2119 locis
1067 2064 1310 2119 servient
1357 2066 1601 2120 cultores
1649 2064 1781 2132 mei,

179 2158 312 2228 quod
332 2174 433 2211 vos
457 2158 645 2213 facitis
672 2176 686 2212 :
718 2159 816 2213 sed
846 2160 897 2213 in
924 2169 1108 2213 monte
1134 2169 1324 2214 sancto
1351 2176 1494 2227 meo,
1523 2160 1577 2214 in
1600 2170 1785 2215 mente

181 2250 396 2305 excelso
421 2250 617 2305 Israel.
634 2250 808 2305 Porro
824 2252 1173 2322 Septuaginta
1204 2254 1486 2323 prOprium
1508 2254 1789 2323 explicant

181 2358 422 2397 sensum.
466 2344 847 2414 Derelinquite
876 2347 1238 2416 cogitationes
1264 2359 1479 2403 vestras
1508 2348 1786 2417 pristinas,

182 2448 231 2489 et
279 2438 552 2491 malarum
602 2438 1055 2492 adinventionum
1087 2438 1295 2495 auferte
1340 2451 1559 2510 peccata
1604 2449 1704 2496 :et
1743 2439 1791 2495 si

184 2542 301 2598 post
333 2532 455 2586 haec
497 2531 792 2587 audieritis
838 2548 948 2600 me,
982 2542 1041 2588 et
1069 2549 1268 2589 nomen
1299 2550 1479 2588 meum
1519 2551 1628 2589 non
1676 2535 1795 2604 pol—

183 2623 393 2678 Iucritis
416 2625 472 2679 in
509 2625 830 2680 muneribus
856 2628 1055 2681 vestris
1084 2634 1251 2696 atque
1278 2626 1589 2682 simulacris
1616 2646 1629 2681 :
1666 2635 1794 2683 tunc

186 2721 239 2774 in
272 2730 461 2773 monte
487 2734 613 2775 meo
643 2728 834 2775 sancto
864 2720 1115 2775 olferetis
1137 2721 1270 2775 mibi
1296 2720 1568 2785 victimas,
1598 2730 1652 2777 et
1682 2737 1799 2777 scr-

188 2815 367 2880 \ietis,
389 2829 424 2869 0
447 2816 635 2869 omnis
662 2814 858 2869 donius
888 2815 1074 2870 Israel.
1102 2815 1298 2886 Aquila
1322 2830 1451 2870 vero
1464 2814 1798 2886 Symmacho

189 2922 257 2961 ex
282 2920 439 2975 parte
462 2910 844 2975 consentiens,
867 2907 922 2963 in
948 2918 1102 2977 parte
1126 2908 1440 2964 discordat:
1469 2908 1568 2977 Ite,
1600 2910 1797 2979 inquit,

192 3012 305 3066 post
327 3001 474 3054 idola
505 3010 693 3065 uestra,
726 3010 773 3055 et
792 3002 975 3056 servile
996 3002 1091 3066 eis,
1121 3000 1247 3070 quia
1276 3000 1485 3071 indigni
1511 3000 1648 3056 estis
1680 3016 1804 3056 meo

194 3098 447 3167 imperio,
492 3113 597 3153 nec
636 3115 722 3153 me
749 3111 927 3154 veswa
954 3100 1166 3155 cultura
1195 3101 1450 3157 delectat.
1493 3102 1646 3169 Quod
1674 3104 1718 3156 si
1749 3111 1805 3158 et

1886 1883 1993 1929 tam
2035 1884 2215 1929 vestro
2257 1876 2475 1940 merito,
2508 1890 2670 1945 quam
2706 1892 2822 1931 utea
2855 1876 3148 1930 clementia
3184 1875 3489 1944 recepisds.

1955 1966 2137 2038 (Vers.
2152 1968 2244 2036 45,
2261 1968 2378 2038 44.)
2400 1968 2464 2022 Et
2488 1968 3081 2041 recordabiminih’ulg.
3100 1969 3381 2024 interserit
3402 1966 3493 2038 ibi]

1886 2060 2091 2114 viarum
2122 2069 2429 2127 uestrarum,
2461 2054 2767 2117 “omnium
2789 2066 3037 2116 scelerum
3058 2071 3363 2128 vestrorum,
3392 2064 3502 2131 qui-

1888 2152 1982 2207 bus
2009 2154 2197 2223 polluti
2218 2156 2341 2208 estis
2366 2156 2416 2209 in
2436 2155 2508 2209 eis
2531 2172 2550 2209 :
2571 2166 2615 2209 et
2634 2154 2970 2228 displicebitis
2987 2158 3126 2211 vobis
3148 2158 3202 2210 in
3225 2169 3501 2226 conspectu

1891 2247 2137 2317 restrain
2160 2246 2395 2301 omnibus
2417 2249 2630 2303 malitiis
2658 2250 2840 2304 uestris
2866 2266 2997 2320 quas
3031 2250 3308 2320 fecistis,“
3329 2250 3499 2304 scietis

1894 2341 2020 2410 quia
2044 2355 2138 2410 ego
2164 2338 2438 2408 Dominus,
2462 2359 2579 2395 cum
2601 2343 2896 2413 benefacero
2926 2344 3065 2397 vobis
3088 2354 3298 2414 propter
3320 2359 3502 2397 nomen

1894 2447 2066 2486 meum
2094 2449 2113 2486 :
2141 2450 2244 2487 non
2262 2434 2549 2488 secundum
2578 2436 2689 2488 vias
2712 2447 2905 2491 vestras
2928 2437 3117 2506 malas,
3145 2449 3192 2491 et
3220 2436 3503 2492 secundum

1892 2527 2088 2580 scelera
2101 2538 2267 2581 vestra
2281 2529 2507 2598 pessima
2527 2526 2709 2583 domus
2734 2527 2929 2598 Israel,
2953 2535 3024 2582 ait
3050 2529 3305 2585 Dominus
3339 2528 3498 2584 Deus.

1896 2617 2013 2675 Non
2047 2636 2340 2689 possumus
2368 2622 2648 2676 recordari
2695 2622 2965 2677 scelerum
3006 2634 3316 2678 nostrorum
3347 2636 3508 2691 atque

1902 2719 2180 2785 vitiorum,
2210 2719 2314 2774 nisi
2345 2719 2550 2775 indueti
2579 2720 2843 2779 iuerimus
2876 2722 2927 2777 in
2962 2732 3162 2777 terram
3187 2722 3377 2786 Israel,
3404 2720 3507 2775 ibi-

1901 2828 2009 2884 que
2032 2816 2191 2884 positi
2218 2815 2463 2872 dicamus
2489 2830 2611 2873 cum
2658 2817 2921 2887 Apostolo
2957 2834 2970 2871 :
2999 2816 3099 2882 Qui
3132 2833 3233 2870 non
3282 2832 3393 2869 sunt
3423 2814 3504 2867 tli-

1901 2925 2034 2981 gnus
2059 2909 2234 2962 uocari
2265 2908 2564 2977 Apostolus,
2592 2909 2715 2979 quia
2741 2922 3037 2978 persecutus
3054 2926 3167 2964 sunt
3191 2927 3202 2962 :
3226 2907 3508 2963 Ecclesiam

1907 3000 2005 3056 Dei
2036 3002 2078 3075 (Ι
2111 3001 2232 3057 Cor.
2264 3018 2354 3070 xv,
2386 3002 2467 3072 9).
2504 3003 2570 3057 Et
2592 3003 2969 3072 displicebitis,
2997 3006 3094 3071 ait,
3122 3004 3279 3059 vobis
3307 3004 3358 3058 in
3383 3018 3514 3058 eon-

1907 3106 2100 3166 spectu
2126 3105 2311 3151 vestro
2352 3097 2404 3152 in
2448 3096 2699 3152 omnibus
2734 3098 2957 3152 tnalitiis
2991 3099 3183 3153 vestris
3213 3113 3349 3168 quas
3380 3098 3513 3151 ieci-

196 3193 248 3247 in
272 3192 377 3246 hoc
404 3208 753 3264 nequaquam
772 3193 1060 3249 audieritis
1081 3208 1189 3258 me,
1215 3194 1308 3249 sed
1330 3211 1531 3249 nomen
1548 3207 1799 3251 sanctum
1833 3213 1877 3275 ρ
1906 3194 2030 3248 Stis.
2060 3192 2188 3248 Sive
2214 3204 2271 3247 ut
2298 3194 2688 3262 interpretatus
2713 3204 2794 3248 est
2820 3194 3207 3265 Symmachus.
3226 3192 3293 3246 Et
3315 3190 3517 3263 parvuli

198 3301 375 3341 meum
426 3286 753 3357 pollueritis,
784 3287 915 3343 dum
958 3288 1090 3343 mihi
1132 3288 1333 3344 oﬂ‘erre
1364 3290 1640 3344 simulatis
1681 3305 1803 3359 qua:

198 3378 408 3433 odertis
450 3378 639 3443 idolis,
670 3386 730 3433 et
770 3380 975 3433 nomini
1005 3395 1128 3435 meo
1160 3390 1370 3435 tantum
1403 3381 1802 3451 blasphemiam

201 3467 397 3535 facitis,
433 3480 493 3523 ut
514 3473 606 3539 qui
640 3469 910 3524 idolorum
938 3471 1184 3527 cultores
1203 3474 1358 3537 estis,
1387 3488 1537 3527 meos
1566 3487 1660 3527 vos
1681 3488 1807 3527 esse

198 3560 427 3625 dicatis;
460 3563 567 3617 hoc
595 3563 814 3630 scitote,
840 3563 987 3634 quod
1018 3565 1072 3619 iu
1121 3576 1311 3619 nionte
1337 3574 1530 3621 sancto
1561 3580 1704 3631 meo,
1752 3567 1807 3620 in

202 3666 385 3710 nolite
429 3657 657 3711 excelso
698 3656 892 3722 Israel,
935 3657 1003 3711 ibi
1047 3658 1315 3712 servitura
1358 3659 1427 3712 sit
1456 3659 1589 3712 mihi
1631 3660 1809 3714 omnis

202 3748 393 3803 dotatis
422 3749 622 3817 Israel,
650 3764 761 3804 non
787 3766 879 3805 vos
910 3751 1000 3821 qui
1032 3751 1251 3806 servitis
1281 3752 1442 3807 idolis
1466 3772 1480 3808 :
1511 3752 1606 3808 sed
1630 3754 1811 3815 omnis

201 3843 393 3898 domus
422 3843 595 3899 Israel
620 3860 741 3914 qua:
771 3856 961 3915 posma
990 3846 1270 3900 creditura
1289 3855 1395 3899 est.

273 3938 469 4008 (Vera.
516 3939 610 4002 40,
639 3936 758 4008 Η.)
787 3937 852 3991 In
902 3951 1222 3995 monturero
1264 3941 1457 4013 [Vulg.
1500 3942 1624 3997 silet
1668 3942 1809 4014 vero]

201 4039 380 4084 saneto
406 4046 544 4095 meo,
566 4032 620 4083 in
636 4040 809 4085 monte
826 4034 1029 4087 excelso
1047 4031 1243 4098 Israel,
1264 4036 1340 4088 ait
1358 4033 1614 4090 Dominus
1635 4034 1774 4091 Deus
1795 4052 1814 4090 :

202 4124 269 4177 ibi
292 4125 481 4177 seruiet
520 4124 647 4177 mihi
676 4125 845 4179 omnis
875 4125 1058 4180 domus
1081 4124 1252 4181 Israel
1274 4143 1294 4181 :
1324 4145 1500 4183 omnes
1522 4129 1733 4199 inquam
1760 4131 1816 4184 in

204 4223 339 4271 terra
366 4220 419 4271 in
442 4234 547 4287 qua
591 4218 864 4286 placebunt
904 4220 1055 4285 mihi,
1099 4230 1147 4275 et
1175 4220 1247 4274 ibi
1274 4224 1536 4292 requirant
1558 4224 1817 4294 primitias

205 4323 422 4378 uestras,
450 4322 504 4369 et
541 4314 746 4368 initium
786 4314 1105 4369 decimarum
1152 4326 1461 4382 vestrarum,
1491 4319 1545 4371 in
1585 4318 1819 4373 omnibus

205 4406 710 4475 sanctiﬁcatiouibus
741 4408 939 4472 vestris,
971 4408 1024 4461 in
1054 4408 1215 4462 odore
1241 4409 1511 4464 suauitatis
1533 4411 1819 4480 suscipiam

182 4506 314 4565 'ros,
347 4516 475 4553 cum
502 4501 733 4555 eduxere
775 4518 861 4557 ros
889 4500 954 4556 de
984 4502 1227 4573 populis,
1260 4512 1306 4556 et
1334 4520 1713 4576 congregatum
1757 4508 1821 4560 de

1908 3288 2046 3342 vobis
2084 3286 2381 3345 videbimini
2438 3297 2647 3359 propter
2691 3304 2867 3342 omnes
2918 3288 3145 3342 malitias
3168 3296 3362 3341 uestras
3389 3303 3518 3355 quas

1904 3380 2026 3435 estis
2054 3381 2248 3451 operati
2268 3380 2483 3450 (Jacob.
2520 3379 2626 3451 tv),
2657 3389 2716 3436 ut
2743 3389 3032 3451 postquam
3065 3380 3265 3435 excelsi
3294 3380 3517 3447 fuerint,

1911 3474 2146 3529 humiles
2174 3489 2235 3527 sc
2261 3488 2385 3529 esse
2431 3474 2697 3532 credant:
2751 3475 2878 3545 quia
2929 3474 3190 3529 Dominus
3222 3472 3520 3528 humilibus

1911 3568 2005 3622 dat
2031 3567 2278 3636 gratiam.
2314 3567 2380 3621 Et
2406 3569 2456 3622 in
2490 3567 2599 3623 alio
2626 3568 2747 3622 loco
2777 3569 3043 3639 scriptum
3077 3578 3160 3622 est
3191 3584 3204 3621 ;
3239 3566 3371 3621 Ante
3397 3583 3518 3620 con-

1913 3662 2171 3716 tritionem
2194 3669 2219 3697 ³
2245 3660 2562 3715 exaltabitur
2597 3678 2685 3715 cor
2715 3663 2830 3727 viri,
2854 3673 2903 3715 et
2923 3673 3045 3715 ante
3066 3661 3391 3714 altitudinem
3425 3660 3523 3713 Itu—

1915 3753 2360 3823 iniliaturU’ror.
2392 3770 2548 3819 XVIII,
2577 3755 2691 3825 i2).
2725 3756 3048 3825 Superbiam
3072 3756 3216 3810 cnim
3240 3753 3521 3821 contritio,

1917 3856 1971 3904 et
1998 3847 2360 3903 humilitatem
2386 3850 2637 3919 sequitur
2656 3851 2941 3906 esaltatio.
2968 3851 3036 3905 Et
3060 3851 3248 3905 scietis
3276 3850 3399 3921 quia
3422 3862 3525 3921 ego

1922 3939 2215 4007 Dominus,
2247 3956 2369 3996 cum
2421 3942 2751 4000 benelecero
2781 3945 2957 4001 vobis.
2990 3945 3059 4000 Et
3088 3944 3376 4000 Dominum
3406 3944 3529 4000 Sal-

1920 4042 2164 4089 vatorem
2207 4042 2339 4089 tunc
2388 4038 2562 4106 magis
2594 4040 2970 4109 cognovimus,
3006 4040 3224 4109 quando
3258 4036 3530 4093 benefecit

1919 4128 2102 4194 nobis,
2132 4138 2189 4184 et
2218 4145 2414 4201 passus
2445 4142 2528 4187 est
2564 4148 2662 4203 pro
2693 4136 2928 4203 peccatis
2956 4135 3184 4203 nostris,
3217 4143 3269 4189 ct
3296 4132 3535 4204 portavit

1922 4222 2241 4293 iniquitates
2268 4237 2508 4292 nostras,
2540 4235 2597 4281 et
2622 4242 2722 4297 pro
2751 4228 2908 4283 nobis
2931 4229 3130 4292 doluit;
3164 4244 3270 4283 non
3302 4242 3403 4297 pro
3436 4226 3532 4280 ali-

1923 4332 2032 4387 quo
2056 4320 2254 4375 merito
2278 4335 2469 4375 eorum
2499 4322 2588 4392 qui
2618 4324 2925 4389 salvantur,
2954 4324 3048 4378 sed
3086 4333 3303 4393 propter
3332 4337 3531 4377 nomen

1922 4426 2106 4467 suum.
2136 4412 2394 4486 Alioquin
2424 4414 2525 4471 viae
2557 4426 2779 4482 nostras,
2814 4428 2868 4472 et
2899 4418 3107 4473 scelera
3131 4419 3393 4487 pessima,
3424 4433 3531 4472 non

1927 4504 2363 4561 misericordiam
2386 4522 2660 4577 meruere,
2680 4509 2778 4563 sed
2802 4523 3037 4578 pinnam.
3054 4509 3327 4579 Quidquid
3351 4518 3533 4563 autem

208 4594 358 4645 terris
380 4593 587 4661 inquas
611 4610 696 4647 ros
722 4593 944 4665 dispersi
962 4597 1104 4661 estis,
1132 4598 1568 4667 etsoneti/icabor
1597 4600 1652 4652 in
1680 4601 1821 4655 robis
1848 4619 1902 4680 Ι)
1929 4598 1995 4652 de
2025 4600 2220 4668 populo
2245 4598 2480 4654 diximus
2503 4600 2691 4668 Israel,
2726 4602 2815 4670 qui
2860 4602 3120 4656 liberatus
3152 4602 3219 4656 de
3252 4601 3493 4674 Egypto
3521 4643 3534 4668 ,

208 4686 260 4739 in
282 4687 453 4742 oculis
485 4688 777 4753 nationum,
830 4696 881 4742 et
924 4690 1095 4744 scietis
1122 4692 1243 4760 quia
1286 4708 1381 4763 ego
1412 4690 1687 4747 Dominus.
1744 4695 1820 4749 De

211 4777 313 4834 hoc
344 4788 537 4834 monte
568 4780 621 4834 in
650 4796 762 4850 quo
800 4780 1075 4836 servitura
1123 4791 1208 4838 est
1252 4783 1369 4838 Deo
1411 4786 1590 4839 omnis
1628 4786 1821 4841 domus

212 4874 400 4939 Israel,
458 4875 628 4931 Isaias
658 4885 713 4931 et
750 4875 1000 4932 Michaeas
1026 4878 1143 4947 pari
1199 4892 1333 4935 voce
1360 4880 1679 4935 cecinerunt
1712 4899 1726 4934 :
1757 4880 1823 4935 In

215 4971 515 5023 uorissimis
556 4969 739 5023 diebus
768 4970 862 5023 erit
889 4970 1196 5041 manifestus
1224 4988 1371 5027 ntons
1409 4973 1593 5027 domus
1619 4972 1828 5029 Domini

216 5063 267 5115 in
298 5065 491 5117 vertice
525 5062 797 5127 montium,
835 5071 881 5116 et
904 5062 1181 5117 elevabitur
1209 5082 1364 5135 super
1391 5065 1569 5135 colles,
1596 5075 1639 5119 el
1666 5070 1828 5136 ﬂuent

218 5156 284 5208 ad
311 5173 431 5208 eum
460 5171 640 5209 omnes
662 5163 856 5225 gentes,
887 5164 935 5207 et
966 5154 1111 5209 ibunt
1136 5158 1317 5227 papnli
1342 5158 1512 5223 multi,
1539 5170 1589 5213 et
1609 5160 1777 5214 dicent
1806 5178 1823 5214 :

228 5246 415 5301 Venite
443 5249 792 5301 ostendamus
840 5249 895 5301 in
943 5260 1167 5303 montem
1196 5249 1430 5321 Domini,
1463 5263 1509 5307 et
1542 5254 1592 5306 in
1626 5254 1836 5307 domum

224 5338 335 5413 [AL
366 5339 617 5412 maniam]
664 5338 764 5396 Dei
789 5342 980 5407 Jat'ob,
1004 5353 1053 5397 et
1097 5346 1295 5399 docebit
1344 5362 1434 5401 nos
1467 5348 1573 5401 rius
1615 5365 1758 5416 suas,
1790 5358 1839 5402 et

227 5432 614 5487 ambulabimus
640 5436 692 5487 in
722 5436 917 5490 semitis
944 5439 1076 5507 ejus.
1112 5436 1189 5492 De
1219 5438 1350 5493 Sion
1376 5440 1513 5493 enim
1549 5442 1705 5495 exibit
1731 5442 1834 5511 lex,

1928 4692 1981 4747 in
2015 4692 2309 4748 solitudine
2343 4695 2508 4749 multa
2544 4696 2840 4765 commisit,
2880 4709 2933 4753 et
2976 4697 3204 4753 oil‘endit
3230 4698 3437 4766 Deum,
3486 4706 3541 4755 et

1928 4794 2115 4854 postea
2144 4785 2195 4839 iu
2231 4795 2435 4841 tenam
2465 4790 2913 4859 repromissionis
2948 4791 3221 4859 indoctus,
3247 4801 3541 4848 veneratus

1928 4888 2015 4932 est
2048 4877 2214 4946 idola,
2272 4880 2528 4952 lignaque
2556 4892 2614 4938 et
2634 4883 2850 4954 lapides
2878 4886 3087 4953 coluit,
3129 4896 3182 4941 et
3224 4896 3409 4957 postea
3444 4886 3540 4941 Dei

1931 4970 2222 5025 clementia
2271 4985 2630 5030 conservatus
2677 4986 2807 5033 est:
2860 4978 3161 5035 referamus
3213 4980 3279 5034 ad
3320 4996 3413 5036 eos
3450 4979 3541 5049 qui

1934 5062 2003 5118 de
2027 5062 2266 5137 {Egyplo
2293 5068 2479 5122 saeculi
2516 5069 2676 5138 hujus
2723 5086 2883 5127 manu
2913 5073 3129 5128 excelsa
3161 5072 3375 5127 Domini
3402 5072 3541 5128 Iibe-

1936 5160 2037 5213 rati
2069 5170 2215 5225 sunt,
2237 5169 2297 5217 et
2317 5160 2614 5219 introducti
2640 5165 2691 5218 in
2724 5166 2982 5221 vitiorum
3014 5167 3387 5229 solitudinem,
3424 5182 3547 5221 rur-

1945 5265 2061 5306 sum
2090 5250 2389 5324 ﬁgyptum
2423 5258 2792 5327 suspirarunt,
2822 5267 2877 5315 et
2908 5262 3152 5315 lecerunt
3182 5276 3265 5327 ea,
3301 5275 3396 5330 per
3426 5276 3546 5330 qua:

1948 5346 2123 5415 puniri
2157 5347 2487 5405 debuerant:
2519 5351 2616 5406 sed
2652 5352 3013 5408 nihilominus
3046 5370 3144 5424 per
3172 5356 3546 5424 pcenitentiam

1944 5453 2056 5495 non
2102 5457 2202 5497 suo
2228 5444 2445 5512 merito,
2496 5445 2593 5502 sed
2640 5446 2856 5503 Domini
2895 5449 3188 5504 clementia
3232 5451 3551 5505 conservati

1947 5545 2097 5593 sunt.

228 5527 507 5580 etuerbw
534 5525 749 5581 Domini
766 5528 834 5582 de
856 5526 1148 5584 Jerusalem
1192 5530 1291 5601 (Is.
1334 5547 1372 5587 tt
1405 5549 1537 5601 seq.;
1562 5533 1723 5587 Mich.
1760 5551 1834 5599 IV,

238 5623 290 5694 I,
310 5622 393 5695 2).
426 5624 493 5679 Et
524 5640 739 5683 rursum
769 5625 935 5681 Isaias
966 5644 978 5680 :
1004 5622 1073 5681 In
1095 5638 1338 5698 montem,
1364 5631 1557 5701 inquit,
1577 5632 1834 5688 excelsum

306 5820 334 5849 ⁸
352 5810 583 5879 Victor.,
609 5814 661 5867 in
687 5811 932 5880 instanti,
958 5810 1240 5883 exaltatur,
1254 5812 1322 5871 ad
1333 5813 1580 5873 Graecum
1594 5817 1799 5890 ὑψοῦται

1906 5813 1995 5875 los
2020 5829 2117 5890 pro
2143 5817 2471 5877 altitudinem
2502 5819 2677 5879 Vatis.
2709 5836 2815 5884 ms.
2846 5821 3233 5884 exaltatitmom.
