  <div class='ocr_page' id='page_1' title='image "/cluster/home/n/w/nwhite01/storage/ocr_20150623/25/hvd.32044015471394/107.png"; bbox 0 0 4038 6328; ppageno 0'>
   <div class='ocr_carea' id='block_1_1' title="bbox 533 212 640 272">
    <p class='ocr_par' dir='ltr' id='par_1_1' title="bbox 533 212 640 272">
     <span class='ocr_line' id='line_1_1' title="bbox 533 212 640 272; baseline -0.009 0"><span class='ocrx_word' id='word_1_1' title='bbox 533 212 640 272; x_wconf 73' lang='lat' dir='ltr'><strong>I99</strong></span> 
     </span>
    </p>
   </div>
   <div class='ocr_carea' id='block_1_2' title="bbox 1775 214 2575 279">
    <p class='ocr_par' dir='ltr' id='par_1_2' title="bbox 1775 214 2575 279">
     <span class='ocr_line' id='line_1_2' title="bbox 1775 214 2575 279; baseline 0.003 -2"><span class='ocrx_word' id='word_1_2' title='bbox 1775 217 1833 278; x_wconf 89' lang='lat' dir='ltr'><strong>S.</strong></span> <span class='ocrx_word' id='word_1_3' title='bbox 1876 215 2147 278; x_wconf 84' lang='lat' dir='ltr'><strong>EUSEBII</strong></span> <span class='ocrx_word' id='word_1_4' title='bbox 2184 214 2575 279; x_wconf 78' lang='lat' dir='ltr'><strong>HIERONYMI</strong></span> 
     </span>
    </p>
   </div>
   <div class='ocr_carea' id='block_1_3' title="bbox 3724 222 3836 285">
    <p class='ocr_par' dir='ltr' id='par_1_3' title="bbox 3724 222 3836 285">
     <span class='ocr_line' id='line_1_3' title="bbox 3724 222 3836 285; baseline 0.018 -2"><span class='ocrx_word' id='word_1_5' title='bbox 3724 222 3836 285; x_wconf 69' lang='grc' dir='ltr'><strong>ΞΜ)</strong></span> 
     </span>
    </p>
   </div>
   <div class='ocr_carea' id='block_1_4' title="bbox 531 341 2938 367">
    <p class='ocr_par' dir='ltr' id='par_1_4' title="bbox 531 341 2938 367">
     <span class='ocr_line' id='line_1_4' title="bbox 531 341 2938 367; baseline 0.002 -8"><span class='ocrx_word' id='word_1_6' title='bbox 531 341 2938 367; x_wconf 43' lang='lat' dir='ltr'><strong>mm“</strong></span> 
     </span>
    </p>
   </div>
   <div class='ocr_carea' id='block_1_5' title="bbox 1468 451 2863 563">
    <p class='ocr_par' dir='ltr' id='par_1_5' title="bbox 1468 451 2863 563">
     <span class='ocr_line' id='line_1_5' title="bbox 1468 451 2863 563; baseline 0.002 -4"><span class='ocrx_word' id='word_1_7' title='bbox 1468 451 1950 560; x_wconf 86' lang='lat' dir='ltr'><strong>LIBER</strong></span> <span class='ocrx_word' id='word_1_8' title='bbox 2026 451 2863 563; x_wconf 77' lang='lat' dir='ltr'><em>SEPTIMUS.</em></span> 
     </span>
    </p>
   </div>
   <div class='ocr_carea' id='block_1_6' title="bbox 1963 618 2343 641">
    <p class='ocr_par' dir='ltr' id='par_1_6' title="bbox 1963 618 2343 641">
     <span class='ocr_line' id='line_1_6' title="bbox 1963 618 2343 641; baseline 0.011 -4"><span class='ocrx_word' id='word_1_9' title='bbox 1963 618 2343 641; x_wconf 34' lang='grc' dir='ltr'><strong>ᾗ</strong></span> 
     </span>
    </p>
   </div>
   <div class='ocr_carea' id='block_1_7' title="bbox 594 702 3829 784">
    <p class='ocr_par' dir='ltr' id='par_1_7' title="bbox 594 702 3829 784">
     <span class='ocr_line' id='line_1_7' title="bbox 594 702 3829 784; baseline 0.003 -29"><span class='ocrx_word' id='word_1_10' title='bbox 594 702 964 777; x_wconf 61' lang='lat'><strong>239-2“.</strong></span> <span class='ocrx_word' id='word_1_11' title='bbox 999 702 1139 760; x_wconf 89' lang='lat' dir='ltr'><strong>Olim</strong></span> <span class='ocrx_word' id='word_1_12' title='bbox 1166 713 1189 740; x_wconf 75' lang='grc' dir='ltr'><strong>δ</strong></span> <span class='ocrx_word' id='word_1_13' title='bbox 1224 705 1377 776; x_wconf 87' lang='lat' dir='ltr'><strong>pueri</strong></span> <span class='ocrx_word' id='word_1_14' title='bbox 1418 705 1651 777; x_wconf 83' lang='lat' dir='ltr'><strong>legimus</strong></span> <span class='ocrx_word' id='word_1_15' title='bbox 1679 726 1691 761; x_wconf 89' lang='lat'><strong>:</strong></span> <span class='ocrx_word' id='word_1_16' title='bbox 1716 708 1861 763; x_wconf 87' lang='lat' dir='ltr'><strong>Nihil</strong></span> <span class='ocrx_word' id='word_1_17' title='bbox 1904 718 2010 765; x_wconf 91' lang='lat' dir='ltr'><strong>tam</strong></span> <span class='ocrx_word' id='word_1_18' title='bbox 2044 711 2125 766; x_wconf 80' lang='lat' dir='ltr'><strong>fa-</strong></span> <span class='ocrx_word' id='word_1_19' title='bbox 2151 718 2205 780; x_wconf 82' lang='grc' dir='ltr'>Α</span> <span class='ocrx_word' id='word_1_20' title='bbox 2232 713 2413 767; x_wconf 78' lang='lat' dir='ltr'><strong>Austri</strong></span> <span class='ocrx_word' id='word_1_21' title='bbox 2437 754 2452 779; x_wconf 95' lang='lat'><strong>,</strong></span> <span class='ocrx_word' id='word_1_22' title='bbox 2484 721 2533 767; x_wconf 92' lang='lat' dir='ltr'><strong>et</strong></span> <span class='ocrx_word' id='word_1_23' title='bbox 2562 711 2708 768; x_wconf 92' lang='lat' dir='ltr'><strong>stilla</strong></span> <span class='ocrx_word' id='word_1_24' title='bbox 2753 713 2821 765; x_wconf 89' lang='lat' dir='ltr'><strong>ad</strong></span> <span class='ocrx_word' id='word_1_25' title='bbox 2868 712 3104 784; x_wconf 76' lang='lat' dir='ltr'><strong>Africum</strong></span> <span class='ocrx_word' id='word_1_26' title='bbox 3127 753 3143 780; x_wconf 90' lang='lat'><strong>,</strong></span> <span class='ocrx_word' id='word_1_27' title='bbox 3168 722 3214 767; x_wconf 90' lang='lat' dir='ltr'><strong>et</strong></span> <span class='ocrx_word' id='word_1_28' title='bbox 3247 712 3498 783; x_wconf 83' lang='lat' dir='ltr'><strong>prapheta</strong></span> <span class='ocrx_word' id='word_1_29' title='bbox 3531 713 3601 767; x_wconf 89' lang='lat' dir='ltr'><strong>ad</strong></span> <span class='ocrx_word' id='word_1_30' title='bbox 3628 715 3829 769; x_wconf 86' lang='lat' dir='ltr'><strong>saltum</strong></span> 
     </span>
    </p>
   </div>
   <div class='ocr_carea' id='block_1_8' title="bbox 523 798 2121 870">
    <p class='ocr_par' dir='ltr' id='par_1_8' title="bbox 523 798 2121 870">
     <span class='ocr_line' id='line_1_8' title="bbox 523 798 2121 870; baseline 0.003 -16"><span class='ocrx_word' id='word_1_31' title='bbox 523 798 629 854; x_wconf 85' lang='lat' dir='ltr'><strong>cile</strong></span> <span class='ocrx_word' id='word_1_32' title='bbox 658 812 765 863; x_wconf 89' lang='lat' dir='ltr'><strong>est,</strong></span> <span class='ocrx_word' id='word_1_33' title='bbox 815 800 941 869; x_wconf 89' lang='lat' dir='ltr'><strong>quin</strong></span> <span class='ocrx_word' id='word_1_34' title='bbox 993 798 1221 855; x_wconf 85' lang='lat' dir='ltr'><strong>difficile</strong></span> <span class='ocrx_word' id='word_1_35' title='bbox 1252 802 1365 865; x_wconf 85' lang='lat' dir='ltr'><strong>fiat,</strong></span> <span class='ocrx_word' id='word_1_36' title='bbox 1399 800 1541 870; x_wconf 91' lang='lat' dir='ltr'><strong>quod</strong></span> <span class='ocrx_word' id='word_1_37' title='bbox 1568 801 1769 858; x_wconf 90' lang='lat' dir='ltr'><strong>invitus</strong></span> <span class='ocrx_word' id='word_1_38' title='bbox 1799 805 1983 860; x_wconf 82' lang='lat' dir='ltr'><strong>facias.</strong></span> <span class='ocrx_word' id='word_1_39' title='bbox 2015 804 2121 859; x_wconf 82' lang='lat' dir='ltr'><strong>Fa-</strong></span> 
     </span>
    </p>
   </div>
   <div class='ocr_carea' id='block_1_9' title="bbox 522 893 2121 965">
    <p class='ocr_par' dir='ltr' id='par_1_9' title="bbox 522 893 2121 965">
     <span class='ocr_line' id='line_1_9' title="bbox 522 893 2121 965; baseline 0.004 -16"><span class='ocrx_word' id='word_1_40' title='bbox 522 901 642 949; x_wconf 87' lang='lat' dir='ltr'><strong>teor</strong></span> <span class='ocrx_word' id='word_1_41' title='bbox 681 909 766 949; x_wconf 92' lang='lat' dir='ltr'><strong>me</strong></span> <span class='ocrx_word' id='word_1_42' title='bbox 808 893 1223 965; x_wconf 72' lang='lat' dir='ltr'><strong>explanationes</strong></span> <span class='ocrx_word' id='word_1_43' title='bbox 1254 896 1306 950; x_wconf 92' lang='lat' dir='ltr'><strong>in</strong></span> <span class='ocrx_word' id='word_1_44' title='bbox 1337 895 1592 958; x_wconf 44' lang='lat' dir='ltr'><strong>Ezechiel.</strong></span> <span class='ocrx_word' id='word_1_45' title='bbox 1622 898 1795 953; x_wconf 89' lang='lat' dir='ltr'><strong>multo</strong></span> <span class='ocrx_word' id='word_1_46' title='bbox 1821 909 1950 955; x_wconf 90' lang='lat' dir='ltr'><strong>ante</strong></span> <span class='ocrx_word' id='word_1_47' title='bbox 1983 911 2121 955; x_wconf 89' lang='lat' dir='ltr'><strong>tem-</strong></span> 
     </span>
    </p>
   </div>
   <div class='ocr_carea' id='block_1_10' title="bbox 523 989 2121 1059">
    <p class='ocr_par' dir='ltr' id='par_1_10' title="bbox 523 989 2121 1059">
     <span class='ocr_line' id='line_1_10' title="bbox 523 989 2121 1059; baseline 0.004 -19"><span class='ocrx_word' id='word_1_48' title='bbox 523 1001 655 1058; x_wconf 91' lang='lat' dir='ltr'><strong>pore</strong></span> <span class='ocrx_word' id='word_1_49' title='bbox 687 989 1024 1057; x_wconf 85' lang='lat' dir='ltr'><strong>promisisse,</strong></span> <span class='ocrx_word' id='word_1_50' title='bbox 1080 997 1136 1043; x_wconf 91' lang='lat' dir='ltr'><strong>et</strong></span> <span class='ocrx_word' id='word_1_51' title='bbox 1190 989 1553 1059; x_wconf 79' lang='lat' dir='ltr'><strong>occupatione</strong></span> <span class='ocrx_word' id='word_1_52' title='bbox 1593 990 1661 1046; x_wconf 91' lang='lat' dir='ltr'><strong>de</strong></span> <span class='ocrx_word' id='word_1_53' title='bbox 1692 999 1807 1045; x_wconf 89' lang='lat' dir='ltr'><strong>toto</strong></span> <span class='ocrx_word' id='word_1_54' title='bbox 1851 993 1956 1047; x_wconf 82' lang='lat' dir='ltr'><strong>huc.</strong></span> <span class='ocrx_word' id='word_1_55' title='bbox 1989 993 2121 1047; x_wconf 88' lang='lat' dir='ltr'><strong>orbe</strong></span> 
     </span>
    </p>
   </div>
   <div class='ocr_carea' id='block_1_11' title="bbox 523 1082 2119 1157">
    <p class='ocr_par' dir='ltr' id='par_1_11' title="bbox 523 1082 2119 1157">
     <span class='ocr_line' id='line_1_11' title="bbox 523 1082 2119 1157; baseline 0.004 -22"><span class='ocrx_word' id='word_1_56' title='bbox 523 1082 883 1150; x_wconf 77' lang='lat' dir='ltr'><strong>venientium,</strong></span> <span class='ocrx_word' id='word_1_57' title='bbox 917 1082 1148 1152; x_wconf 92' lang='lat' dir='ltr'><strong>implere</strong></span> <span class='ocrx_word' id='word_1_58' title='bbox 1195 1098 1303 1139; x_wconf 94' lang='lat' dir='ltr'><strong>non</strong></span> <span class='ocrx_word' id='word_1_59' title='bbox 1332 1098 1494 1154; x_wconf 88' lang='lat' dir='ltr'><strong>posse</strong></span> <span class='ocrx_word' id='word_1_60' title='bbox 1541 1085 1714 1141; x_wconf 91' lang='lat' dir='ltr'><strong>:dum</strong></span> <span class='ocrx_word' id='word_1_61' title='bbox 1764 1086 1910 1141; x_wconf 88' lang='lat' dir='ltr'><strong>nulla</strong></span> <span class='ocrx_word' id='word_1_62' title='bbox 1962 1086 2119 1157; x_wconf 86' lang='lat' dir='ltr'><strong>hora,</strong></span> 
     </span>
    </p>
   </div>
   <div class='ocr_carea' id='block_1_12' title="bbox 521 1176 2123 1252">
    <p class='ocr_par' dir='ltr' id='par_1_12' title="bbox 521 1176 2123 1252">
     <span class='ocr_line' id='line_1_12' title="bbox 521 1176 2123 1252; baseline 0.004 -21"><span class='ocrx_word' id='word_1_63' title='bbox 521 1176 838 1249; x_wconf 88' lang='lat' dir='ltr'><strong>nullumque</strong></span> <span class='ocrx_word' id='word_1_64' title='bbox 883 1189 1217 1235; x_wconf 91' lang='lat' dir='ltr'><strong>momentmu</strong></span> <span class='ocrx_word' id='word_1_65' title='bbox 1261 1190 1366 1245; x_wconf 89' lang='lat' dir='ltr'><strong>est,</strong></span> <span class='ocrx_word' id='word_1_66' title='bbox 1402 1181 1453 1235; x_wconf 93' lang='lat' dir='ltr'><strong>in</strong></span> <span class='ocrx_word' id='word_1_67' title='bbox 1497 1196 1606 1252; x_wconf 90' lang='lat' dir='ltr'><strong>quo</strong></span> <span class='ocrx_word' id='word_1_68' title='bbox 1638 1197 1745 1237; x_wconf 89' lang='lat' dir='ltr'><strong>non</strong></span> <span class='ocrx_word' id='word_1_69' title='bbox 1776 1181 2000 1237; x_wconf 79' lang='lat' dir='ltr'><strong>fratrum</strong></span> <span class='ocrx_word' id='word_1_70' title='bbox 2031 1197 2123 1237; x_wconf 82' lang='lat' dir='ltr'><strong>oc-</strong></span> 
     </span>
    </p>
   </div>
   <div class='ocr_carea' id='block_1_13' title="bbox 517 1273 2118 1346">
    <p class='ocr_par' dir='ltr' id='par_1_13' title="bbox 517 1273 2118 1346">
     <span class='ocr_line' id='line_1_13' title="bbox 517 1273 2118 1346; baseline 0.003 -20"><span class='ocrx_word' id='word_1_71' title='bbox 517 1285 802 1327; x_wconf 85' lang='lat' dir='ltr'><strong>curramus</strong></span> <span class='ocrx_word' id='word_1_72' title='bbox 834 1273 1039 1337; x_wconf 83' lang='lat' dir='ltr'><strong>turhis,</strong></span> <span class='ocrx_word' id='word_1_73' title='bbox 1070 1283 1125 1329; x_wconf 88' lang='lat' dir='ltr'><strong>et</strong></span> <span class='ocrx_word' id='word_1_74' title='bbox 1155 1276 1474 1330; x_wconf 84' lang='lat' dir='ltr'><strong>monasterii</strong></span> <span class='ocrx_word' id='word_1_75' title='bbox 1525 1276 1894 1342; x_wconf 80' lang='lat' dir='ltr'><strong>solitudinem,</strong></span> <span class='ocrx_word' id='word_1_76' title='bbox 1930 1278 2118 1346; x_wconf 81' lang='lat' dir='ltr'><strong>hospi-</strong></span> 
     </span>
    </p>
   </div>
   <div class='ocr_carea' id='block_1_14' title="bbox 518 1363 2123 1437">
    <p class='ocr_par' dir='ltr' id='par_1_14' title="bbox 518 1363 2123 1437">
     <span class='ocr_line' id='line_1_14' title="bbox 518 1363 2123 1437; baseline 0.002 -18"><span class='ocrx_word' id='word_1_77' title='bbox 518 1372 631 1420; x_wconf 89' lang='lat' dir='ltr'><strong>tum</strong></span> <span class='ocrx_word' id='word_1_78' title='bbox 659 1363 958 1437; x_wconf 84' lang='lat' dir='ltr'><strong>frequentia</strong></span> <span class='ocrx_word' id='word_1_79' title='bbox 983 1379 1382 1423; x_wconf 76' lang='lat' dir='ltr'><strong>committamus</strong></span> <span class='ocrx_word' id='word_1_80' title='bbox 1407 1386 1420 1422; x_wconf 91' lang='lat'><strong>:</strong></span> <span class='ocrx_word' id='word_1_81' title='bbox 1449 1369 1715 1425; x_wconf 89' lang='lat' dir='ltr'><strong>intantutn</strong></span> <span class='ocrx_word' id='word_1_82' title='bbox 1753 1380 1812 1425; x_wconf 91' lang='lat' dir='ltr'><strong>ut</strong></span> <span class='ocrx_word' id='word_1_83' title='bbox 1855 1378 1948 1425; x_wconf 88' lang='lat' dir='ltr'><strong>aut</strong></span> <span class='ocrx_word' id='word_1_84' title='bbox 1975 1370 2123 1425; x_wconf 87' lang='lat' dir='ltr'><strong>clau-</strong></span> 
     </span>
    </p>
   </div>
   <div class='ocr_carea' id='block_1_15' title="bbox 516 1458 2122 1536">
    <p class='ocr_par' dir='ltr' id='par_1_15' title="bbox 516 1458 2122 1536">
     <span class='ocr_line' id='line_1_15' title="bbox 516 1458 2122 1536; baseline 0.004 -21"><span class='ocrx_word' id='word_1_85' title='bbox 516 1458 752 1515; x_wconf 91' lang='lat' dir='ltr'><strong>dendum</strong></span> <span class='ocrx_word' id='word_1_86' title='bbox 801 1462 871 1515; x_wconf 92' lang='lat' dir='ltr'><strong>sit</strong></span> <span class='ocrx_word' id='word_1_87' title='bbox 919 1461 1075 1518; x_wconf 90' lang='lat' dir='ltr'><strong>nobis</strong></span> <span class='ocrx_word' id='word_1_88' title='bbox 1130 1463 1354 1530; x_wconf 84' lang='lat' dir='ltr'><strong>ostium,</strong></span> <span class='ocrx_word' id='word_1_89' title='bbox 1390 1473 1481 1518; x_wconf 92' lang='lat' dir='ltr'><strong>aut</strong></span> <span class='ocrx_word' id='word_1_90' title='bbox 1539 1464 1978 1535; x_wconf 89' lang='lat' dir='ltr'><strong>Scripturarum,</strong></span> <span class='ocrx_word' id='word_1_91' title='bbox 2025 1480 2122 1536; x_wconf 90' lang='lat' dir='ltr'><strong>per</strong></span> 
     </span>
    </p>
   </div>
   <div class='ocr_carea' id='block_1_16' title="bbox 515 1556 2119 1631">
    <p class='ocr_par' dir='ltr' id='par_1_16' title="bbox 515 1556 2119 1631">
     <span class='ocr_line' id='line_1_16' title="bbox 515 1556 2119 1631; baseline 0.004 -23"><span class='ocrx_word' id='word_1_92' title='bbox 515 1568 650 1624; x_wconf 89' lang='lat' dir='ltr'><strong>quas</strong></span> <span class='ocrx_word' id='word_1_93' title='bbox 676 1556 987 1624; x_wconf 82' lang='lat' dir='ltr'><strong>aperiendae</strong></span> <span class='ocrx_word' id='word_1_94' title='bbox 1016 1564 1142 1611; x_wconf 90' lang='lat' dir='ltr'><strong>sunt</strong></span> <span class='ocrx_word' id='word_1_95' title='bbox 1168 1556 1334 1624; x_wconf 87' lang='lat' dir='ltr'><strong>fores,</strong></span> <span class='ocrx_word' id='word_1_96' title='bbox 1367 1557 1545 1613; x_wconf 90' lang='lat' dir='ltr'><strong>studia</strong></span> <span class='ocrx_word' id='word_1_97' title='bbox 1594 1560 1969 1631; x_wconf 89' lang='lat' dir='ltr'><strong>relinquenda.</strong></span> <span class='ocrx_word' id='word_1_98' title='bbox 2015 1560 2119 1615; x_wconf 88' lang='lat' dir='ltr'><strong>Ita-</strong></span> 
     </span>
    </p>
   </div>
   <div class='ocr_carea' id='block_1_17' title="bbox 515 1650 2120 1725">
    <p class='ocr_par' dir='ltr' id='par_1_17' title="bbox 515 1650 2120 1725">
     <span class='ocr_line' id='line_1_17' title="bbox 515 1650 2120 1725; baseline 0.005 -23"><span class='ocrx_word' id='word_1_99' title='bbox 515 1662 621 1718; x_wconf 88' lang='lat' dir='ltr'><strong>que</strong></span> <span class='ocrx_word' id='word_1_100' title='bbox 664 1650 965 1718; x_wconf 87' lang='lat' dir='ltr'><strong>lucrativis,</strong></span> <span class='ocrx_word' id='word_1_101' title='bbox 1000 1651 1169 1706; x_wconf 87' lang='lat' dir='ltr'><strong>immo</strong></span> <span class='ocrx_word' id='word_1_102' title='bbox 1221 1651 1432 1707; x_wconf 84' lang='lat' dir='ltr'><strong>furtivis</strong></span> <span class='ocrx_word' id='word_1_103' title='bbox 1483 1654 1722 1708; x_wconf 89' lang='lat' dir='ltr'><strong>noctium</strong></span> <span class='ocrx_word' id='word_1_104' title='bbox 1777 1654 1945 1720; x_wconf 86' lang='lat' dir='ltr'><strong>horis,</strong></span> <span class='ocrx_word' id='word_1_105' title='bbox 1998 1671 2120 1725; x_wconf 71' lang='lat' dir='ltr'><strong>qua:</strong></span> 
     </span>
    </p>
   </div>
   <div class='ocr_carea' id='block_1_18' title="bbox 511 1740 2121 1818">
    <p class='ocr_par' dir='ltr' id='par_1_18' title="bbox 511 1740 2121 1818">
     <span class='ocr_line' id='line_1_18' title="bbox 511 1740 2121 1818; baseline 0.006 -22"><span class='ocrx_word' id='word_1_106' title='bbox 511 1740 705 1814; x_wconf 83' lang='lat' dir='ltr'><strong>hyeme</strong></span> <span class='ocrx_word' id='word_1_107' title='bbox 738 1744 1163 1815; x_wconf 72' lang='lat' dir='ltr'><strong>propinquante,</strong></span> <span class='ocrx_word' id='word_1_108' title='bbox 1193 1744 1470 1818; x_wconf 78' lang='lat' dir='ltr'><strong>longiores</strong></span> <span class='ocrx_word' id='word_1_109' title='bbox 1510 1763 1633 1803; x_wconf 86' lang='lat' dir='ltr'><strong>esse</strong></span> <span class='ocrx_word' id='word_1_110' title='bbox 1658 1759 1962 1818; x_wconf 72' lang='lat' dir='ltr'><strong>creperum,</strong></span> <span class='ocrx_word' id='word_1_111' title='bbox 2006 1748 2121 1805; x_wconf 82' lang='lat' dir='ltr'><strong>haec</strong></span> 
     </span>
    </p>
   </div>
   <div class='ocr_carea' id='block_1_19' title="bbox 514 1835 2113 1912">
    <p class='ocr_par' dir='ltr' id='par_1_19' title="bbox 514 1835 2113 1912">
     <span class='ocr_line' id='line_1_19' title="bbox 514 1835 2113 1912; baseline 0.006 -22"><span class='ocrx_word' id='word_1_112' title='bbox 514 1835 582 1891; x_wconf 88' lang='lat' dir='ltr'><strong>ad</strong></span> <span class='ocrx_word' id='word_1_113' title='bbox 612 1836 949 1894; x_wconf 86' lang='lat' dir='ltr'><strong>lucernulam</strong></span> <span class='ocrx_word' id='word_1_114' title='bbox 980 1840 1399 1912; x_wconf 84' lang='lat' dir='ltr'><strong>qualiacumque</strong></span> <span class='ocrx_word' id='word_1_115' title='bbox 1431 1853 1557 1898; x_wconf 91' lang='lat' dir='ltr'><strong>sunt</strong></span> <span class='ocrx_word' id='word_1_116' title='bbox 1592 1844 1802 1900; x_wconf 85' lang='lat' dir='ltr'><strong>dictare</strong></span> <span class='ocrx_word' id='word_1_117' title='bbox 1831 1859 2113 1912; x_wconf 89' lang='lat' dir='ltr'><strong>conamur,</strong></span> 
     </span>
    </p>
   </div>
   <div class='ocr_carea' id='block_1_20' title="bbox 510 1934 2111 2009">
    <p class='ocr_par' dir='ltr' id='par_1_20' title="bbox 510 1934 2111 2009">
     <span class='ocr_line' id='line_1_20' title="bbox 510 1934 2111 2009; baseline 0.004 -24"><span class='ocrx_word' id='word_1_118' title='bbox 510 1940 564 1985; x_wconf 92' lang='lat' dir='ltr'><strong>et</strong></span> <span class='ocrx_word' id='word_1_119' title='bbox 598 1934 880 1988; x_wconf 62' lang='lat' dir='ltr'><strong>aestuantis</strong></span> <span class='ocrx_word' id='word_1_120' title='bbox 909 1934 1076 1989; x_wconf 89' lang='lat' dir='ltr'><strong>animi</strong></span> <span class='ocrx_word' id='word_1_121' title='bbox 1118 1935 1339 1991; x_wconf 69' lang='lat' dir='ltr'><strong>taedium</strong></span> <span class='ocrx_word' id='word_1_122' title='bbox 1371 1938 1819 2008; x_wconf 89' lang='lat' dir='ltr'><strong>interpretatione</strong></span> <span class='ocrx_word' id='word_1_123' title='bbox 1846 1939 2111 2009; x_wconf 86' lang='lat' dir='ltr'><strong>digerere.</strong></span> 
     </span>
    </p>
   </div>
   <div class='ocr_carea' id='block_1_21' title="bbox 512 2023 2117 2103">
    <p class='ocr_par' dir='ltr' id='par_1_21' title="bbox 512 2023 2117 2103">
     <span class='ocr_line' id='line_1_21' title="bbox 512 2023 2117 2103; baseline 0.006 -24"><span class='ocrx_word' id='word_1_124' title='bbox 512 2023 621 2080; x_wconf 88' lang='lat' dir='ltr'><strong>Nec</strong></span> <span class='ocrx_word' id='word_1_125' title='bbox 643 2026 940 2096; x_wconf 83' lang='lat' dir='ltr'><strong>jactamns,</strong></span> <span class='ocrx_word' id='word_1_126' title='bbox 971 2038 1029 2084; x_wconf 92' lang='lat' dir='ltr'><strong>ut</strong></span> <span class='ocrx_word' id='word_1_127' title='bbox 1057 2030 1278 2100; x_wconf 88' lang='lat' dir='ltr'><strong>quidam</strong></span> <span class='ocrx_word' id='word_1_128' title='bbox 1326 2031 1555 2087; x_wconf 86' lang='lat' dir='ltr'><strong>forsitan</strong></span> <span class='ocrx_word' id='word_1_129' title='bbox 1604 2034 1975 2103; x_wconf 88' lang='lat' dir='ltr'><strong>suspicantur,</strong></span> <span class='ocrx_word' id='word_1_130' title='bbox 2008 2032 2117 2088; x_wconf 88' lang='lat' dir='ltr'><strong>fra-</strong></span> 
     </span>
    </p>
   </div>
   <div class='ocr_carea' id='block_1_22' title="bbox 2223 803 3833 880">
    <p class='ocr_par' dir='ltr' id='par_1_22' title="bbox 2223 803 3833 880">
     <span class='ocr_line' id='line_1_22' title="bbox 2223 803 3833 880; baseline 0.001 -20"><span class='ocrx_word' id='word_1_131' title='bbox 2223 808 2338 880; x_wconf 85' lang='lat' dir='ltr'><strong>agri</strong></span> <span class='ocrx_word' id='word_1_132' title='bbox 2373 806 2671 860; x_wconf 75' lang='lat' dir='ltr'><strong>meridiani.</strong></span> <span class='ocrx_word' id='word_1_133' title='bbox 2701 803 2770 859; x_wconf 87' lang='lat' dir='ltr'><strong>Et</strong></span> <span class='ocrx_word' id='word_1_134' title='bbox 2803 805 2944 860; x_wconf 84' lang='lat' dir='ltr'><strong>dices</strong></span> <span class='ocrx_word' id='word_1_135' title='bbox 2985 806 3145 861; x_wconf 88' lang='lat' dir='ltr'><strong>saltui</strong></span> <span class='ocrx_word' id='word_1_136' title='bbox 3185 807 3478 862; x_wconf 86' lang='lat' dir='ltr'><strong>meridiano</strong></span> <span class='ocrx_word' id='word_1_137' title='bbox 3499 824 3518 861; x_wconf 91' lang='lat'><strong><em>:</em></strong></span> <span class='ocrx_word' id='word_1_138' title='bbox 3543 808 3678 862; x_wconf 82' lang='lat' dir='ltr'><strong>Audi</strong></span> <span class='ocrx_word' id='word_1_139' title='bbox 3718 824 3833 862; x_wconf 84' lang='lat' dir='ltr'><strong>rer-</strong></span> 
     </span>
    </p>
   </div>
   <div class='ocr_carea' id='block_1_23' title="bbox 2225 896 3833 974">
    <p class='ocr_par' dir='ltr' id='par_1_23' title="bbox 2225 896 3833 974">
     <span class='ocr_line' id='line_1_23' title="bbox 2225 896 3833 974; baseline 0.002 -22"><span class='ocrx_word' id='word_1_140' title='bbox 2225 901 2343 953; x_wconf 88' lang='lat' dir='ltr'><strong>bum</strong></span> <span class='ocrx_word' id='word_1_141' title='bbox 2374 899 2588 953; x_wconf 79' lang='lat' dir='ltr'><strong>Domini</strong></span> <span class='ocrx_word' id='word_1_142' title='bbox 2614 915 2633 953; x_wconf 92' lang='lat'><strong><em>:</em></strong></span> <span class='ocrx_word' id='word_1_143' title='bbox 2660 898 2769 954; x_wconf 62' lang='lat' dir='ltr'><strong>hare</strong></span> <span class='ocrx_word' id='word_1_144' title='bbox 2792 900 2917 953; x_wconf 82' lang='lat' dir='ltr'><strong>dicit</strong></span> <span class='ocrx_word' id='word_1_145' title='bbox 2944 896 3204 954; x_wconf 81' lang='lat' dir='ltr'><strong>Dominus</strong></span> <span class='ocrx_word' id='word_1_146' title='bbox 3233 899 3372 955; x_wconf 87' lang='lat' dir='ltr'><strong>Deus</strong></span> <span class='ocrx_word' id='word_1_147' title='bbox 3399 915 3416 953; x_wconf 94' lang='lat'><strong><em>:</em></strong></span> <span class='ocrx_word' id='word_1_148' title='bbox 3442 900 3576 956; x_wconf 87' lang='lat' dir='ltr'><strong>Ecce</strong></span> <span class='ocrx_word' id='word_1_149' title='bbox 3595 918 3690 974; x_wconf 85' lang='lat' dir='ltr'><strong>ego</strong></span> <span class='ocrx_word' id='word_1_150' title='bbox 3709 919 3833 955; x_wconf 90' lang='lat' dir='ltr'><strong>suc—</strong></span> 
     </span>
    </p>
   </div>
   <div class='ocr_carea' id='block_1_24' title="bbox 2222 995 3828 1068">
    <p class='ocr_par' dir='ltr' id='par_1_24' title="bbox 2222 995 3828 1068">
     <span class='ocr_line' id='line_1_24' title="bbox 2222 995 3828 1068; baseline 0.003 -22"><span class='ocrx_word' id='word_1_151' title='bbox 2222 995 2439 1048; x_wconf 87' lang='lat' dir='ltr'><strong>cendam</strong></span> <span class='ocrx_word' id='word_1_152' title='bbox 2470 995 2523 1049; x_wconf 88' lang='lat' dir='ltr'><strong>in</strong></span> <span class='ocrx_word' id='word_1_153' title='bbox 2554 1005 2599 1050; x_wconf 89' lang='lat' dir='ltr'><strong>te</strong></span> <span class='ocrx_word' id='word_1_154' title='bbox 2621 996 2793 1065; x_wconf 86' lang='lat' dir='ltr'><strong>ignem</strong></span> <span class='ocrx_word' id='word_1_155' title='bbox 2818 1038 2832 1061; x_wconf 92' lang='lat'><strong>,</strong></span> <span class='ocrx_word' id='word_1_156' title='bbox 2860 1005 2905 1048; x_wconf 86' lang='lat' dir='ltr'><strong>et</strong></span> <span class='ocrx_word' id='word_1_157' title='bbox 2936 996 3232 1049; x_wconf 84' lang='lat' dir='ltr'><strong>comburam</strong></span> <span class='ocrx_word' id='word_1_158' title='bbox 3271 996 3324 1048; x_wconf 90' lang='lat' dir='ltr'><strong>in</strong></span> <span class='ocrx_word' id='word_1_159' title='bbox 3358 1004 3407 1051; x_wconf 86' lang='lat' dir='ltr'><strong>te</strong></span> <span class='ocrx_word' id='word_1_160' title='bbox 3446 1012 3597 1051; x_wconf 88' lang='lat' dir='ltr'><strong>omne</strong></span> <span class='ocrx_word' id='word_1_161' title='bbox 3623 997 3828 1068; x_wconf 87' lang='lat' dir='ltr'><strong>lignum</strong></span> 
     </span>
    </p>
   </div>
   <div class='ocr_carea' id='block_1_25' title="bbox 2222 1085 3830 1161">
    <p class='ocr_par' dir='ltr' id='par_1_25' title="bbox 2222 1085 3830 1161">
     <span class='ocr_line' id='line_1_25' title="bbox 2222 1085 3830 1161; baseline 0.003 -24"><span class='ocrx_word' id='word_1_162' title='bbox 2222 1085 2422 1151; x_wconf 83' lang='lat' dir='ltr'><strong>viride,</strong></span> <span class='ocrx_word' id='word_1_163' title='bbox 2452 1096 2500 1140; x_wconf 85' lang='lat' dir='ltr'><strong>et</strong></span> <span class='ocrx_word' id='word_1_164' title='bbox 2551 1102 2702 1141; x_wconf 89' lang='lat' dir='ltr'><strong>omne</strong></span> <span class='ocrx_word' id='word_1_165' title='bbox 2734 1087 2939 1161; x_wconf 85' lang='lat' dir='ltr'><strong>lignum</strong></span> <span class='ocrx_word' id='word_1_166' title='bbox 2983 1087 3193 1141; x_wconf 86' lang='lat' dir='ltr'><strong>aridum</strong></span> <span class='ocrx_word' id='word_1_167' title='bbox 3244 1104 3264 1140; x_wconf 87' lang='lat'><strong><em>:</em></strong></span> <span class='ocrx_word' id='word_1_168' title='bbox 3317 1103 3421 1141; x_wconf 89' lang='lat' dir='ltr'><strong>non</strong></span> <span class='ocrx_word' id='word_1_169' title='bbox 3470 1089 3830 1160; x_wconf 79' lang='lat' dir='ltr'><strong>exslinguetur</strong></span> 
     </span>
    </p>
   </div>
   <div class='ocr_carea' id='block_1_26' title="bbox 2222 1181 3826 1255">
    <p class='ocr_par' dir='ltr' id='par_1_26' title="bbox 2222 1181 3826 1255">
     <span class='ocr_line' id='line_1_26' title="bbox 2222 1181 3826 1255; baseline 0.004 -23"><span class='ocrx_word' id='word_1_170' title='bbox 2222 1182 2436 1250; x_wconf 86' lang='lat' dir='ltr'><strong>ﬂamma</strong></span> <span class='ocrx_word' id='word_1_171' title='bbox 2461 1182 2835 1249; x_wconf 86' lang='lat' dir='ltr'><strong>succensionis,</strong></span> <span class='ocrx_word' id='word_1_172' title='bbox 2866 1192 2913 1236; x_wconf 90' lang='lat' dir='ltr'><strong>et</strong></span> <span class='ocrx_word' id='word_1_173' title='bbox 2944 1181 3273 1237; x_wconf 80' lang='lat' dir='ltr'><strong>comburetur</strong></span> <span class='ocrx_word' id='word_1_174' title='bbox 3296 1182 3349 1237; x_wconf 90' lang='lat' dir='ltr'><strong>in</strong></span> <span class='ocrx_word' id='word_1_175' title='bbox 3377 1199 3435 1238; x_wconf 90' lang='lat' dir='ltr'><strong>ea</strong></span> <span class='ocrx_word' id='word_1_176' title='bbox 3462 1186 3631 1239; x_wconf 85' lang='lat' dir='ltr'><strong>omnis</strong></span> <span class='ocrx_word' id='word_1_177' title='bbox 3659 1185 3826 1255; x_wconf 82' lang='lat' dir='ltr'><strong>facies</strong></span> 
     </span>
    </p>
   </div>
   <div class='ocr_carea' id='block_1_27' title="bbox 2222 1271 3826 1347">
    <p class='ocr_par' dir='ltr' id='par_1_27' title="bbox 2222 1271 3826 1347">
     <span class='ocr_line' id='line_1_27' title="bbox 2222 1271 3826 1347; baseline 0.004 -22"><span class='ocrx_word' id='word_1_178' title='bbox 2222 1271 2284 1325; x_wconf 88' lang='lat' dir='ltr'><strong>ab</strong></span> <span class='ocrx_word' id='word_1_179' title='bbox 2310 1272 2505 1327; x_wconf 79' lang='lat' dir='ltr'><strong>Austro</strong></span> <span class='ocrx_word' id='word_1_180' title='bbox 2545 1290 2707 1342; x_wconf 88' lang='lat' dir='ltr'><strong>usque</strong></span> <span class='ocrx_word' id='word_1_181' title='bbox 2746 1277 2815 1328; x_wconf 90' lang='lat' dir='ltr'><strong>ad</strong></span> <span class='ocrx_word' id='word_1_182' title='bbox 2861 1276 3194 1347; x_wconf 81' lang='lat' dir='ltr'><strong>Aquilonem.</strong></span> <span class='ocrx_word' id='word_1_183' title='bbox 3240 1276 3310 1329; x_wconf 83' lang='lat' dir='ltr'><strong>Et</strong></span> <span class='ocrx_word' id='word_1_184' title='bbox 3349 1277 3541 1331; x_wconf 75' lang='lat' dir='ltr'><strong>ridebit</strong></span> <span class='ocrx_word' id='word_1_185' title='bbox 3586 1279 3826 1334; x_wconf 85' lang='lat' dir='ltr'><strong>universa</strong></span> 
     </span>
    </p>
   </div>
   <div class='ocr_carea' id='block_1_28' title="bbox 2221 1366 3819 1441">
    <p class='ocr_par' dir='ltr' id='par_1_28' title="bbox 2221 1366 3819 1441">
     <span class='ocr_line' id='line_1_28' title="bbox 2221 1366 3819 1441; baseline 0.005 -23"><span class='ocrx_word' id='word_1_186' title='bbox 2221 1381 2343 1419; x_wconf 91' lang='lat' dir='ltr'><strong>caro</strong></span> <span class='ocrx_word' id='word_1_187' title='bbox 2362 1368 2487 1437; x_wconf 85' lang='lat' dir='ltr'><strong>quia</strong></span> <span class='ocrx_word' id='word_1_188' title='bbox 2503 1383 2598 1440; x_wconf 88' lang='lat' dir='ltr'><strong>ego</strong></span> <span class='ocrx_word' id='word_1_189' title='bbox 2621 1366 2882 1422; x_wconf 84' lang='lat' dir='ltr'><strong>Dominus</strong></span> <span class='ocrx_word' id='word_1_190' title='bbox 2901 1369 3149 1424; x_wconf 82' lang='lat' dir='ltr'><strong>succendi</strong></span> <span class='ocrx_word' id='word_1_191' title='bbox 3175 1385 3314 1436; x_wconf 81' lang='lat' dir='ltr'><strong>eam,</strong></span> <span class='ocrx_word' id='word_1_192' title='bbox 3334 1386 3427 1424; x_wconf 89' lang='lat' dir='ltr'><strong>nec</strong></span> <span class='ocrx_word' id='word_1_193' title='bbox 3444 1370 3819 1441; x_wconf 72' lang='lat' dir='ltr'><strong>exstinguetur.</strong></span> 
     </span>
    </p>
   </div>
   <div class='ocr_carea' id='block_1_29' title="bbox 2222 1459 3817 1535">
    <p class='ocr_par' dir='ltr' id='par_1_29' title="bbox 2222 1459 3817 1535">
     <span class='ocr_line' id='line_1_29' title="bbox 2222 1459 3817 1535; baseline 0.004 -22"><span class='ocrx_word' id='word_1_194' title='bbox 2222 1459 2291 1515; x_wconf 87' lang='lat' dir='ltr'><strong>Et</strong></span> <span class='ocrx_word' id='word_1_195' title='bbox 2321 1461 2454 1526; x_wconf 72' lang='lat' dir='ltr'><strong>dixi,</strong></span> <span class='ocrx_word' id='word_1_196' title='bbox 2479 1460 2567 1528; x_wconf 76' lang='lat' dir='ltr'><strong>alt,</strong></span> <span class='ocrx_word' id='word_1_197' title='bbox 2592 1460 2681 1529; x_wconf 84' lang='lat' dir='ltr'><strong>ah,</strong></span> <span class='ocrx_word' id='word_1_198' title='bbox 2714 1461 2803 1524; x_wconf 84' lang='lat' dir='ltr'><strong>alt,</strong></span> <span class='ocrx_word' id='word_1_199' title='bbox 2839 1462 3060 1518; x_wconf 85' lang='lat' dir='ltr'><strong>Domine</strong></span> <span class='ocrx_word' id='word_1_200' title='bbox 3082 1462 3223 1519; x_wconf 89' lang='lat' dir='ltr'><strong>Dens</strong></span> <span class='ocrx_word' id='word_1_201' title='bbox 3246 1464 3370 1535; x_wconf 82' lang='lat' dir='ltr'><strong>:ipsi</strong></span> <span class='ocrx_word' id='word_1_202' title='bbox 3390 1464 3572 1519; x_wconf 88' lang='lat' dir='ltr'><strong>dicunt</strong></span> <span class='ocrx_word' id='word_1_203' title='bbox 3599 1467 3664 1520; x_wconf 89' lang='lat' dir='ltr'><strong>de</strong></span> <span class='ocrx_word' id='word_1_204' title='bbox 3690 1484 3771 1519; x_wconf 88' lang='lat' dir='ltr'><strong>me</strong></span> <span class='ocrx_word' id='word_1_205' title='bbox 3796 1482 3817 1519; x_wconf 89' lang='lat'><strong><em>:</em></strong></span> 
     </span>
    </p>
   </div>
   <div class='ocr_carea' id='block_1_30' title="bbox 2223 1550 3820 1627">
    <p class='ocr_par' dir='ltr' id='par_1_30' title="bbox 2223 1550 3820 1627">
     <span class='ocr_line' id='line_1_30' title="bbox 2223 1550 3820 1627; baseline 0.004 -22"><span class='ocrx_word' id='word_1_206' title='bbox 2223 1550 2495 1623; x_wconf 83' lang='lat' dir='ltr'><strong>Numquid</strong></span> <span class='ocrx_word' id='word_1_207' title='bbox 2524 1570 2627 1607; x_wconf 84' lang='lat' dir='ltr'><strong>non</strong></span> <span class='ocrx_word' id='word_1_208' title='bbox 2654 1570 2742 1624; x_wconf 87' lang='lat' dir='ltr'><strong>per</strong></span> <span class='ocrx_word' id='word_1_209' title='bbox 2771 1554 3048 1623; x_wconf 77' lang='lat' dir='ltr'><strong>parabolas</strong></span> <span class='ocrx_word' id='word_1_210' title='bbox 3079 1556 3311 1627; x_wconf 85' lang='lat' dir='ltr'><strong>loquitur</strong></span> <span class='ocrx_word' id='word_1_211' title='bbox 3340 1557 3435 1612; x_wconf 85' lang='lat' dir='ltr'><strong>iste</strong></span> <span class='ocrx_word' id='word_1_212' title='bbox 3480 1558 3505 1611; x_wconf 80' lang='lat'><strong><em>?</em></strong></span> <span class='ocrx_word' id='word_1_213' title='bbox 3533 1556 3677 1613; x_wconf 78' lang='lat' dir='ltr'><strong>LXX</strong></span> <span class='ocrx_word' id='word_1_214' title='bbox 3703 1576 3716 1614; x_wconf 91' lang='lat'><strong>:</strong></span> <span class='ocrx_word' id='word_1_215' title='bbox 3749 1557 3820 1611; x_wconf 86' lang='lat' dir='ltr'><strong>Et</strong></span> 
     </span>
    </p>
   </div>
   <div class='ocr_carea' id='block_1_31' title="bbox 2224 1645 3817 1720">
    <p class='ocr_par' dir='ltr' id='par_1_31' title="bbox 2224 1645 3817 1720">
     <span class='ocr_line' id='line_1_31' title="bbox 2224 1645 3817 1720; baseline 0.006 -23"><span class='ocrx_word' id='word_1_216' title='bbox 2224 1645 2392 1716; x_wconf 81' lang='lat' dir='ltr'><strong>factus</strong></span> <span class='ocrx_word' id='word_1_217' title='bbox 2420 1655 2495 1699; x_wconf 85' lang='lat' dir='ltr'><strong>est</strong></span> <span class='ocrx_word' id='word_1_218' title='bbox 2519 1662 2687 1701; x_wconf 85' lang='lat' dir='ltr'><strong>sermo</strong></span> <span class='ocrx_word' id='word_1_219' title='bbox 2716 1646 2928 1701; x_wconf 88' lang='lat' dir='ltr'><strong>Domini</strong></span> <span class='ocrx_word' id='word_1_220' title='bbox 2955 1649 3025 1701; x_wconf 89' lang='lat' dir='ltr'><strong>ad</strong></span> <span class='ocrx_word' id='word_1_221' title='bbox 3052 1665 3155 1713; x_wconf 89' lang='lat' dir='ltr'><strong>me,</strong></span> <span class='ocrx_word' id='word_1_222' title='bbox 3184 1650 3358 1705; x_wconf 85' lang='lat' dir='ltr'><strong>dicens</strong></span> <span class='ocrx_word' id='word_1_223' title='bbox 3387 1666 3403 1703; x_wconf 92' lang='lat'><em>:</em></span> <span class='ocrx_word' id='word_1_224' title='bbox 3428 1648 3541 1704; x_wconf 87' lang='lat' dir='ltr'><strong>Fili</strong></span> <span class='ocrx_word' id='word_1_225' title='bbox 3566 1651 3817 1720; x_wconf 80' lang='lat' dir='ltr'><strong>hominis,</strong></span> 
     </span>
    </p>
   </div>
   <div class='ocr_carea' id='block_1_32' title="bbox 2221 1736 3825 1812">
    <p class='ocr_par' dir='ltr' id='par_1_32' title="bbox 2221 1736 3825 1812">
     <span class='ocr_line' id='line_1_32' title="bbox 2221 1736 3825 1812; baseline 0.005 -21"><span class='ocrx_word' id='word_1_226' title='bbox 2221 1736 2440 1806; x_wconf 79' lang='lat' dir='ltr'><strong>obﬁrma</strong></span> <span class='ocrx_word' id='word_1_227' title='bbox 2473 1739 2658 1809; x_wconf 79' lang='lat' dir='ltr'><strong>facient</strong></span> <span class='ocrx_word' id='word_1_228' title='bbox 2681 1747 2827 1793; x_wconf 89' lang='lat' dir='ltr'><strong>tuam</strong></span> <span class='ocrx_word' id='word_1_229' title='bbox 2859 1756 3013 1810; x_wconf 86' lang='lat' dir='ltr'><strong>super</strong></span> <span class='ocrx_word' id='word_1_230' title='bbox 3038 1740 3293 1805; x_wconf 83' lang='lat' dir='ltr'><strong>Theman,</strong></span> <span class='ocrx_word' id='word_1_231' title='bbox 3319 1751 3368 1796; x_wconf 82' lang='lat' dir='ltr'><strong>et</strong></span> <span class='ocrx_word' id='word_1_232' title='bbox 3397 1744 3599 1812; x_wconf 79' lang='lat' dir='ltr'><strong>respice</strong></span> <span class='ocrx_word' id='word_1_233' title='bbox 3620 1747 3688 1799; x_wconf 90' lang='lat' dir='ltr'><strong>ad</strong></span> <span class='ocrx_word' id='word_1_234' title='bbox 3708 1743 3825 1798; x_wconf 88' lang='lat' dir='ltr'><strong>Da-</strong></span> 
     </span>
    </p>
   </div>
   <div class='ocr_carea' id='block_1_33' title="bbox 2220 1830 3822 1908">
    <p class='ocr_par' dir='ltr' id='par_1_33' title="bbox 2220 1830 3822 1908">
     <span class='ocr_line' id='line_1_33' title="bbox 2220 1830 3822 1908; baseline 0.006 -26"><span class='ocrx_word' id='word_1_235' title='bbox 2220 1845 2364 1897; x_wconf 89' lang='lat' dir='ltr'><strong>rom,</strong></span> <span class='ocrx_word' id='word_1_236' title='bbox 2398 1830 2682 1884; x_wconf 89' lang='lat' dir='ltr'><strong>vaticinare</strong></span> <span class='ocrx_word' id='word_1_237' title='bbox 2710 1848 2864 1897; x_wconf 85' lang='lat' dir='ltr'><strong>super</strong></span> <span class='ocrx_word' id='word_1_238' title='bbox 2892 1831 3086 1887; x_wconf 87' lang='lat' dir='ltr'><strong>saltum</strong></span> <span class='ocrx_word' id='word_1_239' title='bbox 3125 1832 3310 1887; x_wconf 83' lang='lat' dir='ltr'><strong>ducem</strong></span> <span class='ocrx_word' id='word_1_240' title='bbox 3342 1834 3530 1908; x_wconf 80' lang='lat' dir='ltr'><strong>Mageb</strong></span> <span class='ocrx_word' id='word_1_241' title='bbox 3560 1880 3573 1906; x_wconf 86' lang='lat'><strong>,</strong></span> <span class='ocrx_word' id='word_1_242' title='bbox 3604 1845 3650 1890; x_wconf 90' lang='lat' dir='ltr'><strong>et</strong></span> <span class='ocrx_word' id='word_1_243' title='bbox 3680 1837 3822 1892; x_wconf 84' lang='lat' dir='ltr'><strong>dices</strong></span> 
     </span>
    </p>
   </div>
   <div class='ocr_carea' id='block_1_34' title="bbox 2220 1921 3826 1995">
    <p class='ocr_par' dir='ltr' id='par_1_34' title="bbox 2220 1921 3826 1995">
     <span class='ocr_line' id='line_1_34' title="bbox 2220 1921 3826 1995; baseline 0.005 -20"><span class='ocrx_word' id='word_1_244' title='bbox 2220 1921 2381 1976; x_wconf 88' lang='lat' dir='ltr'><strong>saltui</strong></span> <span class='ocrx_word' id='word_1_245' title='bbox 2409 1921 2593 1995; x_wconf 85' lang='lat' dir='ltr'><strong>Nageb</strong></span> <span class='ocrx_word' id='word_1_246' title='bbox 2624 1939 2643 1978; x_wconf 90' lang='lat'><strong><em>:</em></strong></span> <span class='ocrx_word' id='word_1_247' title='bbox 2673 1923 2813 1978; x_wconf 84' lang='lat' dir='ltr'><strong>Audi</strong></span> <span class='ocrx_word' id='word_1_248' title='bbox 2839 1942 3121 1980; x_wconf 87' lang='lat' dir='ltr'><strong>sermonem</strong></span> <span class='ocrx_word' id='word_1_249' title='bbox 3154 1924 3390 1991; x_wconf 84' lang='lat' dir='ltr'><strong>Domini,</strong></span> <span class='ocrx_word' id='word_1_250' title='bbox 3423 1929 3531 1982; x_wconf 64' lang='lat' dir='ltr'><strong>lucc</strong></span> <span class='ocrx_word' id='word_1_251' title='bbox 3557 1930 3681 1985; x_wconf 86' lang='lat' dir='ltr'><strong>dicit</strong></span> <span class='ocrx_word' id='word_1_252' title='bbox 3709 1932 3826 1983; x_wconf 81' lang='lat' dir='ltr'><strong>Do-</strong></span> 
     </span>
    </p>
   </div>
   <div class='ocr_carea' id='block_1_35' title="bbox 2224 2018 3820 2093">
    <p class='ocr_par' dir='ltr' id='par_1_35' title="bbox 2224 2018 3820 2093">
     <span class='ocr_line' id='line_1_35' title="bbox 2224 2018 3820 2093; baseline 0.004 -23"><span class='ocrx_word' id='word_1_253' title='bbox 2224 2018 2394 2072; x_wconf 87' lang='lat' dir='ltr'><strong>minus</strong></span> <span class='ocrx_word' id='word_1_254' title='bbox 2422 2035 2439 2071; x_wconf 87' lang='lat'><strong><em>:</em></strong></span> <span class='ocrx_word' id='word_1_255' title='bbox 2470 2018 2606 2072; x_wconf 76' lang='lat' dir='ltr'><strong>Ecce</strong></span> <span class='ocrx_word' id='word_1_256' title='bbox 2630 2035 2725 2092; x_wconf 89' lang='lat' dir='ltr'><strong>ego</strong></span> <span class='ocrx_word' id='word_1_257' title='bbox 2753 2020 3059 2074; x_wconf 78' lang='lat' dir='ltr'><strong>succendunt</strong></span> <span class='ocrx_word' id='word_1_258' title='bbox 3091 2023 3145 2075; x_wconf 90' lang='lat' dir='ltr'><strong>in</strong></span> <span class='ocrx_word' id='word_1_259' title='bbox 3177 2032 3223 2075; x_wconf 88' lang='lat' dir='ltr'><strong>te</strong></span> <span class='ocrx_word' id='word_1_260' title='bbox 3252 2022 3450 2093; x_wconf 87' lang='lat' dir='ltr'><strong>ignem,</strong></span> <span class='ocrx_word' id='word_1_261' title='bbox 3484 2032 3532 2076; x_wconf 86' lang='lat' dir='ltr'><strong>et</strong></span> <span class='ocrx_word' id='word_1_262' title='bbox 3557 2022 3820 2078; x_wconf 81' lang='lat' dir='ltr'><strong>devorabit</strong></span> 
     </span>
    </p>
   </div>
   <div class='ocr_carea' id='block_1_36' title="bbox 513 2112 2103 2199">
    <p class='ocr_par' dir='ltr' id='par_1_36' title="bbox 513 2123 2103 2199">
     <span class='ocr_line' id='line_1_36' title="bbox 513 2123 2103 2199; baseline 0.006 -24"><span class='ocrx_word' id='word_1_263' title='bbox 513 2128 655 2176; x_wconf 88' lang='lat' dir='ltr'><strong>trum</strong></span> <span class='ocrx_word' id='word_1_264' title='bbox 687 2123 1119 2194; x_wconf 86' lang='lat' dir='ltr'><strong>snseeptionem,</strong></span> <span class='ocrx_word' id='word_1_265' title='bbox 1149 2126 1245 2182; x_wconf 88' lang='lat' dir='ltr'><strong>sed</strong></span> <span class='ocrx_word' id='word_1_266' title='bbox 1273 2141 1549 2182; x_wconf 90' lang='lat' dir='ltr'><strong>morarum</strong></span> <span class='ocrx_word' id='word_1_267' title='bbox 1576 2143 1770 2183; x_wconf 86' lang='lat' dir='ltr'><strong>causas</strong></span> <span class='ocrx_word' id='word_1_268' title='bbox 1792 2127 2103 2199; x_wconf 88' lang='lat' dir='ltr'><strong>simplicitet</strong></span> 
     </span>
    </p>
   </div>
   <div class='ocr_carea' id='block_1_37' title="bbox 2208 2112 3820 2199">
    <p class='ocr_par' dir='ltr' id='par_1_37' title="bbox 2221 2112 3820 2187">
     <span class='ocr_line' id='line_1_37' title="bbox 2221 2112 3820 2187; baseline 0.004 -22"><span class='ocrx_word' id='word_1_269' title='bbox 2221 2112 2273 2166; x_wconf 88' lang='lat' dir='ltr'><strong>in</strong></span> <span class='ocrx_word' id='word_1_270' title='bbox 2305 2123 2353 2166; x_wconf 85' lang='lat' dir='ltr'><strong>te</strong></span> <span class='ocrx_word' id='word_1_271' title='bbox 2373 2129 2523 2168; x_wconf 90' lang='lat' dir='ltr'><strong>omne</strong></span> <span class='ocrx_word' id='word_1_272' title='bbox 2548 2114 2748 2185; x_wconf 83' lang='lat' dir='ltr'><strong>lignum</strong></span> <span class='ocrx_word' id='word_1_273' title='bbox 2780 2116 2979 2181; x_wconf 84' lang='lat' dir='ltr'><strong>viride,</strong></span> <span class='ocrx_word' id='word_1_274' title='bbox 3005 2126 3051 2169; x_wconf 70' lang='lat' dir='ltr'><strong>et</strong></span> <span class='ocrx_word' id='word_1_275' title='bbox 3079 2117 3277 2187; x_wconf 88' lang='lat' dir='ltr'><strong>lignum</strong></span> <span class='ocrx_word' id='word_1_276' title='bbox 3308 2117 3535 2171; x_wconf 88' lang='lat' dir='ltr'><strong>aridum.</strong></span> <span class='ocrx_word' id='word_1_277' title='bbox 3564 2116 3687 2171; x_wconf 85' lang='lat' dir='ltr'><strong>Non</strong></span> <span class='ocrx_word' id='word_1_278' title='bbox 3721 2134 3820 2172; x_wconf 76' lang='lat' dir='ltr'><strong>ea:-</strong></span> 
     </span>
    </p>
   </div>
   <div class='ocr_carea' id='block_1_38' title="bbox 511 2216 2111 2293">
    <p class='ocr_par' dir='ltr' id='par_1_38' title="bbox 511 2216 2111 2293">
     <span class='ocr_line' id='line_1_38' title="bbox 511 2216 2111 2293; baseline 0.004 -22"><span class='ocrx_word' id='word_1_279' title='bbox 511 2216 835 2273; x_wconf 89' lang='lat' dir='ltr'><strong>confitetnur</strong></span> <span class='ocrx_word' id='word_1_280' title='bbox 866 2236 880 2273; x_wconf 89' lang='lat'>:</span> <span class='ocrx_word' id='word_1_281' title='bbox 912 2221 1220 2289; x_wconf 84' lang='lat' dir='ltr'><strong>praesertim</strong></span> <span class='ocrx_word' id='word_1_282' title='bbox 1262 2236 1385 2276; x_wconf 92' lang='lat' dir='ltr'><strong>eum</strong></span> <span class='ocrx_word' id='word_1_283' title='bbox 1418 2221 1845 2277; x_wconf 86' lang='lat' dir='ltr'><strong>Occidentalium</strong></span> <span class='ocrx_word' id='word_1_284' title='bbox 1876 2221 2025 2293; x_wconf 82' lang='lat' dir='ltr'><strong>fuga,</strong></span> <span class='ocrx_word' id='word_1_285' title='bbox 2057 2230 2111 2277; x_wconf 93' lang='lat' dir='ltr'><strong>et</strong></span> 
     </span>
    </p>
   </div>
   <div class='ocr_carea' id='block_1_39' title="bbox 508 2314 2114 2386">
    <p class='ocr_par' dir='ltr' id='par_1_39' title="bbox 508 2314 2114 2386">
     <span class='ocr_line' id='line_1_39' title="bbox 508 2314 2114 2386; baseline 0.002 -20"><span class='ocrx_word' id='word_1_286' title='bbox 508 2322 823 2367; x_wconf 86' lang='lat' dir='ltr'><strong>sanctorum</strong></span> <span class='ocrx_word' id='word_1_287' title='bbox 857 2314 1095 2369; x_wconf 89' lang='lat' dir='ltr'><strong>locorum</strong></span> <span class='ocrx_word' id='word_1_288' title='bbox 1137 2317 1491 2386; x_wconf 90' lang='lat' dir='ltr'><strong>constipatio,</strong></span> <span class='ocrx_word' id='word_1_289' title='bbox 1523 2316 1765 2371; x_wconf 89' lang='lat' dir='ltr'><strong>nuditate</strong></span> <span class='ocrx_word' id='word_1_290' title='bbox 1804 2327 1968 2386; x_wconf 87' lang='lat' dir='ltr'><strong>atque</strong></span> <span class='ocrx_word' id='word_1_291' title='bbox 1996 2315 2114 2371; x_wconf 84' lang='lat' dir='ltr'><strong>vul-</strong></span> 
     </span>
    </p>
   </div>
   <div class='ocr_carea' id='block_1_40' title="bbox 512 2405 2109 2481">
    <p class='ocr_par' dir='ltr' id='par_1_40' title="bbox 512 2405 2109 2481">
     <span class='ocr_line' id='line_1_40' title="bbox 512 2405 2109 2481; baseline 0.001 -22"><span class='ocrx_word' id='word_1_292' title='bbox 512 2405 738 2461; x_wconf 89' lang='lat' dir='ltr'><strong>neribus</strong></span> <span class='ocrx_word' id='word_1_293' title='bbox 762 2405 1144 2477; x_wconf 87' lang='lat' dir='ltr'><strong>indigentium,</strong></span> <span class='ocrx_word' id='word_1_294' title='bbox 1176 2408 1383 2464; x_wconf 88' lang='lat' dir='ltr'><strong>rabiem</strong></span> <span class='ocrx_word' id='word_1_295' title='bbox 1422 2409 1679 2481; x_wconf 83' lang='lat' dir='ltr'><strong>praeferat</strong></span> <span class='ocrx_word' id='word_1_296' title='bbox 1725 2408 2109 2463; x_wconf 86' lang='lat' dir='ltr'><strong>Barbarorum.</strong></span> 
     </span>
    </p>
   </div>
   <div class='ocr_carea' id='block_1_41' title="bbox 506 2494 2111 2573">
    <p class='ocr_par' dir='ltr' id='par_1_41' title="bbox 506 2494 2111 2573">
     <span class='ocr_line' id='line_1_41' title="bbox 506 2494 2111 2573; baseline 0.004 -23"><span class='ocrx_word' id='word_1_297' title='bbox 506 2494 535 2534; x_wconf 74' lang='grc' dir='ltr'><strong>ι)</strong></span> <span class='ocrx_word' id='word_1_298' title='bbox 565 2497 722 2565; x_wconf 84' lang='lat' dir='ltr'><strong>Quod</strong></span> <span class='ocrx_word' id='word_1_299' title='bbox 762 2500 967 2571; x_wconf 88' lang='lat' dir='ltr'><strong>absque</strong></span> <span class='ocrx_word' id='word_1_300' title='bbox 1013 2501 1269 2573; x_wconf 88' lang='lat' dir='ltr'><strong>lacrymis</strong></span> <span class='ocrx_word' id='word_1_301' title='bbox 1301 2510 1356 2557; x_wconf 90' lang='lat' dir='ltr'><strong>et</strong></span> <span class='ocrx_word' id='word_1_302' title='bbox 1383 2502 1585 2573; x_wconf 82' lang='lat' dir='ltr'><strong>gemitu</strong></span> <span class='ocrx_word' id='word_1_303' title='bbox 1631 2501 1819 2557; x_wconf 88' lang='lat' dir='ltr'><strong>videre</strong></span> <span class='ocrx_word' id='word_1_304' title='bbox 1847 2516 1950 2556; x_wconf 91' lang='lat' dir='ltr'><strong>non</strong></span> <span class='ocrx_word' id='word_1_305' title='bbox 1987 2516 2111 2573; x_wconf 85' lang='lat' dir='ltr'><strong>pos-</strong></span> 
     </span>
    </p>
   </div>
   <div class='ocr_carea' id='block_1_42' title="bbox 507 2592 2112 2666">
    <p class='ocr_par' dir='ltr' id='par_1_42' title="bbox 507 2592 2112 2666">
     <span class='ocr_line' id='line_1_42' title="bbox 507 2592 2112 2666; baseline 0.002 -20"><span class='ocrx_word' id='word_1_306' title='bbox 507 2604 716 2656; x_wconf 79' lang='lat' dir='ltr'><strong>sumus,</strong></span> <span class='ocrx_word' id='word_1_307' title='bbox 749 2592 898 2647; x_wconf 88' lang='lat' dir='ltr'><strong>illam</strong></span> <span class='ocrx_word' id='word_1_308' title='bbox 923 2594 1202 2664; x_wconf 90' lang='lat' dir='ltr'><strong>quondam</strong></span> <span class='ocrx_word' id='word_1_309' title='bbox 1237 2596 1539 2666; x_wconf 88' lang='lat' dir='ltr'><strong>potentiam</strong></span> <span class='ocrx_word' id='word_1_310' title='bbox 1571 2605 1622 2650; x_wconf 92' lang='lat' dir='ltr'><strong>et</strong></span> <span class='ocrx_word' id='word_1_311' title='bbox 1660 2606 1682 2634; x_wconf 77' lang='grc' dir='ltr'>ε</span> <span class='ocrx_word' id='word_1_312' title='bbox 1717 2596 2112 2666; x_wconf 82' lang='lat' dir='ltr'><strong>ignorationem</strong></span> 
     </span>
    </p>
   </div>
   <div class='ocr_carea' id='block_1_43' title="bbox 508 2683 2110 2758">
    <p class='ocr_par' dir='ltr' id='par_1_43' title="bbox 508 2683 2110 2758">
     <span class='ocr_line' id='line_1_43' title="bbox 508 2683 2110 2758; baseline 0.002 -19"><span class='ocrx_word' id='word_1_313' title='bbox 508 2683 829 2740; x_wconf 89' lang='lat' dir='ltr'><strong>divitiarum</strong></span> <span class='ocrx_word' id='word_1_314' title='bbox 861 2684 927 2741; x_wconf 90' lang='lat' dir='ltr'><strong>ad</strong></span> <span class='ocrx_word' id='word_1_315' title='bbox 957 2695 1164 2741; x_wconf 90' lang='lat' dir='ltr'><strong>tantam</strong></span> <span class='ocrx_word' id='word_1_316' title='bbox 1204 2687 1443 2758; x_wconf 90' lang='lat' dir='ltr'><strong>inopiam</strong></span> <span class='ocrx_word' id='word_1_317' title='bbox 1499 2688 1833 2757; x_wconf 83' lang='lat' dir='ltr'><strong>pervenisse,</strong></span> <span class='ocrx_word' id='word_1_318' title='bbox 1868 2695 1925 2741; x_wconf 90' lang='lat' dir='ltr'><strong>ut</strong></span> <span class='ocrx_word' id='word_1_319' title='bbox 1968 2697 2110 2742; x_wconf 90' lang='lat' dir='ltr'><strong>tecto</strong></span> 
     </span>
    </p>
   </div>
   <div class='ocr_carea' id='block_1_44' title="bbox 505 2779 2108 2850">
    <p class='ocr_par' dir='ltr' id='par_1_44' title="bbox 505 2779 2108 2850">
     <span class='ocr_line' id='line_1_44' title="bbox 505 2779 2108 2850; baseline 0.001 -16"><span class='ocrx_word' id='word_1_320' title='bbox 505 2786 563 2834; x_wconf 90' lang='lat' dir='ltr'><strong>et</strong></span> <span class='ocrx_word' id='word_1_321' title='bbox 592 2779 738 2845; x_wconf 90' lang='lat' dir='ltr'><strong>cibo,</strong></span> <span class='ocrx_word' id='word_1_322' title='bbox 767 2790 821 2835; x_wconf 91' lang='lat' dir='ltr'><strong>et</strong></span> <span class='ocrx_word' id='word_1_323' title='bbox 844 2781 1175 2836; x_wconf 89' lang='lat' dir='ltr'><strong>vestimento</strong></span> <span class='ocrx_word' id='word_1_324' title='bbox 1203 2780 1462 2850; x_wconf 80' lang='lat' dir='ltr'><strong>indigeat;</strong></span> <span class='ocrx_word' id='word_1_325' title='bbox 1481 2788 1539 2835; x_wconf 88' lang='lat' dir='ltr'><strong>et</strong></span> <span class='ocrx_word' id='word_1_326' title='bbox 1556 2789 1733 2835; x_wconf 90' lang='lat' dir='ltr'><strong>tamen</strong></span> <span class='ocrx_word' id='word_1_327' title='bbox 1767 2795 2108 2850; x_wconf 71' lang='lat' dir='ltr'><strong>nequaquam</strong></span> 
     </span>
    </p>
   </div>
   <div class='ocr_carea' id='block_1_45' title="bbox 504 2871 2109 2945">
    <p class='ocr_par' dir='ltr' id='par_1_45' title="bbox 504 2871 2109 2945">
     <span class='ocr_line' id='line_1_45' title="bbox 504 2871 2109 2945; baseline 0 -16"><span class='ocrx_word' id='word_1_328' title='bbox 504 2871 630 2929; x_wconf 81' lang='lat' dir='ltr'><strong>duri</strong></span> <span class='ocrx_word' id='word_1_329' title='bbox 653 2873 1008 2943; x_wconf 88' lang='lat' dir='ltr'><strong>quorumdam</strong></span> <span class='ocrx_word' id='word_1_330' title='bbox 1041 2871 1068 2911; x_wconf 77' lang='grc' dir='ltr'><strong>ἀ</strong></span> <span class='ocrx_word' id='word_1_331' title='bbox 1100 2885 1266 2945; x_wconf 90' lang='lat' dir='ltr'><strong>atque</strong></span> <span class='ocrx_word' id='word_1_332' title='bbox 1293 2874 1547 2930; x_wconf 91' lang='lat' dir='ltr'><strong>crudeles</strong></span> <span class='ocrx_word' id='word_1_333' title='bbox 1574 2876 1737 2929; x_wconf 90' lang='lat' dir='ltr'><strong>animi</strong></span> <span class='ocrx_word' id='word_1_334' title='bbox 1771 2874 2109 2944; x_wconf 90' lang='lat' dir='ltr'><strong>molliuntur,</strong></span> 
     </span>
    </p>
   </div>
   <div class='ocr_carea' id='block_1_46' title="bbox 505 2965 2111 3039">
    <p class='ocr_par' dir='ltr' id='par_1_46' title="bbox 505 2965 2111 3039">
     <span class='ocr_line' id='line_1_46' title="bbox 505 2965 2111 3039; baseline 0.001 -18"><span class='ocrx_word' id='word_1_335' title='bbox 505 2965 633 3022; x_wconf 90' lang='lat' dir='ltr'><strong>dum</strong></span> <span class='ocrx_word' id='word_1_336' title='bbox 682 2968 954 3039; x_wconf 88' lang='lat' dir='ltr'><strong>pannulos</strong></span> <span class='ocrx_word' id='word_1_337' title='bbox 983 2982 1173 3023; x_wconf 87' lang='lat' dir='ltr'><strong>eorum</strong></span> <span class='ocrx_word' id='word_1_338' title='bbox 1202 2977 1258 3023; x_wconf 91' lang='lat' dir='ltr'><strong>et</strong></span> <span class='ocrx_word' id='word_1_339' title='bbox 1304 2967 1603 3023; x_wconf 83' lang='lat' dir='ltr'><strong>sarcinulas</strong></span> <span class='ocrx_word' id='word_1_340' title='bbox 1636 2967 1958 3035; x_wconf 88' lang='lat' dir='ltr'><strong>discutiunt,</strong></span> <span class='ocrx_word' id='word_1_341' title='bbox 2014 2982 2111 3022; x_wconf 90' lang='lat' dir='ltr'><strong>au-</strong></span> 
     </span>
    </p>
   </div>
   <div class='ocr_carea' id='block_1_47' title="bbox 504 3061 2111 3133">
    <p class='ocr_par' dir='ltr' id='par_1_47' title="bbox 504 3061 2111 3133">
     <span class='ocr_line' id='line_1_47' title="bbox 504 3061 2111 3133; baseline 0 -17"><span class='ocrx_word' id='word_1_342' title='bbox 504 3076 626 3117; x_wconf 87' lang='lat' dir='ltr'><strong>rum</strong></span> <span class='ocrx_word' id='word_1_343' title='bbox 670 3061 723 3115; x_wconf 93' lang='lat' dir='ltr'><strong>in</strong></span> <span class='ocrx_word' id='word_1_344' title='bbox 747 3062 1065 3131; x_wconf 81' lang='lat' dir='ltr'><strong>captivitate</strong></span> <span class='ocrx_word' id='word_1_345' title='bbox 1108 3071 1441 3133; x_wconf 70' lang='lat' dir='ltr'><strong>quaerentes.</strong></span> <span class='ocrx_word' id='word_1_346' title='bbox 1474 3061 1699 3116; x_wconf 84' lang='lat' dir='ltr'><strong>Accedit</strong></span> <span class='ocrx_word' id='word_1_347' title='bbox 1748 3061 1814 3116; x_wconf 89' lang='lat' dir='ltr'><strong>ad</strong></span> <span class='ocrx_word' id='word_1_348' title='bbox 1870 3063 2006 3116; x_wconf 91' lang='lat' dir='ltr'><strong>hanc</strong></span> <span class='ocrx_word' id='word_1_349' title='bbox 2030 3062 2111 3117; x_wconf 87' lang='lat' dir='ltr'><strong>di-</strong></span> 
     </span>
    </p>
   </div>
   <div class='ocr_carea' id='block_1_48' title="bbox 504 3152 2111 3225">
    <p class='ocr_par' dir='ltr' id='par_1_48' title="bbox 504 3152 2111 3225">
     <span class='ocr_line' id='line_1_48' title="bbox 504 3152 2111 3225; baseline 0.001 -17"><span class='ocrx_word' id='word_1_350' title='bbox 504 3152 685 3208; x_wconf 88' lang='lat' dir='ltr'><strong>ctandi</strong></span> <span class='ocrx_word' id='word_1_351' title='bbox 748 3152 1149 3219; x_wconf 82' lang='lat' dir='ltr'><strong>difficultatem,</strong></span> <span class='ocrx_word' id='word_1_352' title='bbox 1193 3154 1335 3225; x_wconf 91' lang='lat' dir='ltr'><strong>quod</strong></span> <span class='ocrx_word' id='word_1_353' title='bbox 1384 3152 1752 3223; x_wconf 88' lang='lat' dir='ltr'><strong>caligantibus</strong></span> <span class='ocrx_word' id='word_1_354' title='bbox 1805 3154 1978 3209; x_wconf 89' lang='lat' dir='ltr'><strong>oculis</strong></span> <span class='ocrx_word' id='word_1_355' title='bbox 2023 3167 2111 3209; x_wconf 89' lang='lat' dir='ltr'><strong>se-</strong></span> 
     </span>
    </p>
   </div>
   <div class='ocr_carea' id='block_1_49' title="bbox 499 3240 2107 3320">
    <p class='ocr_par' dir='ltr' id='par_1_49' title="bbox 499 3240 2107 3320">
     <span class='ocr_line' id='line_1_49' title="bbox 499 3240 2107 3320; baseline 0.001 -19"><span class='ocrx_word' id='word_1_356' title='bbox 499 3254 804 3311; x_wconf 88' lang='lat' dir='ltr'><strong>nectute,et</strong></span> <span class='ocrx_word' id='word_1_357' title='bbox 817 3240 1029 3315; x_wconf 81' lang='lat' dir='ltr'><strong>aliquid</strong></span> <span class='ocrx_word' id='word_1_358' title='bbox 1030 3246 1421 3302; x_wconf 83' lang='lat' dir='ltr'><strong>sustinentibus</strong></span> <span class='ocrx_word' id='word_1_359' title='bbox 1435 3246 1578 3302; x_wconf 87' lang='lat' dir='ltr'><strong>beati</strong></span> <span class='ocrx_word' id='word_1_360' title='bbox 1592 3246 1740 3300; x_wconf 60' lang='lat' dir='ltr'><strong>Isaac</strong></span> <span class='ocrx_word' id='word_1_361' title='bbox 1756 3245 2107 3320; x_wconf 59' lang='lat' dir='ltr'><strong>(Genaunn),</strong></span> 
     </span>
    </p>
   </div>
   <div class='ocr_carea' id='block_1_50' title="bbox 503 3337 2110 3411">
    <p class='ocr_par' dir='ltr' id='par_1_50' title="bbox 503 3337 2110 3411">
     <span class='ocr_line' id='line_1_50' title="bbox 503 3337 2110 3411; baseline 0.004 -20"><span class='ocrx_word' id='word_1_362' title='bbox 503 3337 570 3393; x_wconf 88' lang='lat' dir='ltr'><strong>ad</strong></span> <span class='ocrx_word' id='word_1_363' title='bbox 598 3352 927 3394; x_wconf 88' lang='lat' dir='ltr'><strong>noeturnum</strong></span> <span class='ocrx_word' id='word_1_364' title='bbox 955 3340 1135 3395; x_wconf 91' lang='lat' dir='ltr'><strong>lumen</strong></span> <span class='ocrx_word' id='word_1_365' title='bbox 1166 3354 1507 3411; x_wconf 87' lang='lat' dir='ltr'><strong>nequaquam</strong></span> <span class='ocrx_word' id='word_1_366' title='bbox 1546 3341 1824 3396; x_wconf 73' lang='lat' dir='ltr'><strong>valeamus</strong></span> <span class='ocrx_word' id='word_1_367' title='bbox 1850 3341 2110 3397; x_wconf 84' lang='lat' dir='ltr'><strong>Hebraeo-</strong></span> 
     </span>
    </p>
   </div>
   <div class='ocr_carea' id='block_1_51' title="bbox 502 3435 2106 3506">
    <p class='ocr_par' dir='ltr' id='par_1_51' title="bbox 502 3435 2106 3506">
     <span class='ocr_line' id='line_1_51' title="bbox 502 3435 2106 3506; baseline 0.001 -17"><span class='ocrx_word' id='word_1_368' title='bbox 502 3450 623 3491; x_wconf 90' lang='lat' dir='ltr'><strong>rum</strong></span> <span class='ocrx_word' id='word_1_369' title='bbox 658 3436 931 3490; x_wconf 88' lang='lat' dir='ltr'><strong>volumina</strong></span> <span class='ocrx_word' id='word_1_370' title='bbox 973 3436 1240 3506; x_wconf 88' lang='lat' dir='ltr'><strong>relegere,</strong></span> <span class='ocrx_word' id='word_1_371' title='bbox 1292 3451 1411 3506; x_wconf 72' lang='lat' dir='ltr'><strong>quze</strong></span> <span class='ocrx_word' id='word_1_372' title='bbox 1442 3435 1606 3491; x_wconf 87' lang='lat' dir='ltr'><strong>etiam</strong></span> <span class='ocrx_word' id='word_1_373' title='bbox 1636 3436 1702 3492; x_wconf 92' lang='lat' dir='ltr'><strong>ad</strong></span> <span class='ocrx_word' id='word_1_374' title='bbox 1734 3435 1866 3491; x_wconf 85' lang='lat' dir='ltr'><strong>solis</strong></span> <span class='ocrx_word' id='word_1_375' title='bbox 1894 3436 2106 3506; x_wconf 90' lang='lat' dir='ltr'><strong>dieique</strong></span> 
     </span>
    </p>
   </div>
   <div class='ocr_carea' id='block_1_52' title="bbox 2218 2208 3813 2286">
    <p class='ocr_par' dir='ltr' id='par_1_52' title="bbox 2218 2208 3813 2286">
     <span class='ocr_line' id='line_1_52' title="bbox 2218 2208 3813 2286; baseline 0.006 -27"><span class='ocrx_word' id='word_1_376' title='bbox 2218 2208 2483 2281; x_wconf 88' lang='lat' dir='ltr'><strong>tinguetur</strong></span> <span class='ocrx_word' id='word_1_377' title='bbox 2510 2211 2723 2280; x_wconf 83' lang='lat' dir='ltr'><strong>ﬂamma</strong></span> <span class='ocrx_word' id='word_1_378' title='bbox 2761 2228 3032 2279; x_wconf 86' lang='lat' dir='ltr'><strong>succensa,</strong></span> <span class='ocrx_word' id='word_1_379' title='bbox 3059 2221 3105 2266; x_wconf 87' lang='lat' dir='ltr'><strong>et</strong></span> <span class='ocrx_word' id='word_1_380' title='bbox 3129 2212 3332 2267; x_wconf 79' lang='lat' dir='ltr'><strong>ardebit</strong></span> <span class='ocrx_word' id='word_1_381' title='bbox 3364 2215 3416 2267; x_wconf 84' lang='lat' dir='ltr'><strong>in</strong></span> <span class='ocrx_word' id='word_1_382' title='bbox 3445 2229 3504 2267; x_wconf 90' lang='lat' dir='ltr'><strong>ea</strong></span> <span class='ocrx_word' id='word_1_383' title='bbox 3536 2216 3705 2269; x_wconf 80' lang='lat' dir='ltr'><strong>omnis</strong></span> <span class='ocrx_word' id='word_1_384' title='bbox 3727 2218 3813 2286; x_wconf 80' lang='lat' dir='ltr'><strong>[a-</strong></span> 
     </span>
    </p>
   </div>
   <div class='ocr_carea' id='block_1_53' title="bbox 2217 2300 3821 2378">
    <p class='ocr_par' dir='ltr' id='par_1_53' title="bbox 2217 2300 3821 2378">
     <span class='ocr_line' id='line_1_53' title="bbox 2217 2300 3821 2378; baseline 0.006 -25"><span class='ocrx_word' id='word_1_385' title='bbox 2217 2300 2603 2377; x_wconf 84' lang='lat' dir='ltr'><strong>ciesameridie</strong></span> <span class='ocrx_word' id='word_1_386' title='bbox 2632 2320 2796 2374; x_wconf 89' lang='lat' dir='ltr'><strong>usque</strong></span> <span class='ocrx_word' id='word_1_387' title='bbox 2812 2306 2881 2357; x_wconf 86' lang='lat' dir='ltr'><strong>ad</strong></span> <span class='ocrx_word' id='word_1_388' title='bbox 2900 2305 3249 2374; x_wconf 84' lang='lat' dir='ltr'><strong>Aquilonem:</strong></span> <span class='ocrx_word' id='word_1_389' title='bbox 3278 2316 3324 2360; x_wconf 83' lang='lat' dir='ltr'><strong>et</strong></span> <span class='ocrx_word' id='word_1_390' title='bbox 3352 2317 3621 2378; x_wconf 87' lang='lat' dir='ltr'><strong>cognoscet</strong></span> <span class='ocrx_word' id='word_1_391' title='bbox 3648 2308 3821 2363; x_wconf 86' lang='lat' dir='ltr'><strong>omnis</strong></span> 
     </span>
    </p>
   </div>
   <div class='ocr_carea' id='block_1_54' title="bbox 2215 2394 3821 2465">
    <p class='ocr_par' dir='ltr' id='par_1_54' title="bbox 2215 2394 3821 2465">
     <span class='ocr_line' id='line_1_54' title="bbox 2215 2394 3821 2465; baseline 0.006 -19"><span class='ocrx_word' id='word_1_392' title='bbox 2215 2409 2339 2447; x_wconf 90' lang='lat' dir='ltr'><strong>caro</strong></span> <span class='ocrx_word' id='word_1_393' title='bbox 2366 2394 2491 2465; x_wconf 86' lang='lat' dir='ltr'><strong>quia</strong></span> <span class='ocrx_word' id='word_1_394' title='bbox 2537 2412 2633 2465; x_wconf 82' lang='lat' dir='ltr'><strong>ego</strong></span> <span class='ocrx_word' id='word_1_395' title='bbox 2668 2395 2923 2450; x_wconf 86' lang='lat' dir='ltr'><strong>Dominus</strong></span> <span class='ocrx_word' id='word_1_396' title='bbox 2954 2398 3201 2453; x_wconf 86' lang='lat' dir='ltr'><strong>succendi</strong></span> <span class='ocrx_word' id='word_1_397' title='bbox 3244 2399 3389 2453; x_wconf 86' lang='lat' dir='ltr'><strong>illam</strong></span> <span class='ocrx_word' id='word_1_398' title='bbox 3421 2416 3437 2453; x_wconf 89' lang='lat'><strong><em>:</em></strong></span> <span class='ocrx_word' id='word_1_399' title='bbox 3483 2417 3583 2455; x_wconf 91' lang='lat' dir='ltr'><strong>non</strong></span> <span class='ocrx_word' id='word_1_400' title='bbox 3623 2403 3821 2457; x_wconf 73' lang='lat' dir='ltr'><strong>exstin-</strong></span> 
     </span>
    </p>
   </div>
   <div class='ocr_carea' id='block_1_55' title="bbox 2214 2488 3821 2566">
    <p class='ocr_par' dir='ltr' id='par_1_55' title="bbox 2214 2488 3821 2566">
     <span class='ocr_line' id='line_1_55' title="bbox 2214 2488 3821 2566; baseline 0.006 -26"><span class='ocrx_word' id='word_1_401' title='bbox 2214 2498 2423 2559; x_wconf 89' lang='lat' dir='ltr'><strong>guetur.</strong></span> <span class='ocrx_word' id='word_1_402' title='bbox 2456 2488 2523 2542; x_wconf 87' lang='lat' dir='ltr'><strong>Et</strong></span> <span class='ocrx_word' id='word_1_403' title='bbox 2547 2489 2662 2543; x_wconf 80' lang='lat' dir='ltr'><strong>dixi</strong></span> <span class='ocrx_word' id='word_1_404' title='bbox 2689 2506 2707 2542; x_wconf 89' lang='lat'><strong><em>:</em></strong></span> <span class='ocrx_word' id='word_1_405' title='bbox 2740 2489 3109 2562; x_wconf 87' lang='lat' dir='ltr'><strong>Nequaquam,</strong></span> <span class='ocrx_word' id='word_1_406' title='bbox 3142 2490 3385 2559; x_wconf 88' lang='lat' dir='ltr'><strong>Domine,</strong></span> <span class='ocrx_word' id='word_1_407' title='bbox 3416 2491 3642 2549; x_wconf 89' lang='lat' dir='ltr'><strong>Domine</strong></span> <span class='ocrx_word' id='word_1_408' title='bbox 3672 2510 3688 2547; x_wconf 88' lang='lat'><em>:</em></span> <span class='ocrx_word' id='word_1_409' title='bbox 3712 2496 3821 2566; x_wconf 85' lang='lat' dir='ltr'><strong>ipsi</strong></span> 
     </span>
    </p>
   </div>
   <div class='ocr_carea' id='block_1_56' title="bbox 2215 2582 3823 2658">
    <p class='ocr_par' dir='ltr' id='par_1_56' title="bbox 2215 2582 3823 2658">
     <span class='ocr_line' id='line_1_56' title="bbox 2215 2582 3823 2658; baseline 0.007 -24"><span class='ocrx_word' id='word_1_410' title='bbox 2215 2582 2395 2636; x_wconf 88' lang='lat' dir='ltr'><strong>dicunt</strong></span> <span class='ocrx_word' id='word_1_411' title='bbox 2427 2583 2496 2637; x_wconf 89' lang='lat' dir='ltr'><strong>ad</strong></span> <span class='ocrx_word' id='word_1_412' title='bbox 2535 2600 2616 2637; x_wconf 90' lang='lat' dir='ltr'><strong>me</strong></span> <span class='ocrx_word' id='word_1_413' title='bbox 2640 2600 2658 2637; x_wconf 93' lang='lat'><strong><em>:</em></strong></span> <span class='ocrx_word' id='word_1_414' title='bbox 2692 2583 2884 2639; x_wconf 86' lang='lat' dir='ltr'><strong>Nonne</strong></span> <span class='ocrx_word' id='word_1_415' title='bbox 2904 2586 3158 2655; x_wconf 86' lang='lat' dir='ltr'><strong>parabola</strong></span> <span class='ocrx_word' id='word_1_416' title='bbox 3189 2594 3262 2642; x_wconf 82' lang='lat' dir='ltr'><strong>est</strong></span> <span class='ocrx_word' id='word_1_417' title='bbox 3289 2603 3405 2658; x_wconf 77' lang='lat' dir='ltr'><strong>qua:</strong></span> <span class='ocrx_word' id='word_1_418' title='bbox 3441 2588 3634 2643; x_wconf 88' lang='lat' dir='ltr'><strong>dicitur</strong></span> <span class='ocrx_word' id='word_1_419' title='bbox 3660 2589 3775 2645; x_wconf 79' lang='lat' dir='ltr'><strong>lucc</strong></span> <span class='ocrx_word' id='word_1_420' title='bbox 3796 2593 3823 2645; x_wconf 74' lang='lat'><strong>2’</strong></span> 
     </span>
    </p>
   </div>
   <div class='ocr_carea' id='block_1_57' title="bbox 2213 2673 3817 2751">
    <p class='ocr_par' dir='ltr' id='par_1_57' title="bbox 2213 2673 3817 2751">
     <span class='ocr_line' id='line_1_57' title="bbox 2213 2673 3817 2751; baseline 0.007 -23"><span class='ocrx_word' id='word_1_421' title='bbox 2213 2673 2357 2740; x_wconf 87' lang='lat' dir='ltr'><strong>Quid</strong></span> <span class='ocrx_word' id='word_1_422' title='bbox 2387 2675 2662 2747; x_wconf 73' lang='lat' dir='ltr'><strong>signiﬁcet</strong></span> <span class='ocrx_word' id='word_1_423' title='bbox 2677 2694 2834 2747; x_wconf 85' lang='lat' dir='ltr'><strong>pone,</strong></span> <span class='ocrx_word' id='word_1_424' title='bbox 2859 2679 2947 2733; x_wconf 83' lang='lat' dir='ltr'><strong>vel</strong></span> <span class='ocrx_word' id='word_1_425' title='bbox 2978 2679 3199 2749; x_wconf 78' lang='lat' dir='ltr'><strong>obﬁrma</strong></span> <span class='ocrx_word' id='word_1_426' title='bbox 3229 2681 3417 2751; x_wconf 79' lang='lat' dir='ltr'><strong>faciem</strong></span> <span class='ocrx_word' id='word_1_427' title='bbox 3444 2689 3618 2748; x_wconf 85' lang='lat' dir='ltr'><strong>tuam,</strong></span> <span class='ocrx_word' id='word_1_428' title='bbox 3647 2697 3817 2751; x_wconf 81' lang='lat' dir='ltr'><strong>supra</strong></span> 
     </span>
    </p>
   </div>
   <div class='ocr_carea' id='block_1_58' title="bbox 2216 2768 3813 2845">
    <p class='ocr_par' dir='ltr' id='par_1_58' title="bbox 2216 2768 3813 2845">
     <span class='ocr_line' id='line_1_58' title="bbox 2216 2768 3813 2845; baseline 0.006 -23"><span class='ocrx_word' id='word_1_429' title='bbox 2216 2768 2427 2836; x_wconf 89' lang='lat' dir='ltr'><strong>plenius</strong></span> <span class='ocrx_word' id='word_1_430' title='bbox 2452 2770 2710 2825; x_wconf 78' lang='lat' dir='ltr'><strong>diximus.</strong></span> <span class='ocrx_word' id='word_1_431' title='bbox 2741 2770 3144 2828; x_wconf 86' lang='lat' dir='ltr'><strong>Oblirmatione</strong></span> <span class='ocrx_word' id='word_1_432' title='bbox 3169 2774 3314 2828; x_wconf 91' lang='lat' dir='ltr'><strong>enim</strong></span> <span class='ocrx_word' id='word_1_433' title='bbox 3340 2773 3521 2829; x_wconf 90' lang='lat' dir='ltr'><strong>vultus</strong></span> <span class='ocrx_word' id='word_1_434' title='bbox 3538 2789 3679 2845; x_wconf 88' lang='lat' dir='ltr'><strong>opus</strong></span> <span class='ocrx_word' id='word_1_435' title='bbox 3705 2784 3813 2841; x_wconf 89' lang='lat' dir='ltr'><strong>est,</strong></span> 
     </span>
    </p>
   </div>
   <div class='ocr_carea' id='block_1_59' title="bbox 2212 2863 3813 2938">
    <p class='ocr_par' dir='ltr' id='par_1_59' title="bbox 2212 2863 3813 2938">
     <span class='ocr_line' id='line_1_59' title="bbox 2212 2863 3813 2938; baseline 0.004 -19"><span class='ocrx_word' id='word_1_436' title='bbox 2212 2873 2267 2919; x_wconf 92' lang='lat' dir='ltr'><strong>et</strong></span> <span class='ocrx_word' id='word_1_437' title='bbox 2294 2863 2493 2918; x_wconf 90' lang='lat' dir='ltr'><strong>frontis</strong></span> <span class='ocrx_word' id='word_1_438' title='bbox 2518 2863 2742 2934; x_wconf 87' lang='lat' dir='ltr'><strong>duritia,</strong></span> <span class='ocrx_word' id='word_1_439' title='bbox 2777 2876 2836 2920; x_wconf 90' lang='lat' dir='ltr'><strong>ut</strong></span> <span class='ocrx_word' id='word_1_440' title='bbox 2864 2881 2985 2935; x_wconf 84' lang='lat' dir='ltr'><strong>quae</strong></span> <span class='ocrx_word' id='word_1_441' title='bbox 3009 2866 3353 2936; x_wconf 89' lang='lat' dir='ltr'><strong>imperantur</strong></span> <span class='ocrx_word' id='word_1_442' title='bbox 3383 2869 3696 2938; x_wconf 80' lang='lat' dir='ltr'><strong>Prophetae,</strong></span> <span class='ocrx_word' id='word_1_443' title='bbox 3730 2870 3813 2925; x_wconf 90' lang='lat' dir='ltr'><strong>lo-</strong></span> 
     </span>
    </p>
   </div>
   <div class='ocr_carea' id='block_1_60' title="bbox 2213 2945 3816 3033">
    <p class='ocr_par' dir='ltr' id='par_1_60' title="bbox 2213 2945 3816 3033">
     <span class='ocr_line' id='line_1_60' title="bbox 2213 2945 3816 3033; baseline 0.004 -22"><span class='ocrx_word' id='word_1_444' title='bbox 2213 2967 2412 3026; x_wconf 89' lang='lat' dir='ltr'><strong>quatur</strong></span> <span class='ocrx_word' id='word_1_445' title='bbox 2462 2957 2767 3027; x_wconf 89' lang='lat' dir='ltr'><strong>intrepidus</strong></span> <span class='ocrx_word' id='word_1_446' title='bbox 2799 3000 2812 3025; x_wconf 93' lang='lat'><strong>,</strong></span> <span class='ocrx_word' id='word_1_447' title='bbox 2854 2945 3100 3014; x_wconf 84' lang='lat' dir='ltr'><strong>maxime</strong></span> <span class='ocrx_word' id='word_1_448' title='bbox 3145 2974 3271 3015; x_wconf 91' lang='lat' dir='ltr'><strong>cum</strong></span> <span class='ocrx_word' id='word_1_449' title='bbox 3306 2960 3375 3015; x_wconf 90' lang='lat' dir='ltr'><strong>ad</strong></span> <span class='ocrx_word' id='word_1_450' title='bbox 3420 2971 3586 3016; x_wconf 90' lang='lat' dir='ltr'><strong>totam</strong></span> <span class='ocrx_word' id='word_1_451' title='bbox 3629 2963 3816 3033; x_wconf 82' lang='lat' dir='ltr'><strong>pepuli</strong></span> 
     </span>
    </p>
   </div>
   <div class='ocr_carea' id='block_1_61' title="bbox 2213 3050 3813 3112">
    <p class='ocr_par' dir='ltr' id='par_1_61' title="bbox 2213 3050 3813 3112">
     <span class='ocr_line' id='line_1_61' title="bbox 2213 3050 3813 3112; baseline 0.005 -8"><span class='ocrx_word' id='word_1_452' title='bbox 2213 3050 2617 3107; x_wconf 84' lang='lat' dir='ltr'><strong>multitudinem</strong></span> <span class='ocrx_word' id='word_1_453' title='bbox 2647 3052 2826 3106; x_wconf 83' lang='lat' dir='ltr'><strong>tristia</strong></span> <span class='ocrx_word' id='word_1_454' title='bbox 2857 3053 3105 3108; x_wconf 87' lang='lat' dir='ltr'><strong>nuntiata</strong></span> <span class='ocrx_word' id='word_1_455' title='bbox 3134 3057 3263 3110; x_wconf 89' lang='lat' dir='ltr'><strong>sint.</strong></span> <span class='ocrx_word' id='word_1_456' title='bbox 3293 3053 3522 3109; x_wconf 81' lang='lat' dir='ltr'><strong>Tlteman</strong></span> <span class='ocrx_word' id='word_1_457' title='bbox 3545 3065 3729 3111; x_wconf 87' lang='lat' dir='ltr'><strong>autem</strong></span> <span class='ocrx_word' id='word_1_458' title='bbox 3755 3065 3813 3112; x_wconf 89' lang='lat' dir='ltr'><strong>et</strong></span> 
     </span>
    </p>
   </div>
   <div class='ocr_carea' id='block_1_62' title="bbox 2212 3141 3813 3219">
    <p class='ocr_par' dir='ltr' id='par_1_62' title="bbox 2212 3141 3813 3219">
     <span class='ocr_line' id='line_1_62' title="bbox 2212 3141 3813 3219; baseline 0.005 -24"><span class='ocrx_word' id='word_1_459' title='bbox 2212 3141 2409 3199; x_wconf 86' lang='lat' dir='ltr'><strong>Darem</strong></span> <span class='ocrx_word' id='word_1_460' title='bbox 2435 3154 2489 3199; x_wconf 91' lang='lat' dir='ltr'><strong>et</strong></span> <span class='ocrx_word' id='word_1_461' title='bbox 2536 3143 2719 3215; x_wconf 87' lang='lat' dir='ltr'><strong>Nageb</strong></span> <span class='ocrx_word' id='word_1_462' title='bbox 2743 3162 2764 3211; x_wconf 90' lang='lat'><strong><em>;</em></strong></span> <span class='ocrx_word' id='word_1_463' title='bbox 2804 3153 2861 3200; x_wconf 91' lang='lat' dir='ltr'><strong>et</strong></span> <span class='ocrx_word' id='word_1_464' title='bbox 2892 3162 3110 3201; x_wconf 87' lang='lat' dir='ltr'><strong>rursum</strong></span> <span class='ocrx_word' id='word_1_465' title='bbox 3148 3146 3327 3218; x_wconf 77' lang='lat' dir='ltr'><strong>Nageb</strong></span> <span class='ocrx_word' id='word_1_466' title='bbox 3352 3192 3365 3217; x_wconf 90' lang='lat'><strong>,</strong></span> <span class='ocrx_word' id='word_1_467' title='bbox 3402 3162 3498 3217; x_wconf 90' lang='lat' dir='ltr'><strong>pro</strong></span> <span class='ocrx_word' id='word_1_468' title='bbox 3525 3164 3635 3219; x_wconf 87' lang='lat' dir='ltr'><strong>quo</strong></span> <span class='ocrx_word' id='word_1_469' title='bbox 3663 3147 3813 3203; x_wconf 76' lang='lat' dir='ltr'><strong>LXX</strong></span> 
     </span>
    </p>
   </div>
   <div class='ocr_carea' id='block_1_63' title="bbox 2212 3238 3809 3313">
    <p class='ocr_par' dir='ltr' id='par_1_63' title="bbox 2212 3238 3809 3313">
     <span class='ocr_line' id='line_1_63' title="bbox 2212 3238 3809 3313; baseline 0.004 -19"><span class='ocrx_word' id='word_1_470' title='bbox 2212 3240 2505 3299; x_wconf 82' lang='grc' dir='ltr'><strong>ἀπηλιώτην</strong></span> <span class='ocrx_word' id='word_1_471' title='bbox 2535 3238 2875 3311; x_wconf 85' lang='lat' dir='ltr'><strong>interpretati</strong></span> <span class='ocrx_word' id='word_1_472' title='bbox 2918 3250 3064 3307; x_wconf 89' lang='lat' dir='ltr'><strong>sunt,</strong></span> <span class='ocrx_word' id='word_1_473' title='bbox 3091 3241 3221 3313; x_wconf 88' lang='lat' dir='ltr'><strong>quid</strong></span> <span class='ocrx_word' id='word_1_474' title='bbox 3253 3254 3450 3299; x_wconf 89' lang='lat' dir='ltr'><strong>sonent</strong></span> <span class='ocrx_word' id='word_1_475' title='bbox 3475 3243 3529 3298; x_wconf 94' lang='lat' dir='ltr'><strong>in</strong></span> <span class='ocrx_word' id='word_1_476' title='bbox 3554 3244 3809 3311; x_wconf 65' lang='lat' dir='ltr'><strong>Hebraeo,</strong></span> 
     </span>
    </p>
   </div>
   <div class='ocr_carea' id='block_1_64' title="bbox 2210 3334 3809 3407">
    <p class='ocr_par' dir='ltr' id='par_1_64' title="bbox 2210 3334 3809 3407">
     <span class='ocr_line' id='line_1_64' title="bbox 2210 3334 3809 3407; baseline 0.001 -18"><span class='ocrx_word' id='word_1_477' title='bbox 2210 3336 2481 3404; x_wconf 81' lang='lat' dir='ltr'><strong>expressit</strong></span> <span class='ocrx_word' id='word_1_478' title='bbox 2512 3345 2698 3389; x_wconf 84' lang='lat' dir='ltr'><strong>nostra</strong></span> <span class='ocrx_word' id='word_1_479' title='bbox 2729 3336 3040 3391; x_wconf 88' lang='lat' dir='ltr'><strong>translatio.</strong></span> <span class='ocrx_word' id='word_1_480' title='bbox 3073 3334 3336 3407; x_wconf 82' lang='lat' dir='ltr'><strong>Quodque</strong></span> <span class='ocrx_word' id='word_1_481' title='bbox 3365 3336 3556 3393; x_wconf 85' lang='lat' dir='ltr'><strong>dixere</strong></span> <span class='ocrx_word' id='word_1_482' title='bbox 3576 3379 3591 3403; x_wconf 94' lang='lat'><strong>,</strong></span> <span class='ocrx_word' id='word_1_483' title='bbox 3624 3337 3809 3391; x_wconf 85' lang='lat' dir='ltr'><strong>ducem</strong></span> 
     </span>
    </p>
   </div>
   <div class='ocr_carea' id='block_1_65' title="bbox 2215 3426 3807 3505">
    <p class='ocr_par' dir='ltr' id='par_1_65' title="bbox 2215 3426 3807 3505">
     <span class='ocr_line' id='line_1_65' title="bbox 2215 3426 3807 3505; baseline 0.004 -24"><span class='ocrx_word' id='word_1_484' title='bbox 2215 3426 2396 3498; x_wconf 86' lang='lat' dir='ltr'><strong>Nageb</strong></span> <span class='ocrx_word' id='word_1_485' title='bbox 2423 3469 2435 3489; x_wconf 87' lang='lat'><strong>.</strong></span> <span class='ocrx_word' id='word_1_486' title='bbox 2468 3429 2663 3484; x_wconf 91' lang='lat' dir='ltr'><strong>melius</strong></span> <span class='ocrx_word' id='word_1_487' title='bbox 2695 3429 2859 3485; x_wconf 91' lang='lat' dir='ltr'><strong>habet</strong></span> <span class='ocrx_word' id='word_1_488' title='bbox 2902 3431 2955 3484; x_wconf 91' lang='lat' dir='ltr'><strong>in</strong></span> <span class='ocrx_word' id='word_1_489' title='bbox 3004 3431 3233 3486; x_wconf 67' lang='lat' dir='ltr'><strong>Hebraeo</strong></span> <span class='ocrx_word' id='word_1_490' title='bbox 3264 3437 3381 3503; x_wconf 87' lang='lat' dir='ltr'><strong>agri</strong></span> <span class='ocrx_word' id='word_1_491' title='bbox 3408 3474 3421 3499; x_wconf 90' lang='lat'><strong>,</strong></span> <span class='ocrx_word' id='word_1_492' title='bbox 3456 3434 3536 3488; x_wconf 90' lang='lat' dir='ltr'><strong>vel</strong></span> <span class='ocrx_word' id='word_1_493' title='bbox 3576 3434 3807 3505; x_wconf 87' lang='lat' dir='ltr'><strong>regionis</strong></span> 
     </span>
    </p>
   </div>
   <div class='ocr_carea' id='block_1_66' title="bbox 502 3510 2103 3598">
    <p class='ocr_par' dir='ltr' id='par_1_66' title="bbox 502 3525 2101 3598">
     <span class='ocr_line' id='line_1_66' title="bbox 502 3525 2101 3598; baseline 0.001 -16"><span class='ocrx_word' id='word_1_494' title='bbox 502 3525 791 3597; x_wconf 84' lang='lat' dir='ltr'><strong>fulgorem,</strong></span> <span class='ocrx_word' id='word_1_495' title='bbox 825 3528 1130 3583; x_wconf 84' lang='lat' dir='ltr'><strong>litterarum</strong></span> <span class='ocrx_word' id='word_1_496' title='bbox 1165 3527 1323 3582; x_wconf 86' lang='lat' dir='ltr'><strong>nobis</strong></span> <span class='ocrx_word' id='word_1_497' title='bbox 1364 3529 1631 3598; x_wconf 85' lang='lat' dir='ltr'><strong>parvitate</strong></span> <span class='ocrx_word' id='word_1_498' title='bbox 1658 3539 1950 3585; x_wconf 63' lang='lat' dir='ltr'><strong>caecantur.</strong></span> <span class='ocrx_word' id='word_1_499' title='bbox 1993 3528 2101 3585; x_wconf 88' lang='lat' dir='ltr'><strong>Sed</strong></span> 
     </span>
    </p>
   </div>
   <div class='ocr_carea' id='block_1_67' title="bbox 2208 3510 3802 3598">
    <p class='ocr_par' dir='ltr' id='par_1_67' title="bbox 2208 3520 3802 3593">
     <span class='ocr_line' id='line_1_67' title="bbox 2208 3520 3802 3593; baseline 0.003 -19"><span class='ocrx_word' id='word_1_500' title='bbox 2208 3522 2528 3575; x_wconf 66' lang='lat' dir='ltr'><strong>meridianae.</strong></span> <span class='ocrx_word' id='word_1_501' title='bbox 2549 3520 2666 3576; x_wconf 87' lang='lat' dir='ltr'><strong>Non</strong></span> <span class='ocrx_word' id='word_1_502' title='bbox 2689 3520 2837 3576; x_wconf 90' lang='lat' dir='ltr'><strong>enim</strong></span> <span class='ocrx_word' id='word_1_503' title='bbox 2854 3535 2988 3576; x_wconf 57' lang='grc' dir='ltr'><strong>θυῖε</strong></span> <span class='ocrx_word' id='word_1_504' title='bbox 3004 3522 3202 3591; x_wconf 73' lang='lat' dir='ltr'><strong>(n&#39;tv),</strong></span> <span class='ocrx_word' id='word_1_505' title='bbox 3226 3531 3285 3577; x_wconf 89' lang='lat' dir='ltr'><strong>ut</strong></span> <span class='ocrx_word' id='word_1_506' title='bbox 3295 3523 3802 3593; x_wconf 80' lang='lat' dir='ltr'><strong>putaveruntLXX,</strong></span> 
     </span>
    </p>
   </div>
   <div class='ocr_carea' id='block_1_68' title="bbox 500 3622 2102 3688">
    <p class='ocr_par' dir='ltr' id='par_1_68' title="bbox 500 3622 2102 3688">
     <span class='ocr_line' id='line_1_68' title="bbox 500 3622 2102 3688; baseline 0.001 -9"><span class='ocrx_word' id='word_1_507' title='bbox 500 3630 558 3679; x_wconf 87' lang='lat' dir='ltr'><strong>et</strong></span> <span class='ocrx_word' id='word_1_508' title='bbox 595 3623 911 3679; x_wconf 65' lang='lat' dir='ltr'><strong>Griecorum</strong></span> <span class='ocrx_word' id='word_1_509' title='bbox 942 3622 1391 3688; x_wconf 83' lang='lat' dir='ltr'><strong>commentarios,</strong></span> <span class='ocrx_word' id='word_1_510' title='bbox 1450 3622 1679 3679; x_wconf 88' lang='lat' dir='ltr'><strong>fratrum</strong></span> <span class='ocrx_word' id='word_1_511' title='bbox 1725 3634 1935 3679; x_wconf 88' lang='lat' dir='ltr'><strong>tantum</strong></span> <span class='ocrx_word' id='word_1_512' title='bbox 1968 3639 2102 3680; x_wconf 89' lang='lat' dir='ltr'><strong>voce</strong></span> 
     </span>
    </p>
   </div>
   <div class='ocr_carea' id='block_1_69' title="bbox 499 3715 2101 3788">
    <p class='ocr_par' dir='ltr' id='par_1_69' title="bbox 499 3715 2101 3788">
     <span class='ocr_line' id='line_1_69' title="bbox 499 3715 2101 3788; baseline -0.001 -15"><span class='ocrx_word' id='word_1_513' title='bbox 499 3718 906 3788; x_wconf 87' lang='lat' dir='ltr'><strong>cognoscimus.</strong></span> <span class='ocrx_word' id='word_1_514' title='bbox 949 3716 1203 3787; x_wconf 82' lang='lat' dir='ltr'><strong>anliqne</strong></span> <span class='ocrx_word' id='word_1_515' title='bbox 1236 3715 1457 3771; x_wconf 89' lang='lat' dir='ltr'><strong>dubium</strong></span> <span class='ocrx_word' id='word_1_516' title='bbox 1484 3761 1497 3784; x_wconf 94' lang='lat'><strong>,</strong></span> <span class='ocrx_word' id='word_1_517' title='bbox 1529 3717 1670 3787; x_wconf 90' lang='lat' dir='ltr'><strong>quod</strong></span> <span class='ocrx_word' id='word_1_518' title='bbox 1700 3716 1892 3772; x_wconf 88' lang='lat' dir='ltr'><strong>alienis</strong></span> <span class='ocrx_word' id='word_1_519' title='bbox 1922 3718 2101 3773; x_wconf 81' lang='lat' dir='ltr'><strong>denti-</strong></span> 
     </span>
    </p>
   </div>
   <div class='ocr_carea' id='block_1_70' title="bbox 498 3809 2096 3874">
    <p class='ocr_par' dir='ltr' id='par_1_70' title="bbox 498 3809 2096 3874">
     <span class='ocr_line' id='line_1_70' title="bbox 498 3809 2096 3874; baseline 0 -8"><span class='ocrx_word' id='word_1_520' title='bbox 498 3809 599 3866; x_wconf 87' lang='lat' dir='ltr'><strong>bus</strong></span> <span class='ocrx_word' id='word_1_521' title='bbox 645 3809 944 3866; x_wconf 88' lang='lat' dir='ltr'><strong>commoliti</strong></span> <span class='ocrx_word' id='word_1_522' title='bbox 998 3810 1129 3874; x_wconf 87' lang='lat' dir='ltr'><strong>cibi,</strong></span> <span class='ocrx_word' id='word_1_523' title='bbox 1180 3809 1525 3864; x_wconf 89' lang='lat' dir='ltr'><strong>vescentihus</strong></span> <span class='ocrx_word' id='word_1_524' title='bbox 1575 3823 1835 3865; x_wconf 85' lang='lat' dir='ltr'><strong>nauseam</strong></span> <span class='ocrx_word' id='word_1_525' title='bbox 1880 3810 2096 3867; x_wconf 82' lang='lat' dir='ltr'><strong>faciant.</strong></span> 
     </span>
    </p>
   </div>
   <div class='ocr_carea' id='block_1_71' title="bbox 452 3901 2100 3973">
    <p class='ocr_par' dir='ltr' id='par_1_71' title="bbox 452 3901 2100 3973">
     <span class='ocr_line' id='line_1_71' title="bbox 452 3901 2100 3973; baseline -0.002 -13"><span class='ocrx_word' id='word_1_526' title='bbox 452 3906 453 3909; x_wconf 62' lang='grc'><em>“</em></span> <span class='ocrx_word' id='word_1_527' title='bbox 500 3901 657 3961; x_wconf 87' lang='lat' dir='ltr'><strong>Unde</strong></span> <span class='ocrx_word' id='word_1_528' title='bbox 684 3905 917 3960; x_wconf 87' lang='lat' dir='ltr'><strong>obsecro</strong></span> <span class='ocrx_word' id='word_1_529' title='bbox 942 3913 1015 3967; x_wconf 90' lang='lat' dir='ltr'><strong>te,</strong></span> <span class='ocrx_word' id='word_1_530' title='bbox 1040 3902 1147 3956; x_wconf 86' lang='lat' dir='ltr'><strong>lilia</strong></span> <span class='ocrx_word' id='word_1_531' title='bbox 1175 3902 1551 3963; x_wconf 86' lang='lat' dir='ltr'><strong>Eustochium.</strong></span> <span class='ocrx_word' id='word_1_532' title='bbox 1579 3913 1637 3959; x_wconf 91' lang='lat' dir='ltr'><strong>ut</strong></span> <span class='ocrx_word' id='word_1_533' title='bbox 1666 3904 1767 3957; x_wconf 82' lang='lat' dir='ltr'><strong>iSla</strong></span> <span class='ocrx_word' id='word_1_534' title='bbox 1799 3919 1920 3973; x_wconf 68' lang='lat' dir='ltr'><strong>qum</strong></span> <span class='ocrx_word' id='word_1_535' title='bbox 1946 3914 2100 3960; x_wconf 89' lang='lat' dir='ltr'><strong>nota-</strong></span> 
     </span>
    </p>
   </div>
   <div class='ocr_carea' id='block_1_72' title="bbox 497 3994 2098 4068">
    <p class='ocr_par' dir='ltr' id='par_1_72' title="bbox 497 3994 2098 4068">
     <span class='ocr_line' id='line_1_72' title="bbox 497 3994 2098 4068; baseline 0.001 -17"><span class='ocrx_word' id='word_1_536' title='bbox 497 3996 703 4051; x_wconf 88' lang='lat' dir='ltr'><strong>riorum</strong></span> <span class='ocrx_word' id='word_1_537' title='bbox 736 3994 878 4067; x_wconf 82' lang='lat' dir='ltr'><strong>stylo</strong></span> <span class='ocrx_word' id='word_1_538' title='bbox 932 3994 1182 4049; x_wconf 91' lang='lat' dir='ltr'><strong>cudimus</strong></span> <span class='ocrx_word' id='word_1_539' title='bbox 1203 4035 1218 4061; x_wconf 90' lang='lat'><strong>,</strong></span> <span class='ocrx_word' id='word_1_540' title='bbox 1246 4003 1297 4050; x_wconf 92' lang='lat' dir='ltr'><strong>et</strong></span> <span class='ocrx_word' id='word_1_541' title='bbox 1328 3994 1392 4049; x_wconf 89' lang='lat' dir='ltr'><strong>ad</strong></span> <span class='ocrx_word' id='word_1_542' title='bbox 1438 4010 1558 4066; x_wconf 75' lang='lat' dir='ltr'><strong>quae</strong></span> <span class='ocrx_word' id='word_1_543' title='bbox 1605 3996 1940 4051; x_wconf 90' lang='lat' dir='ltr'><strong>emendanda</strong></span> <span class='ocrx_word' id='word_1_544' title='bbox 1974 4013 2098 4068; x_wconf 88' lang='lat' dir='ltr'><strong>spa-</strong></span> 
     </span>
    </p>
   </div>
   <div class='ocr_carea' id='block_1_73' title="bbox 496 4086 2092 4163">
    <p class='ocr_par' dir='ltr' id='par_1_73' title="bbox 496 4086 2092 4163">
     <span class='ocr_line' id='line_1_73' title="bbox 496 4086 2092 4163; baseline -0.001 -19"><span class='ocrx_word' id='word_1_545' title='bbox 496 4089 629 4145; x_wconf 90' lang='lat' dir='ltr'><strong>timn</strong></span> <span class='ocrx_word' id='word_1_546' title='bbox 660 4089 751 4144; x_wconf 79' lang='lat' dir='ltr'><strong>vix</strong></span> <span class='ocrx_word' id='word_1_547' title='bbox 791 4087 1079 4152; x_wconf 88' lang='lat' dir='ltr'><strong>habemus,</strong></span> <span class='ocrx_word' id='word_1_548' title='bbox 1108 4086 1160 4142; x_wconf 90' lang='lat' dir='ltr'><strong>id</strong></span> <span class='ocrx_word' id='word_1_549' title='bbox 1184 4098 1291 4153; x_wconf 88' lang='lat' dir='ltr'><strong>est,</strong></span> <span class='ocrx_word' id='word_1_550' title='bbox 1325 4089 1616 4159; x_wconf 88' lang='lat' dir='ltr'><strong>septimum</strong></span> <span class='ocrx_word' id='word_1_551' title='bbox 1647 4090 1909 4159; x_wconf 79' lang='lat' dir='ltr'><strong>incipias,</strong></span> <span class='ocrx_word' id='word_1_552' title='bbox 1934 4088 2092 4163; x_wconf 68' lang='grc'><strong>241</strong></span> 
     </span>
    </p>
   </div>
   <div class='ocr_carea' id='block_1_74' title="bbox 496 4181 2095 4255">
    <p class='ocr_par' dir='ltr' id='par_1_74' title="bbox 496 4181 2095 4255">
     <span class='ocr_line' id='line_1_74' title="bbox 496 4181 2095 4255; baseline 0.001 -15"><span class='ocrx_word' id='word_1_553' title='bbox 496 4193 553 4240; x_wconf 90' lang='lat' dir='ltr'><strong>et</strong></span> <span class='ocrx_word' id='word_1_554' title='bbox 582 4181 906 4253; x_wconf 81' lang='lat' dir='ltr'><strong>titantejam</strong></span> <span class='ocrx_word' id='word_1_555' title='bbox 931 4182 1127 4248; x_wconf 79' lang='lat' dir='ltr'><strong>dixi,si</strong></span> <span class='ocrx_word' id='word_1_556' title='bbox 1156 4181 1419 4238; x_wconf 90' lang='lat' dir='ltr'><strong>librorum</strong></span> <span class='ocrx_word' id='word_1_557' title='bbox 1450 4183 1691 4239; x_wconf 80' lang='lat' dir='ltr'><strong>brevitas</strong></span> <span class='ocrx_word' id='word_1_558' title='bbox 1713 4185 1794 4239; x_wconf 88' lang='lat' dir='ltr'><strong>vel</strong></span> <span class='ocrx_word' id='word_1_559' title='bbox 1816 4185 2095 4255; x_wconf 73' lang='lat' dir='ltr'><strong>longitudo</strong></span> 
     </span>
    </p>
   </div>
   <div class='ocr_carea' id='block_1_75' title="bbox 494 4275 2093 4347">
    <p class='ocr_par' dir='ltr' id='par_1_75' title="bbox 494 4275 2093 4347">
     <span class='ocr_line' id='line_1_75' title="bbox 494 4275 2093 4347; baseline 0.002 -15"><span class='ocrx_word' id='word_1_560' title='bbox 494 4275 638 4332; x_wconf 89' lang='lat' dir='ltr'><strong>inter</strong></span> <span class='ocrx_word' id='word_1_561' title='bbox 659 4291 719 4331; x_wconf 90' lang='lat' dir='ltr'><strong>se</strong></span> <span class='ocrx_word' id='word_1_562' title='bbox 741 4276 943 4331; x_wconf 87' lang='lat' dir='ltr'><strong>fuerint</strong></span> <span class='ocrx_word' id='word_1_563' title='bbox 964 4276 1283 4347; x_wconf 63' lang='lat' dir='ltr'><strong>inaequales,</strong></span> <span class='ocrx_word' id='word_1_564' title='bbox 1306 4276 1599 4346; x_wconf 89' lang='lat' dir='ltr'><strong>visionum,</strong></span> <span class='ocrx_word' id='word_1_565' title='bbox 1626 4278 1793 4333; x_wconf 91' lang='lat' dir='ltr'><strong>immo</strong></span> <span class='ocrx_word' id='word_1_566' title='bbox 1807 4280 2093 4336; x_wconf 78' lang='grc' dir='ltr'><strong>ὑποθέσεων</strong></span> 
     </span>
    </p>
   </div>
   <div class='ocr_carea' id='block_1_76' title="bbox 495 4367 2093 4440">
    <p class='ocr_par' dir='ltr' id='par_1_76' title="bbox 495 4367 2093 4440">
     <span class='ocr_line' id='line_1_76' title="bbox 495 4367 2093 4440; baseline 0.002 -16"><span class='ocrx_word' id='word_1_567' title='bbox 495 4367 751 4424; x_wconf 83' lang='lat' dir='ltr'><strong>brevitati</strong></span> <span class='ocrx_word' id='word_1_568' title='bbox 783 4369 1016 4439; x_wconf 88' lang='lat' dir='ltr'><strong>imputes</strong></span> <span class='ocrx_word' id='word_1_569' title='bbox 1043 4382 1107 4424; x_wconf 91' lang='lat' dir='ltr'><strong>ac</strong></span> <span class='ocrx_word' id='word_1_570' title='bbox 1136 4367 1491 4439; x_wconf 86' lang='lat' dir='ltr'><strong>longitudini,</strong></span> <span class='ocrx_word' id='word_1_571' title='bbox 1523 4370 1651 4425; x_wconf 91' lang='lat' dir='ltr'><strong>dum</strong></span> <span class='ocrx_word' id='word_1_572' title='bbox 1682 4379 1737 4426; x_wconf 90' lang='lat' dir='ltr'><strong>et</strong></span> <span class='ocrx_word' id='word_1_573' title='bbox 1760 4370 1946 4440; x_wconf 90' lang='lat' dir='ltr'><strong>juncta</strong></span> <span class='ocrx_word' id='word_1_574' title='bbox 1994 4388 2093 4427; x_wconf 91' lang='lat' dir='ltr'><strong>no-</strong></span> 
     </span>
    </p>
   </div>
   <div class='ocr_carea' id='block_1_77' title="bbox 493 4462 2091 4533">
    <p class='ocr_par' dir='ltr' id='par_1_77' title="bbox 493 4462 2091 4533">
     <span class='ocr_line' id='line_1_77' title="bbox 493 4462 2091 4533; baseline 0.002 -14"><span class='ocrx_word' id='word_1_575' title='bbox 493 4463 675 4519; x_wconf 90' lang='lat' dir='ltr'><strong>lumus</strong></span> <span class='ocrx_word' id='word_1_576' title='bbox 700 4477 956 4533; x_wconf 78' lang='lat' dir='ltr'><strong>separare</strong></span> <span class='ocrx_word' id='word_1_577' title='bbox 978 4504 993 4530; x_wconf 87' lang='lat'><strong>,</strong></span> <span class='ocrx_word' id='word_1_578' title='bbox 1041 4472 1098 4518; x_wconf 90' lang='lat' dir='ltr'><strong>et</strong></span> <span class='ocrx_word' id='word_1_579' title='bbox 1144 4462 1482 4519; x_wconf 88' lang='lat' dir='ltr'><strong>dissonantia</strong></span> <span class='ocrx_word' id='word_1_580' title='bbox 1514 4463 1568 4518; x_wconf 93' lang='lat' dir='ltr'><strong>in</strong></span> <span class='ocrx_word' id='word_1_581' title='bbox 1617 4479 1778 4519; x_wconf 89' lang='lat' dir='ltr'><strong>unam</strong></span> <span class='ocrx_word' id='word_1_582' title='bbox 1810 4475 2091 4522; x_wconf 84' lang='lat' dir='ltr'><strong>coarctare</strong></span> 
     </span>
    </p>
   </div>
   <div class='ocr_carea' id='block_1_78' title="bbox 495 4557 831 4629">
    <p class='ocr_par' dir='ltr' id='par_1_78' title="bbox 495 4557 831 4629">
     <span class='ocr_line' id='line_1_78' title="bbox 495 4557 831 4629; baseline 0.003 -17"><span class='ocrx_word' id='word_1_583' title='bbox 495 4557 831 4629; x_wconf 87' lang='lat' dir='ltr'><strong>congeriem.</strong></span> 
     </span>
    </p>
   </div>
   <div class='ocr_carea' id='block_1_79' title="bbox 568 4739 2081 4813">
    <p class='ocr_par' dir='ltr' id='par_1_79' title="bbox 568 4739 2081 4813">
     <span class='ocr_line' id='line_1_79' title="bbox 568 4739 2081 4813; baseline 0.001 -17"><span class='ocrx_word' id='word_1_584' title='bbox 568 4742 751 4813; x_wconf 81' lang='lat' dir='ltr'><strong>(Vers.</strong></span> <span class='ocrx_word' id='word_1_585' title='bbox 782 4743 854 4799; x_wconf 78' lang='grc'><strong>45</strong></span> <span class='ocrx_word' id='word_1_586' title='bbox 883 4742 1028 4812; x_wconf 87' lang='lat' dir='ltr'><strong>seq.)</strong></span> <span class='ocrx_word' id='word_1_587' title='bbox 1054 4740 1120 4794; x_wconf 90' lang='lat' dir='ltr'><strong>Et</strong></span> <span class='ocrx_word' id='word_1_588' title='bbox 1151 4742 1321 4811; x_wconf 84' lang='lat' dir='ltr'><strong>factus</strong></span> <span class='ocrx_word' id='word_1_589' title='bbox 1346 4748 1421 4796; x_wconf 87' lang='lat' dir='ltr'><strong>est</strong></span> <span class='ocrx_word' id='word_1_590' title='bbox 1449 4757 1617 4796; x_wconf 89' lang='lat' dir='ltr'><strong>sermo</strong></span> <span class='ocrx_word' id='word_1_591' title='bbox 1638 4739 1855 4796; x_wconf 88' lang='lat' dir='ltr'><strong>Domini</strong></span> <span class='ocrx_word' id='word_1_592' title='bbox 1885 4742 1954 4796; x_wconf 92' lang='lat' dir='ltr'><strong>ad</strong></span> <span class='ocrx_word' id='word_1_593' title='bbox 1983 4759 2081 4811; x_wconf 87' lang='lat' dir='ltr'><strong>me,</strong></span> 
     </span>
    </p>
   </div>
   <div class='ocr_carea' id='block_1_80' title="bbox 487 4831 2083 4904">
    <p class='ocr_par' dir='ltr' id='par_1_80' title="bbox 487 4831 2083 4904">
     <span class='ocr_line' id='line_1_80' title="bbox 487 4831 2083 4904; baseline 0.001 -16"><span class='ocrx_word' id='word_1_594' title='bbox 487 4833 664 4888; x_wconf 86' lang='lat' dir='ltr'><strong>dicens</strong></span> <span class='ocrx_word' id='word_1_595' title='bbox 697 4849 714 4887; x_wconf 93' lang='lat'><em>:</em></span> <span class='ocrx_word' id='word_1_596' title='bbox 745 4831 855 4888; x_wconf 88' lang='lat' dir='ltr'><strong>Fili</strong></span> <span class='ocrx_word' id='word_1_597' title='bbox 882 4832 1107 4888; x_wconf 82' lang='lat' dir='ltr'><strong>hominis</strong></span> <span class='ocrx_word' id='word_1_598' title='bbox 1127 4874 1142 4901; x_wconf 96' lang='lat'><strong>,</strong></span> <span class='ocrx_word' id='word_1_599' title='bbox 1174 4849 1307 4904; x_wconf 84' lang='lat' dir='ltr'><strong>pone</strong></span> <span class='ocrx_word' id='word_1_600' title='bbox 1334 4833 1521 4904; x_wconf 80' lang='lat' dir='ltr'><strong>faciem</strong></span> <span class='ocrx_word' id='word_1_601' title='bbox 1550 4845 1692 4888; x_wconf 88' lang='lat' dir='ltr'><strong>tuam</strong></span> <span class='ocrx_word' id='word_1_602' title='bbox 1720 4844 1901 4889; x_wconf 86' lang='lat' dir='ltr'><strong>contra</strong></span> <span class='ocrx_word' id='word_1_603' title='bbox 1946 4837 2083 4890; x_wconf 82' lang='lat' dir='ltr'><strong>viam</strong></span> 
     </span>
    </p>
   </div>
   <div class='ocr_carea' id='block_1_81' title="bbox 2205 3613 3804 3685">
    <p class='ocr_par' dir='ltr' id='par_1_81' title="bbox 2205 3613 3804 3685">
     <span class='ocr_line' id='line_1_81' title="bbox 2205 3613 3804 3685; baseline 0.003 -17"><span class='ocrx_word' id='word_1_604' title='bbox 2205 3614 2348 3684; x_wconf 90' lang='lat' dir='ltr'><strong>quod</strong></span> <span class='ocrx_word' id='word_1_605' title='bbox 2380 3613 2606 3669; x_wconf 90' lang='lat' dir='ltr'><strong>verbum</strong></span> <span class='ocrx_word' id='word_1_606' title='bbox 2652 3614 2838 3669; x_wconf 88' lang='lat' dir='ltr'><strong>ducem</strong></span> <span class='ocrx_word' id='word_1_607' title='bbox 2882 3624 2937 3670; x_wconf 91' lang='lat' dir='ltr'><strong>et</strong></span> <span class='ocrx_word' id='word_1_608' title='bbox 2984 3614 3274 3685; x_wconf 85' lang='lat' dir='ltr'><strong>principem</strong></span> <span class='ocrx_word' id='word_1_609' title='bbox 3303 3625 3506 3682; x_wconf 88' lang='lat' dir='ltr'><strong>sonat,</strong></span> <span class='ocrx_word' id='word_1_610' title='bbox 3532 3615 3626 3672; x_wconf 88' lang='lat' dir='ltr'><strong>sed</strong></span> <span class='ocrx_word' id='word_1_611' title='bbox 3668 3632 3804 3672; x_wconf 65' lang='lat' dir='ltr'><strong>sane</strong></span> 
     </span>
    </p>
   </div>
   <div class='ocr_carea' id='block_1_82' title="bbox 2204 3707 3808 3782">
    <p class='ocr_par' dir='ltr' id='par_1_82' title="bbox 2204 3707 3808 3782">
     <span class='ocr_line' id='line_1_82' title="bbox 2204 3707 3808 3782; baseline 0.002 -21"><span class='ocrx_word' id='word_1_612' title='bbox 2204 3708 2471 3776; x_wconf 88' lang='lat' dir='ltr'><strong>scriptum</strong></span> <span class='ocrx_word' id='word_1_613' title='bbox 2499 3718 2611 3772; x_wconf 85' lang='lat' dir='ltr'><strong>est,</strong></span> <span class='ocrx_word' id='word_1_614' title='bbox 2644 3707 2790 3778; x_wconf 90' lang='lat' dir='ltr'><strong>quod</strong></span> <span class='ocrx_word' id='word_1_615' title='bbox 2826 3709 3047 3778; x_wconf 82' lang='lat' dir='ltr'><strong>preprie</strong></span> <span class='ocrx_word' id='word_1_616' title='bbox 3076 3723 3261 3780; x_wconf 89' lang='lat' dir='ltr'><strong>agrum</strong></span> <span class='ocrx_word' id='word_1_617' title='bbox 3283 3751 3296 3775; x_wconf 94' lang='lat'><strong>,</strong></span> <span class='ocrx_word' id='word_1_618' title='bbox 3340 3710 3699 3782; x_wconf 68' lang='lat' dir='ltr'><strong>regionemque</strong></span> <span class='ocrx_word' id='word_1_619' title='bbox 3731 3709 3808 3765; x_wconf 84' lang='lat' dir='ltr'><strong>si-</strong></span> 
     </span>
    </p>
   </div>
   <div class='ocr_carea' id='block_1_83' title="bbox 2200 3802 3805 3870">
    <p class='ocr_par' dir='ltr' id='par_1_83' title="bbox 2200 3802 3805 3870">
     <span class='ocr_line' id='line_1_83' title="bbox 2200 3802 3805 3870; baseline 0.002 -16"><span class='ocrx_word' id='word_1_620' title='bbox 2200 3810 2359 3869; x_wconf 86' lang='lat' dir='ltr'><strong>gnat,</strong></span> <span class='ocrx_word' id='word_1_621' title='bbox 2389 3812 2445 3856; x_wconf 91' lang='lat' dir='ltr'><strong>et</strong></span> <span class='ocrx_word' id='word_1_622' title='bbox 2470 3810 2695 3870; x_wconf 87' lang='lat' dir='ltr'><strong>propter</strong></span> <span class='ocrx_word' id='word_1_623' title='bbox 2722 3816 2936 3856; x_wconf 72' lang='lat' dir='ltr'><strong>nth&#39;ru</strong></span> <span class='ocrx_word' id='word_1_624' title='bbox 2965 3809 3021 3856; x_wconf 89' lang='lat' dir='ltr'><strong>et</strong></span> <span class='ocrx_word' id='word_1_625' title='bbox 3052 3816 3151 3857; x_wconf 82' lang='lat' dir='ltr'><strong>RES</strong></span> <span class='ocrx_word' id='word_1_626' title='bbox 3183 3802 3490 3857; x_wconf 88' lang='lat' dir='ltr'><strong>litterarum</strong></span> <span class='ocrx_word' id='word_1_627' title='bbox 3545 3803 3805 3858; x_wconf 82' lang='lat' dir='ltr'><strong>similitu-</strong></span> 
     </span>
    </p>
   </div>
   <div class='ocr_carea' id='block_1_84' title="bbox 2203 3894 3803 3965">
    <p class='ocr_par' dir='ltr' id='par_1_84' title="bbox 2203 3894 3803 3965">
     <span class='ocr_line' id='line_1_84' title="bbox 2203 3894 3803 3965; baseline 0.004 -19"><span class='ocrx_word' id='word_1_628' title='bbox 2203 3894 2409 3961; x_wconf 90' lang='lat' dir='ltr'><strong>dinem,</strong></span> <span class='ocrx_word' id='word_1_629' title='bbox 2435 3910 2590 3950; x_wconf 90' lang='lat' dir='ltr'><strong>error</strong></span> <span class='ocrx_word' id='word_1_630' title='bbox 2620 3894 2867 3949; x_wconf 89' lang='lat' dir='ltr'><strong>inolevit.</strong></span> <span class='ocrx_word' id='word_1_631' title='bbox 2890 3895 3157 3965; x_wconf 90' lang='lat' dir='ltr'><strong>Loquitur</strong></span> <span class='ocrx_word' id='word_1_632' title='bbox 3180 3906 3360 3951; x_wconf 89' lang='lat' dir='ltr'><strong>autem</strong></span> <span class='ocrx_word' id='word_1_633' title='bbox 3387 3911 3568 3952; x_wconf 86' lang='lat' dir='ltr'><strong>sermo</strong></span> <span class='ocrx_word' id='word_1_634' title='bbox 3581 3896 3803 3953; x_wconf 88' lang='lat' dir='ltr'><strong>divinus</strong></span> 
     </span>
    </p>
   </div>
   <div class='ocr_carea' id='block_1_85' title="bbox 2202 3986 3803 4062">
    <p class='ocr_par' dir='ltr' id='par_1_85' title="bbox 2202 3986 3803 4062">
     <span class='ocr_line' id='line_1_85' title="bbox 2202 3986 3803 4062; baseline 0.005 -24"><span class='ocrx_word' id='word_1_635' title='bbox 2202 4003 2298 4056; x_wconf 89' lang='lat' dir='ltr'><strong>per</strong></span> <span class='ocrx_word' id='word_1_636' title='bbox 2322 3986 2698 4055; x_wconf 85' lang='lat' dir='ltr'><strong>metaphoram</strong></span> <span class='ocrx_word' id='word_1_637' title='bbox 2720 3988 2893 4042; x_wconf 90' lang='lat' dir='ltr'><strong>saltus</strong></span> <span class='ocrx_word' id='word_1_638' title='bbox 2914 3997 3105 4043; x_wconf 90' lang='lat' dir='ltr'><strong>contra</strong></span> <span class='ocrx_word' id='word_1_639' title='bbox 3124 3988 3585 4062; x_wconf 78' lang='lat' dir='ltr'><strong>Jerusalem,qu:e</strong></span> <span class='ocrx_word' id='word_1_640' title='bbox 3607 3990 3803 4046; x_wconf 84' lang='lat' dir='ltr'><strong>bestia-</strong></span> 
     </span>
    </p>
   </div>
   <div class='ocr_carea' id='block_1_86' title="bbox 2198 4080 3800 4157">
    <p class='ocr_par' dir='ltr' id='par_1_86' title="bbox 2198 4080 3800 4157">
     <span class='ocr_line' id='line_1_86' title="bbox 2198 4080 3800 4157; baseline 0.005 -22"><span class='ocrx_word' id='word_1_641' title='bbox 2198 4096 2346 4145; x_wconf 91' lang='lat' dir='ltr'><strong>rum,</strong></span> <span class='ocrx_word' id='word_1_642' title='bbox 2373 4080 2537 4153; x_wconf 62' lang='grc'><strong>242</strong></span> <span class='ocrx_word' id='word_1_643' title='bbox 2561 4092 2618 4137; x_wconf 91' lang='lat' dir='ltr'><strong>et</strong></span> <span class='ocrx_word' id='word_1_644' title='bbox 2638 4082 2897 4138; x_wconf 82' lang='lat' dir='ltr'><strong>ferociam</strong></span> <span class='ocrx_word' id='word_1_645' title='bbox 2919 4082 3201 4139; x_wconf 91' lang='lat' dir='ltr'><strong>hominum</strong></span> <span class='ocrx_word' id='word_1_646' title='bbox 3222 4084 3488 4140; x_wconf 79' lang='lat' dir='ltr'><strong>habitatio</strong></span> <span class='ocrx_word' id='word_1_647' title='bbox 3509 4097 3592 4142; x_wconf 89' lang='lat' dir='ltr'><strong>est</strong></span> <span class='ocrx_word' id='word_1_648' title='bbox 3618 4104 3629 4139; x_wconf 89' lang='lat'><strong>:</strong></span> <span class='ocrx_word' id='word_1_649' title='bbox 3653 4089 3800 4157; x_wconf 86' lang='lat' dir='ltr'><strong>quod</strong></span> 
     </span>
    </p>
   </div>
   <div class='ocr_carea' id='block_1_87' title="bbox 2197 4174 3803 4250">
    <p class='ocr_par' dir='ltr' id='par_1_87' title="bbox 2197 4174 3803 4250">
     <span class='ocr_line' id='line_1_87' title="bbox 2197 4174 3803 4250; baseline 0.004 -21"><span class='ocrx_word' id='word_1_650' title='bbox 2197 4177 2496 4230; x_wconf 90' lang='lat' dir='ltr'><strong>succendat</strong></span> <span class='ocrx_word' id='word_1_651' title='bbox 2514 4190 2633 4231; x_wconf 89' lang='lat' dir='ltr'><strong>eam</strong></span> <span class='ocrx_word' id='word_1_652' title='bbox 2661 4174 2770 4247; x_wconf 79' lang='grc' dir='ltr'><strong>[ΑΙ.</strong></span> <span class='ocrx_word' id='word_1_653' title='bbox 2796 4175 2969 4249; x_wconf 90' lang='lat' dir='ltr'><strong>eum],</strong></span> <span class='ocrx_word' id='word_1_654' title='bbox 3003 4177 3295 4249; x_wconf 88' lang='lat' dir='ltr'><strong>omniaque</strong></span> <span class='ocrx_word' id='word_1_655' title='bbox 3317 4179 3459 4250; x_wconf 85' lang='lat' dir='ltr'><strong>ligna</strong></span> <span class='ocrx_word' id='word_1_656' title='bbox 3492 4179 3637 4235; x_wconf 79' lang='lat' dir='ltr'><strong>illius</strong></span> <span class='ocrx_word' id='word_1_657' title='bbox 3661 4195 3803 4237; x_wconf 86' lang='lat' dir='ltr'><strong>con-</strong></span> 
     </span>
    </p>
   </div>
   <div class='ocr_carea' id='block_1_88' title="bbox 2197 4270 3798 4343">
    <p class='ocr_par' dir='ltr' id='par_1_88' title="bbox 2197 4270 3798 4343">
     <span class='ocr_line' id='line_1_88' title="bbox 2197 4270 3798 4343; baseline 0.003 -19"><span class='ocrx_word' id='word_1_658' title='bbox 2197 4279 2512 4325; x_wconf 87' lang='lat' dir='ltr'><strong>crementur</strong></span> <span class='ocrx_word' id='word_1_659' title='bbox 2548 4287 2560 4323; x_wconf 94' lang='lat'>:</span> <span class='ocrx_word' id='word_1_660' title='bbox 2593 4283 2942 4341; x_wconf 88' lang='lat' dir='ltr'><strong>nequaquam</strong></span> <span class='ocrx_word' id='word_1_661' title='bbox 2979 4270 3205 4326; x_wconf 88' lang='lat' dir='ltr'><strong>arbores</strong></span> <span class='ocrx_word' id='word_1_662' title='bbox 3252 4286 3454 4328; x_wconf 89' lang='lat' dir='ltr'><strong>vocans</strong></span> <span class='ocrx_word' id='word_1_663' title='bbox 3485 4288 3603 4343; x_wconf 76' lang='lat' dir='ltr'><strong>qua:</strong></span> <span class='ocrx_word' id='word_1_664' title='bbox 3646 4273 3798 4330; x_wconf 81' lang='lat' dir='ltr'><strong>truc-</strong></span> 
     </span>
    </p>
   </div>
   <div class='ocr_carea' id='block_1_89' title="bbox 2196 4363 3799 4438">
    <p class='ocr_par' dir='ltr' id='par_1_89' title="bbox 2196 4363 3799 4438">
     <span class='ocr_line' id='line_1_89' title="bbox 2196 4363 3799 4438; baseline 0.002 -18"><span class='ocrx_word' id='word_1_665' title='bbox 2196 4364 2341 4420; x_wconf 91' lang='lat' dir='ltr'><strong>tihus</strong></span> <span class='ocrx_word' id='word_1_666' title='bbox 2370 4364 2692 4435; x_wconf 87' lang='lat' dir='ltr'><strong>indigebant</strong></span> <span class='ocrx_word' id='word_1_667' title='bbox 2716 4405 2731 4432; x_wconf 93' lang='lat'><strong>,</strong></span> <span class='ocrx_word' id='word_1_668' title='bbox 2764 4365 2859 4420; x_wconf 89' lang='lat' dir='ltr'><strong>sed</strong></span> <span class='ocrx_word' id='word_1_669' title='bbox 2907 4363 3051 4435; x_wconf 87' lang='lat' dir='ltr'><strong>ligna</strong></span> <span class='ocrx_word' id='word_1_670' title='bbox 3103 4364 3258 4436; x_wconf 84' lang='lat' dir='ltr'><strong>quasi</strong></span> <span class='ocrx_word' id='word_1_671' title='bbox 3295 4366 3547 4422; x_wconf 88' lang='lat' dir='ltr'><strong>incendio</strong></span> <span class='ocrx_word' id='word_1_672' title='bbox 3579 4382 3799 4438; x_wconf 70' lang='lat' dir='ltr'><strong>praepa-</strong></span> 
     </span>
    </p>
   </div>
   <div class='ocr_carea' id='block_1_90' title="bbox 2193 4457 3799 4531">
    <p class='ocr_par' dir='ltr' id='par_1_90' title="bbox 2193 4457 3799 4531">
     <span class='ocr_line' id='line_1_90' title="bbox 2193 4457 3799 4531; baseline 0.001 -17"><span class='ocrx_word' id='word_1_673' title='bbox 2193 4468 2336 4515; x_wconf 89' lang='lat' dir='ltr'><strong>rata.</strong></span> <span class='ocrx_word' id='word_1_674' title='bbox 2371 4458 2726 4530; x_wconf 87' lang='lat' dir='ltr'><strong>Primumque</strong></span> <span class='ocrx_word' id='word_1_675' title='bbox 2755 4457 3025 4514; x_wconf 90' lang='lat' dir='ltr'><strong>comburit</strong></span> <span class='ocrx_word' id='word_1_676' title='bbox 3058 4460 3109 4513; x_wconf 93' lang='lat' dir='ltr'><strong>in</strong></span> <span class='ocrx_word' id='word_1_677' title='bbox 3140 4473 3206 4514; x_wconf 87' lang='lat' dir='ltr'><strong>eo</strong></span> <span class='ocrx_word' id='word_1_678' title='bbox 3244 4458 3450 4531; x_wconf 86' lang='lat' dir='ltr'><strong>lignum</strong></span> <span class='ocrx_word' id='word_1_679' title='bbox 3478 4461 3680 4527; x_wconf 88' lang='lat' dir='ltr'><strong>viride,</strong></span> <span class='ocrx_word' id='word_1_680' title='bbox 3705 4475 3799 4517; x_wconf 84' lang='lat' dir='ltr'><strong>se-</strong></span> 
     </span>
    </p>
   </div>
   <div class='ocr_carea' id='block_1_91' title="bbox 2192 4550 3797 4624">
    <p class='ocr_par' dir='ltr' id='par_1_91' title="bbox 2192 4550 3797 4624">
     <span class='ocr_line' id='line_1_91' title="bbox 2192 4550 3797 4624; baseline 0.001 -17"><span class='ocrx_word' id='word_1_681' title='bbox 2192 4551 2428 4608; x_wconf 90' lang='lat' dir='ltr'><strong>cundum</strong></span> <span class='ocrx_word' id='word_1_682' title='bbox 2456 4552 2602 4623; x_wconf 87' lang='lat' dir='ltr'><strong>quod</strong></span> <span class='ocrx_word' id='word_1_683' title='bbox 2636 4552 2690 4606; x_wconf 93' lang='lat' dir='ltr'><strong>in</strong></span> <span class='ocrx_word' id='word_1_684' title='bbox 2722 4551 2826 4607; x_wconf 91' lang='lat' dir='ltr'><strong>hoc</strong></span> <span class='ocrx_word' id='word_1_685' title='bbox 2847 4550 3045 4607; x_wconf 90' lang='lat' dir='ltr'><strong>eodem</strong></span> <span class='ocrx_word' id='word_1_686' title='bbox 3076 4551 3343 4622; x_wconf 88' lang='lat' dir='ltr'><strong>Propheta</strong></span> <span class='ocrx_word' id='word_1_687' title='bbox 3373 4552 3601 4624; x_wconf 88' lang='lat' dir='ltr'><strong>legimus</strong></span> <span class='ocrx_word' id='word_1_688' title='bbox 3630 4571 3643 4606; x_wconf 91' lang='lat'><strong>:</strong></span> <span class='ocrx_word' id='word_1_689' title='bbox 3674 4553 3740 4607; x_wconf 83' lang='lat' dir='ltr'><strong>Et</strong></span> <span class='ocrx_word' id='word_1_690' title='bbox 3763 4573 3797 4608; x_wconf 90' lang='lat' dir='ltr'><strong>a</strong></span> 
     </span>
    </p>
   </div>
   <div class='ocr_carea' id='block_1_92' title="bbox 2190 4644 3795 4715">
    <p class='ocr_par' dir='ltr' id='par_1_92' title="bbox 2190 4644 3795 4715">
     <span class='ocr_line' id='line_1_92' title="bbox 2190 4644 3795 4715; baseline 0.001 -14"><span class='ocrx_word' id='word_1_691' title='bbox 2190 4647 2383 4701; x_wconf 84' lang='lat' dir='ltr'><strong>sanctis</strong></span> <span class='ocrx_word' id='word_1_692' title='bbox 2422 4645 2549 4700; x_wconf 83' lang='lat' dir='ltr'><strong>meis</strong></span> <span class='ocrx_word' id='word_1_693' title='bbox 2578 4645 2797 4711; x_wconf 85' lang='lat' dir='ltr'><strong>incipite</strong></span> <span class='ocrx_word' id='word_1_694' title='bbox 2828 4660 2848 4711; x_wconf 90' lang='lat'><strong><em>;</em></strong></span> <span class='ocrx_word' id='word_1_695' title='bbox 2893 4652 2950 4700; x_wconf 91' lang='lat' dir='ltr'><strong>et</strong></span> <span class='ocrx_word' id='word_1_696' title='bbox 2978 4652 3166 4715; x_wconf 90' lang='lat' dir='ltr'><strong>postea</strong></span> <span class='ocrx_word' id='word_1_697' title='bbox 3196 4644 3408 4701; x_wconf 89' lang='lat' dir='ltr'><strong>aridum</strong></span> <span class='ocrx_word' id='word_1_698' title='bbox 3436 4686 3452 4713; x_wconf 89' lang='lat'><strong>,</strong></span> <span class='ocrx_word' id='word_1_699' title='bbox 3486 4645 3628 4714; x_wconf 91' lang='lat' dir='ltr'><strong>quod</strong></span> <span class='ocrx_word' id='word_1_700' title='bbox 3657 4645 3795 4703; x_wconf 92' lang='lat' dir='ltr'><strong>nihil</strong></span> 
     </span>
    </p>
   </div>
   <div class='ocr_carea' id='block_1_93' title="bbox 2190 4738 3793 4813">
    <p class='ocr_par' dir='ltr' id='par_1_93' title="bbox 2190 4738 3793 4813">
     <span class='ocr_line' id='line_1_93' title="bbox 2190 4738 3793 4813; baseline -0.002 -16"><span class='ocrx_word' id='word_1_701' title='bbox 2190 4743 2245 4797; x_wconf 93' lang='lat' dir='ltr'><strong>in</strong></span> <span class='ocrx_word' id='word_1_702' title='bbox 2270 4757 2332 4797; x_wconf 90' lang='lat' dir='ltr'><strong>se</strong></span> <span class='ocrx_word' id='word_1_703' title='bbox 2362 4748 2579 4813; x_wconf 90' lang='lat' dir='ltr'><strong>poterat</strong></span> <span class='ocrx_word' id='word_1_704' title='bbox 2604 4739 2809 4794; x_wconf 86' lang='lat' dir='ltr'><strong>habere</strong></span> <span class='ocrx_word' id='word_1_705' title='bbox 2840 4738 3005 4795; x_wconf 88' lang='lat' dir='ltr'><strong>vitale</strong></span> <span class='ocrx_word' id='word_1_706' title='bbox 3049 4754 3065 4792; x_wconf 87' lang='lat'><strong>:</strong></span> <span class='ocrx_word' id='word_1_707' title='bbox 3097 4748 3317 4796; x_wconf 83' lang='lat' dir='ltr'><strong>sanctos</strong></span> <span class='ocrx_word' id='word_1_708' title='bbox 3342 4738 3600 4795; x_wconf 88' lang='lat' dir='ltr'><strong>videlicet</strong></span> <span class='ocrx_word' id='word_1_709' title='bbox 3625 4739 3793 4795; x_wconf 88' lang='lat' dir='ltr'><strong>simul</strong></span> 
     </span>
    </p>
   </div>
   <div class='ocr_carea' id='block_1_94' title="bbox 2187 4832 3793 4906">
    <p class='ocr_par' dir='ltr' id='par_1_94' title="bbox 2187 4832 3793 4906">
     <span class='ocr_line' id='line_1_94' title="bbox 2187 4832 3793 4906; baseline -0.002 -14"><span class='ocrx_word' id='word_1_710' title='bbox 2187 4846 2240 4892; x_wconf 92' lang='lat' dir='ltr'><strong>et</strong></span> <span class='ocrx_word' id='word_1_711' title='bbox 2266 4843 2606 4906; x_wconf 87' lang='lat' dir='ltr'><strong>peccatores,</strong></span> <span class='ocrx_word' id='word_1_712' title='bbox 2631 4840 2693 4888; x_wconf 91' lang='lat' dir='ltr'><strong>ut</strong></span> <span class='ocrx_word' id='word_1_713' title='bbox 2719 4832 2811 4887; x_wconf 88' lang='lat' dir='ltr'><strong>alii</strong></span> <span class='ocrx_word' id='word_1_714' title='bbox 2842 4832 3181 4903; x_wconf 89' lang='lat' dir='ltr'><strong>captivitatis</strong></span> <span class='ocrx_word' id='word_1_715' title='bbox 3218 4834 3355 4889; x_wconf 86' lang='lat' dir='ltr'><strong>mala</strong></span> <span class='ocrx_word' id='word_1_716' title='bbox 3383 4875 3398 4899; x_wconf 94' lang='lat'><strong>,</strong></span> <span class='ocrx_word' id='word_1_717' title='bbox 3432 4844 3608 4891; x_wconf 90' lang='lat' dir='ltr'><strong>morte</strong></span> <span class='ocrx_word' id='word_1_718' title='bbox 3649 4834 3793 4889; x_wconf 77' lang='lat' dir='ltr'><strong>etfu-</strong></span> 
     </span>
    </p>
   </div>
   <div class='ocr_carea' id='block_1_95' title="bbox 3812 4454 3837 4471">
    <p class='ocr_par' dir='ltr' id='par_1_95' title="bbox 3812 4454 3837 4471">
     <span class='ocr_line' id='line_1_95' title="bbox 3812 4454 3837 4471; baseline 0 0"><span class='ocrx_word' id='word_1_719' title='bbox 3812 4454 3837 4471; x_wconf 73' lang='grc' dir='ltr'><strong>ο</strong></span> 
     </span>
    </p>
   </div>
   <div class='ocr_carea' id='block_1_96' title="bbox 560 4964 3790 5044">
    <p class='ocr_par' dir='ltr' id='par_1_96' title="bbox 560 4964 3790 5044">
     <span class='ocr_line' id='line_1_96' title="bbox 560 4964 3790 5044; baseline 0.001 -16"><span class='ocrx_word' id='word_1_720' title='bbox 560 4982 585 5009; x_wconf 73' lang='grc' dir='ltr'><strong>ει</strong></span> <span class='ocrx_word' id='word_1_721' title='bbox 637 4971 964 5028; x_wconf 83' lang='lat' dir='ltr'><strong>Arcltinteus</strong></span> <span class='ocrx_word' id='word_1_722' title='bbox 1017 4986 1119 5025; x_wconf 90' lang='lat' dir='ltr'><strong>ms.</strong></span> <span class='ocrx_word' id='word_1_723' title='bbox 1183 4969 1322 5025; x_wconf 85' lang='lat' dir='ltr'><strong>Olim</strong></span> <span class='ocrx_word' id='word_1_724' title='bbox 1375 4970 1590 5044; x_wconf 85' lang='lat' dir='ltr'><strong>legimus</strong></span> <span class='ocrx_word' id='word_1_725' title='bbox 1616 5015 1630 5040; x_wconf 90' lang='lat'><strong>,</strong></span> <span class='ocrx_word' id='word_1_726' title='bbox 1689 4968 1895 5041; x_wconf 89' lang='lat' dir='ltr'><strong>absque</strong></span> <span class='ocrx_word' id='word_1_727' title='bbox 1939 4973 2085 5039; x_wconf 84' lang='lat' dir='ltr'><strong>pueri</strong></span> <span class='ocrx_word' id='word_1_728' title='bbox 2112 4973 2163 5033; x_wconf 92' lang='lat' dir='ltr'><strong>D</strong></span> <span class='ocrx_word' id='word_1_729' title='bbox 2188 4971 2385 5043; x_wconf 87' lang='lat' dir='ltr'><strong>Liquet</strong></span> <span class='ocrx_word' id='word_1_730' title='bbox 2413 4985 2543 5026; x_wconf 90' lang='lat' dir='ltr'><strong>vero</strong></span> <span class='ocrx_word' id='word_1_731' title='bbox 2570 5011 2584 5035; x_wconf 95' lang='lat'><strong>,</strong></span> <span class='ocrx_word' id='word_1_732' title='bbox 2617 4969 3010 5041; x_wconf 89' lang='lat' dir='ltr'><strong>ignorationem</strong></span> <span class='ocrx_word' id='word_1_733' title='bbox 3041 4964 3605 5044; x_wconf 82' lang='lat' dir='ltr'><strong>vocaridivitiarum,</strong></span> <span class='ocrx_word' id='word_1_734' title='bbox 3639 4972 3790 5041; x_wconf 89' lang='lat' dir='ltr'><strong>quod</strong></span> 
     </span>
    </p>
   </div>
   <div class='ocr_carea' id='block_1_97' title="bbox 487 5059 1864 5185">
    <p class='ocr_par' dir='ltr' id='par_1_97' title="bbox 487 5059 1864 5185">
     <span class='ocr_line' id='line_1_97' title="bbox 487 5059 1864 5185; baseline -0.002 -13"><span class='ocrx_word' id='word_1_735' title='bbox 487 5059 786 5173; x_wconf 54' lang='grc' dir='ltr'><strong>ν(ἜθᾹιιιρει</strong></span> <span class='ocrx_word' id='word_1_736' title='bbox 812 5122 933 5171; x_wconf 90' lang='lat' dir='ltr'><strong>erat</strong></span> <span class='ocrx_word' id='word_1_737' title='bbox 958 5113 1181 5185; x_wconf 66' lang='lat' dir='ltr'><strong>praefixa</strong></span> <span class='ocrx_word' id='word_1_738' title='bbox 1212 5113 1528 5182; x_wconf 86' lang='lat' dir='ltr'><strong>parenthesi</strong></span> <span class='ocrx_word' id='word_1_739' title='bbox 1554 5114 1726 5185; x_wconf 85' lang='lat' dir='ltr'><strong>(quos,</strong></span> <span class='ocrx_word' id='word_1_740' title='bbox 1756 5123 1864 5170; x_wconf 90' lang='lat' dir='ltr'><strong>etc.</strong></span> 
     </span>
    </p>
   </div>
   <div class='ocr_carea' id='block_1_98' title="bbox 559 5186 2079 5257">
    <p class='ocr_par' dir='ltr' id='par_1_98' title="bbox 559 5186 2079 5257">
     <span class='ocr_line' id='line_1_98' title="bbox 559 5186 2079 5257; baseline 0.003 -21"><span class='ocrx_word' id='word_1_741' title='bbox 559 5198 583 5229; x_wconf 84' lang='grc' dir='ltr'><strong><em>ο</em></strong></span> <span class='ocrx_word' id='word_1_742' title='bbox 618 5190 732 5244; x_wconf 77' lang='lat' dir='ltr'><strong>Huc</strong></span> <span class='ocrx_word' id='word_1_743' title='bbox 787 5186 951 5243; x_wconf 84' lang='lat' dir='ltr'><strong>modo</strong></span> <span class='ocrx_word' id='word_1_744' title='bbox 1001 5187 1182 5257; x_wconf 86' lang='lat' dir='ltr'><strong>legunt</strong></span> <span class='ocrx_word' id='word_1_745' title='bbox 1230 5202 1421 5242; x_wconf 90' lang='lat' dir='ltr'><strong>omnes</strong></span> <span class='ocrx_word' id='word_1_746' title='bbox 1459 5186 1678 5241; x_wconf 89' lang='lat' dir='ltr'><strong>codices</strong></span> <span class='ocrx_word' id='word_1_747' title='bbox 1725 5186 1896 5242; x_wconf 87' lang='lat' dir='ltr'><strong>nostri</strong></span> <span class='ocrx_word' id='word_1_748' title='bbox 1948 5201 2079 5241; x_wconf 91' lang='lat' dir='ltr'><strong>mss.</strong></span> 
     </span>
    </p>
   </div>
   <div class='ocr_carea' id='block_1_99' title="bbox 486 5258 2081 5331">
    <p class='ocr_par' dir='ltr' id='par_1_99' title="bbox 486 5258 2081 5331">
     <span class='ocr_line' id='line_1_99' title="bbox 486 5258 2081 5331; baseline -0.004 -14"><span class='ocrx_word' id='word_1_749' title='bbox 486 5260 806 5318; x_wconf 88' lang='lat' dir='ltr'><strong>Erasmiana</strong></span> <span class='ocrx_word' id='word_1_750' title='bbox 837 5258 1007 5315; x_wconf 90' lang='lat' dir='ltr'><strong>editio</strong></span> <span class='ocrx_word' id='word_1_751' title='bbox 1040 5260 1236 5313; x_wconf 88' lang='lat' dir='ltr'><strong>retinet</strong></span> <span class='ocrx_word' id='word_1_752' title='bbox 1266 5259 1318 5312; x_wconf 92' lang='lat' dir='ltr'><strong>in</strong></span> <span class='ocrx_word' id='word_1_753' title='bbox 1348 5266 1631 5331; x_wconf 76' lang='lat' dir='ltr'><strong>contextu,</strong></span> <span class='ocrx_word' id='word_1_754' title='bbox 1658 5269 1703 5310; x_wconf 86' lang='lat' dir='ltr'><strong>et</strong></span> <span class='ocrx_word' id='word_1_755' title='bbox 1732 5259 2081 5331; x_wconf 84' lang='lat' dir='ltr'><strong>ignorantiam</strong></span> 
     </span>
    </p>
   </div>
   <div class='ocr_carea' id='block_1_100' title="bbox 487 5329 2081 5401">
    <p class='ocr_par' dir='ltr' id='par_1_100' title="bbox 487 5329 2081 5401">
     <span class='ocr_line' id='line_1_100' title="bbox 487 5329 2081 5401; baseline -0.002 -15"><span class='ocrx_word' id='word_1_756' title='bbox 487 5334 782 5387; x_wconf 85' lang='lat' dir='ltr'><strong>divitiarum</strong></span> <span class='ocrx_word' id='word_1_757' title='bbox 815 5331 871 5387; x_wconf 91' lang='lat' dir='ltr'><strong>ln</strong></span> <span class='ocrx_word' id='word_1_758' title='bbox 901 5333 1147 5397; x_wconf 65' lang='lat' dir='ltr'><strong>margine</strong></span> <span class='ocrx_word' id='word_1_759' title='bbox 1175 5343 1357 5386; x_wconf 89' lang='lat' dir='ltr'><strong>autem</strong></span> <span class='ocrx_word' id='word_1_760' title='bbox 1385 5334 1500 5385; x_wconf 70' lang='lat' dir='ltr'><strong>haec</strong></span> <span class='ocrx_word' id='word_1_761' title='bbox 1531 5329 1709 5383; x_wconf 72' lang='lat' dir='ltr'><strong>addita</strong></span> <span class='ocrx_word' id='word_1_762' title='bbox 1740 5329 1920 5401; x_wconf 76' lang='lat' dir='ltr'><strong>reperi</strong></span> <span class='ocrx_word' id='word_1_763' title='bbox 1958 5352 1968 5384; x_wconf 82' lang='lat'>:</span> <span class='ocrx_word' id='word_1_764' title='bbox 2003 5331 2081 5384; x_wconf 83' lang='lat' dir='ltr'><strong>le—</strong></span> 
     </span>
    </p>
   </div>
   <div class='ocr_carea' id='block_1_101' title="bbox 484 5401 2083 5475">
    <p class='ocr_par' dir='ltr' id='par_1_101' title="bbox 484 5401 2083 5475">
     <span class='ocr_line' id='line_1_101' title="bbox 484 5401 2083 5475; baseline -0.001 -16"><span class='ocrx_word' id='word_1_765' title='bbox 484 5406 710 5475; x_wconf 86' lang='lat' dir='ltr'><strong>gendum</strong></span> <span class='ocrx_word' id='word_1_766' title='bbox 742 5404 963 5459; x_wconf 85' lang='lat' dir='ltr'><strong>arbitror</strong></span> <span class='ocrx_word' id='word_1_767' title='bbox 992 5404 1368 5475; x_wconf 86' lang='lat' dir='ltr'><strong>arrogantiam.</strong></span> <span class='ocrx_word' id='word_1_768' title='bbox 1401 5401 1511 5456; x_wconf 72' lang='lat' dir='ltr'><strong>Sed</strong></span> <span class='ocrx_word' id='word_1_769' title='bbox 1538 5401 1669 5455; x_wconf 85' lang='lat' dir='ltr'><strong>falsa</strong></span> <span class='ocrx_word' id='word_1_770' title='bbox 1703 5414 1781 5457; x_wconf 92' lang='lat' dir='ltr'><strong>est</strong></span> <span class='ocrx_word' id='word_1_771' title='bbox 1818 5413 1881 5475; x_wconf 85' lang='lat' dir='ltr'><strong>et</strong></span> <span class='ocrx_word' id='word_1_772' title='bbox 1910 5402 2083 5471; x_wconf 85' lang='lat' dir='ltr'><strong>impe-</strong></span> 
     </span>
    </p>
   </div>
   <div class='ocr_carea' id='block_1_102' title="bbox 484 5474 2076 5546">
    <p class='ocr_par' dir='ltr' id='par_1_102' title="bbox 484 5474 2076 5546">
     <span class='ocr_line' id='line_1_102' title="bbox 484 5474 2076 5546; baseline -0.002 -16"><span class='ocrx_word' id='word_1_773' title='bbox 484 5474 589 5530; x_wconf 75' lang='lat' dir='ltr'><strong>rita</strong></span> <span class='ocrx_word' id='word_1_774' title='bbox 618 5477 961 5546; x_wconf 87' lang='lat' dir='ltr'><strong>conjectura,</strong></span> <span class='ocrx_word' id='word_1_775' title='bbox 991 5474 1125 5544; x_wconf 81' lang='lat' dir='ltr'><strong>quia</strong></span> <span class='ocrx_word' id='word_1_776' title='bbox 1166 5474 1531 5546; x_wconf 82' lang='lat' dir='ltr'><strong>Hieronymus</strong></span> <span class='ocrx_word' id='word_1_777' title='bbox 1562 5483 1620 5525; x_wconf 88' lang='lat' dir='ltr'><strong>ut</strong></span> <span class='ocrx_word' id='word_1_778' title='bbox 1651 5474 2076 5545; x_wconf 81' lang='lat' dir='ltr'><strong>magnitudinem</strong></span> 
     </span>
    </p>
   </div>
   <div class='ocr_carea' id='block_1_103' title="bbox 481 5546 2079 5615">
    <p class='ocr_par' dir='ltr' id='par_1_103' title="bbox 481 5546 2079 5615">
     <span class='ocr_line' id='line_1_103' title="bbox 481 5546 2079 5615; baseline -0.003 -12"><span class='ocrx_word' id='word_1_779' title='bbox 481 5546 795 5603; x_wconf 88' lang='lat' dir='ltr'><strong>divitiarum</strong></span> <span class='ocrx_word' id='word_1_780' title='bbox 819 5549 1159 5603; x_wconf 90' lang='lat' dir='ltr'><strong>demonstret</strong></span> <span class='ocrx_word' id='word_1_781' title='bbox 1182 5547 1235 5601; x_wconf 91' lang='lat' dir='ltr'><strong>in</strong></span> <span class='ocrx_word' id='word_1_782' title='bbox 1261 5546 1541 5601; x_wconf 77' lang='lat' dir='ltr'><strong>Romanis.</strong></span> <span class='ocrx_word' id='word_1_783' title='bbox 1580 5554 1738 5598; x_wconf 75' lang='lat' dir='ltr'><strong>vocat</strong></span> <span class='ocrx_word' id='word_1_784' title='bbox 1763 5546 1906 5600; x_wconf 88' lang='lat' dir='ltr'><strong>illam</strong></span> <span class='ocrx_word' id='word_1_785' title='bbox 1929 5546 2079 5615; x_wconf 87' lang='lat' dir='ltr'><strong>igno-</strong></span> 
     </span>
    </p>
   </div>
   <div class='ocr_carea' id='block_1_104' title="bbox 482 5617 2075 5689">
    <p class='ocr_par' dir='ltr' id='par_1_104' title="bbox 482 5617 2075 5689">
     <span class='ocr_line' id='line_1_104' title="bbox 482 5617 2075 5689; baseline -0.001 -16"><span class='ocrx_word' id='word_1_786' title='bbox 482 5619 754 5688; x_wconf 86' lang='lat' dir='ltr'><strong>rationem,</strong></span> <span class='ocrx_word' id='word_1_787' title='bbox 778 5635 845 5675; x_wconf 88' lang='lat' dir='ltr'><strong>eo</strong></span> <span class='ocrx_word' id='word_1_788' title='bbox 874 5621 1016 5687; x_wconf 88' lang='lat' dir='ltr'><strong>quod</strong></span> <span class='ocrx_word' id='word_1_789' title='bbox 1048 5620 1357 5689; x_wconf 86' lang='lat' dir='ltr'><strong>ignorarent</strong></span> <span class='ocrx_word' id='word_1_790' title='bbox 1380 5617 1585 5672; x_wconf 90' lang='lat' dir='ltr'><strong>domini</strong></span> <span class='ocrx_word' id='word_1_791' title='bbox 1610 5632 1829 5689; x_wconf 84' lang='lat' dir='ltr'><strong>su:trunt</strong></span> <span class='ocrx_word' id='word_1_792' title='bbox 1860 5618 2075 5673; x_wconf 78' lang='lat' dir='ltr'><strong>divitia-</strong></span> 
     </span>
    </p>
   </div>
   <div class='ocr_carea' id='block_1_105' title="bbox 479 5688 2074 5760">
    <p class='ocr_par' dir='ltr' id='par_1_105' title="bbox 479 5688 2074 5760">
     <span class='ocr_line' id='line_1_105' title="bbox 479 5688 2074 5760; baseline -0.002 -14"><span class='ocrx_word' id='word_1_793' title='bbox 479 5706 601 5748; x_wconf 88' lang='lat' dir='ltr'><strong>rum</strong></span> <span class='ocrx_word' id='word_1_794' title='bbox 647 5691 929 5747; x_wconf 88' lang='lat' dir='ltr'><strong>thesauros</strong></span> <span class='ocrx_word' id='word_1_795' title='bbox 956 5701 1010 5746; x_wconf 89' lang='lat' dir='ltr'><strong>et</strong></span> <span class='ocrx_word' id='word_1_796' title='bbox 1041 5688 1437 5760; x_wconf 77' lang='lat' dir='ltr'><strong>passessioues.</strong></span> <span class='ocrx_word' id='word_1_797' title='bbox 1468 5689 1645 5743; x_wconf 64' lang='grc' dir='ltr'><strong>Μλιιτ.</strong></span> <span class='ocrx_word' id='word_1_798' title='bbox 1671 5718 1740 5729; x_wconf 95' lang='grc'><strong><em>-</em></strong></span> <span class='ocrx_word' id='word_1_799' title='bbox 1769 5688 2074 5745; x_wconf 88' lang='lat' dir='ltr'><strong>Florentini</strong></span> 
     </span>
    </p>
   </div>
   <div class='ocr_carea' id='block_1_106' title="bbox 479 5760 2069 5837">
    <p class='ocr_par' dir='ltr' id='par_1_106' title="bbox 479 5760 2069 5837">
     <span class='ocr_line' id='line_1_106' title="bbox 479 5760 2069 5837; baseline -0.003 -17"><span class='ocrx_word' id='word_1_800' title='bbox 479 5778 697 5837; x_wconf 87' lang='lat' dir='ltr'><strong>quoque</strong></span> <span class='ocrx_word' id='word_1_801' title='bbox 719 5778 850 5834; x_wconf 87' lang='lat' dir='ltr'><strong>ms.,</strong></span> <span class='ocrx_word' id='word_1_802' title='bbox 878 5760 1121 5819; x_wconf 75' lang='lat' dir='ltr'><strong>Victoria</strong></span> <span class='ocrx_word' id='word_1_803' title='bbox 1155 5770 1294 5820; x_wconf 83' lang='lat' dir='ltr'><strong>teste</strong></span> <span class='ocrx_word' id='word_1_804' title='bbox 1316 5761 1733 5833; x_wconf 84' lang='lat' dir='ltr'><strong>ignorationem,</strong></span> <span class='ocrx_word' id='word_1_805' title='bbox 1754 5763 2069 5835; x_wconf 68' lang='lat' dir='ltr'><strong>praeferunt.</strong></span> 
     </span>
    </p>
   </div>
   <div class='ocr_carea' id='block_1_107' title="bbox 2191 5042 3787 5111">
    <p class='ocr_par' dir='ltr' id='par_1_107' title="bbox 2191 5042 3787 5111">
     <span class='ocr_line' id='line_1_107' title="bbox 2191 5042 3787 5111; baseline 0.001 -12"><span class='ocrx_word' id='word_1_806' title='bbox 2191 5042 2288 5108; x_wconf 83' lang='lat' dir='ltr'><strong>tot,</strong></span> <span class='ocrx_word' id='word_1_807' title='bbox 2344 5049 2616 5111; x_wconf 67' lang='lat' dir='ltr'><strong>tantaeque</strong></span> <span class='ocrx_word' id='word_1_808' title='bbox 2656 5051 2859 5109; x_wconf 89' lang='lat' dir='ltr'><strong>essent,</strong></span> <span class='ocrx_word' id='word_1_809' title='bbox 2890 5050 3009 5096; x_wconf 89' lang='lat' dir='ltr'><strong>uta</strong></span> <span class='ocrx_word' id='word_1_810' title='bbox 3051 5042 3284 5111; x_wconf 87' lang='lat' dir='ltr'><strong>prOpriis</strong></span> <span class='ocrx_word' id='word_1_811' title='bbox 3332 5043 3566 5098; x_wconf 80' lang='lat' dir='ltr'><strong>dominis</strong></span> <span class='ocrx_word' id='word_1_812' title='bbox 3596 5059 3787 5101; x_wconf 85' lang='lat' dir='ltr'><strong>earnm</strong></span> 
     </span>
    </p>
   </div>
   <div class='ocr_carea' id='block_1_108' title="bbox 2185 5112 3788 5186">
    <p class='ocr_par' dir='ltr' id='par_1_108' title="bbox 2185 5112 3788 5186">
     <span class='ocr_line' id='line_1_108' title="bbox 2185 5112 3788 5186; baseline 0.002 -16"><span class='ocrx_word' id='word_1_813' title='bbox 2185 5114 2504 5186; x_wconf 82' lang='lat' dir='ltr'><strong>magnitudo</strong></span> <span class='ocrx_word' id='word_1_814' title='bbox 2537 5116 2897 5186; x_wconf 81' lang='lat' dir='ltr'><strong>ignoraretur.</strong></span> <span class='ocrx_word' id='word_1_815' title='bbox 2939 5112 3080 5167; x_wconf 85' lang='lat' dir='ltr'><strong>Olim</strong></span> <span class='ocrx_word' id='word_1_816' title='bbox 3114 5124 3225 5169; x_wconf 88' lang='lat' dir='ltr'><strong>erat</strong></span> <span class='ocrx_word' id='word_1_817' title='bbox 3258 5115 3610 5186; x_wconf 89' lang='lat' dir='ltr'><strong>ignorantiam</strong></span> <span class='ocrx_word' id='word_1_818' title='bbox 3637 5156 3653 5183; x_wconf 89' lang='lat'><strong>,</strong></span> <span class='ocrx_word' id='word_1_819' title='bbox 3683 5132 3788 5186; x_wconf 84' lang='lat' dir='ltr'><strong>pro</strong></span> 
     </span>
    </p>
   </div>
   <div class='ocr_carea' id='block_1_109' title="bbox 2186 5184 3297 5257">
    <p class='ocr_par' dir='ltr' id='par_1_109' title="bbox 2186 5184 3297 5257">
     <span class='ocr_line' id='line_1_109' title="bbox 2186 5184 3297 5257; baseline -0.005 -16"><span class='ocrx_word' id='word_1_820' title='bbox 2186 5184 2300 5257; x_wconf 74' lang='lat' dir='ltr'><strong>quo</strong></span> <span class='ocrx_word' id='word_1_821' title='bbox 2325 5184 2607 5240; x_wconf 86' lang='lat' dir='ltr'><strong>tnalttisset</strong></span> <span class='ocrx_word' id='word_1_822' title='bbox 2634 5185 2895 5241; x_wconf 84' lang='lat' dir='ltr'><strong>Erasmus</strong></span> <span class='ocrx_word' id='word_1_823' title='bbox 2924 5184 3297 5257; x_wconf 61' lang='lat' dir='ltr'><strong>arroyantiam&#39;.</strong></span> 
     </span>
    </p>
   </div>
   <div class='ocr_carea' id='block_1_110' title="bbox 2259 5256 3790 5330">
    <p class='ocr_par' dir='ltr' id='par_1_110' title="bbox 2259 5256 3790 5330">
     <span class='ocr_line' id='line_1_110' title="bbox 2259 5256 3790 5330; baseline 0.004 -19"><span class='ocrx_word' id='word_1_824' title='bbox 2259 5256 2285 5295; x_wconf 76' lang='grc' dir='ltr'><em>ἀ</em></span> <span class='ocrx_word' id='word_1_825' title='bbox 2324 5257 2709 5330; x_wconf 74' lang='lat' dir='ltr'><strong>Heracltannm</strong></span> <span class='ocrx_word' id='word_1_826' title='bbox 2742 5257 2942 5311; x_wconf 62' lang='lat' dir='ltr'><strong>Africa:</strong></span> <span class='ocrx_word' id='word_1_827' title='bbox 2964 5256 3223 5330; x_wconf 76' lang='lat' dir='ltr'><strong>comitem</strong></span> <span class='ocrx_word' id='word_1_828' title='bbox 3266 5266 3438 5326; x_wconf 80' lang='lat' dir='ltr'><strong>notat,</strong></span> <span class='ocrx_word' id='word_1_829' title='bbox 3482 5258 3573 5330; x_wconf 89' lang='lat' dir='ltr'><strong>qui</strong></span> <span class='ocrx_word' id='word_1_830' title='bbox 3611 5258 3676 5314; x_wconf 90' lang='lat' dir='ltr'><strong>ad</strong></span> <span class='ocrx_word' id='word_1_831' title='bbox 3721 5275 3790 5319; x_wconf 83' lang='lat' dir='ltr'><strong>se</strong></span> 
     </span>
    </p>
   </div>
   <div class='ocr_carea' id='block_1_111' title="bbox 2188 5327 3789 5401">
    <p class='ocr_par' dir='ltr' id='par_1_111' title="bbox 2188 5327 3789 5401">
     <span class='ocr_line' id='line_1_111' title="bbox 2188 5327 3789 5401; baseline 0.001 -18"><span class='ocrx_word' id='word_1_832' title='bbox 2188 5329 2496 5401; x_wconf 84' lang='lat' dir='ltr'><strong>transfugas</strong></span> <span class='ocrx_word' id='word_1_833' title='bbox 2527 5344 2557 5383; x_wconf 93' lang='lat' dir='ltr'><strong>e</strong></span> <span class='ocrx_word' id='word_1_834' title='bbox 2588 5328 2949 5401; x_wconf 79' lang='lat' dir='ltr'><strong>Barbarorum</strong></span> <span class='ocrx_word' id='word_1_835' title='bbox 2974 5327 3168 5401; x_wconf 88' lang='lat' dir='ltr'><strong>gladiis</strong></span> <span class='ocrx_word' id='word_1_836' title='bbox 3201 5329 3478 5385; x_wconf 74' lang='lat' dir='ltr'><strong>Romanos</strong></span> <span class='ocrx_word' id='word_1_837' title='bbox 3501 5327 3623 5401; x_wconf 85' lang='lat' dir='ltr'><strong>post</strong></span> <span class='ocrx_word' id='word_1_838' title='bbox 3649 5346 3789 5400; x_wconf 86' lang='lat' dir='ltr'><strong>cap-</strong></span> 
     </span>
    </p>
   </div>
   <div class='ocr_carea' id='block_1_112' title="bbox 2188 5399 3788 5464">
    <p class='ocr_par' dir='ltr' id='par_1_112' title="bbox 2188 5399 3788 5464">
     <span class='ocr_line' id='line_1_112' title="bbox 2188 5399 3788 5464; baseline 0.003 -9"><span class='ocrx_word' id='word_1_839' title='bbox 2188 5412 2295 5456; x_wconf 91' lang='lat' dir='ltr'><strong>tam</strong></span> <span class='ocrx_word' id='word_1_840' title='bbox 2328 5403 2395 5456; x_wconf 90' lang='lat' dir='ltr'><strong>ab</strong></span> <span class='ocrx_word' id='word_1_841' title='bbox 2416 5399 2633 5456; x_wconf 82' lang='lat' dir='ltr'><strong>Alarico</strong></span> <span class='ocrx_word' id='word_1_842' title='bbox 2666 5399 2975 5464; x_wconf 78' lang='lat' dir='ltr'><strong>Urltem,ob</strong></span> <span class='ocrx_word' id='word_1_843' title='bbox 3000 5400 3253 5455; x_wconf 86' lang='lat' dir='ltr'><strong>infamem</strong></span> <span class='ocrx_word' id='word_1_844' title='bbox 3269 5399 3554 5457; x_wconf 59' lang='lat' dir='ltr'><strong>avttritiain</strong></span> <span class='ocrx_word' id='word_1_845' title='bbox 3582 5399 3788 5460; x_wconf 82' lang='lat' dir='ltr'><strong>crude-</strong></span> 
     </span>
    </p>
   </div>
   <div class='ocr_carea' id='block_1_113' title="bbox 2186 5470 3786 5541">
    <p class='ocr_par' dir='ltr' id='par_1_113' title="bbox 2186 5470 3786 5541">
     <span class='ocr_line' id='line_1_113' title="bbox 2186 5470 3786 5541; baseline 0.004 -15"><span class='ocrx_word' id='word_1_846' title='bbox 2186 5473 2394 5527; x_wconf 89' lang='lat' dir='ltr'><strong>lissime</strong></span> <span class='ocrx_word' id='word_1_847' title='bbox 2417 5473 2671 5538; x_wconf 86' lang='lat' dir='ltr'><strong>vexabat,</strong></span> <span class='ocrx_word' id='word_1_848' title='bbox 2690 5471 2958 5541; x_wconf 87' lang='lat' dir='ltr'><strong>utsiquas</strong></span> <span class='ocrx_word' id='word_1_849' title='bbox 2990 5470 3112 5540; x_wconf 62' lang='lat' dir='ltr'><strong>fuga</strong></span> <span class='ocrx_word' id='word_1_850' title='bbox 3140 5474 3496 5529; x_wconf 79' lang='lat' dir='ltr'><strong>abduxissent</strong></span> <span class='ocrx_word' id='word_1_851' title='bbox 3522 5477 3786 5532; x_wconf 79' lang='lat' dir='ltr'><strong>substan-</strong></span> 
     </span>
    </p>
   </div>
   <div class='ocr_carea' id='block_1_114' title="bbox 2183 5542 3787 5615">
    <p class='ocr_par' dir='ltr' id='par_1_114' title="bbox 2183 5542 3787 5615">
     <span class='ocr_line' id='line_1_114' title="bbox 2183 5542 3787 5615; baseline 0.003 -17"><span class='ocrx_word' id='word_1_852' title='bbox 2183 5544 2361 5610; x_wconf 85' lang='lat' dir='ltr'><strong>tiolas,</strong></span> <span class='ocrx_word' id='word_1_853' title='bbox 2397 5544 2611 5599; x_wconf 88' lang='lat' dir='ltr'><strong>miseris</strong></span> <span class='ocrx_word' id='word_1_854' title='bbox 2666 5545 2922 5614; x_wconf 88' lang='lat' dir='ltr'><strong>eriperet.</strong></span> <span class='ocrx_word' id='word_1_855' title='bbox 2965 5542 3098 5599; x_wconf 83' lang='lat' dir='ltr'><strong>Vide</strong></span> <span class='ocrx_word' id='word_1_856' title='bbox 3124 5547 3284 5615; x_wconf 90' lang='lat' dir='ltr'><strong>epist.</strong></span> <span class='ocrx_word' id='word_1_857' title='bbox 3332 5546 3437 5602; x_wconf 77' lang='grc'><strong>150</strong></span> <span class='ocrx_word' id='word_1_858' title='bbox 3485 5547 3552 5600; x_wconf 91' lang='lat' dir='ltr'><strong>ad</strong></span> <span class='ocrx_word' id='word_1_859' title='bbox 3588 5548 3787 5603; x_wconf 83' lang='lat' dir='ltr'><strong>Deme-</strong></span> 
     </span>
    </p>
   </div>
   <div class='ocr_carea' id='block_1_115' title="bbox 2181 5615 3787 5691">
    <p class='ocr_par' dir='ltr' id='par_1_115' title="bbox 2181 5615 3787 5691">
     <span class='ocr_line' id='line_1_115' title="bbox 2181 5615 3787 5691; baseline 0.005 -20"><span class='ocrx_word' id='word_1_860' title='bbox 2181 5617 2433 5691; x_wconf 79' lang='lat' dir='ltr'><strong>triadem,</strong></span> <span class='ocrx_word' id='word_1_861' title='bbox 2463 5633 2613 5672; x_wconf 90' lang='lat' dir='ltr'><strong>num.</strong></span> <span class='ocrx_word' id='word_1_862' title='bbox 2637 5618 2692 5682; x_wconf 75' lang='grc' dir='ltr'><strong>τ,</strong></span> <span class='ocrx_word' id='word_1_863' title='bbox 2718 5615 2808 5670; x_wconf 89' lang='lat' dir='ltr'><strong>ubi</strong></span> <span class='ocrx_word' id='word_1_864' title='bbox 2834 5616 3115 5670; x_wconf 81' lang='lat' dir='ltr'><strong>avaritiam</strong></span> <span class='ocrx_word' id='word_1_865' title='bbox 3143 5617 3627 5691; x_wconf 81' lang='lat' dir='ltr'><strong>crudelitatemque</strong></span> <span class='ocrx_word' id='word_1_866' title='bbox 3657 5622 3787 5691; x_wconf 85' lang='lat' dir='ltr'><strong>ejus</strong></span> 
     </span>
    </p>
   </div>
   <div class='ocr_carea' id='block_1_116' title="bbox 2179 5688 3305 5761">
    <p class='ocr_par' dir='ltr' id='par_1_116' title="bbox 2179 5688 3305 5761">
     <span class='ocr_line' id='line_1_116' title="bbox 2179 5688 3305 5761; baseline 0.002 -16"><span class='ocrx_word' id='word_1_867' title='bbox 2179 5688 2418 5745; x_wconf 89' lang='lat' dir='ltr'><strong>hominis</strong></span> <span class='ocrx_word' id='word_1_868' title='bbox 2444 5695 2757 5761; x_wconf 78' lang='lat' dir='ltr'><strong>exaggerat,</strong></span> <span class='ocrx_word' id='word_1_869' title='bbox 2780 5698 2943 5759; x_wconf 86' lang='lat' dir='ltr'><strong>atque</strong></span> <span class='ocrx_word' id='word_1_870' title='bbox 2972 5702 3305 5748; x_wconf 82' lang='lat' dir='ltr'><strong>exsecratur.</strong></span> 
     </span>
    </p>
   </div>
  </div>
