4038 6328
82 6070 111 6309 ι

247 277 324 336 ibi
882 283 1532 349 COMMENTARIORUM
1570 293 1641 350 IN
1680 272 2123 360 EZECHIELEM
2162 305 2293 363 LIB.
2340 309 2448 370 VII.
2491 316 2647 375 CAP.
2687 319 2831 382 XXI.

241 394 357 463 giant
395 390 526 456 ;alii
573 392 858 464 suppliciis
907 402 1193 457 tradantur
1241 408 1484 461 internis.
1537 408 1799 480 Quodque
1826 414 1923 487 Α[

240 483 373 541 infert
403 500 415 538 :
446 484 521 538 Ab
552 486 742 543 Austro
774 508 932 563 usque
962 495 1029 548 ad
1061 498 1394 568 Aquilonem,
1431 500 1534 556 hoc
1573 502 1798 570 indicat,

241 580 292 631 ab
311 578 597 635 Jerusalem
646 598 821 654 usque
850 585 917 641 ad
960 587 1291 659 Babylonem
1342 604 1447 648 :ut
1489 610 1651 650 omne
1699 596 1802 651 iter

240 671 541 743 pergentium
573 675 630 730 in
658 678 1033 747 captivitatem
1056 723 1070 749 ,
1104 682 1309 752 gladio,
1348 685 1509 754 fame,
1542 688 1802 757 pestilen-

239 769 294 822 tia
328 768 590 824 ruentium
625 774 988 844 compleatur.
1018 775 1115 831 His
1142 778 1287 833 enim
1319 780 1407 849 qui
1442 780 1494 834 in
1524 780 1802 853 Babylone

235 874 369 927 sunt,
398 862 708 921 Jerusalem
762 868 832 923 ad
880 871 1143 927 Austrum
1188 874 1289 928 sita
1340 885 1424 930 est
1471 892 1485 941 ;
1526 877 1803 946 quomodo

236 962 530 1013 econtrario
559 960 667 1015 olla
698 962 750 1017 in
778 963 1011 1020 Je‘remia
1035 982 1155 1039 quae
1182 967 1452 1038 signiﬁcat
1475 969 1799 1040 Jerusalem,

236 1065 257 1106 a
274 1050 390 1107 facie
409 1050 723 1121 Aquilonis,
753 1056 807 1111 id
832 1067 940 1125 est,
969 1058 1264 1132 Babylonis
1289 1063 1645 1120 succenditur
1669 1067 1687 1136 (
1708 1064 1801 1119 Je-

236 1164 332 1199 rem.
359 1146 431 1217 t).
464 1147 532 1201 Et
564 1149 797 1218 pulchre
837 1152 894 1207 in
927 1155 1194 1225 principio
1226 1174 1236 1210 :
1268 1156 1415 1215 stilla
1440 1199 1457 1226 ,
1488 1160 1663 1230 inquit
1688 1200 1703 1227 ,
1733 1158 1802 1212 ad

236 1240 432 1311 Africum
460 1259 478 1309 ,-
509 1249 571 1295 ut
618 1258 728 1298 non
782 1253 895 1300 tota
930 1246 1022 1302 Dei
1058 1247 1137 1302 ira
1189 1248 1440 1305 videatur
1468 1251 1669 1319 ell‘usa,
1704 1252 1801 1308 sed

238 1335 350 1389 stilla
376 1336 624 1404 quaedam
656 1348 710 1393 ct
742 1354 892 1409 pars.
923 1341 1018 1397 Sin
1049 1352 1231 1398 autem
1258 1346 1402 1401 Stilla
1433 1355 1597 1401 tanlcc
1642 1348 1800 1402 sccvi-

237 1428 303 1483 tia:
340 1438 449 1483 cst:
482 1430 617 1500 quid
649 1432 702 1486 in
748 1435 875 1488 totis
923 1436 1194 1494 imbribus
1241 1441 1626 1496 aestimandum
1674 1451 1797 1497 est:

236 1522 286 1577 Ut
308 1520 471 1578 omnis
524 1539 698 1592 caro,
733 1542 857 1597 quae
896 1530 1081 1585 visura
1114 1540 1199 1588 est
1245 1533 1485 1590 salutare
1534 1536 1626 1591 Dei
1655 1577 1669 1603 ,
1703 1551 1802 1606 per

232 1614 449 1671 silvarum
495 1618 814 1675 incendium
857 1632 912 1678 et
951 1623 1251 1695 ﬂammam,
1296 1644 1416 1698 qua:
1462 1629 1662 1684 nullius
1701 1646 1799 1686 ex-

231 1713 485 1781 stinguitur
512 1714 1069 1788 auxilio,'cognoscat
1088 1721 1232 1791 quod
1259 1722 1374 1791 ipse
1402 1725 1475 1779 sit
1506 1723 1794 1781 Dominus.

3390 335 3527 401 902,

1928 415 2088 488 Vulg.
2126 420 2194 476 Ut
2224 425 2384 499 scias]
2416 433 2582 485 omnis
2610 452 2750 501 caro,
2777 440 2900 509 quia
2930 459 3023 515 ego
3054 442 3309 504 Dominus
3339 452 3496 507 eduxi

1902 509 2141 579 gladium
2170 533 2336 571 meum
2359 518 2631 591 [.\l.abest
2654 532 2843 605 meum]
2876 536 2939 589 de
2966 541 3151 610 vagina
3180 560 3278 598 sua
3306 546 3497 601 irrevo-

1904 605 2139 664 cabilcm.
2185 610 2327 666 LXX
2362 613 2473 669 :Et
2503 618 2674 688 factus
2704 635 2779 678 est
2804 643 2971 683 sermo
3014 605 3229 689 Domini
3274 638 3344 691 ad
3391 656 3492 711 me,

1905 697 2079 755 dicens
2112 718 2129 755 :
2160 703 2368 762 Idcirco
2416 713 2719 783 vaticinare,
2747 718 2826 786 ﬁli
2860 719 3083 779 hominis
3126 744 3143 778 :
3190 738 3236 783 et
3277 730 3497 801 obﬁrma

1904 790 2088 860 faciem
2122 802 2267 850 tuam
2294 810 2471 856 contra
2497 802 2812 877 Jerusalem,
2842 821 2889 866 et
2921 816 3091 886 aspice
3117 818 3183 871 ad
3207 835 3387 877 sancta
3412 841 3498 878 eo-

1902 896 2039 953 rum,
2071 894 2117 939 et
2146 890 2398 959 prapheta
2426 909 2582 963 super
2614 905 2802 952 terram
2834 901 3025 970 Israel,
3056 918 3105 961 et
3126 911 3264 965 dices
3289 914 3357 968 ad
3392 926 3496 970 ter-

1903 991 2014 1029 ram
2042 976 2253 1035 Israel:
2280 982 2412 1040 Haec
2452 987 2576 1042 dicit
2622 988 2878 1050 Dominus
2924 997 3104 1055 Deus:
3135 1001 3271 1059 Ecce
3298 1023 3391 1079 ego
3428 1010 3499 1065 ad

1906 1077 1973 1136 te,
1997 1080 2042 1123 et
2063 1073 2279 1130 educam
2305 1076 2538 1149 gladium
2566 1099 2731 1139 meum
2755 1087 2818 1142 de
2848 1091 3036 1161 vagina
3064 1111 3183 1163 sua,
3217 1109 3267 1152 et
3296 1073 3500 1174 interﬁ-

1906 1161 2037 1216 ciam
2066 1182 2130 1219 επ
2150 1176 2199 1222 te
2222 1169 2455 1238 iniquum
2476 1184 2525 1227 et
2546 1176 2820 1249 injustam.
2853 1181 2944 1237 Sic
2969 1161 3262 1256 egredietur
3290 1161 3500 1265 gladius

1905 1271 2047 1311 meus
2079 1258 2144 1312 de
2178 1264 2365 1333 vagina
2393 1282 2488 1320 sua
2528 1284 2684 1338 super
2715 1287 2916 1327 onmem
2953 1292 3161 1333 carnem
3200 1298 3233 1335 a
3277 1282 3499 1341 Meridie

1906 1363 2065 1419 usque
2094 1353 2164 1405 ad
2195 1352 2521 1427 Aquilonem,
2556 1371 2605 1415 et
2627 1378 2895 1437 cognoscet
2913 1372 3078 1426 omnis
3108 1390 3228 1429 caro
3256 1380 3381 1446 quia
3404 1397 3497 1451 ego

1903 1440 2161 1500 Dominus
2191 1450 2349 1504 eduxi
2372 1453 2606 1526 gladium
2629 1475 2796 1514 meum
2823 1461 2887 1517 de
2910 1467 3096 1537 uagina
3120 1488 3215 1523 sua
3242 1488 3258 1524 :
3288 1490 3388 1528 non
3421 1493 3501 1531 re-

1906 1545 2122 1591 vertetur
2167 1541 2328 1597 ultra.
2360 1544 2495 1611 Quia
2537 1563 2701 1621 supra
2747 1555 3008 1612 dixerat:
3040 1560 3148 1629 lpsi
3192 1562 3381 1633 dicunt
3427 1568 3497 1624 de

1905 1642 2024 1695 me,
2059 1634 2316 1705 numquid
2370 1654 2477 1694 non
2522 1659 2619 1712 per
2662 1648 2948 1715 parabolas
2993 1652 3232 1722 loquitur
3272 1659 3498 1720 iste?et

1905 1736 2144 1791 apertam
2183 1731 2418 1800 populus
2456 1733 2733 1805 ﬂagitabat
2774 1746 3098 1801 sententiam
3137 1765 3150 1804 :
3186 1750 3393 1808 idcirco
3439 1755 3494 1811 id

232 1804 359 1872 Quod
406 1805 749 1879 intelligens'
777 1810 1049 1881 Propheta
1100 1815 1423 1885 respondit,
1457 1817 1555 1883 alt,
1589 1818 1678 1883 ah,
1706 1818 1794 1887 ah,
1829 1813 1874 1873 Β
1904 1816 2049 1884 quod
2089 1818 2353 1878 Dominus
2385 1839 2482 1894 per
2517 1830 2890 1900 metaphoram
2922 1836 3038 1893 sive
3076 1804 3411 1913 parabolam,
3442 1854 3497 1901 et

231 1895 415 1951 Domine
447 1898 597 1955 Deus
629 1918 646 1955 :
677 1903 763 1958 vel
798 1913 853 1958 ut
881 1904 1231 1977 Septuaginta
1257 1910 1673 1976 transtulerunt,
1708 1928 1797 1967 ne-

229 2006 470 2060 quaquam,
507 1991 1028 2061 Damine,-Domine.
1060 2000 1125 2054 Et
1151 2000 1317 2055 infert
1349 2021 1362 2055 :
1398 2002 1468 2057 Et
1496 2004 1598 2073 ipsi
1620 2004 1796 2060 dicunt

229 2088 281 2137 ad
304 2102 406 2139 me:
440 2086 724 2159 Numquid
745 2107 846 2145 non
873 2110 966 2165 per
984 2095 1257 2163 parabolas
1289 2095 1520 2167 loquitur
1546 2099 1641 2153 iste
1663 2099 1689 2152 .9
1712 2100 1795 2154 vel

230 2181 437 2249 parabole
465 2191 545 2235 est
572 2183 679 2237 ista
706 2202 824 2256 qua:
850 2187 1042 2241 dicitur
1061 2191 1085 2244 ζ)
1104 2190 1171 2244 Ει
1197 2199 1281 2245 est
1309 2207 1503 2246 sensus
1529 2210 1541 2245 :
1577 2192 1796 2249 Planius

230 2272 414 2343 loquere
437 2316 452 2338 ,
484 2289 602 2330 non
651 2276 1013 2350 intelligimus
1070 2296 1167 2353 per
1195 2284 1509 2351 parabolam
1559 2286 1687 2355 quid
1718 2286 1797 2341 lo-

229 2365 380 2434 quaris
407 2382 418 2417 :
441 2378 642 2436 aperto
665 2383 923 2427 sermone
946 2373 1040 2427 Dei
1067 2376 1227 2431 nobis
1247 2376 1423 2445 pande
1445 2378 1794 2435 sententiam.

228 2457 380 2513 Potest
403 2468 591 2516 autem
626 2465 964 2537 tropologice
1017 2467 1261 2523 Theman
1287 2478 1343 2525 et
1372 2468 1556 2541 Nageb
1603 2481 1659 2527 et
1689 2472 1789 2526 Da-

229 2567 353 2617 rom,
381 2553 716 2627 HEgyptus
767 2559 999 2631 intelligi
1035 2579 1049 2614 :
1083 2562 1314 2631 legimus
1345 2564 1490 2619 enim
1523 2565 1575 2619 in
1610 2564 1798 2620 Daniel

229 2648 390 2703 aebro
434 2650 707 2707 Austrum
757 2668 855 2723 pro
906 2654 1150 2728 Egypto
1204 2659 1375 2729 accipi
1428 2660 1618 2732 (Dan.
1674 2662 1791 2732 ιι),

230 2740 459 2813 Aigyptus
483 2757 676 2803 autem
709 2748 950 2804 refertur
975 2749 1045 2806 ad
1073 2752 1261 2807 mundi
1294 2752 1451 2809 istius
1493 2755 1792 2825 angustias.

231 2833 488 2907 Prophetat
520 2840 697 2911 igitur
727 2840 988 2897 Ezechiel
1019 2860 1141 2914 quae
1181 2845 1386 2902 mundo
1427 2856 1661 2903 ventura
1690 2847 1798 2903 sint

230 2929 341 2983 mala"
368 2976 380 2997 ,
406 2946 570 3002 quem
618 2933 819 2989 saltum
862 2945 1023 2991 vocat
1050 2978 1064 3002 ,
1089 2938 1387 3007 pomileras
1433 2939 1660 2996 arbores
1690 2955 1795 2997 non

229 3018 506 3093 habentem,
540 3026 645 3081 sed
678 3026 1044 3084 habitaculum
1076 3030 1403 3087 bestiarum.
1433 3033 1512 3088 De
1535 3050 1641 3104 quo
1663 3044 1715 3089 et
1740 3034 1793 3090 in

230 3116 449 3186 vigesimo
462 3119 828 3193 2530ctavo
844 3124 1055 3193 psalmo
1066 3124 1267 3182 dicitur
1287 3145 1298 3181 :
1328 3127 1440 3183 Vox
1455 3128 1664 3183 Domini
1680 3146 1798 3202 per-

1901 1916 1957 1961 ut
1994 1908 2087 1963 alii
2137 1922 2375 1979 vertere,
2400 1920 2743 1989 proverbium,
2774 1924 2939 1999 2M
2965 1938 3049 1983 est
3084 1931 3314 2003 locutus,
3350 1952 3497 1994 nunc
3570 1939 3583 1951 '

1899 2000 2241 2061 manifestius
2272 2006 2530 2078 loquitur,
2555 2015 2729 2071 saltus
2755 2016 2938 2088 Nageb
2964 2028 3020 2076 et
3047 2022 3243 2079 Darom
3272 2000 3329 2081 et
3349 2029 3493 2085 Tlte-

1899 2107 2022 2148 man
2051 2110 2173 2152 esse
2198 2097 2526 2171 Jerusalem,
2555 2118 2608 2161 et
2640 2111 2896 2179 templum
2926 2112 3071 2169 illius
3093 2157 3109 2182 ,
3139 2128 3324 2175 sancta
3367 2137 3496 2178 san-

1898 2194 2133 2256 ctorum,
2154 2202 2206 2246 et
2234 2208 2450 2251 omnem
2472 2206 2670 2254 terram
2699 2202 2934 2273 Judaeae;
2961 2206 3345 2283 ﬂammamque
3373 2232 3493 2287 quae

1899 2279 2251 2340 combustura
2288 2285 2358 2342 sit
2400 2289 2624 2359 saltum,
2654 2292 2887 2368 intelligi
2928 2298 3170 2369 gladium
3215 2279 3489 2365 devoran-

1903 2381 2032 2443 tem,
2056 2377 2147 2447 qui
2177 2378 2406 2436 eductus
2432 2383 2501 2439 sit
2532 2386 2600 2440 de
2630 2389 2828 2460 vagina
2859 2407 2979 2461 sua,
3010 2403 3069 2450 ut
3093 2396 3383 2456 interﬁciat
3404 2403 3493 2474 ju-

1900 2475 2043 2523 stum
2073 2478 2130 2526 et
2155 2471 2400 2544 impium.
2436 2476 2549 2534 Hoc
2588 2489 2671 2535 est
2709 2484 2854 2538 enim
2902 2485 3105 2557 lignum
3136 2492 3309 2571 viride
3337 2471 3494 2551 et'li-

1899 2577 2064 2630 gnum
2103 2564 2340 2624 aridum.
2373 2570 2530 2629 Unde
2572 2585 2627 2630 et
2666 2576 2928 2635 Dominus
2962 2598 2975 2635 :
3006 2582 3069 2638 Si
3104 2564 3167 2639 in‘
3196 2587 3363 2660 ligno,
3392 2589 3489 2659 ait,

1899 2655 2057 2710 viridi
2081 2666 2230 2713 tanta
2262 2663 2493 2731 faciunt:
2514 2666 2570 2720 in
2595 2668 2732 2722 sicco
2749 2671 2876 2740 quid
2906 2672 3098 2741 facient
3130 2676 3149 2747 (
3182 2655 3309 2732 Luc.
3334 2655 3490 2751 mu,

1900 2744 2018 2815 5i)?
2049 2746 2156 2804 Pro
2177 2766 2307 2822 quo,
2342 2757 2528 2812 nescio
2554 2759 2682 2829 quid
2712 2762 2983 2833 volentes,
3017 2744 3161 2822 LXX
3186 2770 3421 2842 iniquum
3444 2744 3495 2828 et

1900 2837 2155 2912 injustam
2188 2845 2533 2919 interpretati
2563 2862 2690 2908 sunt
2725 2873 2738 2910 :
2771 2858 2925 2926 quasi
2957 2874 3064 2915 non
3100 2861 3241 2918 idem
3280 2876 3492 2923 utrum~

1900 2946 2007 3002 que
2037 2936 2330 3006 significet.
2360 2941 2628 3013 Quodque
2652 2947 2723 3001 ibi
2764 2947 2977 3005 dixerat
3005 2969 3015 3003 :
3049 2950 3120 3007 Et
3156 2956 3345 3011 uidebit
3376 2960 3494 3015 uni-

1900 3040 2047 3079 versa
2077 3044 2219 3095 caro,
2244 3032 2365 3098 quia
2393 3051 2486 3103 ego
2528 3034 2781 3094 Dominus
2809 3044 3051 3098 succendi
3089 3062 3225 3116 eam,
3257 3048 3361 3106 hoc
3385 3060 3489 3119 est,

1901 3116 2122 3185 silvam,
2158 3123 2274 3178 sive
2302 3123 2599 3195 ﬂammam,
2642 3147 2735 3186 nec
2779 3135 3165 3208 exstinguetur,
3197 3138 3323 3195 hinc
3372 3143 3496 3199 aliis

230 3208 409 3276 ﬁdentis
429 3227 686 3279 cervos,et
702 3215 947 3271 reuelabit
973 3220 1232 3274 condensa
1259 3222 1504 3277 silvarum
1533 3222 1789 3295 (Vers.9).

1902 3211 2079 3268 verbis
2109 3214 2345 3287 loquitur
2376 3236 2388 3272 :
2428 3219 2494 3274 Ut
2523 3225 2653 3277 sciat
2678 3227 2843 3279 omnis
2871 3226 3015 3299 caro,
3040 3232 3160 3303 quia
3191 3250 3285 3303 ego
3314 3235 3495 3291 Domi-

230 3300 328 3359 Ista:
348 3317 465 3361 sunt
498 3310 687 3378 silvaz,
713 3320 768 3367 et
788 3314 980 3383 saltus,
1013 3316 1102 3385 qui
1137 3318 1259 3385 plus
1291 3316 1697 3375 devoraverunt
1740 3320 1795 3376 in

232 3399 383 3464 praelio
406 3400 473 3455 de
522 3404 778 3459 exercitu
809 3406 1112 3463 Abessalon
1143 3454 1156 3477 ,
1189 3425 1351 3480 quam
1384 3411 1655 3468 interfecit
1683 3414 1797 3484 gla-

233 3488 327 3543 dius
354 3492 415 3563 (Il
441 3494 579 3569 Reg.
615 3512 747 3553 xvrtt
772 3499 815 3568 ).
846 3497 1315 3573 Succenditurque
1343 3503 1396 3559 in
1429 3506 1655 3562 saltibus
1687 3509 1797 3576 pri-

233 3599 346 3640 mum
372 3588 582 3661 lignum
607 3591 805 3660 viride,
840 3603 895 3649 et
919 3596 999 3650 sic
1022 3597 1235 3653 aridum
1264 3641 1279 3666 ,
1308 3601 1359 3653 hi
1388 3600 1480 3670 qui
1506 3599 1695 3656 vivunt
1739 3603 1792 3656 in

232 3682 359 3745 malo,
384 3691 434 3737 et
462 3684 515 3738 hi
550 3685 646 3755 qui
672 3685 901 3756 justitite
929 3691 1131 3745 mortui
1175 3701 1321 3746 sunt.
1351 3692 1618 3765 Quodque
1659 3693 1796 3750 dici-

234 3780 300 3827 tur
325 3791 337 3828 :
366 3774 426 3829 Et
450 3777 790 3835 comburetur
819 3780 874 3834 in
918 3799 978 3835 ea
1020 3786 1186 3838 omnis
1212 3774 1369 3855 facies
1404 3786 1467 3840 ab
1494 3785 1683 3841 Austro
1710 3805 1796 3842 ιιε-
1854 3812 1855 3815 η

232 3880 305 3932 que
328 3867 389 3920 ad
428 3870 769 3940 Aquilonem,
803 3874 906 3928 ltoc
948 3873 1080 3930 dicit
1113 3893 1125 3930 :
1161 3876 1242 3930 Ab
1286 3876 1369 3931 his
1410 3879 1501 3949 qui
1544 3877 1795 3936 fervente

234 3957 393 4025 Spiritu
419 3962 771 4033 videbantur,
796 3981 969 4038 usque
1012 3969 1077 4023 ad
1130 3984 1224 4025 eos
1253 3971 1341 4040 qui
1375 3982 1657 4029 crescente
1688 3975 1796 4028 ini—

234 4052 426 4119 quitate,
450 4063 505 4109 et
539 4056 859 4127 refrigerata
893 4061 1162 4119 charitate
1201 4064 1520 4133 multorum,
1549 4066 1792 4123 calorem

238 4144 484 4210 pristinum
520 4150 914 4221 perdiderunt;
948 4154 1018 4209 ita
1050 4165 1109 4211 ut
1136 4158 1314 4213 omnis
1343 4173 1476 4214 caro
1502 4160 1795 4230 perspiciat

238 4233 470 4296 ﬂammam
503 4243 721 4300 Domini
754 4261 861 4301 non
904 4250 1193 4320 exstingui.
1240 4250 1611 4322 Precaturque
1665 4269 1794 4323 pro-

236 4327 363 4396 pheta
398 4350 463 4389 ne
488 4335 589 4390 ﬂat
626 4338 774 4407 quod
831 4340 1093 4397 Dominus
1132 4344 1496 4399 comminatus
1527 4353 1611 4399 est
1642 4363 1656 4399 :
1691 4345 1795 4401 hoc

236 4431 317 4489 est,
343 4440 402 4480 ne
439 4429 810 4486 succendatur
839 4432 1037 4500 saltus,
1062 4443 1116 4489 ct
1159 4433 1300 4507 ligna
1333 4438 1516 4491 omnia
1563 4451 1795 4493 concre-

236 4524 441 4582 mentur;
469 4530 528 4573 ut
571 4528 665 4575 aut
698 4521 876 4578 adhuc
921 4525 1191 4594 accipiant
1221 4526 1396 4582 locum
1431 4529 1791 4598 poenitentia}:

1901 3319 1999 3357 nus
2021 3306 2181 3381 eduxi
2200 3309 2439 3378 gladium
2468 3328 2638 3368 nteum
2662 3315 2727 3370 de
2757 3320 2945 3390 vagina
2966 3337 3062 3375 sua
3083 3324 3492 3384 irrevocabilem.

1894 3393 2040 3454 .Vere
2066 3399 2214 3453 enim
2241 3413 2435 3458 contra
2461 3407 2762 3463 Jerusalem
2795 3427 2903 3467 non
2936 3423 3020 3469 est
3048 3415 3265 3474 ﬂamma
3292 3422 3491 3491 sopita,

1899 3503 2001 3546 nec
2026 3493 2355 3550 exstinctum
2394 3497 2707 3556 incendium
2736 3547 2749 3571 ,
2778 3519 2878 3560 nec
2921 3519 3209 3565 revocatus
3239 3512 3450 3583 gladius
3476 3557 3491 3581 ,

1898 3582 2022 3652 quia
2052 3584 2326 3642 modicum
2368 3599 2579 3660 tempus
2608 3595 2663 3647 in
2695 3596 2907 3665 medio,
2940 3608 2995 3654 et
3027 3582 3329 3660 Jerusalem
3369 3620 3492 3662 cum

1902 3678 2105 3747 templo
2132 3693 2254 3748 suo,
2281 3680 2585 3752 Babylonio
2614 3686 2738 3757 igne
2759 3702 3020 3746 succensa
3052 3686 3152 3748 est.

1972 3769 2154 3841 (Vers.
2188 3772 2241 3837 6,
2270 3773 2352 3845 7.)
2379 3774 2448 3829 Et
2479 3784 2553 3846 tu,
2588 3778 2668 3847 ﬁli
2697 3779 2919 3837 hominis
2942 3829 2955 3851 ,
2985 3784 3262 3857 ingemisce
3297 3791 3353 3845 in
3378 3809 3499 3847 con-

1897 3860 2103 3916 tritione
2135 3863 2446 3933 lumborum,
2478 3878 2526 3922 et
2559 3869 2613 3924 in
2644 3874 3076 3932 amaritudinibus
3104 3879 3379 3950 ingemisce
3404 3902 3495 3940 co—

1896 3969 2007 4007 ram
2035 3955 2127 4011 eis.
2158 3955 2388 4027 Cumque
2409 3958 2639 4015 dixerint
2667 3965 2737 4017 ad
2760 3974 2809 4019 te
2843 3982 2862 4019 :
2898 3966 3072 4032 Quare
3096 3979 3150 4024 tu
3178 3974 3338 4043 gemis
3363 3975 3389 4029 ?
3413 3976 3497 4031 di-

1897 4062 1979 4101 ces
2008 4063 2025 4100 .'
2052 4046 2161 4104 Pro
2195 4051 2382 4108 auditu
2403 4094 2419 4120 ,
2451 4055 2573 4124 quia
2594 4057 2730 4111 venit
2750 4100 2765 4125 ,
2789 4068 2839 4114 et
2859 4060 3077 4129 tabescet
3116 4081 3266 4120 omne
3291 4084 3379 4122 cor
3404 4112 3419 4137 ,
3447 4080 3497 4125 et

1899 4140 2243 4199 dissolventur
2265 4149 2517 4205 universa:
2531 4168 2735 4222 manus,
2755 4163 2801 4208 et
2819 4155 3169 4225 inﬁrmabitur
3194 4164 3363 4218 omnis
3388 4167 3497 4236 spi-

1897 4235 2061 4304 ritus,
2090 4248 2139 4294 et
2168 4257 2258 4312 per
2286 4253 2469 4298 cuncta
2509 4263 2680 4315 genua
2706 4248 2868 4317 ﬂuent
2897 4267 3064 4320 aquae.
3098 4253 3237 4310 Ecce
3266 4259 3402 4312 venit
3445 4272 3497 4315 et

1898 4328 2003 4397 ﬁet,
2038 4331 2113 4384 ait
2139 4331 2395 4390 Dominus
2428 4336 2617 4410 [Vulg.
2664 4340 2817 4395 addit
2851 4341 2995 4399 Deus
3022 4344 3052 4416 Ι.
3084 4345 3230 4403 LXX
3272 4368 3285 4403 :
3314 4350 3381 4405 Et
3404 4362 3494 4420 tu,

1897 4423 1977 4492 ﬁli
2018 4424 2243 4482 hominis
2270 4470 2285 4494 ,
2314 4431 2591 4503 ingemisce
2616 4434 2670 4487 in
2700 4440 3012 4493 contritione
3059 4440 3355 4500 lumborum
3383 4458 3500 4504 tuo-

1897 4533 2035 4584 rum,
2060 4529 2105 4573 et
2128 4521 2181 4574 in
2212 4522 2477 4578 doloribus
2506 4542 2650 4597 geme
2674 4528 2731 4580 in
2758 4542 3035 4600 conspectu
3058 4551 3255 4593 eorum.
3280 4538 3498 4611 Eritque

236 4616 307 4658 aut
332 4609 422 4662 sibi
450 4627 561 4665 non
588 4612 903 4682 imponatur
930 4616 1233 4672 necessitas
1262 4621 1437 4673 tristia
1464 4620 1747 4675 nuntiandi
1774 4639 1787 4675 :
1821 4611 1873 4671 D
1898 4610 1943 4663 δί
1975 4610 2202 4666 dixerim
2233 4615 2363 4669 (ιάῑε
2394 4631 2413 4669 -’
2447 4616 2621 4682 Ωαανε
2644 4627 2698 4671 iu
2724 4621 2883 4691 gemis
2913 4622 2939 4674 ⁷
2965 4631 3011 4676 εί
3045 4625 3183 4680 dices
3217 4644 3233 4680 -'
3273 4627 3320 4681 Ρ
3327 4641 3496 4702 νοριεν

238 4705 501 4765 psesertim
535 4722 658 4760 cum
694 4709 930 4778 populus
958 4725 1020 4765 ea
1055 4726 1161 4766 non
1194 4712 1480 4784 intelligat,
1515 4722 1572 4769 et
1600 4714 1796 4771 obscu-

237 4789 364 4848 ritate
386 4795 681 4861 dicturum,
718 4802 890 4870 magis
921 4802 991 4856 ad
1020 4803 1283 4858 insaniam
1312 4814 1659 4875 provocetur.

294 4884 428 4956 (Cap.
454 4889 599 4944 XXI.
620 4920 691 4931 —
711 4892 863 4947 \‘crs.
902 4896 925 4947 1
951 4893 1095 4966 seq.)
1122 4894 1369 4966 Etfactus
1385 4906 1457 4952 est
1492 4915 1657 4952 sermo
1681 4898 1792 4953 Do-

236 4976 335 5030 mini
358 4982 422 5033 ad
452 5000 533 5039 me
555 5026 572 5050 ,
597 4986 775 5040 dicens
804 5002 823 5040 :
851 4986 961 5043 Fili
990 4989 1212 5044 hominis
1238 5033 1253 5057 ,
1280 5008 1411 5059 pone
1439 4994 1626 5064 faciem
1648 5004 1795 5047 tuam

237 5070 288 5120 ad
310 5072 613 5141 Jerusalem,
644 5089 690 5131 et
722 5079 868 5133 sti/la
888 5081 958 5135 ad
980 5084 1300 5151 sanctuaria,
1325 5094 1371 5138 et
1398 5086 1649 5156 propheta
1669 5092 1791 5141 eon-

238 5171 300 5215 tra
321 5167 521 5222 humum
545 5169 736 5241 Israel,
780 5182 828 5227 et
871 5174 1013 5228 dices
1053 5184 1204 5231 terra:
1241 5174 1411 5232 Israel
1442 5177 1622 5243 :Htec
1666 5180 1793 5233 dicit

239 5254 457 5318 Dominus
490 5264 625 5320 Deus
658 5283 676 5319 :
708 5265 844 5323 Ecce
885 5285 979 5342 ego
1022 5270 1089 5325 ad
1135 5256 1202 5339 te,
1234 5281 1281 5326 et
1328 5274 1535 5343 ejiciam
1559 5273 1793 5346 gladium

240 5362 373 5404 meum
409 5356 469 5409 de
498 5358 688 5427 vagina
714 5376 829 5429 sua,
863 5369 911 5414 et
943 5361 1172 5416 occidam
1220 5363 1277 5416 in
1307 5372 1354 5418 te
1371 5367 1582 5436 justum
1620 5376 1668 5420 et
1697 5368 1796 5420 im-

240 5439 370 5506 pium.
389 5445 494 5501 Pro
514 5466 572 5505 eo
584 5460 754 5505 autem
776 5454 915 5523 quod
937 5454 1102 5509 occidi
1123 5458 1177 5510 in
1194 5464 1243 5510 te
1259 5461 1467 5530 justum
1491 5469 1538 5512 et
1555 5460 1795 5532 impium:

242 5532 404 5593 idcirco
432 5546 722 5615 egredietur
743 5548 951 5621 gladius
981 5566 1121 5606 meus
1159 5553 1223 5607 de
1258 5554 1448 5625 vagina
1472 5572 1567 5610 sua
1594 5557 1663 5611 ad
1688 5573 1798 5611 om-

242 5639 331 5680 nem
353 5648 570 5704 carnem,
600 5638 664 5691 ab
692 5638 881 5695 Austro
912 5658 1075 5712 usque
1117 5644 1188 5697 ad
1221 5644 1548 5717 Aquilonem.
1574 5646 1644 5701 Et
1673 5650 1798 5703 sciet

212 5888 219 5894 _
297 5820 318 5847 τί
345 5811 613 5875 lnterserit
646 5821 916 5890 Rabanus,
952 5826 1090 5897 quod
1116 5828 1464 5899 Septuaginta
1489 5839 1799 5903 posuerunt.

488 5913 764 5977 PATROL.
820 5918 1022 5980 XXV.

1901 4706 2163 4770 nuntium,
2189 4709 2312 4777 quia
2355 4710 2490 4763 venit
2518 4753 2532 4778 ,
2559 4721 2606 4765 et
2632 4713 3098 4785 comprehendetur
3129 4736 3317 4789 pavore
3346 4740 3497 4779 omne

1901 4814 1990 4852 cor
2013 4841 2026 4864 ,
2055 4811 2102 4854 et
2131 4802 2477 4857 dissolventur
2506 4804 2760 4861 uniuersa:
2796 4825 3010 4878 manus,
3045 4823 3091 4865 et
3118 4816 3498 4871 exanimabitur

1901 4893 2067 4947 omnis
2093 4910 2211 4948 caro
2236 4904 2285 4949 et
2315 4898 2481 4951 omnis
2504 4899 2737 4969 spiritus,
2767 4913 2815 4956 et
2847 4905 3021 4958 omnia
3042 4906 3236 4975 femora
3258 4909 3495 4978 polluen-

1904 4999 1986 5044 tur
2014 4990 2246 5047 humore.
2282 4992 2417 5048 Ecce
2448 4997 2582 5048 venit
2627 5006 2673 5051 et
2704 4999 2796 5052 erit
2823 5039 2838 5065 ,
2863 5000 2989 5053 dicit
3034 5000 3286 5058 Dominus
3331 5004 3491 5059 Deus.

1902 5080 2140 5137 Primum
2181 5085 2396 5141 dixerat
2436 5104 2447 5139 :
2489 5088 2797 5154 vaticinare,
2828 5093 2913 5146 vel
2944 5094 3085 5148 stilla
3110 5096 3179 5148 ad
3210 5098 3489 5162 Austrum,

1899 5176 2131 5248 Africum
2160 5190 2208 5232 et
2236 5177 2531 5244 Meridiem,
2564 5191 2610 5235 et
2635 5182 2703 5235 ad
2723 5184 2914 5238 saltum
2937 5188 3296 5244 meridianum.
3333 5190 3488 5257 Quod

1898 5271 2024 5340 quia
2048 5272 2330 5327 videbatur
2352 5274 2679 5340 obscurum,
2705 5285 2761 5331 et
2781 5277 2924 5334 dicta
2952 5281 3232 5350 praphetse
3260 5284 3492 5352 populus

1901 5364 2198 5435 nesciebat,
2232 5366 2475 5422 secundo
2506 5370 2727 5438 ponitur
2755 5372 3118 5430 manifestius.
3150 5374 3348 5430 saltum
3378 5392 3492 5432 me-

1902 5455 2174 5512 ridianum
2213 5473 2333 5515 esse
2358 5459 2690 5529 Jerusalem,
2717 5472 2772 5518 et
2799 5479 2989 5520 omnes
3012 5466 3379 5524 iniructuosas
3405 5485 3493 5525 ar-

1899 5537 2061 5607 bores
2091 5551 2160 5607 ad
2191 5568 2417 5623 quarum
2442 5555 2656 5611 radices
2681 5558 2889 5613 securis
2918 5557 3094 5627 posita
3125 5558 3201 5615 sit
3222 5560 3384 5631 (Mat.
3411 5580 3489 5631 tu,

1899 5646 2027 5701 Luc.
2048 5647 2148 5719 ιιι),
2172 5646 2400 5716 intelligi
2430 5647 2764 5705 habitatores
2784 5650 2903 5720 ejus
2923 5650 3303 5727 :gladiumque
3324 5656 3492 5714 inter-
