4038 6328
432 257 542 314 205

1654 182 1738 305 ἐρ.
1778 234 2050 305 unseen
2084 210 2469 305 ntanonvnt

3626 240 3745 301 20-5

436 329 641 445 pretari
665 385 763 442 pro
786 364 1061 425 incendio.
1091 360 1273 419 Tertio
1291 359 1513 431 iubetur
1533 358 1836 430 prophetae,
1856 364 1915 411 ut
1940 363 2023 410 ta-
2054 352 2108 415 Α
2134 354 2372 409 maxime
2419 354 2511 408 ubi
2552 359 2643 407 aut
2672 351 2818 408 nulla
2852 360 2948 408 aut
2993 365 3159 423 parva
3204 352 3467 409 distantia
3494 361 3598 409 est.
3630 355 3747 410 Po-

437 476 689 535 centibus
709 473 816 528 illis
840 483 943 525 nec
963 463 1451 536 interrogantibus,
1467 478 1562 518 cur
1582 464 1683 517 ista
1707 460 2027 516 vaticinatus

438 568 703 632 sit,faciat
722 579 814 636 per
835 576 956 633 quae
971 560 1421 631 interrogetur,et
1438 554 1769 625 respondeat
1784 567 1906 624 qua:
1927 552 2029 607 Do-

436 664 619 718 minus
660 658 877 712 locutus
899 663 1003 710 est.
1026 651 1347 724 lngemisce,
1379 650 1540 725 255
1572 648 1773 721 inquit,
1792 646 2026 718 ejulare,

434 770 543 812 non
564 753 667 809 levi
684 763 949 814 voce,nec
964 747 1157 804 dolore
1178 744 1482 810 moderato,
1499 744 1593 801 sed
1616 744 1669 799 in
1693 741 2032 798 contritione

435 844 771 915 lumborum,
803 852 862 899 ut
888 840 1124 915 gemitus
1172 849 1299 896 tuus
1350 836 1577 895 eximis
1618 834 1923 893 visceribus
1974 842 2029 889 et

435 948 803 1010 amaritudine
832 945 1003 1004 animi
1046 942 1383 1016 proferatur.
1415 939 1487 997 Et
1513 938 1618 1019 hoc
1644 936 1813 995 facies
1843 948 2029 991 coram

433 1046 561 1103 eis:
607 1052 666 1099 ut
705 1058 831 1098 cum
876 1050 928 1097 te
976 1035 1435 1108 interrogaveriut
1480 1048 1579 1089 cur
1620 1039 1771 1089 tanto
1824 1027 2032 1102 gemitu

432 1138 737 1197 conteraris
760 1179 775 1204 ,
809 1144 866 1192 et
891 1132 1021 1206 quid
1054 1131 1153 1188 tibi
1184 1130 1311 1186 mali
1357 1127 1619 1185 acciderit
1661 1134 1722 1183 ut
1750 1126 1833 1183 sic
1878 1126 2030 1194 inge-

433 1233 634 1289 miscas
656 1273 671 1297 ,
702 1240 758 1286 tu
800 1228 881 1284 eis
925 1241 1047 1282 meo
1100 1238 1356 1281 sermone
1405 1219 1743 1293 respondeas
1776 1237 1789 1272 :
1821 1217 2031 1274 Idcirco

432 1322 975 1398 plango,etdolorem
994 1316 1180 1374 cordis
1206 1315 1312 1372 mei
1335 1313 1687 1369 dissimulare
1715 1326 1821 1367 non
1849 1309 2028 1376 valeo,

356 1458 363 1461 τ
431 1421 563 1493 quia
605 1416 820 1473 auditus
850 1413 941 1497 qui
996 1426 1213 1481 semper
1244 1410 1380 1467 meis
1412 1407 1636 1466 auribus
1676 1405 2026 1470 insonuerat,

432 1536 602 1593 opere
629 1518 936 1588 completur
980 1522 1037 1572 et
1066 1514 1221 1571 venit
1248 1530 1263 1569 :
1296 1512 1594 1568 imminens
1622 1506 1883 1567 videlicet
1926 1506 2029 1563 Ba-

430 1612 638 1688 bylonii
671 1610 903 1669 furentis
933 1607 1228 1665 exercitus.
1252 1604 1356 1673 Qui
1386 1618 1510 1660 cum
1540 1601 1756 1659 venerit
1786 1607 1845 1657 et
1868 1597 2033 1653 valla-

426 1709 567 1764 verit
595 1704 922 1769 Jerusalem,
954 1712 1082 1757 tunc
1114 1701 1359 1756 tabescet
1395 1713 1558 1754 omne
1586 1711 1704 1764 cor,
1737 1702 1793 1751 et
1823 1692 2033 1749 disabl-

430 1810 632 1857 ventur
659 1800 927 1854 universm
954 1810 1148 1851 manus
1176 1802 1289 1861 :ut,
1321 1800 1623 1861 occupante
1649 1802 1855 1860 pavore
1880 1800 2033 1842 men-

430 1904 514 1955 tes
543 1893 845 1956 hominum,
875 1889 1056 1945 nullus
1079 1887 1276 1943 audeat
1297 1898 1624 1955 repugnare.
1661 1880 2031 1935 lnﬁrmahitur

429 1986 573 2044 enim
600 1987 844 2043 omnium
874 1981 1197 2038 bellatorum
1227 1978 1494 2049 spiritus,
1524 1984 1581 2033 et
1610 1982 1758 2031 tanta
1799 1980 2031 2028 cunctos

430 2080 721 2153 occupabit
761 2075 1049 2151 trepidatio
1079 2085 1244 2149 atque
1269 2071 1537 2135 formido,
1578 2080 1670 2136 ut,
1703 2069 1904 2125 timore
1937 2080 2031 2123 co.

427 2193 610 2255 gente,
642 2192 793 2238 artus
817 2189 874 2238 et
898 2179 1107 2236 viscera
1129 2177 1523 2240 dissolvantur,
1546 2181 1604 2229 et
1628 2170 1811 2227 vesica
1835 2169 2031 2227 humo-

428 2294 545 2337 rem
580 2286 774 2333 tenere
796 2291 906 2331 non
931 2276 1115 2330 valeat
1146 2289 1163 2327 :
1188 2276 1259 2327 ita
1288 2280 1350 2329 ut
1376 2272 1533 2325 urina
1561 2283 1738 2339 genua
1781 2265 2029 2337 polluan-

427 2381 536 2429 tur.
566 2368 826 2427 Naturale
846 2376 932 2423 est
955 2368 1126 2433 enim,
1152 2376 1211 2422 ut
1239 2366 1432 2421 timore
1458 2371 1709 2433 cogente,
1741 2361 1919 2418 vesica
1951 2361 2031 2415 la-

426 2474 608 2535 xetur,
638 2475 689 2521 et
728 2464 991 2521 adversus
1040 2460 1278 2516 hominis
1312 2460 1654 2515 voluntatem
1700 2457 1901 2512 humor
1929 2454 2031 2509 de-

424 2558 578 2615 ﬂuat.
624 2558 779 2625 Quod
825 2556 1046 2628 quidem
1081 2564 1141 2611 et
1180 2556 1236 2608 in
1291 2553 1604 2610 morborum
1655 2547 2030 2621 magnitudine

430 2650 684 2707 accidere
711 2651 873 2717 solet,
908 2659 967 2705 ut
1013 2656 1301 2719 postquam
1336 2648 1486 2701 vires
1515 2643 1822 2701 defecerint
1846 2654 2025 2711 aegro-

422 2743 679 2811 tantium,
698 2757 808 2799 non
831 2742 1011 2797 Solum
1038 2757 1235 2810 genua,
1263 2739 1361 2795 sed
1384 2751 1439 2795 et
1458 2738 1647 2794 lectuli
1690 2736 2024 2807 polluantur.

426 2834 609 2901 Ecce,
637 2834 852 2904 inquit,
882 2834 1067 2899 venit,
1095 2832 1240 2903 quod
1279 2826 1429 2903 saepe
1472 2830 1699 2901 pmdisi
1720 2871 1737 2895 ,
1760 2839 1817 2884 et
1862 2842 2027 2897 opere

423 2926 733 2996 completur
763 2940 825 2980 ac
851 2923 947 2980 ﬁet
972 2924 1116 2997 quod
1142 2940 1254 2979 non
1288 2938 1420 2996 ego,
1449 2923 1547 2979 sed
1580 2923 1838 2977 Dominus
1874 2920 2028 2975 locu-

423 3025 511 3073 tus
539 3026 645 3074 est.
674 3017 802 3074 Seio
823 3017 1117 3088 quemdam
1146 3017 1202 3072 in
1232 3016 1568 3073 contritione
1596 3014 1939 3080 lumborum,
1969 3019 2028 3067 et

422 3110 719 3166 ﬂuentibus
762 3111 956 3180 aquis,
1002 3111 1171 3165 multa
1217 3109 1532 3165 testimonia
1585 3108 1885 3177 replicasse
1912 3147 1927 3174 ,
1963 3112 2024 3159 ut
2053 3134 2099 3198 ρ

420 3204 709 3272 prophetae
753 3205 979 3259 castitas
1007 3202 1361 3272 impleretur,
1393 3211 1449 3258 et
1492 3200 1804 3257 amaritudo
1857 3199 2025 3254 animi

422 3305 479 3351 et
499 3296 657 3352 dolor
680 3297 876 3355 mentis
906 3298 1177 3365 internus,
1206 3296 1355 3367 quod
1374 3310 1533 3367 aquae
1558 3296 1829 3351 seminum
1851 3310 2027 3371 genua

423 3397 696 3466 polluant.
725 3398 839 3454 Sed
868 3398 988 3455 haec
1016 3399 1294 3469 expositio
1320 3398 1391 3455 ad
1415 3409 1742 3467 praesentem
1765 3413 1874 3455 non
1906 3414 2028 3469 per-

428 3491 566 3548 tinet
590 3492 794 3549 locum.

491 3594 676 3667 (Vere.
722 3597 759 3651 8
800 3597 980 3670 seqq.)
1032 3597 1104 3652 Et
1149 3600 1316 3669 factus
1370 3608 1443 3654 est
1494 3614 1662 3653 sermo
1705 3597 1917 3654 Domini
1957 3601 2028 3654 ad

423 3704 504 3743 me
525 3732 539 3756 ,
586 3690 765 3746 dicens
794 3708 813 3745 :
870 3692 980 3748 Fili
1023 3695 1266 3759 hominis,
1296 3693 1576 3764 propheta.
1606 3704 1655 3749 et
1685 3695 1822 3749 dices
1847 3712 1863 3747 :
1897 3694 2026 3749 Ha’c

422 3790 551 3843 dicit
610 3790 865 3847 Dominus
915 3792 1096 3859 Deus,
1155 3792 1361 3864 loquere
1412 3809 1429 3847 :
1491 3791 1760 3861 Gladius,
1820 3795 2029 3869 gladius

422 3892 674 3939 exttcutus
734 3895 809 3941 est
875 3896 923 3941 et
977 3886 1214 3951 limatus,
1266 3896 1321 3940 ut
1373 3887 1541 3942 credat
1593 3888 1857 3959 victimas,
1902 3906 2029 3944 exa-

422 3983 571 4030 cutus
616 3986 716 4045 est,
761 3986 813 4033 et
850 3986 905 4032 ut
939 3977 1500 4049 splendeat,elimatus
1549 3987 1673 4034 est:
1722 3981 1813 4051 qui
1854 3997 2026 4034 moves

420 4078 681 4139 sceptrum
727 4071 826 4139 ﬁlii
867 4072 1004 4139 mei,
1049 4072 1312 4126 succidisti
1351 4088 1502 4126 omne
1535 4073 1757 4147 lignum.
1796 4069 1864 4126 Et
1906 4073 2027 4128 dedi

420 4178 537 4215 eum
584 4164 652 4217 ad
702 4164 1053 4237 (erigendum,
1112 4174 1168 4218 ut
1222 4174 1457 4220 teneatur
1509 4184 1666 4221 manu
1705 4185 1723 4221 :
1766 4168 1860 4222 istc
1895 4185 2024 4221 era—

420 4265 566 4310 cutus
606 4268 679 4311 est
720 4258 954 4328 gladius,
992 4268 1039 4313 et
1082 4261 1177 4314 iste
1208 4260 1422 4315 limatus
1456 4270 1553 4329 est,
1586 4272 1640 4316 ut
1671 4262 1739 4316 sit
1776 4263 1829 4317 in
1866 4280 2023 4317 manu

418 4348 799 4418 interficientis.
832 4348 1018 4405 Clama
1053 4360 1101 4407 et
1140 4351 1321 4421 ulula,
1354 4355 1433 4424 ﬁli
1470 4354 1696 4409 hominis
1718 4396 1733 4422 ,
1782 4357 1902 4425 quia
1940 4354 2041 4408 hic

419 4443 589 4510 factus
619 4451 690 4495 est
712 4442 766 4495 in
788 4444 983 4515 populo
1010 4460 1144 4511 meo,
1175 4445 1259 4500 hic
1284 4448 1338 4501 in
1366 4452 1564 4501 cunctis
1591 4447 1805 4502 ducibus
1828 4445 2021 4501 Israel.

2137 464 2260 504 nam
2308 448 2475 521 igitur
2512 446 2774 504 nonnulla
2802 462 2928 518 quae
2960 446 3296 517 discrepant.
3328 447 3437 503 Pro
3477 462 3546 503 eo
3589 447 3747 519 quod

2136 556 2239 597 nos
2268 540 2511 598 diximus
2546 561 2559 596 :
2594 541 2698 609 Qui
2725 557 2894 596 moves
2917 548 3175 613 sceptrum
3201 540 3301 610 ﬁlii
3322 541 3441 605 mei,
3475 539 3749 595 succidiin

2136 654 2285 693 omne
2306 638 2541 711 lignum,
2572 636 2647 691 illi
2681 636 3081 693 transtulerunt
3113 654 3126 691 :
3155 634 3425 705 Interﬁce,
3453 644 3751 701 contemne,

2135 728 2326 799 repelle
2356 745 2507 784 omne
2536 729 2760 801 lignum.
2796 728 3033 787 Rursum
3066 726 3159 782 ubi
3192 742 3293 783 nos
3319 727 3555 783 diximus
3587 744 3601 780 :
3638 726 3751 793 Qui

2136 825 2411 898 fugerant,
2442 824 2620 897 gladio
2650 824 2830 880 traditi
2853 832 3011 891 sunt,
3045 832 3100 880 et
3130 824 3208 880 illi
3241 834 3296 879 et
3324 823 3415 878 alii
3449 821 3751 878 transtule-

2136 927 2299 973 runt:
2322 915 2571 987 Hospites
2598 918 2719 988 mei,
2756 918 2873 973 sive
2896 916 3241 973 habitatores.
3267 916 3335 971 Et
3355 916 3448 972 ubi
3483 930 3581 973 nos
3601 913 3749 969 dixi-

2138 1024 2300 1065 mus:
2352 1007 2562 1065 Plaude
2607 1027 2762 1081 super
2787 1010 2977 1082 femur,
3012 1011 3087 1066 illi
3134 1018 3430 1080 posuerunt
3474 1029 3487 1068 :
3524 1008 3752 1064 Pcrcute

2136 1119 2319 1159 manu.
2361 1103 2429 1158 Et
2474 1103 2565 1159 ubi
2614 1102 2990 1161 transtulimus
3030 1122 3041 1157 :
3087 1102 3154 1158 Et
3181 1102 3279 1159 hoc
3327 1120 3443 1159 cum
3483 1112 3750 1171 sceptrum

2136 1199 2437 1253 subvertet-it
2458 1239 2472 1266 ,
2507 1197 2727 1254 illorum
2758 1198 2922 1257 habet
2953 1196 3120 1253 editio
3148 1215 3161 1250 :
3198 1196 3386 1253 Tribus
3414 1197 3619 1266 repulsa
3645 1203 3747 1250 est.

2139 1289 2406 1363 Loquitur
2453 1300 2637 1348 autem
2685 1291 2750 1347 ad
2805 1291 3046 1363 gladium
3098 1288 3626 1357 Nabuchodonosor,
3686 1295 3754 1342 ut

2139 1385 2324 1441 veniat
2354 1394 2547 1441 contra
2574 1384 2878 1443 Jerusalem
2903 1428 2917 1453 ,
2968 1394 3027 1441 ut
3054 1394 3350 1440 exacuatur
3399 1394 3563 1455 atque
3590 1383 3754 1439 lime-

2143 1491 2253 1550 tur,
2286 1484 2489 1538 multos
2526 1484 2671 1540 enim
2713 1498 2836 1539 esse
2864 1480 3155 1537 caedendos
3182 1496 3197 1548 ;
3232 1492 3285 1536 et
3312 1480 3380 1535 ad
3412 1481 3588 1550 ipsum
3615 1494 3755 1549 apo-

2139 1578 2425 1648 strOpham
2470 1579 2614 1636 facit.
2663 1580 2742 1634 Tu
2789 1594 2849 1635 es
2894 1556 2989 1650 qui
3034 1592 3225 1634 moves
3262 1589 3425 1648 atque
3475 1576 3758 1631 subvenis

2142 1682 2420 1744 sceptrum
2454 1673 2553 1728 filii
2581 1674 2711 1743 mei,
2739 1673 3033 1745 imperium
3060 1672 3314 1729 videlicet
3340 1672 3527 1745 populi
3555 1671 3753 1741 Israel,

2138 1774 2195 1822 et
2227 1782 2390 1823 omne
2432 1767 2637 1839 lignum
2679 1768 2918 1824 succidis
2941 1810 2956 1835 ,
2990 1769 3297 1825 universam
3342 1767 3531 1841 populi
3564 1764 3758 1822 multi-

2138 1860 2402 1915 tudinem.
2439 1859 2602 1926 Dedi,
2639 1860 2850 1932 inquit,
2903 1861 3066 1918 istum
3102 1862 3378 1933 gladium,
3412 1872 3469 1917 ut
3500 1869 3756 1931 teneatur

2137 1970 2299 2009 manu
2333 1953 2882 2022 Nabuchodonosor;
2930 1964 2985 2013 et
3021 1956 3096 2011 sit
3138 1956 3191 2011 in
3234 1971 3399 2011 manu
3451 1956 3553 2009 viri
3581 1954 3754 2011 robu—

2135 2045 2385 2102 stissimi.
2418 2045 2598 2113 Unde,
2633 2062 2666 2103 ο
2698 2047 3000 2117 propheta,
3030 2048 3204 2105 clama
3236 2058 3294 2105 et
3324 2046 3491 2114 ulula,
3522 2057 3577 2102 et
3605 2047 3753 2103 mala

2135 2140 2399 2195 instantia
2449 2140 2602 2195 vocis
2652 2140 3050 2197 lamentatione
3104 2149 3331 2197 testare.
3384 2140 3484 2196 Hic
3534 2138 3753 2210 gladius

2134 2232 2270 2288 nulli
2304 2232 2583 2303 pepercit,
2615 2248 2719 2288 nec
2762 2233 2998 2304 aliquem
3046 2233 3443 2289 imminentium
3475 2232 3751 2286 malorum

2131 2323 2354 2393 reliquit
2383 2330 2690 2396 expertem.
2740 2321 2941 2380 Factus
2979 2333 3066 2379 est
3101 2321 3155 2379 in
3190 2326 3411 2394 p0pulo,
3456 2324 3633 2380 factus
3662 2331 3754 2379 est

2130 2417 2186 2472 in
2209 2415 2441 2473 ducibus
2466 2416 2653 2487 israel,
2682 2414 2859 2471 factus
2882 2417 2937 2473 in
2969 2416 3278 2486 hospitibus
3304 2418 3443 2473 meis
3468 2432 3530 2473 ac
3560 2432 3754 2473 sacer-

2131 2511 2372 2582 dotibus,
2407 2510 2498 2583 qui
2532 2510 2855 2566 habitabant
2885 2511 2938 2566 in
2971 2510 3177 2581 templo
3210 2525 3352 2566 meo.
3378 2509 3584 2567 Idcirco
3615 2525 3752 2580 per-

2131 2614 2259 2660 cute
2291 2605 2490 2667 lentur,
2521 2606 2635 2660 sive
2666 2620 2913 2673 manum,
2947 2590 3004 2661 et
3033 2603 3280 2659 habitum
3309 2602 3625 2675 plangentis
3648 2618 3743 2656 as-

2131 2712 2307 2753 sume.
2343 2697 2441 2752 Hic
2472 2699 2617 2753 enim
2655 2697 2868 2769 gladius
2898 2697 3159 2768 probatus
3199 2704 3285 2751 est
3327 2697 3497 2765 mihi,
3537 2704 3593 2751 et
3637 2696 3749 2750 hoc

2131 2804 2253 2845 eum
2282 2799 2559 2860 sceptrum
2603 2805 2784 2845 meum
2822 2805 3159 2862 regnumque
3198 2788 3555 2859 subvenerit,
3595 2785 3749 2857 quod

2130 2879 2270 2935 ultra
2306 2897 2411 2936 non
2442 2883 2588 2949 erit,
2636 2882 2773 2938 etin
2819 2883 3049 2941 Sedecia
3082 2898 3212 2953 rege
3262 2882 3504 2937 finietur.
3541 2882 3747 2936 Iterum

2129 2970 2264 3035 tibi,
2300 2971 2589 3043 prOpheta,
2618 2972 2811 3044 jnbeo,
2842 2983 2900 3027 ut
2922 2975 3017 3042 qui
3046 2972 3226 3028 femur
3260 2986 3613 3044 percusseras
3644 2986 3750 3041 pro

2128 3074 2356 3136 stupore
2405 3077 2461 3122 et
2494 3067 2796 3137 miraculo,
2840 3069 3120 3138 percutias
3168 3075 3223 3121 ct
3271 3082 3503 3135 manus,
3549 3078 3601 3122 ut
3634 3082 3745 3122 non

2132 3152 2309 3213 s‘olum
2344 3159 2518 3213 semel
2541 3200 2555 3225 ,
2608 3158 2706 3215 sed
2738 3159 2980 3217 secundo
3013 3176 3075 3216 ac
3106 3160 3270 3215 tertio
3304 3158 3518 3229 gladius
3563 3161 3747 3215 veniat

2133 3249 2203 3306 ad
2230 3250 2689 3307 interficiendum.
2724 3252 2907 3309 Primo
2945 3255 3094 3309 enim
3124 3262 3347 3307 venerat
3376 3251 3745 3310 Nabuchodo-

2134 3359 2327 3408 nosor,
2361 3345 2583 3416 quando
2611 3347 2732 3400 tulit
2757 3344 3075 3402 Jechnniam
3105 3366 3115 3401 :
3148 3354 3205 3401 ct
3233 3346 3497 3415 secundo,
3526 3347 3745 3417 quando

2133 3437 2404 3507 regnabat
2431 3435 2592 3511 247
2620 3437 2826 3493 Joacim
2866 3458 2878 3495 :
2907 3441 3096 3507 tertio,
3124 3440 3345 3510 quando
3372 3438 3656 3495 Sedecias.
3681 3440 3747 3493 Et

2135 3528 2224 3584 hic
2254 3540 2335 3584 est
2361 3532 2574 3600 gladius
2614 3531 2950 3601 triplicatus,
2994 3535 3219 3604 quando
3257 3535 3400 3590 facta
3431 3544 3516 3589 est
3548 3547 3745 3603 magna

2133 3622 2360 3691 occisio,
2396 3635 2451 3679 et
2484 3625 2755 3681 iutantunt
2788 3627 3171 3699 multiplicavit
3198 3630 3385 3684 ruinas
3406 3669 3420 3696 ,
3465 3637 3522 3684 ut
3553 3628 3747 3683 obstu-

2135 3724 2423 3785 pescerent
2450 3717 2657 3783 animo,
2690 3730 2744 3776 et
2775 3720 2942 3776 corde
2976 3722 3349 3791 tabescerent,
3383 3732 3440 3777 et
3469 3722 3524 3776 in
3555 3720 3735 3797 enini-

2136 3808 2235 3864 bus
2258 3809 2431 3878 portis
2458 3825 2649 3866 eorum
2689 3810 2850 3868 daret
2881 3812 3380 3871 conturbationem.
3414 3813 3741 3885 Prtecipitur

2133 3919 2266 3977 ergo
2296 3905 2408 3975 illi,
2442 3908 2546 3962 hoc
2583 3917 2663 3964 est
2685 3948 2701 3977 ,
2731 3909 2917 3981 gladio
2942 3918 3105 3967 acuto
3136 3922 3189 3965 et
3219 3911 3408 3967 limato
3433 3912 3499 3965 ad
3528 3911 3739 3982 fulgen-

2133 3994 2294 4066 dum,
2324 3997 2634 4071 amictuque
2664 4009 2718 4055 et
2740 4002 3019 4073 expedito,
3045 4012 3099 4059 et
3120 4013 3312 4074 parato
3334 4002 3401 4059 ad
3428 4003 3655 4071 caedem,
3685 4010 3746 4057 ut

2133 4092 2298 4147 vadat
2321 4091 2437 4149 sive
2465 4092 2533 4149 ad
2561 4094 2841 4150 dexteram
2868 4096 3139 4163 voluerit,
3176 4098 3292 4153 sive
3332 4099 3398 4152 ad
3441 4097 3736 4152 sinistram.

2133 4184 2521 4258 Quocumque,
2575 4189 2684 4258 ait,
2719 4188 2875 4245 faciei
2908 4203 3010 4245 tuae
3040 4190 3342 4261 placuerit,
3376 4190 3633 4246 audacter
3659 4191 3742 4244 itt-

2130 4275 2391 4347 gredere,
2446 4296 2533 4335 me
2588 4278 2799 4337 habens
2840 4281 3031 4338 ducem
3060 4327 3074 4353 ,
3117 4298 3203 4339 me
3252 4282 3578 4354 adiutorem.
3623 4281 3739 4352 Ego

2133 4368 2386 4439 plaudam
2430 4389 2593 4428 manu
2626 4372 2691 4429 ad
2740 4390 2993 4445 manum,
3027 4387 3084 4432 ut
3116 4376 3437 4432 saevientem
3472 4385 3521 4432 te
3548 4384 3740 4431 contra

2131 4463 2481 4521 adversarios
2524 4481 2676 4522 meos
2703 4512 2717 4538 ,
2752 4468 2907 4540 quasi
2953 4468 3132 4526 fautor
3163 4479 3286 4527 tuus
3322 4480 3378 4527 et
3417 4470 3740 4527 exhortator

423 4541 524 4636 Q"?
553 4543 825 4636 Ῐκθέΐαηῑυ
872 4544 1050 4620 gladio
1093 4549 1275 4602 ιναάὶιὶ
1318 4560 1436 4603 sunt
1488 4567 1605 4604 cum
1638 4549 1832 4623 populo
1863 4565 1973 4605 meo
2003 4566 2018 4602 :
2045 4532 2103 4594 Β
2130 4555 2407 4628 instigem.
2442 4557 2520 4615 Ne
2568 4532 2825 4634 dubites,
2879 4580 2947 4620 ne
2978 4563 3239 4621 formidas
3261 4606 3275 4632 ,
3309 4575 3363 4622 et
3394 4566 3503 4636 pati
3544 4566 3740 4621 timeas

414 4634 607 4688 idcirco
628 4635 819 4707 plaude
837 4655 995 4707 super
1008 4642 1197 4712 femur,
1211 4643 1335 4714 quia
1353 4645 1600 4714 probatus
1613 4654 1710 4711 est,
1725 4655 1772 4700 et
1794 4645 1887 4699 hoc
1904 4662 2021 4699 cum

415 4737 680 4797 sceptrum
701 4732 1028 4799 snbrerterit,
1056 4745 1101 4789 et
1135 4753 1235 4790 non
1258 4738 1388 4803 erit,
1413 4738 1538 4792 dicit
1566 4736 1819 4793 Dominus
1854 4737 2015 4795 Deus.

414 4817 497 4874 Tu
518 4836 656 4892 ergo,
688 4823 766 4893 ﬁli
792 4824 1037 4897 hominis,
1066 4827 1234 4901 2&6
1257 4830 1528 4901 praphela,
1554 4843 1601 4887 et
1628 4830 2017 4903 percute'manu

413 4915 481 4969 ad
504 4931 713 4970 manum
736 4960 751 4981 ,
779 4928 824 4973 et
852 4920 1141 4992 duplicetur
1166 4924 1370 4995 gladius
1399 4942 1459 4979 ac
1489 4927 1778 4996 triplicetur
1807 4927 2015 4999 gladius

413 5006 820 5079 interfectorum.
861 5009 965 5065 Hic
1001 5021 1076 5067 est
1104 5014 1311 5087 gladius
1355 5018 1625 5073 occisionis
1656 5036 1857 5092 magna:
1878 5062 1892 5087 ,
1926 5023 2016 5087 qui

412 5100 764 5172 obstupescere
786 5116 871 5157 eos
893 5103 1049 5175 facit,
1083 5117 1130 5160 et
1166 5108 1318 5163 corde
1346 5110 1633 5177 tabescere,
1674 5122 1721 5166 et
1762 5114 2015 5185 multipli—

410 5202 491 5246 cat
522 5195 719 5247 ruinas.
768 5193 832 5250 In
876 5199 1110 5253 omnibus
1154 5202 1317 5273 portis
1362 5219 1537 5257 eorum
1572 5205 1691 5259 dedi
1733 5210 2012 5261 conturba—

408 5287 599 5340 tionem
626 5286 789 5359 gladii
816 5292 956 5346 acuti
985 5303 1034 5348 et
1059 5293 1223 5349 limati
1255 5298 1322 5350 ad
1358 5296 1664 5371 [algendum
1694 5317 1712 5354 :
1741 5302 1916 5356 amicti
1940 5304 2009 5356 ad

404 5378 610 5430 cardem.
647 5378 937 5451 Exacuere,
966 5384 1093 5441 vade
1121 5387 1188 5439 ad
1212 5387 1471 5442 dexteram
1494 5391 1597 5445 sive
1621 5390 1690 5443 ad
1716 5392 2002 5463 sinistram,

402 5486 722 5542 quocumque
755 5475 909 5545 faciei
929 5488 1031 5533 tua:
1058 5490 1131 5533 est
1152 5481 1431 5551 appetitus.
1467 5482 1603 5547 Quin
1635 5495 1682 5537 et
1718 5502 1816 5559 ego
1851 5488 2005 5556 plau-
2039 5518 2052 5533 -

404 5562 524 5614 dum
551 5580 710 5619 manu
722 5568 789 5620 ad
810 5586 1043 5637 manant,
1070 5582 1116 5625 et
1142 5571 1359 5642 implebo
1381 5573 1789 5645 indignationem
1813 5597 1998 5646 meam,

401 5670 492 5727 ego
539 5653 791 5715 Dominus
833 5662 1033 5719 locutus
1076 5681 1211 5720 sum.
1242 5665 1467 5721 Multum
1514 5672 1671 5725 estsi
1711 5682 2000 5747 utramque

399 5764 593 5817 ponam
628 5749 949 5818 editionem,
976 5765 1029 5810 et
1058 5758 1319 5815 librorum
1342 5761 1653 5818 extenditur
1675 5764 1956 5838 longitudo
1975 5789 1993 5825 :

2129 4645 2276 4717 quod
2322 4664 2515 4719 passus
2560 4661 2643 4706 est
2690 4653 3120 4711 Sennacherib:
3165 4673 3267 4728 ego
3310 4657 3571 4713 Dominus
3617 4674 3739 4713 sum
3836 4662 3839 4663 ⁷

2130 4738 2343 4796 locutus
2370 4782 2383 4806 ,
2419 4758 2557 4799 mete
2589 4745 2845 4801 minister
2873 4763 2933 4803 es
2954 4748 3280 4819 voluntatis,
3314 4765 3494 4805 meam
3524 4749 3739 4820 comple

2125 4839 2457 4893 sententiam
2481 4837 2574 4911 (IV
2602 4839 2732 4913 Reg.
2759 4841 3402 4916 x1x).Possumusjuxta
3425 4860 3735 4915 anagogen,

2124 4928 2364 4999 gladium
2387 4942 2605 4988 acutum
2636 4945 2996 5008 paratumque
3023 4938 3090 4993 ad
3121 4938 3327 4999 caedem
3349 4937 3598 5009 accipere
3625 4938 3737 4993 dia-

2126 5022 2312 5079 bolum
2338 5067 2353 5092 ,
2389 5023 2458 5079 de
2494 5039 2601 5097 quo
2635 5028 2710 5081 ait
2740 5030 3037 5098 Apostolus
3064 5050 3075 5085 :
3108 5031 3343 5087 Tradere
3372 5032 3736 5106 hujuscemodi

2127 5116 2350 5173 Salano:
2396 5120 2449 5173 in
2496 5120 2766 5175 interitum
2818 5126 3020 5193 carnis,
3068 5137 3125 5179 ut
3169 5128 3383 5196 spiritus
3423 5126 3597 5182 salvus
3640 5128 3756 5196 fiat,

2122 5209 2170 5280 (l
2198 5209 2321 5265 Cor.
2352 5227 2404 5278 v,
2439 5211 2518 5285 5).
2546 5213 2612 5267 Et
2642 5214 2692 5269 in
2723 5216 2831 5270 alio
2866 5217 2987 5273 loco
3020 5237 3031 5273 :
3067 5218 3385 5292 Hymenaeus
3413 5230 3460 5279 et
3501 5220 3732 5287 Aleaan-

2120 5305 2217 5359 der
2247 5322 2267 5360 :
2314 5309 2682 5378 quostradidi
2728 5311 2966 5377 Satanae,
3017 5323 3075 5368 ut
3123 5314 3326 5369 discant
3356 5332 3459 5371 non
3490 5314 3732 5384 blasphe-

2122 5415 2265 5455 mare
2294 5401 2336 5471 (l
2369 5401 2503 5456 Tim.
2544 5419 2603 5470 ι,
2636 5403 2753 5475 20).
2805 5405 2875 5460 Et
2916 5408 2969 5463 in
3010 5408 3240 5465 Psalmis
3290 5411 3556 5479 scriptum
3607 5418 3732 5465 est:

2122 5492 2269 5547 Misit
2296 5497 2563 5566 furorem,
2599 5507 2644 5551 et
2673 5497 2845 5566 iram,
2886 5509 2937 5554 et
2980 5503 3276 5575 angustiam
3297 5543 3313 5571 ,
3352 5503 3731 5558 immissionem

2114 5603 2209 5656 per
2238 5585 2450 5659 angelos
2480 5588 2727 5659 pessimos
2761 5588 2877 5660 (Ps.
2911 5608 3092 5647 Lxxvn
3115 5637 3130 5662 ,
3167 5594 3279 5665 i9).
3316 5594 3473 5651 Hunc
3508 5593 3728 5665 quidam

2114 5687 2313 5745 putant
2356 5679 2595 5751 gladium
2630 5692 2685 5738 et
2728 5682 2781 5737 in
2828 5699 2994 5739 manu
3038 5684 3210 5741 fuisse
3240 5688 3451 5757 angeli,
3506 5686 3725 5758 quando

2110 5772 2215 5828 sub
2261 5771 2434 5828 David
2482 5774 2891 5844 percutiebatur
2938 5775 3243 5835 Jerusalem
3282 5778 3352 5852 (ll
3380 5778 3514 5851 Reg.
3544 5779 3718 5849 xstv).
