4038 6328
231 266 309 329 ιιι
858 255 1520 319 (ΣΟΜΜΕΝΤΑΒΙΟΒΗΙΙ
1562 253 1627 321 IN
1669 252 2109 319 EZECHIELEII
2147 252 2278 312 LIB.
2326 254 2439 311 VII.
2480 254 2633 313 CAP.
2674 255 2820 313 XXI.
3387 254 3493 313 ειδ

225 380 305 435 .tL-i
328 383 507 437 autem
543 384 605 443 et
636 375 701 434 de
727 375 818 435 illo
846 376 955 435 dici
980 375 1165 447 gladio
1194 376 1569 447 suspicamur,
1598 370 1664 428 de
1689 386 1797 440 quo
1827 373 1877 447 Α
1903 385 2018 426 ram
2067 370 2401 437 Jerusalem;
2450 379 2506 427 et
2551 372 2727 443 primo
2772 371 2990 445 quidem
3011 412 3028 441 ,
3078 379 3137 428 ut
3166 369 3412 429 videatur
3446 376 3494 428 ei

224 475 264 528 in
292 469 582 541 Evangelia
624 469 886 541 scriptum
915 478 1000 525 est
1027 487 1041 525 :
1073 467 1197 525 Non
1237 469 1352 523 veni
1381 482 1559 539 pacem
1598 469 1797 521 mittere"

221 581 346 636 super
369 572 567 619 terram
591 608 608 633 ,
657 563 745 619 sed
775 562 1014 637 gladium
1044 561 1261 632 (Matth.
1306 577 1338 616 x
1359 601 1375 631 ,
1418 560 1546 630 Si);
1580 569 1636 615 et
1662 556 1797 615 divi-

221 659 327 717 dere
350 657 489 715 inter
520 671 591 714 se
622 672 836 715 omnem
882 655 1367 729 consanguinitatis
1407 653 1657 715 allectum
1682 693 1695 719 ,
1741 660 1800 709 ut

218 754 319 809 mali
344 761 624 813 corruant
648 794 664 821 ,
696 762 749 808 et
777 752 946 813 sancti
968 760 1276 822 resurgant.
1302 748 1408 807 Sed
1440 748 1543 804 hoc
1575 746 1797 818 impium

218 857 283 903 est
304 843 536 903 credere
582 844 658 903 de
699 844 878 915 gladio
918 843 1218 903 Salvatoris
1242 888 1257 914 ,
1286 853 1343 901 et
1378 856 1485 901 non
1530 839 1709 912 potius
1731 839 1801 899 de

217 938 429 1004 diabolo,
459 938 559 1009 qui
602 937 819 995 Domini
860 936 914 997 in
950 935 1200 995 Ecclesia
1245 944 1458 1006 sceptra
1498 934 1796 1001 subvertit,

218 1031 291 1103 qui
321 1030 585 1089 interﬁcit
620 1039 847 1091 cunctos
877 1030 930 1087 in
959 1030 1185 1101 populo,
1218 1037 1273 1085 et
1302 1027 1468 1085 duces
1489 1069 1503 1096 ,
1539 1038 1593 1084 et
1619 1025 1800 1095 hosni‘

219 1134 282 1183 tes
320 1122 415 1179 Dei
449 1140 463 1176 :
500 1133 566 1180 et
610 1133 737 1189 tunc
782 1138 811 1177 a
866 1122 1094 1179 Domino
1138 1122 1546 1191 comprobatur,
1587 1118 1801 1190 quando

218 1216 383 1273 ludant
412 1215 768 1288 proditorem
800 1224 852 1277 et
873 1214 1078 1271 similes
1122 1214 1240 1285 ejus
1264 1212 1592 1277 subvenerit
1616 1210 1799 1285 (Joan.

215 1314 333 1377 xui).
365 1309 469 1377 Qui
501 1319 803 1384 postquam
833 1308 1074 1373 comedit
1116 1308 1409 1365 buccellam
1435 1350 1449 1373 ,
1500 1307 1720 1363 intravit
1748 1308 1801 1361 in

214 1405 339 1461 illum
373 1404 645 1469 Satanas.
699 1404 1122 1475 Duplicaturque
1165 1413 1220 1459 et
1262 1403 1563 1471 triplicatur
1591 1402 1805 1473 gladius

217 1496 650 1562 interiactornm,
705 1504 764 1551 nt
819 1496 1062 1553 solvatur
1115 1505 1398 1567 peceatum
1454 1494 1800 1561 Jerusalem,

214 1592 318 1665 quia
344 1591 599 1662 suscepit
624 1591 697 1648 de
728 1605 895 1649 manu
926 1590 1142 1649 Domini
1168 1590 1401 1659 duplicia
1435 1596 1653 1661 peccata
1683 1602 1801 1645 sua.

216 1684 404 1741 Gaudet
431 1694 628 1741 autem
662 1683 927 1741 Dominus
970 1692 1024 1747 et
1054 1682 1334 1749 exsultat,
1366 1690 1417 1741 et
1448 1682 1692 1743 hortator
1722 1690 1807 1741 est

1900 463 2036 521 nihil
2062 479 2225 536 agere
2250 505 2266 533 ,
2310 473 2364 521 et
2394 463 2599 523 frustra
2636 466 2846 523 conari.
2879 465 2973 525 Illo
3005 481 3136 522 vero
3174 465 3497 523 recordante

1900 554 2217 628 iniquitates
2265 572 2495 624 eorum,
2539 559 2630 628 qui
2679 558 2732 614 in
2784 560 3024 617 Ecclesia
3062 569 3496 628 commorantur,

1902 650 2070 709 immo
2100 652 2260 711 malis
2288 652 2548 722 operibus
2577 652 2845 709 reducunt
2884 654 3225 715 adversaries
3250 664 3496 727 potesta-

1901 752 1985 801 tes
2017 744 2071 800 in
2118 745 2438 803 memoriam
2482 746 2757 809 scelerum
2802 748 3192 817 pristinorum,
3238 751 3502 821 pateﬁunt

1902 836 2085 895 omnia
2120 850 2343 909 peccata
2388 839 2567 911 populi
2595 848 2651 897 et
2678 840 3038 911 cogitationes
3066 858 3258 901 eorum
3282 886 3296 910 ,
3328 853 3383 901 et
3413 844 3496 900 id-

1902 933 2051 991 eirco
2093 934 2409 1004 capiuntur,
2442 935 2567 1005 quia
2607 936 2760 990 novis
2794 944 2979 992 vetera
3025 932 3225 993 delicta
3255 938 3501 993 cumula-

1901 1035 2049 1083 runt.
2067 1026 2192 1085 Haec
2208 1028 2349 1085 alius
2378 1028 2600 1098 dixerit,
2633 1029 2791 1085 nobis
2815 1039 3009 1103 empta:
3028 1030 3273 1089 historiae
3300 1034 3500 1088 veritas

1904 1118 2069 1193 ω
2095 1122 2469 1192 persequenda
2502 1131 2605 1179 est.
2643 1122 2778 1179 Cum
2805 1164 2819 1188 ,
2858 1123 3070 1193 inquit,
3105 1124 3339 1180 dixisset
3368 1125 3500 1182 mihi

1905 1226 2087 1275 sermo
2114 1212 2364 1269 divinus:
2394 1213 2687 1283 Propheta,
2720 1215 2794 1271 ﬁli
2830 1214 3086 1284 hominis,
3111 1226 3166 1271 et
3187 1216 3409 1286 loquere
3438 1218 3502 1271 ad

1906 1303 2146 1375 gladium
2195 1316 2247 1362 et
2295 1306 2430 1361 dic:
2474 1306 2734 1375 Gladius,
2772 1308 3025 1379 gladius,
3071 1319 3126 1365 et
3153 1320 3351 1367 caetera
3382 1327 3504 1381 quae

1908 1402 2193 1473 prophetia
2223 1402 2388 1473 gladii
2414 1404 2804 1469 continentur;
2848 1404 3093 1465 secundo
3123 1406 3299 1461 factus
3326 1416 3409 1462 est
3438 1406 3505 1461 ad

1910 1510 1996 1557 me
2027 1511 2211 1553 sermo
2254 1496 2502 1563 Domini,
2534 1497 2722 1557 dicens
2752 1515 2765 1553 :
2794 1496 2921 1564 Vis,
2955 1498 3027 1555 ﬁli
3062 1499 3331 1565 hominis,
3365 1501 3509 1555 scire

1910 1589 2030 1658 quis
2062 1590 2163 1647 iSIe
2192 1590 2264 1649 sit
2290 1590 2538 1661 gladius,
2586 1600 2642 1649 et
2688 1593 2934 1661 apertius
2975 1607 3264 1663 personam
3296 1593 3513 1650 discere

1910 1681 2077 1752 gladii
2125 1682 2447 1739 saevientis?
2492 1682 2756 1743 Ausculta
2804 1701 2927 1753 qua:
2974 1686 3142 1743 dico:
3191 1702 3332 1756 pone
3374 1686 3509 1741 duas

214 1775 351 1847 gladii
374 1777 667 1841 sazvientis
688 1819 704 1844 ,
736 1786 796 1837 ut
827 1776 984 1839 vadat
1008 1775 1121 1831 sive
1149 1776 1217 1833 ad
1250 1776 1532 1831 dexteram
1558 1817 1572 1843 ,
1602 1776 1717 1833 sive
1740 1774 1807 1831 ad
1841 1779 1887 1839 Β
1912 1777 2029 1833 vias
2050 1817 2066 1846 ,
2110 1785 2167 1835 ut
2210 1792 2308 1847 per
2349 1778 2471 1835 illas
2511 1778 2725 1850 gladius
2768 1782 2950 1839 veniat
2998 1782 3139 1851 regis
3184 1781 3509 1853 Babylonis,

219 1870 476 1929 sinistram
508 1911 526 1939 ,
552 1879 611 1929 et
638 1883 985 1941 quocumque
1013 1885 1137 1937 eum
1169 1869 1327 1926 faciei
1359 1885 1475 1927 sua:
1501 1870 1689 1927 tulerit
1718 1885 1814 1941 ap-

218 1964 395 2034 petitus
421 2005 437 2029 ,
483 1976 551 2019 ut
593 1963 899 2023 interiectis
947 1964 1145 2035 malis,
1188 1972 1508 2025 remaneant
1553 1966 1722 2032 boni,
1757 1975 1813 2023 et

221 2058 484 2129 impleatur
526 2058 667 2113 illud
710 2058 852 2130 quod
898 2059 1159 2130 scriptum
1190 2057 1355 2132 258
1383 2068 1469 2115 est
1501 2075 1513 2112 :
1551 2058 1689 2127 Quid
1719 2075 1813 2130 pa.-

221 2153 294 2205 lcis
332 2154 398 2207 ad
448 2154 828 2223 frumentum?
885 2152 1012 2213 dicit
1064 2151 1322 2209 Dominus
1389 2150 1603 2224 (Jercm.
1648 2166 1806 2219 xxm,

224 2248 321 2313 32).

282 2340 453 2413 (γει-ς.
496 2342 567 2397 18
595 2340 777 2413 seqq.)
805 2338 873 2395 Et
900 2340 1067 2413 factus
1087 2347 1161 2396 est
1184 2355 1355 2395 sermo
1387 2337 1597 2397 Domini
1617 2339 1686 2395 ad
1710 2355 1810 2406 me,

225 2436 380 2489 dicens
402 2451 421 2490 :
450 2433 525 2489 Et
571 2444 630 2489 tu
656 2476 671 2500 ,
698 2432 776 2506 fili
823 2432 1081 2503 hominis,
1114 2450 1249 2505 pone
1292 2432 1382 2488 tibi
1423 2434 1555 2491 duas
1592 2434 1731 2502 vias,
1765 2443 1814 2486 et

225 2525 386 2597 [\‘ulg.
416 2525 498 2601 ut]
526 2527 926 2598 reuiatgladius
952 2528 1086 2596 regis
1114 2525 1417 2597 Babylonis.
1444 2526 1521 2581 De
1543 2535 1680 2581 terra
1706 2542 1814 2581 una

226 2619 532 2692 egrediantur
562 2618 716 2675 ambo
748 2618 930 2691 [Vulg.
963 2618 1173 2690 ambat],
1217 2629 1265 2677 et
1305 2635 1465 2674 manu
1496 2620 1659 2687 capiet
1689 2636 1808 2677 cort-

224 2709 461 2777 jecturam
482 2726 501 2763 :
524 2710 583 2765 in
609 2710 777 2781 capite
800 2711 894 2767 vim
920 2710 1140 2763 cit-italis
1168 2709 1427 2781 conjiciet.
1458 2707 1606 2765 Viam
1630 2726 1811 2781 pones,

230 2815 273 2858 ut
299 2808 462 2862 veniat
494 2806 714 2880 gladius
740 2807 811 2863 ad
856 2806 1095 2863 Rabbuth
1130 2807 1359 2877 [iliorum
1387 2808 1636 2877 Ammon,
1670 2818 1715 2864 et
1745 2809 1813 2866 ad

228 2894 489 2965 Judatn,et
516 2899 589 2952 ad
605 2897 1092 2972 Jerusalemﬂulg.
1121 2900 1173 2955 in
1189 2899 1500 2971 Jerusalem]
1530 2902 1816 2957 munitissi-

229 3007 369 3051 mout.
398 2992 561 3053 Stetit
598 2996 741 3051 enim
786 3011 876 3065 rex
913 2992 1198 3066 Babylonis
1242 2998 1297 3051 in
1342 2997 1509 3062 bivio,
1552 2998 1606 3051 in
1644 2998 1814 3066 capite

229 3082 427 3139 duarum
479 3085 687 3141 uiarum
735 3085 1110 3143 divinationem
1156 3102 1435 3158 quwrens,
1486 3088 1814 3144 commiscent

1914 1872 2003 1941 qui
2035 1871 2348 1942 egredietur
2376 1872 2597 1942 quidem
2628 1890 2735 1930 uno
2759 1874 2953 1931 itinere
2977 1876 3380 1939 Chalda'orum.
3414 1878 3510 1933 sed

1914 1979 2035 2021 cum
2064 1966 2274 2022 venerit
2304 1981 2402 2036 per
2435 1966 2711 2025 desertum
2743 1978 2797 2023 et
2824 1968 3173 2027 solitudinem
3209 1971 3274 2025 ad
3309 1972 3509 2027 hivimn

1917 2064 2078 2115 terrae
2127 2059 2381 2127 Arabia,
2429 2076 2549 2131 quin
2596 2062 2904 2131 appellatur
2948 2062 3184 2121 ﬁliorum
3228 2063 3510 2133 Ammon,

1915 2167 2143 2221 quarum
2174 2168 2278 2211 una
2310 2154 2397 2209 via
2428 2153 2731 2213 Jerusalem
2772 2156 2927 2214 ducit
2958 2158 3025 2215 ad
3070 2157 3351 2217 dexteram
3391 2174 3513 2228 par-

1916 2252 2045 2313 tem,
2079 2244 2296 2302 sinistra
2321 2261 2452 2305 vero
2471 2247 2538 2305 ad
2570 2247 2819 2305 Rabbath
2848 2250 3081 2305 ﬁliorum
3108 2251 3362 2316 Ammon,
3394 2266 3514 2321 qnte

1916 2347 2000 2399 est
2026 2339 2226 2395 civitas
2256 2341 2575 2412 metmpolis
2598 2382 2611 2407 ,
2653 2350 2709 2401 ct
2744 2341 2906 2401 hodie
2930 2343 3303 2413 Philadelphia
3334 2344 3513 2401 uomi-

1916 2444 2112 2491 natur:
2162 2450 2391 2505 memor,
2447 2436 2659 2507 inquit,
2714 2437 3103 2499 internecionis
3153 2456 3274 2508 quae
3321 2440 3520 2496 accidit

1915 2525 2031 2597 regi
2061 2524 2287 2598 Assyrio
2318 2527 2538 2598 quando
2565 2538 2787 2587 centum
2817 2532 3094 2601 octoginta
3123 2533 3359 2603 quinque
3387 2534 3512 2587 mill

1917 2616 2022 2687 lia,
2061 2634 2165 2677 una
2213 2629 2372 2677 nocte
2422 2630 2550 2679 sunt
2606 2636 2778 2688 caesa,
2826 2622 3138 2681 torniidabit
3184 2624 3251 2678 ad
3303 2634 3511 2693 partem

1916 2709 2196 2767 dexteram
2234 2712 2520 2775 ,declinare
2550 2754 2565 2780 ,
2622 2724 2680 2771 et
2728 2714 2808 2771 ire
2852 2725 3042 2771 contra
3093 2718 3512 2773 munitissimam

1915 2806 2215 2865 Jerusalem
2246 2825 2259 2875 ;
2308 2808 2405 2865 sed
2433 2809 2602 2865 stabit
2635 2810 2688 2865 in
2734 2810 2851 2879 ipso
2881 2812 3145 2881 eompito,
3170 2820 3225 2866 et
3252 2814 3357 2868 ritu
3388 2828 3519 2881 gen-

1917 2901 1985 2957 tis
2012 2918 2123 2959 sure
2147 2904 2428 2961 oraculum
2455 2904 2733 2972 consulet,
2767 2915 2822 2959 ut
2851 2908 3031 2961 mittat
3052 2905 3279 2977 sagittas
3308 2922 3437 2963 suas
3460 2909 3513 2963 in

1917 2996 2231 3067 pharetram
2267 3038 2283 3065 ,
2340 3006 2395 3053 et
2451 3000 2803 3055 commiscent
2859 3014 2957 3056 eas
3008 3001 3337 3071 inscriptas,
3396 3004 3512 3057 sive

1916 3090 2159 3160 signatas
2188 3091 2503 3148 nominibus
2524 3092 2861 3163 singulorum
2882 3134 2899 3160 ,
2926 3101 2988 3151 ut
3018 3094 3203 3153 videat
3229 3096 3382 3165 cujus
3429 3112 3513 3151 sa-

228 3179 442 3253 tagittas.
467 3177 822 3253 Interrogavit
838 3181 1150 3253 idola,exta
1198 3181 1480 3239 consuluit.
1512 3181 1594 3236 Ad
1632 3183 1809 3239 dexteo
1841 3181 1885 3249 C
1916 3183 2049 3253 gitta
2098 3194 2293 3251 exeat,
2353 3194 2407 3243 et
2450 3200 2611 3256 quam
2666 3186 2816 3257 prius
2864 3188 3140 3247 civitatem
3179 3188 3377 3247 debeat
3419 3204 3516 3259 op-

229 3292 327 3333 ram
351 3283 459 3352 ejus
488 3284 637 3352 {acto
661 3289 734 3336 est
757 3279 1006 3336 divinatio
1035 3296 1195 3350 super
1217 3278 1546 3346 Jerusalem,
1580 3288 1631 3335 ut
1654 3289 1812 3351 ponat

232 3375 425 3442 arietes,
458 3387 514 3431 ut
538 3376 740 3447 aperiat
766 3391 824 3430 os
849 3375 904 3431 in
933 3375 1102 3442 caede,
1137 3384 1192 3429 ut
1221 3374 1379 3430 eleuet
1406 3392 1579 3430 uocem
1606 3375 1657 3429 in
1687 3381 1810 3431 ulu-

232 3465 344 3534 latu,
366 3478 415 3523 ut
436 3480 605 3541 ponat
631 3470 820 3524 arietes
847 3478 1027 3523 contra
1046 3477 1248 3540 portas,
1272 3479 1325 3524 ut
1351 3477 1628 3539 comportat
1649 3486 1809 3542 agge—

231 3577 351 3627 rem,
382 3573 437 3617 ut
473 3562 705 3631 wdiﬁcet
745 3562 1077 3617 munitiones.
1109 3560 1325 3632 Eritque
1350 3561 1502 3633 quasi
1537 3563 1810 3619 consulens

236 3659 405 3725 {rustra
458 3658 739 3715 oraculum
786 3659 840 3713 in
895 3656 1060 3713 oculis
1123 3672 1339 3726 eorum,
1386 3664 1435 3711 et
1480 3656 1813 3715 sabbatorum

234 3753 371 3812 nam
399 3755 643 3821 baritum,
670 3753 780 3826 ipse
814 3761 990 3809 autem
1016 3752 1376 3807 recordabitur
1414 3752 1703 3822 iniquitatis
1738 3753 1809 3806 ad

235 3850 545 3919 capiendum.
568 3849 784 3911 Idcirco
816 3851 924 3907 licet:
962 3851 1088 3909 dicit
1112 3850 1367 3907 Dominus
1398 3849 1578 3906 Deus:
1610 3848 1720 3905 Pro
1746 3867 1808 3905 eo

232 3944 346 4009 quod
373 3944 426 3999 in
449 3944 755 4003 memoriam
781 3946 1058 4001 revocastis
1084 3946 1382 4016 iniquitates
1411 3954 1602 3999 uestras
1625 3942 1804 4016 [Vulg.

235 4037 467 4095 recordati
492 4039 619 4097 estis
644 4039 932 4109 iniquitatis
966 4037 1166 4110 uestra]
1189 4081 1203 4103 .
1232 4048 1281 4094 et
1303 4038 1571 4095 reuelauit
1612 4054 1809 4109 prma-

236 4129 485 4188 τὶιαὶοιιεε
532 4140 757 4198 vestras,
806 4141 855 4189 et
893 4141 1253 4203 apparuerunt
1293 4140 1504 4202 peccata
1550 4139 1717 4187 uestra
1754 4132 1808 4185 iu

237 4225 442 4281 cautibus
468 4225 871 4297 cogitationibus
910 4224 1132 4291 uestris;
1170 4239 1265 4295 pro
1292 4240 1374 4291 eo,
1406 4225 1648 4294 inquam,
1673 4223 1810 4292 quod

238 4314 282 4368 ἱυ
300 4320 598 4377 nte-torium
625 4318 899 4375 revocastis
936 4317 1117 4390 [ναις.
1162 4318 1418 4375 recordati
1445 4316 1587 4390 estis]
1607 4358 1623 4385 ,
1650 4333 1811 4371 manu

241 4412 505 4479 ωρίαιιίιιὶ.
536 4413 663 4471 Seio
686 4428 777 4470 me
804 4414 857 4470 in
888 4413 992 4470 hoc
1018 4414 1142 4469 lacn
1166 4413 1318 4484 iuxta
1348 4413 1698 4484 Septuaginta
1730 4413 1812 4469 in-

241 4510 479 4574 lerpretes
505 4553 520 4576 ,
556 4507 840 4578 cuiusdam
873 4506 1227 4577 multiplicem
1271 4506 1809 4577 legi~se.expositio-

1918 3293 2182 3350 pugnare.
2207 3280 2355 3337 lianc
2383 3289 2564 3337 autem
2594 3279 2769 3337 ϐταιοί
2795 3282 3145 3354 βελομαντίαν,
3179 3284 3291 3338 sive
3323 3284 3513 3358 ῥαϐδο-

1914 3375 2131 3444 μαντίαν
2184 3375 2487 3429 nominaut.
2532 3373 2898 3443 Interrogavit
2942 3376 3105 3445 igitur
3152 3375 3334 3442 idola;
3387 3387 3510 3431 exta

1914 3467 2207 3523 consuluit.
2234 3467 2315 3523 Ad
2348 3468 2628 3525 dexteram
2658 3467 2799 3525 facta
2831 3479 2912 3525 est
2944 3469 3207 3526 divinatio
3245 3471 3362 3541 ejus
3388 3515 3401 3537 ,
3456 3481 3513 3526 ut

1913 3567 2163 3629 pergeret
2207 3568 2398 3617 contra
2449 3560 2794 3628 Jerusalem,
2850 3572 2905 3617 et
2958 3574 3297 3634 oppugnaret
3346 3580 3465 3619 eam
3497 3608 3510 3629 ,

1912 3663 2139 3719 aggeres
2186 3660 2589 3725 contportaret,
2635 3653 2839 3709 arietes
2883 3666 3154 3723 poneret,
3215 3657 3516 3713 ardiﬁcaret

1912 3744 2282 3808 munitiones,
2340 3745 2644 3814 urbemque
2700 3747 3095 3814 concluderet,
3144 3758 3198 3804 et
3255 3751 3308 3805 in
3359 3752 3514 3807 crede

1910 3838 2147 3907 aperiret
2171 3854 2233 3894 os
2261 3854 2452 3907 suum,
2483 3848 2539 3894 et
2565 3840 2838 3897 fremitum
2867 3842 3185 3898 exsultantis
3212 3853 3267 3898 et
3296 3844 3511 3901 ululan-

1913 3930 1980 3985 tis
2019 3932 2294 3989 exercitus
2348 3934 2672 3989 concitaret.
2708 3934 2852 4000 Hoc,
2898 3936 3109 4006 inquit,
3149 3935 3390 4005 faciens,
3432 3940 3514 3995 vi-

1910 4022 2133 4086 debitur
2178 4024 2575 4087 habitatoribus
2621 4026 2926 4083 Jerusalem
2970 4030 3248 4085 oraculum
3310 4031 3509 4089 frustra

1909 4116 2233 4181 consulere;
2279 4126 2335 4175 et
2368 4118 2521 4188 quasi
2553 4118 2899 4175 sabbatorum
2942 4121 3113 4176 otium
3135 4131 3161 4161 α
3194 4131 3370 4180 terere
3390 4168 3403 4191 ,
3433 4126 3513 4181 lu-

1911 4210 2043 4268 dere
2064 4210 2339 4277 videlicet,
2363 4221 2418 4268 et
2448 4211 2586 4267 nihil
2610 4213 2795 4282 operis
2820 4225 3154 4284 perpetrare.
3184 4216 3301 4271 Rex
3331 4228 3511 4275 autem

1910 4304 2205 4377 Babylonis
2232 4348 2247 4373 ,
2280 4322 2388 4361 non
2421 4305 2476 4361 in
2509 4322 2608 4362 sua
2639 4306 2986 4373 fortitudine,
3011 4310 3107 4364 sed
3143 4311 3196 4363 in
3231 4312 3515 4381 iniquitate

1910 4399 2093 4469 populi
2118 4398 2422 4454 conﬁsurus
2449 4408 2535 4455 est
2559 4443 2573 4467 ,
2608 4416 2714 4470 qua
2738 4416 2834 4455 eos
2864 4401 2966 4455 scit
2993 4401 3291 4459 oﬂendissc
3316 4405 3506 4473 Deum,

1914 4501 1970 4549 et
2004 4502 2223 4560 peccata
2267 4502 2480 4563 patrum
2522 4493 2679 4548 novis
2722 4494 3029 4549 curnnlasse
3072 4494 3179 4567 [ΑΙ.
3210 4498 3511 4572 cumulare]

243 4609 375 4665 ιω,
409 4598 656 4659 amba“,
686 4599 919 4656 “Nam
964 4600 1197 4657 Αιηωομ
1224 4640 1238 4665 ν
1268 4597 1554 4657 "gemmis
1583 4598 1650 4654 ad
1678 4612 1809 4669 μη-
1833 4578 1888 4640 Ι)
1914 4586 2151 4652 delictis,
2176 4598 2231 4644 et
2250 4589 2726 4658 praevaricationes
2748 4604 2937 4642 eorum
2966 4591 3222 4646 omnbus
3248 4594 3509 4660 patuisse;

170 4714 173 4719 ν
243 4688 349 4747 litua
378 4693 637 4763 populum
666 4709 679 4745 :
711 4691 905 4749 Judatu
932 4707 1067 4749 vero
1092 4701 1150 4747 et
1175 4691 1471 4749 Jerusalem
1500 4691 1568 4746 ad
1599 4706 1694 4748 eos
1715 4692 1807 4761 qui

243 4783 328 4841 sub
349 4785 551 4843 Christi
589 4787 808 4844 nomine
839 4795 1257 4858 congregantur,
1292 4795 1345 4844 et
1372 4780 1526 4842 factis
1553 4785 1683 4842 dent
1706 4801 1804 4841 no~

244 4876 379 4937 minis
422 4880 778 4951 diptitatem,
823 4894 1116 4952 regemque
1154 4879 1491 4936 confusionis
1526 4878 1806 4935 diabolum

246 4976 367 5028 stare
388 4972 443 5031 in
472 4974 621 5029 omni
651 4974 858 5031 viarum
887 4972 1089 5041 capite,
1122 4980 1178 5029 et
1199 4972 1443 5028 insidiari
1472 4972 1524 5025 in
1553 4971 1802 5035 occulto;

247 5058 537 5138 imitarique
564 5068 719 5125 illum
748 5066 1082 5125 versiculum
1114 5090 1127 5123 :
1150 5066 1314 5123 Juxta
1335 5068 1570 5123 semitam
1590 5067 1810 5121 semida-

249 5152 337 5209 ίδιυι
381 5169 655 5228 posuerunt
696 5160 825 5215 mihi
854 5158 975 5229 (Ps.
1006 5157 1269 5231 exuta);
1311 5169 1367 5215 et
1410 5170 1555 5215 stare
1600 5175 1723 5216 eum
1756 5159 1809 5215 in

249 5246 395 5323 bivio,
426 5255 512 5310 vel
548 5269 649 5315 eos
685 5255 773 5324 qui
802 5255 889 5313 sui
934 5265 1060 5311 sunt
1106 5265 1291 5311 tenere
1331 5254 1638 5323 cupientem
1661 5295 1677 5321 ,
1725 5252 1812 5310 vel

252 5354 420 5401 novum
442 5348 544 5403 sibi
573 5348 856 5418 acquirere
875 5348 1192 5413 servitium;
1214 5358 1269 5403 et
1286 5347 1349 5402 ad
1365 5348 1646 5402 dexteram
1666 5362 1813 5402 sem-

252 5445 331 5501 ικε
360 5454 603 5510 pergere,
626 5442 693 5499 ad
724 5457 822 5498 eos
841 5442 1050 5507 scilicet
1066 5440 1159 5511 qui
1188 5442 1241 5497 in
1262 5440 1488 5497 dextera
1512 5450 1670 5511 parte
1689 5447 1818 5495 sunt

253 5530 405 5601 Mli,
426 5543 482 5588 ut
501 5544 777 5604 expugnet
796 5551 915 5602 eos,
946 5543 1005 5590 ut
1025 5535 1256 5593 exsultet
1279 5534 1335 5590 in
1356 5534 1528 5601 caede,
1551 5543 1609 5589 ut
1631 5534 1818 5590 arieti-

254 5614 338 5679 bus
360 5635 411 5681 et
436 5628 782 5698 congestim
810 5643 1042 5699 onerum
1068 5638 1420 5689 terrenarum
1451 5627 1630 5698 capiat
1654 5627 1823 5685 mise-

294 5741 335 5773 "
362 5738 439 5795 ita
464 5743 632 5797 trium
661 5757 763 5813 ope
794 5757 926 5798 mss.
957 5741 1162 5797 Victor.
1195 5741 1498 5811 rescripsit.
1533 5740 1677 5813 Ante
1707 5747 1825 5796 erat

260 5812 421 5878 tenere,
450 5830 611 5886 quam
638 5812 935 5879 tentiones]
966 5822 1023 5873 et
1055 5815 1404 5873 Martinuatus
1435 5812 1703 5883 sequntur.

1916 4690 1970 4738 et
2017 4679 2225 4739 idcirco
2267 4695 2377 4735 non
2407 4680 2675 4736 dubitabit
2720 4680 2787 4736 de
2817 4681 3045 4736 victoria
3069 4724 3081 4747 ,
3122 4682 3248 4753 quia
3279 4684 3515 4740 conﬁdet

1917 4778 1985 4835 de
2015 4776 2297 4846 iniquitate
2343 4770 2678 4833 Jerusalem.
2727 4778 2851 4833 llaec
2890 4777 3049 4848 juxta
3094 4778 3451 4847 Hebraicum,
3484 4797 3511 4835 a

1917 4885 2023 4941 quo
2048 4869 2404 4941 Septuaginta
2445 4887 2552 4927 non
2582 4880 2692 4926 tam
2722 4886 2886 4927 sensu
2908 4888 3073 4944 quam
3100 4873 3287 4929 verbis
3307 4874 3361 4929 in
3402 4875 3513 4946 ple-

1916 4964 2099 5035 risque
2127 4965 2460 5020 discordant.

1986 5059 2177 5131 (Vers.
2215 5061 2288 5115 25
2313 5076 2464 5131 seqq.
2490 5058 2509 5129 )
2533 5059 2699 5132 250
2736 5060 2813 5115 Tu
2839 5070 3031 5129 autem,
3083 5065 3318 5134 profane,
3353 5064 3514 5133 impie

1916 5153 2026 5207 data:
2054 5152 2244 5220 Israel,
2267 5157 2418 5222 cuius
2442 5156 2575 5207 venit
2597 5154 2711 5209 dies
2740 5156 2795 5207 in
2815 5165 3044 5226 tempus
3064 5156 3356 5226 iniquitatis
3384 5173 3515 5224 prte-

1918 5247 2087 5317 ﬁuita.
2122 5245 2249 5302 Hm
2269 5248 2397 5301 dicit
2420 5246 2677 5301 Dominus
2708 5246 2845 5301 Deus
2870 5263 2889 5302 :
2910 5249 3077 5319 Aufer
3107 5249 3324 5302 cidarim
3346 5266 3364 5301 :
3389 5250 3515 5303 tolle

1919 5357 2185 5397 coronam.
2222 5339 2415 5395 Nonne
2456 5344 2567 5393 huic
2597 5351 2672 5395 est
2700 5356 2814 5411 quin
2845 5341 3091 5393 humilem
3134 5339 3435 5405 subleravit,
3469 5351 3515 5394 et

1921 5439 2191 5493 sublimem
2211 5436 2544 5490 humiliari”
2572 5434 2930 5505 Iniquitatem,
2959 5434 3299 5504 iniquitatem,
3324 5435 3516 5507 iniqui—

1924 5540 2079 5585 tatem
2123 5545 2310 5602 ponam
2355 5544 2468 5583 eam
2506 5545 2524 5582 :
2565 5538 2613 5582 et
2658 5527 2756 5581 hoc
2803 5543 2904 5580 non
2938 5524 2964 5563 δ
3005 5526 3093 5594 fiet
3143 5524 3305 5580 donec
3352 5530 3521 5584 reniat

1926 5621 2120 5696 [Vulg.
2175 5620 2400 5692 retinet]
2457 5624 2604 5685 cuius
2662 5628 2735 5673 est
2770 5617 3060 5689 judicium,
3118 5625 3165 5671 et
3215 5619 3414 5674 tradant
3453 5624 3522 5676 ei.

2006 5736 2033 5778 δ
2078 5738 2154 5792 Ex
2184 5737 2401 5806 Vulgat.
2431 5736 2574 5791 Edit.
2610 5732 2907 5799 Victorius,
2935 5734 3122 5801 fartim:
3153 5743 3244 5789 est.
3274 5735 3328 5790 In
3361 5738 3528 5792 llcbr.

1924 5810 2225 5879 Graecoque
2252 5808 2528 5875 similiter,
2563 5822 2661 5860 non
2690 5807 2805 5878 fuit.
