4038 6328
455 278 558 336 207

1693 276 1753 333 S.
1798 268 2070 333 EUSEBII
2112 271 2500 332 HIERONYMI

3648 269 3761 329 208

450 400 598 457 LXX
629 418 642 455 :
674 400 737 455 Et
765 408 840 466 tu,
874 399 1110 470 profane,
1154 397 1330 468 inique
1364 397 1471 450 dua:
1506 394 1697 461 Israel,
1726 400 1881 469 cujus
1911 395 2047 449 venit
2072 399 2128 458 Α
2222 395 2419 465 (Vers.
2451 393 2522 449 28
2553 390 2746 464 seqq.)
2782 390 2852 447 Et
2877 400 2956 453 tu,
2989 391 3070 463 ﬁli
3101 390 3343 460 hominis,
3394 389 3662 463 propheta,
3707 396 3758 443 et

456 495 587 559 dies,
621 496 673 547 in
703 504 926 562 tempore
956 489 1242 561 iniquitatis
1272 490 1415 560 ﬁnis.
1461 487 1588 543 Haec
1625 486 1751 540 dicit
1794 486 2047 540 Dominus

452 587 637 641 Deus:
670 587 933 640 Abstulisti
977 585 1214 651 cidarim,
1260 594 1305 637 et
1350 584 1568 654 posuisti
1614 598 1881 636 coronam.
1922 579 2049 635 "(cc

453 696 557 733 non
604 679 699 731 erit
743 678 947 731 similis.
994 676 1301 731 Humiliain
1353 676 1633 741 excelsum,
1677 684 1724 728 et
1770 673 2051 727 sublevasti

453 770 719 824 humilem.
766 768 1129 840 Iniquitatem,
1173 772 1499 841 iniquitatem
1540 786 1729 842 ponant
1767 784 1880 822 eam
1913 785 1931 821 :
1960 784 2049 821 nec

455 863 563 917 haec
590 865 706 917 talis
738 864 855 933 erit,
898 864 1059 918 donec
1101 864 1270 919 veniat
1313 864 1397 916 cui
1439 863 1651 917 debetur
1686 870 1774 915 :et
1816 859 1948 912 dabo
1980 861 2045 913 ei.

452 956 817 1027 Symmachus
849 959 992 1013 hunc
1035 959 1211 1013 locum
1262 958 1336 1012 ita
1370 957 1775 1025 interpretatus
1802 962 1889 1009 est
1923 972 1936 1007 :
1972 953 2051 1007 Tu

452 1058 647 1115 autem,
692 1051 931 1120 profane,
980 1052 1151 1122 inique
1196 1051 1304 1103 dua:
1348 1048 1539 1111 Israel,
1593 1050 1742 1119 cujus
1771 1047 1908 1100 venit
1940 1046 2049 1099 dies

452 1141 507 1193 in
538 1150 765 1211 tempore
791 1144 1082 1213 iniquitatis
1116 1144 1425 1197 constitutus
1449 1158 1467 1195 :
1491 1140 1620 1195 Haec
1648 1140 1771 1193 dicit
1793 1139 2050 1194 Dominus

453 1230 595 1287 Deus
624 1249 642 1287 :
679 1235 900 1288 Abstulit
931 1236 1173 1301 cidarim,
1208 1245 1256 1288 et
1289 1236 1405 1288 tulit
1442 1251 1687 1288 coronam
1722 1250 1737 1285 :
1766 1248 1925 1303 neque
1953 1231 2051 1285 hoc

453 1343 614 1397 neque
633 1328 770 1382 illud
792 1345 810 1383 :
834 1331 1079 1383 humilem
1096 1330 1403 1397 sublevabit,
1431 1340 1481 1384 et
1505 1330 1773 1385 sublimem
1800 1328 2047 1382 humilia-

452 1420 544 1474 bit.
572 1420 926 1491 Iniquitatem,
958 1424 1298 1493 iniquitatem,
1327 1410 1662 1493 iniquitatem.
1678 1424 1873 1495 faciam
1894 1422 2047 1476 illud.

455 1515 523 1569 Et
551 1518 648 1570 hoc
668 1534 771 1571 non
801 1518 901 1586 fuit
929 1518 1045 1585 iste,
1080 1519 1230 1589 cujus
1251 1517 1521 1589 judicium
1542 1529 1634 1581 est,
1656 1534 1806 1588 quem
1834 1517 2050 1569 daturus

453 1628 589 1665 sum.
624 1612 759 1667 Pest
801 1614 952 1667 urbis
993 1613 1301 1667 Jerusalem
1342 1612 1753 1667 subversionem
1789 1618 1844 1664 et
1881 1612 2052 1677 capti-

453 1706 678 1760 vitatem
726 1705 931 1776 populi,
970 1707 1037 1759 ad
1073 1706 1267 1761 ducem
1315 1705 1481 1761 Israel
1532 1720 1715 1760 sermo
1771 1702 2048 1771 dirigitur,

2150 490 2233 543 dic
2263 505 2280 542 :
2312 487 2441 543 ch
2462 488 2585 541 dicit
2620 485 2873 540 Dominus
2903 484 3045 541 Deus
3076 487 3142 540 ad
3177 487 3314 557 filios
3340 484 3581 549 Ammon,
3614 492 3659 536 et
3685 481 3759 536 ad

2150 580 2481 653 approbrium
2510 596 2709 635 eorum.
2754 578 2824 633 Et
2865 579 3038 634 dices:
3079 578 3283 647 Mucro,
3316 594 3512 646 mucro,
3539 578 3758 648 evagina

2150 685 2197 729 te
2225 676 2293 728 ad
2325 674 2663 728 occidendum
2703 691 2719 727 :
2756 675 2882 728 lima
2912 683 2961 729 te
3004 684 3060 729 ut
3106 675 3388 745 interﬁcias
3430 683 3477 728 et
3524 673 3751 745 fulgeas.

2150 763 2278 820 Cum
2309 767 2399 819 tibi
2436 766 2728 821 viderentur
2772 783 2925 831 vana,
2960 775 3005 821 et
3049 766 3408 821 divinarcnur
3452 764 3752 828 mendacia,

2149 868 2203 912 ut
2235 860 2441 914 dureris
2478 878 2637 931 super
2668 862 2808 916 colla
2842 862 3233 916 vulneratorum
3267 862 3572 930 impiorum,
3615 878 3755 931 quo-

2149 970 2263 1006 rum
2292 954 2427 1008 venit
2458 954 2566 1008 dies
2616 955 2667 1007 in
2698 963 2928 1024 tempore
2972 955 3265 1022 iniquitatis
3314 955 3596 1025 pra’ﬁnita.
3646 952 3757 1008 Re—

2150 1056 2338 1101 vertere
2367 1046 2436 1101 ad
2462 1048 2702 1117 vaginam
2733 1058 2893 1114 tuam,
2925 1049 2975 1102 in
3005 1047 3179 1101 locum
3206 1049 3258 1101 in
3289 1064 3393 1119 quo
3425 1055 3628 1100 creatus
3656 1063 3747 1102 es:

2148 1140 2200 1193 in
2235 1149 2370 1194 terra
2405 1141 2688 1194 nativitatis
2721 1152 2823 1195 tua?
2842 1141 3095 1214 judicabo
3129 1151 3196 1195 te.
3244 1138 3313 1193 Et
3350 1138 3619 1207 effundam
3656 1155 3750 1193 su-

2150 1250 2241 1306 per
2280 1244 2327 1287 te
2360 1234 2770 1307 indignationem
2807 1251 2997 1300 meam,
3029 1235 3081 1288 in
3112 1235 3230 1307 igne
3268 1234 3467 1305 furoris
3500 1233 3601 1286 mei
3640 1234 3760 1303 suf-

2150 1324 2288 1396 flabo
2330 1326 2385 1379 in
2437 1334 2520 1381 te:
2544 1326 2776 1397 daboque
2802 1337 2851 1381 te
2889 1328 2942 1380 in
2994 1327 3228 1380 manibus
3267 1324 3533 1380 hominum
3574 1325 3761 1380 stulto-

2152 1435 2286 1487 tum,
2307 1430 2353 1474 et
2380 1420 2747 1491 fabricantium
2786 1421 3172 1493 corruptionem
3205 1419 3396 1493 [ναις.
3423 1418 3755 1494 interitum].

2150 1510 2300 1583 Ignis
2339 1514 2440 1567 eris
2492 1513 2680 1581 cibus;
2719 1515 2931 1585 sanguis
2973 1525 3092 1568 tuus
3131 1516 3229 1568 erit
3266 1516 3321 1568 in
3360 1514 3529 1568 medio
3570 1524 3755 1569 terrae:

2152 1603 2400 1658 oblivioni
2455 1607 2715 1674 traderis,
2758 1608 2880 1676 quia
2933 1624 3025 1680 ego
3068 1605 3327 1662 Dominus
3366 1607 3572 1663 locutus
3610 1624 3752 1662 sum.

2153 1697 2402 1753 Gladium
2436 1698 2582 1767 regis
2625 1698 2919 1772 Babylonis
2960 1702 3181 1755 stetisse
3210 1700 3264 1755 in
3310 1700 3487 1771 capite
3526 1700 3755 1756 duarum

451 1814 615 1868 quem
663 1800 867 1853 nemini
905 1800 1127 1853 dubium
1172 1808 1257 1855 est
1296 1799 1595 1869 signiﬁcari
1643 1796 1953 1863 Sedeciam,
1992 1794 2045 1849 in
2076 1794 2125 1855 B
2155 1790 2381 1853 viarum,
2417 1791 2740 1869 iugcomptto
2770 1792 3010 1848 dextera:
3039 1803 3094 1848 et
3116 1793 3381 1862 sinistras,
3413 1808 3645 1865 quarum
3673 1792 3753 1847 al-

454 1907 564 1961 quo
596 1907 785 1961 regum
814 1891 982 1947 Israel
1010 1892 1078 1947 de
1102 1893 1276 1962 Stirpe
1306 1892 1475 1947 David
1521 1890 1813 1961 imperium
1840 1888 2052 1942 ﬁnitum

450 1996 556 2041 est.
586 1986 768 2049 Venit,
792 1986 987 2056 inquit,
1019 1987 1113 2042 tibi
1140 1986 1283 2052 dies,
1308 2002 1427 2056 qua:
1450 1986 1614 2056 longo
1637 1995 1887 2055 tempore
1912 1998 2053 2053 prte-

451 2081 601 2135 ﬁnita
626 2090 713 2135 est
739 2079 795 2135 in
819 2090 893 2147 te,
919 2091 976 2137 et
1002 2091 1227 2151 propter
1257 2090 1309 2136 te
1332 2081 1709 2136 sacerdotimn
1742 2090 1791 2132 et
1824 2092 2051 2149 regnum

450 2177 660 2232 interiit
691 2177 879 2247 populi
900 2176 1234 2232 Judteorum.
1262 2176 1474 2231 Cidaris
1501 2177 1646 2237 enim
1680 2175 1891 2245 insigne
1920 2188 2054 2243 pon-

452 2270 616 2324 tiﬁcis
648 2277 733 2323 est
764 2286 778 2323 ε
810 2284 1038 2337 corona,
1084 2269 1187 2323 hoc
1238 2279 1344 2336 est,
1388 2268 1664 2335 diadema,
1714 2268 1860 2337 regis
1912 2266 2053 2321 indi-

451 2364 619 2423 cium.
657 2362 848 2419 Nonne
897 2363 1013 2418 haec
1048 2372 1133 2419 est
1162 2364 1388 2429 cidaris,
1428 2375 1481 2418 et
1523 2362 1640 2418 haec
1682 2376 1886 2419 corona
1931 2377 2053 2432 qua:

453 2454 592 2509 nihil
624 2454 1017 2524 fecitjudicio;
1054 2454 1149 2509 sed
1193 2456 1260 2508 ad
1300 2455 1662 2510 imitationem
1704 2455 1847 2525 regis
1878 2453 2055 2524 Baby-

449 2546 583 2601 lonii
607 2590 622 2615 ,
657 2563 797 2617 quos
832 2547 1051 2603 volebat
1093 2548 1390 2613 exultabat,
1425 2556 1479 2603 et
1508 2564 1645 2619 quos
1682 2549 1903 2603 volebat
1951 2548 2055 2601 hn-

452 2641 737 2697 miliabat?
766 2641 1063 2713 Propterea
1107 2658 1212 2696 non
1255 2642 1449 2707 semel,
1496 2657 1597 2695 nec
1622 2641 1776 2711 juxta
1820 2642 2054 2709 Septua-

450 2736 599 2807 ginta
633 2736 739 2805 bis,
771 2736 866 2791 sed
898 2736 1062 2791 tertio
1098 2735 1444 2806 iniquitatem
1476 2750 1672 2805 ponam
1709 2735 1804 2789 tibi
1838 2736 1889 2787 in
1927 2748 2053 2803 per—

452 2837 698 2899 petuum,
732 2844 854 2898 quae
884 2843 992 2883 non
1024 2829 1205 2882 statim
1227 2828 1322 2881 tibi
1351 2838 1600 2897 reputata
1628 2837 1731 2891 est,
1754 2826 1849 2880 sed
1876 2824 2054 2880 donec

451 2922 637 2976 veniat
680 2920 958 2985 Christus,
1008 2921 1164 2990 cujus
1211 2928 1295 2975 est
1333 2920 1630 2990 judicium,
1675 2929 1732 2975 et
1773 2918 1953 2975 tradat
2002 2917 2052 2972 ei

450 3014 616 3069 Pater
662 3030 887 3085 regnum
933 3022 988 3069 et
1022 3015 1419 3082 sacerdotium,
1481 3016 1569 3069 vel
1624 3012 1927 3069 Ecclesiam
1982 3012 2091 3079 de,

452 3108 708 3175 gentibus
765 3117 1146 3178 congregatam
1204 3126 1218 3161 :
1265 3107 1389 3163 Non
1442 3110 1575 3162 enim
1620 3109 1831 3179 judicat
1890 3106 2053 3161 Pater

2155 1893 2277 1940 tera
2307 1867 2545 1940 ducebat
2569 1883 2912 1951 Jerusalem;
2937 1886 3108 1941 altera
3133 1886 3199 1941 ad
3229 1886 3483 1943 Rabbath
3512 1888 3754 1942 liliorum

2155 1977 2414 2043 Ammon,
2449 1986 2505 2033 et
2534 1978 2714 2033 exisse
2739 1987 2968 2046 sortem,
3004 1988 3062 2033 ut
3092 1990 3348 2051 pergeret
3378 1981 3527 2050 prius
3558 1988 3755 2035 contra

2154 2071 2484 2139 Jerusalem,
2518 2089 2683 2143 supra
2712 2076 2961 2145 legimus.
2999 2074 3115 2143 Qua
3140 2087 3451 2147 expugnata
3482 2086 3537 2131 et
3566 2084 3751 2147 capta,

2154 2182 2384 2239 regnum
2412 2183 2627 2238 quoque
2648 2178 2703 2225 et
2728 2170 3097 2225 sacerdotium
3126 2170 3246 2241 ejus
3267 2171 3318 2225 in
3338 2182 3604 2226 :eternum
3625 2187 3755 2241 per-

2157 2262 2271 2316 isse
2325 2264 2673 2332 prceuuntiat.
2721 2263 3020 2319 Besiduum
3062 2274 3180 2321 erat
3223 2264 3350 2320 ﬁliis
3391 2265 3647 2333 Ammon,
3696 2274 3757 2321 et

2156 2356 2275 2425 ipse
2315 2356 2601 2412 divisionis
2646 2358 2781 2413 ordo
2823 2359 3109 2428 poscebat,
3156 2359 3287 2429 quid
3320 2359 3387 2416 de
3423 2360 3641 2417 sinistra
3667 2358 3757 2414 via

2153 2450 2359 2505 factum
2406 2460 2571 2507 esset.
2607 2453 2769 2524 252
2817 2451 2968 2507 Unde
3014 2453 3316 2523 imperatur
3347 2456 3650 2525 prephette,
3694 2462 3759 2508 ut

2153 2543 2406 2613 loquatur
2430 2545 2495 2599 ad
2528 2544 2671 2600 ﬁlios
2696 2531 2953 2611 Ammon,
2982 2557 3036 2602 et
3056 2546 3123 2609 ad
3154 2548 3508 2618 opprobrium
3536 2562 3752 2615 eorum,

2155 2637 2299 2706 quod
2337 2647 2389 2691 et
2432 2637 2533 2706 ipsi
2575 2638 2827 2709 capiendi
2876 2639 3007 2705 sint,
3041 2649 3097 2694 et
3126 2639 3192 2693 ad
3221 2641 3477 2696 eumdem
3512 2639 3755 2711 gladium

2154 2744 2468 2785 sermonem
2497 2731 2685 2802 dirigit
2717 2750 2728 2784 :
2754 2730 2800 2787 Ο
2831 2747 3040 2799 mucro,
3077 2747 3287 2798 mucro,
3320 2732 3413 2805 qui
3445 2742 3668 2805 paratus
3691 2747 3759 2789 es

2154 2824 2220 2879 ad
2253 2824 2485 2891 czedem,
2530 2825 2619 2893 qui
2667 2826 2913 2895 limatus,
2959 2835 3018 2880 ut
3054 2825 3265 2897 fulgeas
3306 2838 3361 2883 et
3405 2827 3753 2883 interﬁeias:

2154 2915 2286 2971 licet
2340 2916 2438 2970 tibi
2488 2916 2630 2972 idola
2679 2916 3087 2987 responderint,
3139 2928 3194 2974 et
3233 2934 3435 2975 vanum
3483 2920 3553 2974 sit
3591 2934 3759 2975 omne

2153 3008 2294 3077 quod
2325 3024 2352 3062 a
2385 3008 2734 3064 dat-monibus
2765 2993 3152 3081 respondetur,
3184 3019 3245 3066 ut
3274 3011 3533 3067 videlicet
3563 3011 3758 3067 vulne-

2140 3096 2405 3161 ratorum
2438 3107 2745 3162 cervicibus
2774 3109 3120 3174 immineres,
3150 3119 3207 3165 et
3236 3126 3334 3181 per
3363 3117 3417 3165 te
3451 3107 3760 3178 complere-

452 3217 799 3272 qnemquam;
835 3203 925 3255 sed
954 3216 1104 3255 omne
1120 3201 1384 3273 judicium
1422 3201 1568 3256 dedit
1599 3200 1739 3255 Filio
1770 3200 1959 3271 (Joan.
1991 3216 2043 3269 v,
2075 3190 2121 3253 C
2156 3209 2245 3255 tur
2273 3200 2416 3271 quod
2447 3202 2619 3256 multo
2653 3202 2919 3257 Dominus
2952 3213 3201 3275 tempore
3249 3203 3426 3260 fuerat
3454 3202 3761 3259 commina-

452 3298 521 3350 22
543 3293 583 3367 ).
624 3297 687 3351 Et
713 3296 766 3350 in
802 3296 913 3351 alio
941 3297 1065 3351 loco
1094 3314 1107 3350 :
1137 3296 1298 3361 Deus,
1340 3296 1435 3363 ait,
1459 3298 1725 3368 judicium
1757 3305 1904 3350 tuum
1940 3296 2051 3367 regi

453 3388 541 3454 da,
572 3400 620 3443 et
650 3390 915 3462 justitiam
941 3399 1084 3443 tuam
1115 3390 1228 3458 ﬁlio
1272 3390 1409 3458 regis
1451 3390 1587 3462 (Ps.
1640 3406 1785 3459 LXXI,
1825 3392 1910 3460 l).
1943 3389 2053 3445 Iste

450 3489 536 3535 est
584 3481 670 3535 eui
722 3482 1021 3551 repositum
1072 3490 1156 3535 est
1204 3480 1518 3549 imperium,
1574 3490 1631 3537 et
1677 3482 2049 3537 sacerdotium

450 3573 879 3641 sempiternum,
921 3574 989 3628 de
1037 3588 1145 3643 quo
1190 3573 1517 3642 loquebatur
1559 3584 1613 3629 et
1650 3575 1818 3629 Jacub
1868 3593 1879 3627 :
1928 3574 2053 3629 Non

450 3666 655 3734 deﬁciet
692 3668 929 3736 princeps
962 3682 1024 3719 ex
1047 3663 1210 3731 Iuda,
1240 3682 1402 3735 neque
1430 3667 1536 3719 dua:
1558 3667 1619 3720 de
1641 3666 1800 3738 251
1841 3668 2055 3737 femori-

453 3761 546 3830 bus
590 3761 722 3823 eius,
756 3760 915 3813 donec
946 3759 1118 3813 veniat
1164 3760 1247 3812 cui
1275 3761 1559 3828 repositum
1607 3771 1714 3814 est:
1738 3769 1784 3814 et
1815 3761 1926 3828 ipse
1954 3762 2054 3816 erit

454 3852 766 3917 exspectatio
808 3852 1037 3922 gentium
1070 3848 1240 3923 (Gen.
1272 3867 1419 3919 xux,
1456 3850 1577 3923 10).
1613 3851 1672 3906 1η
1704 3867 1770 3907 eo
1802 3852 1922 3906 loco
1963 3852 2056 3906 ubi

454 3955 553 3996 nos
604 3942 952 4011 interpretati
999 3958 1187 3997 sumus
1225 3959 1236 3995 ε
1284 3942 1477 3997 Nonne
1526 3945 1633 3998 [uec
1675 3955 1768 4010 est,
1825 3945 2055 4014 pulchre

452 4033 730 4087 transtulit
760 4033 1147 4105 Symmachus,
1182 4050 1340 4104 neque
1381 4032 1500 4101 hoc,
1544 4036 1879 4102 nequeillud.
1914 4037 2054 4103 Quia

448 4128 597 4181 enim
630 4127 875 4181 dixerat:
904 4126 1065 4197 Aufer
1092 4126 1334 4191 cidarim,
1371 4126 1495 4181 tolle
1522 4144 1794 4193 coronam,
1826 4129 2056 4200 subjun-

454 4220 554 4283 xit,
586 4235 745 4288 neque
768 4218 865 4271 hoc
905 4234 1068 4288 neque
1104 4217 1259 4285 illud,
1301 4218 1355 4272 id
1402 4229 1507 4285 est,
1541 4235 1766 4290 regnum
1794 4222 2053 4287 cessabit,

454 4323 505 4367 et
528 4310 916 4366 sacerdotium.
950 4309 1101 4365 Unde
1130 4311 1222 4380 qui
1258 4322 1445 4377 postea
1478 4326 1648 4380 usque
1672 4312 1741 4368 ad
1763 4312 2053 4369 adventum

452 4406 659 4462 Christi
691 4420 849 4477 reges
872 4405 1096 4460 luerunt
1126 4406 1332 4475 pariter
1363 4417 1415 4461 et
1448 4408 1789 4476 sacerdotes,
1822 4425 2054 4478 quorum

455 4514 595 4554 unus
618 4500 902 4571 Hyrcanus
923 4497 1167 4568 pontifex
1192 4499 1442 4555 diadema
1464 4502 1625 4570 capiti
1650 4517 1749 4556 suo
1774 4501 2054 4572 imposuit,

2156 3300 2274 3358 tus;
2325 3301 2512 3348 tamen
2545 3294 2773 3364 expleto
2804 3310 2974 3365 opere
3023 3307 3139 3361 tuo,
3170 3296 3315 3368 quod
3358 3297 3522 3368 egisti
3565 3306 3758 3352 contra

2155 3388 2299 3443 ﬁlios
2346 3391 2605 3456 Ammon,
2640 3398 2919 3446 revertere
2950 3392 3015 3445 ad
3048 3392 3295 3464 vaginam
3343 3400 3521 3459 tuam,
3555 3391 3607 3447 id
3644 3400 3757 3458 est,

2155 3483 2209 3537 in
2243 3482 2605 3554 Babylonem,
2631 3484 2696 3539 ad
2725 3485 2905 3539 locum
2932 3484 2985 3539 in
3007 3502 3116 3555 quo
3147 3486 3325 3542 factus
3354 3503 3413 3541 es
3437 3497 3488 3541 et
3515 3496 3757 3541 creatus:

2158 3586 2216 3631 ut
2258 3577 2310 3630 in
2346 3586 2490 3633 terra
2526 3578 2826 3634 nativitatis
2870 3588 2976 3635 tua;
3002 3580 3242 3651 judicem
3286 3591 3361 3649 te,
3406 3590 3460 3637 et
3487 3580 3761 3636 eﬁ'undam

2160 3684 2325 3739 super
2359 3681 2409 3725 te
2442 3670 2875 3740 indignationem
2923 3688 3125 3740 meam,
3170 3684 3226 3729 et
3269 3673 3548 3730 Medorum
3596 3681 3764 3743 atque

2159 3762 2452 3818 Persarum
2501 3765 2701 3820 virtute
2753 3766 3009 3838 capiaris.
3061 3765 3219 3834 Quod
3253 3768 3469 3836 plenius
3518 3767 3570 3821 in
3608 3766 3765 3821 Isaia:

2159 3856 2441 3911 volumine
2467 3855 2692 3921 dicitur,
2715 3857 2768 3912 in
2795 3860 3005 3913 visione
3026 3870 3213 3915 contra
3241 3859 3570 3931 Babylonem
3595 3877 3607 3913 :
3631 3856 3767 3912 Ecce

2159 3964 2252 4019 ego
2274 3948 2538 4003 suscitabo
2560 3965 2715 4021 super
2747 3968 2831 4006 eos
2862 3951 3065 4007 Medos.
3093 3953 3157 4007 Et
3184 3961 3312 4024 post
3345 3952 3624 4022 paululum
3655 3969 3668 4005 :
3692 3948 3765 4003 Et

2159 4042 2257 4094 erit
2278 4040 2515 4111 Babylon
2535 4042 2632 4096 illa
2658 4044 2888 4117 gloriosa
2911 4046 2966 4099 in
2993 4047 3185 4117 regnis,
3214 4045 3410 4117 inclyta
3438 4046 3493 4099 in
3519 4044 3767 4109 superbia

2162 4131 2546 4201 Chaldaeorum,
2589 4136 2723 4190 sicut
2763 4137 3010 4192 subvertit
3056 4138 3193 4193 Deus
3238 4138 3524 4194 Sodomam
3562 4147 3609 4192 et
3649 4136 3765 4193 Go-

2161 4227 2425 4281 morrham
2446 4244 2465 4281 :
2486 4245 2588 4283 non
2634 4230 2949 4285 habitabitur
2978 4247 3138 4302 usque
3180 4233 3233 4285 in
3276 4233 3432 4301 ﬁnem
3457 4230 3604 4303 (Isa.
3638 4242 3759 4297 xm,

2163 4320 2231 4375 17
2260 4332 2307 4375 ct
2332 4323 2533 4393 seqq.).
2565 4322 2633 4379 Et
2672 4324 2801 4394 quia
2842 4325 3012 4381 semel
3054 4326 3157 4380 sub
3198 4340 3434 4395 persona
3483 4322 3647 4396 gladii
3692 4322 3767 4378 de

2159 4427 2310 4483 rege,
2344 4414 2513 4470 immo
2542 4430 2719 4486 regno
2750 4416 3049 4488 Babylonis
3077 4418 3425 4488 loquebatur,
3457 4425 3637 4473 servat
3671 4437 3768 4489 με·

2161 4511 2405 4585 ταφοράν.
2458 4508 2526 4563 In
2564 4511 2703 4581 igne,
2737 4511 2933 4581 inquit,
2982 4513 3173 4583 furoris
3212 4514 3313 4567 mei
3349 4513 3576 4583 sufflabo
3604 4513 3656 4565 in
3678 4519 3768 4576 te;

457 4592 653 4646 frustra
703 4591 803 4644 sibi
845 4601 901 4646 et
946 4592 1048 4646 hoc
1093 4601 1148 4645 et
1189 4591 1325 4645 illud
1362 4592 1540 4649 voluit
1579 4594 1883 4661 vindicare,
1928 4612 2050 4651 cum
2082 4594 2130 4652 ι)
2158 4609 2217 4654 ιιι
2252 4601 2447 4656 faciam
2476 4613 2529 4657 te
2560 4604 2683 4674 igne
2710 4605 2984 4671 consumi,
3010 4588 3069 4659 et
3098 4604 3309 4660 tradam
3340 4616 3395 4661 te
3427 4605 3481 4659 in
3512 4604 3771 4659 manibus

455 4698 678 4753 regnum
710 4683 759 4738 ei
800 4698 906 4737 non
948 4682 1245 4738 deberetur
1295 4694 1419 4754 post
1461 4685 1784 4751 Sedeciam,
1836 4689 1931 4743 sed
1977 4690 2055 4744 illi

456 4779 544 4831 cui
571 4775 870 4845 repositum
900 4786 1041 4841 erat,
1066 4787 1123 4831 et
1152 4778 1241 4847 qui
1271 4777 1371 4832 fuit
1398 4781 1741 4849 exspectatio
1769 4782 2013 4851 gentium
2035 4827 2051 4850 ,

456 4870 537 4925 de
564 4869 758 4938 quibus
807 4870 1045 4940 loquitur
1084 4880 1141 4924 et
1190 4870 1481 4925 Malachias
1521 4892 1531 4925 :
1580 4871 1704 4935 Vos,
1736 4875 2053 4943 sacerdotes,

458 4963 546 5033 qui
588 4963 950 5015 contaminatis
990 4978 1175 5014 nomen
1218 4978 1383 5015 meum
1424 4962 1594 5026 (Mal.
1620 4980 1659 5029 ι,
1689 4964 1780 5035 6).
1825 4966 1893 5019 Ει
1936 4976 2059 5033 post

463 5052 736 5123 paululum
765 5068 779 5104 :
812 5050 937 5106 Non
963 5064 1037 5106 est
1063 5052 1297 5107 voluntas
1322 5071 1432 5107 mea
1465 5055 1518 5108 in
1544 5056 1703 5122 vobis,
1738 5069 1784 5110 et
1815 5060 2054 5113 victimas

461 5163 561 5199 non
600 5145 878 5215 suscipiam
907 5145 970 5199 de
999 5147 1236 5199 manibus
1265 5148 1463 5201 vestris.
1503 5148 1578 5200 Ab
1614 5159 1729 5202 ortu
1765 5153 1898 5204 enim
1932 5153 2081 5207 solis‘

461 5253 623 5306 usque
652 5235 720 5289 ad
748 5253 1004 5305 occasum,
1034 5254 1279 5307 magnum
1308 5248 1379 5292 est
1421 5255 1604 5294 nomen
1650 5258 1821 5295 meum
1852 5245 1903 5297 in
1937 5261 2061 5315 gen-

458 5327 633 5381 tibus:
663 5339 709 5382 et
753 5328 808 5381 in
849 5329 987 5381 omni
1034 5328 1145 5381 loco
1191 5332 1517 5399 sacriﬁcatur
1543 5342 1590 5387 el
1620 5332 1837 5401 offertur
1865 5339 2061 5391 nomini

462 5437 576 5474 meo
614 5420 804 5474 oblatio
845 5421 1059 5475 munda.
1092 5422 1225 5487 Quae
1270 5425 1469 5479 munda
1511 5427 1742 5492 oblatio,
1786 5430 1904 5484 sine
1936 5445 2064 5485 san-

462 5518 623 5584 guine
643 5515 943 5579 hircorum,
969 5516 1222 5583 arietum,
1248 5526 1412 5586 atque
1435 5529 1715 5575 taurorum
1740 5521 1870 5590 (Ps.
1889 5523 2061 5593 xux),

465 5608 515 5660 in
556 5607 1093 5678 Christi‘completur
1124 5610 1379 5675 adventu,
1416 5613 1632 5681 quando
1664 5614 1817 5669 venit
1846 5616 2063 5672 deside—

466 5711 614 5755 ratus
657 5703 925 5771 gentibus,
978 5713 1029 5756 et
1078 5714 1229 5757 ortus
1271 5714 1353 5759 est
1387 5705 1466 5759 sol
1518 5706 1767 5775 justitiae,
1820 5708 1871 5763 in
1904 5712 2061 5778 cujus

467 5797 656 5867 pennis
681 5806 763 5852 est
793 5798 993 5850 sanitas
1032 5798 1203 5871 (Agg.
1241 5800 1334 5865 11).

2161 4691 2440 4748 hominum
2475 4697 2763 4749 stultorum
2803 4706 2858 4750 et
2891 4696 3298 4766 imperitorum,
3330 4699 3421 4764 qui
3446 4705 3616 4752 artem
3650 4711 3766 4752 non

2161 4786 2365 4844 habent
2404 4789 2637 4845 eudendi
2669 4791 2890 4860 gladios
2927 4801 2982 4847 et
3014 4793 3284 4858 acuendi;
3331 4804 3387 4848 ut
3420 4808 3765 4864 nequaquam

2160 4880 2303 4935 ultra
2343 4884 2579 4948 acuaris,
2628 4883 2859 4951 limeris,
2905 4894 2960 4939 et
3004 4885 3212 4956 fulgeas
3249 4886 3316 4941 ad
3361 4887 3762 4953 occidendum;

2160 4973 2258 5027 sed
2290 4975 2367 5027 sis
2398 4974 2539 5044 ignis
2581 4974 2763 5044 cibus,
2806 4978 3139 5049 sanguisque
3170 4987 3319 5044 tuus,
3363 4995 3526 5048 quem
3573 4979 3768 5035 l'ndisti

2162 5068 2371 5122 cunctis
2411 5068 2803 5138 spectantibus,
2845 5072 2897 5125 in
2930 5081 2983 5127 te
3014 5073 3193 5142 potius
3224 5073 3518 5141 redundet;
3567 5084 3621 5131 et
3649 5085 3767 5129 tra-

2164 5160 2311 5216 daris
2342 5169 2561 5217 aeternae
2590 5163 2871 5230 oblivioni,
2895 5173 2950 5222 et
2972 5182 3163 5237 pereas
3194 5168 3247 5223 in
3275 5179 3613 5239 perpetuum,
3636 5172 3767 5241 quia

2161 5270 2262 5326 ego
2311 5256 2575 5313 Dominus
2630 5260 2845 5315 locutus
2884 5277 3027 5329 sum,
3069 5264 3226 5335 cujus
3273 5264 3501 5334 dixisse,
3566 5265 3767 5324 iecisse

2165 5356 2269 5403 est.

2238 5440 2401 5511 (Cap.
2450 5443 2923 5504 XXll.—Vers.l
2958 5451 3150 5521 seqq.)
3190 5448 3259 5503 Et
3303 5452 3498 5521 factum
3537 5460 3611 5507 est
3650 5467 3770 5507 ver-

2168 5533 2284 5586 bum
2316 5534 2528 5590 Domini
2558 5539 2628 5592 ad
2647 5534 2747 5608 me,
2775 5540 2948 5596 dicens
2972 5559 2990 5596 :
3010 5539 3077 5594 Et
3100 5552 3175 5609 tu,
3204 5543 3285 5613 fili
3315 5544 3562 5609 hominis,
3595 5561 3771 5600 nonne

2159 5624 2369 5693 judicas
2412 5629 2429 5697 |7
2457 5629 2542 5683 Bis
2588 5642 2671 5686 est
2714 5632 2765 5686 in
2808 5632 2967 5703 Vulg.
3015 5651 3185 5689 nonne
3221 5636 3472 5708 judicas]
3509 5630 3777 5692 civitatem.

2167 5722 2500 5791 sanguiuum,
2535 5734 2581 5776 et
2625 5726 2850 5779 ostendis
2881 5728 2928 5779 ei
2962 5743 3135 5782 omnes
3166 5727 3571 5784 abominationes
3603 5731 3769 5783 suas?

2173 5810 2237 5865 Et
2268 5812 2403 5869 dices
2428 5831 2444 5868 :
2474 5814 2599 5870 Htec
2627 5818 2752 5872 dicit
2770 5816 3025 5876 Dominus
3055 5820 3197 5876 Deus
3222 5841 3240 5876 :
3272 5821 3467 5877 Civitas
3492 5822 3770 5889 effundens
