4038 6328
264 291 360 350 909

907 293 1567 356 COMMENTARIORUM
1607 295 1677 354 IN
1717 296 2155 356 EZEGHIELEM
2195 296 2325 354 LIB.
2368 297 2485 354 VII.
2523 298 2676 356 CAP.
2722 299 2893 356 XXII.

3450 304 3555 362 9.10

253 409 555 480 sanguinem
577 409 631 463 in
660 410 830 464 medio
862 412 963 477 sui,
1000 421 1054 465 ut
1079 413 1249 466 veniat
1278 421 1477 485 tempus
1504 417 1641 485 ejus,
1670 424 1716 470 et
1738 432 1853 485 qtae
1879 420 1934 481 Α
1958 434 2171 475 rueres.
2206 417 2273 473 Et
2302 418 2543 486 interim,
2572 430 2631 474 ut
2671 431 2872 476 cetera
2920 422 3361 492 praetermittam,
3388 439 3557 494 pauca

252 505 364 573 fecit
392 503 539 558 idola
562 516 743 559 contra
779 506 1128 575 semetipsum,
1164 516 1218 560 ut
1254 506 1596 578 pollueretur.
1624 500 1702 564 in
1731 528 1852 565 san-

248 599 403 672 guine
448 608 540 653 tuo
570 600 716 671 quia
764 611 810 653 te
838 597 1033 666 effusus
1064 610 1158 665 est,
1207 600 1501 670 deliquisti,‘
1522 612 1568 656 et
1614 604 1668 657 in
1700 603 1853 659 idolis

248 692 344 744 tuis
372 708 495 761 quae
541 692 734 761 fecisti,
782 693 979 762 polluta
1009 709 1083 757 es,
1132 704 1178 747 et
1210 696 1629 766 appropinquare
1677 699 1852 769 fecisti

245 784 349 838 dies
380 795 525 851 tuos,
545 795 608 839 et
638 784 907 839 adduxisti
938 795 1137 855 tempus
1163 805 1418 843 annorum
1452 799 1659 845 tuorum
1684 809 1702 846 :
1724 810 1850 864 pro-

245 886 415 947 pterea
479 878 602 931 dedi
654 888 701 932 te
748 878 1077 951 opprobrium
1141 881 1399 952 gentibus,
1453 892 1497 937 et
1556 885 1852 940 irrisionem

246 968 500 1023 universis
528 972 704 1025 terris.
746 970 874 1037 Qum
900 974 1062 1042 juxta
1101 984 1244 1038 sunt,
1278 984 1322 1027 et
1362 992 1481 1045 qua:
1512 978 1754 1046 procula
1780 988 1846 1049 te,

245 1060 637 1132 triumphabant
669 1062 732 1116 de
777 1072 826 1117 te
856 1062 1006 1135 (sive
1052 1063 1273 1119 illudent
1328 1066 1418 1121 ltbi
1440 1068 1479 1139 ),
1514 1070 1729 1124 sordida
1759 1088 1851 1125 no-

244 1152 375 1217 bilis,
407 1154 636 1226 grandis
664 1155 895 1210 interitu.
928 1154 1061 1210 Ecce
1086 1158 1345 1229 principes
1371 1158 1558 1225 Israel,
1582 1163 1772 1234 singuli
1798 1142 1849 1218 in

244 1245 397 1319 253
429 1246 649 1301 brachio
677 1265 770 1302 suo
797 1248 1006 1316 [uerunt
1037 1250 1091 1303 in
1137 1261 1184 1305 te
1232 1253 1301 1305 ad
1330 1252 1699 1320 e/fundcndum
1729 1274 1851 1310 sun-

240 1341 463 1410 guinem.
498 1338 717 1413 Patrem
745 1349 792 1397 et
828 1353 1045 1397 matrem
1075 1346 1395 1400 contumeliis
1418 1345 1699 1415 a/fecerunt
1727 1352 1849 1405 inte

239 1431 376 1500 (sive
401 1434 554 1501 patri
596 1442 645 1488 et
682 1437 834 1489 matri
871 1434 1247 1492 maledixerunt
1272 1440 1312 1508 ).
1342 1439 1601 1495 Advenant
1650 1442 1849 1498 calum-

240 1523 363 1576 niati
388 1535 523 1579 sunt
550 1527 602 1580 in
634 1528 805 1580 medio
833 1528 927 1581 tui.
965 1526 1239 1598 Pupillum
1268 1540 1316 1585 et
1343 1532 1551 1586 viduam
1577 1536 1849 1591 contrista--

236 1629 411 1673 serunt
465 1621 625 1690 (sive
675 1624 1064 1695 oppresserunt)
1096 1626 1239 1694 apud
1282 1636 1329 1680 te
1359 1630 1694 1683 :sanctuaria
1736 1647 1847 1685 mea

234 1716 493 1781 sprevistis
545 1714 742 1788 [Vulg.
772 1718 1008 1785 sprevisti
1035 1728 1082 1773 et
1123 1721 1429 1793 polluisti],
1479 1722 1691 1778 sabbata
1734 1744 1845 1780 mea

1960 512 2261 567 numerabo
2292 527 2411 582 quae
2444 512 2494 566 in
2533 519 2584 567 te
2625 512 2849 569 fuerint.
2889 515 3174 585 Principes
3215 516 3290 571 tui
3324 531 3433 572 non
3470 518 3559 588 ju-
3594 528 3601 537 ·

1958 608 2127 675 stitia,
2162 608 2259 664 sed
2294 608 2509 664 roboris
2551 618 2605 664 et
2634 609 2841 665 brachii
2870 609 3193 667 fortitudine
3218 611 3554 682 judicantes,

1958 700 2213 756 fuderunt
2261 702 2315 757 in
2348 712 2397 756 te
2440 702 2719 757 innoxium
2750 706 3089 773 sanguinem.
3124 705 3227 761 Alii
3262 715 3469 776 patrem
3499 715 3557 762 et

1957 806 2192 851 matrem
2238 796 2586 851 contumeliis
2625 794 2963 863 affecerunt,
2998 800 3112 853 sive
3155 799 3557 855 maledixerunt

1956 890 2301 959 parentibus,
2329 889 2615 958 Scriptura
2648 890 2864 945 dicente
2897 890 3037 957 :Qui
3068 893 3389 947 ntaledixerit
3418 894 3555 963 patri

1955 990 2002 1034 et
2034 984 2208 1047 matri,
2242 992 2403 1036 morte
2430 983 2686 1036 moriatur
2718 982 2919 1051 (Exod.
2956 999 3071 1050 XXI,
3109 984 3224 1054 17).
3269 984 3550 1041 Advenam

1954 1082 2008 1128 et
2038 1076 2380 1143 peregrinum
2408 1083 2800 1145 oppreSserunt
2825 1075 2879 1129 in
2903 1076 3084 1131 medio
3107 1077 3181 1130 tui
3214 1095 3226 1132 :
3257 1077 3411 1146 quasi
3443 1095 3548 1133 non

1955 1167 2061 1221 illis
2093 1166 2371 1223 sufﬁceret
2398 1184 2496 1239 pro
2524 1170 2670 1223 omni
2694 1170 2937 1240 angustia
2958 1170 3321 1241 peregrinatio
3343 1182 3395 1226 et
3417 1174 3553 1227 exsi-

1953 1258 2085 1314 lium
2137 1260 2344 1329 patriae.
2382 1260 2652 1331 Pupillum
2707 1271 2761 1317 et
2791 1262 3013 1317 viduam
3060 1264 3541 1331 cnntristaverunt,

1952 1352 2069 1407 sive
2107 1364 2499 1424 oppresserunt
2524 1356 2665 1424 apud
2708 1365 2759 1410 te
2793 1375 2803 1410 :
2835 1364 2893 1411 ut
2924 1372 3154 1427 quorum
3208 1374 3368 1415 omne
3413 1375 3550 1430 pra:-

1952 1445 2097 1499 dium
2130 1455 2213 1500 est
2244 1446 2510 1518 inlegum
2536 1448 2766 1517 justitia,
2798 1465 2903 1504 non
2936 1451 3113 1505 solum
3146 1452 3544 1508 contristarem

1954 1547 2059 1605 tur,
2095 1540 2188 1593 sed
2230 1542 2671 1610 opprimerentur
2705 1558 2733 1594 ιι
2788 1552 2860 1597 te.
2890 1542 3214 1600 Sanctuaria
3249 1561 3390 1612 mea,
3433 1548 3548 1601 sive

1951 1641 2137 1686 sancta
2179 1635 2609 1703 contetnpsistis,
2643 1644 2695 1689 et
2725 1634 2947 1690 sabbata
2995 1651 3111 1691 mea
3146 1636 3415 1706 polluistis
3451 1657 3464 1692 :
3494 1648 3550 1692 nt

1953 1740 2058 1777 non
2092 1723 2480 1782 discerneretis
2532 1728 2672 1782 inter
2698 1739 2948 1784 sanctum
2995 1738 3049 1784 et
3088 1731 3373 1805 pollutum,
3404 1731 3549 1786 inter

234 1807 522 1877 polluistis.
570 1808 680 1863 Viri
704 1810 1020 1867 detractores
1046 1814 1183 1884 (sive
1208 1814 1459 1887 latrones)
1487 1820 1694 1887 fuerunt
1727 1819 1778 1873 in
1803 1829 1849 1874 te
1879 1823 1927 1883 B
1953 1816 2231 1872 decretum
2264 1820 2513 1888 religioni
2538 1820 2707 1887 diem,
2733 1822 3011 1890 otiumque
3037 1821 3247 1877 sabbati
3268 1823 3335 1881 ad
3365 1823 3545 1878 cultu-

237 1901 298 1952 ad
323 1899 714 1968 effundendum
746 1905 1072 1977 sanguinem,
1103 1916 1151 1960 et
1198 1923 1357 1975 super
1385 1919 1581 1962 montes
1613 1912 1844 1966 comede—

233 2004 341 2047 runt
369 1996 427 2049 in
458 2007 537 2050 te.
574 1996 758 2052 Scelus
792 1999 930 2065 (sive
972 2008 1030 2053 ut
1070 1999 1467 2069 significantius
1514 2003 1568 2056 in
1614 2002 1841 2058 Hebraeo

234 2088 389 2145 habet
443 2106 637 2146 ιειιιιΑ
666 2089 854 2163 (nm),
888 2092 991 2148 hoc
1036 2103 1139 2159 est,
1175 2094 1451 2167 incestum)
1499 2099 1695 2169 operati
1726 2109 1842 2153 sunt

233 2180 281 2234 in
308 2183 486 2236 medio
520 2185 620 2238 tui.
660 2182 1048 2240 Verecundiora
1093 2188 1255 2257 patris
1298 2188 1759 2260 discooperuerunt
1790 2192 1840 2246 in

234 2284 295 2342 te,
320 2284 369 2328 et
408 2276 813 2331 immunditiam
852 2290 1180 2334 menstruam:
1236 2281 1637 2337 humiliaverunt
1687 2284 1739 2336 in
1768 2292 1835 2351 te,

230 2378 275 2421 et
301 2369 670 2440 unusquisque
717 2371 769 2425 in
819 2388 1030 2427 uxorem
1076 2374 1299 2444 proximi
1346 2375 1428 2429 sui
1480 2388 1718 2447 aperatus
1767 2388 1841 2431 est

231 2462 698 2532 abominationem,
727 2474 774 2518 et
801 2481 948 2520 socer
988 2484 1175 2521 nurum
1224 2485 1374 2522 suam
1403 2468 1589 2539 polluit
1623 2471 1836 2540 nefarie.

234 2554 413 2610 Frater
436 2574 674 2611 sororem
706 2574 875 2625 suam,
904 2558 1071 2629 ﬁliam
1100 2561 1264 2631 patris
1292 2562 1394 2626 sui,
1424 2563 1675 2633 oppressit
1704 2564 1839 2634 (sive

232 2649 553 2722 humiliavit)
579 2652 637 2704 in
675 2659 744 2705 te.
776 2650 1000 2705 Munera
1028 2661 1335 2723 acceperunt
1377 2655 1518 2723 apud
1566 2666 1633 2723 te,
1664 2655 1733 2707 ad
1763 2655 1839 2724 ef-

233 2744 559 2813 fundendum
599 2744 920 2817 sanguinem.
968 2744 1195 2799 Usuram
1232 2755 1278 2800 et
1308 2747 1837 2819 superabundantiam

235 2838 503 2906 accepisti,
534 2846 583 2891 et
604 2854 759 2893 avare
788 2839 1054 2908 proximos
1095 2849 1210 2895 tuos
1254 2842 1566 2897 calumniata
1606 2859 1657 2896 es
1699 2843 1837 2915 (sive

235 2940 276 2984 et
296 2931 573 2999 complebo
603 2934 1099 2988 consummationem
1128 2936 1343 2990 malitia:
1386 2946 1486 2991 tute
1524 2938 1577 2990 in
1624 2954 1839 3008 oppres-

235 3026 367 3080 sione
393 3024 519 3095 tua)
543 3044 564 3094 ;
596 3030 794 3096 meique
822 3028 983 3081 oblita
1012 3045 1083 3097 es,
1112 3030 1183 3081 ait
1230 3029 1485 3084 Dominus
1518 3029 1675 3084 Deus.
1702 3030 1838 3085 Ecce

238 3120 488 3191 complosi
510 3137 697 3176 manus
724 3138 862 3176 meas
883 3139 1041 3194 super
1071 3124 1342 3178 avaritiam
1367 3133 1507 3177 tuam
1531 3141 1685 3195 quam
1710 3125 1835 3196 feci-

1946 1922 2062 1962 rani
2097 1907 2215 1974 Dei,
2246 1919 2299 1961 et
2327 1918 2555 1964 cwteros
2584 1909 2721 1975 (lies,
2750 1912 2948 1981 quibus
2990 1913 3204 1980 Operari
3252 1922 3309 1967 et
3336 1913 3547 1969 servire

1946 2000 2123 2053 carnis
2158 2000 2574 2055 necessitatibus
2621 2002 2740 2071 lege
2781 2004 3105 2073 permissum
3155 2013 3258 2059 est.
3290 2003 3404 2058 Viri
3451 2006 3541 2059 tle-

1947 2100 2215 2159 tractares,
2249 2094 2361 2148 sive
2404 2092 2559 2162 juxta
2586 2094 2973 2166 Symmachum
3003 2104 3057 2148 et
3088 2094 3541 2166 Theodotionem,

1945 2190 2134 2251 dolosi,
2168 2189 2308 2259 quod
2344 2190 2393 2244 in
2425 2190 2651 2245 Hebraeo
2681 2191 2882 2245 dicitur
2914 2207 3110 2246 ιιΑοιιιι
3133 2174 3321 2263 (57:1),
3350 2204 3402 2246 et
3449 2192 3546 2247 ho-

1946 2283 2157 2338 micida:
2197 2290 2356 2338 erant
2403 2283 2455 2337 in
2500 2292 2580 2349 te,
2619 2296 2677 2340 nt
2716 2284 3162 2355 blaSphemarent
3196 2285 3387 2352 Deum,
3427 2288 3543 2342 sive

1944 2384 2137 2429 cuncta
2181 2373 2309 2428 dolo
2350 2382 2597 2445 agerent,
2640 2383 2734 2428 aut
2764 2374 3044 2429 violentia.
3077 2375 3145 2428 Et
3191 2376 3544 2431 comederunt

1942 2467 1995 2523 in
2030 2468 2303 2523 montibus
2348 2468 2454 2522 alta
2493 2468 2793 2538 sapientes,
2827 2480 2881 2523 et
2911 2469 3105 2523 elevati
3149 2479 3337 2524 contra
3368 2469 3539 2524 Deum

1942 2560 2217 2629 superbia,
2249 2560 2451 2625 scelus,
2485 2560 2599 2615 sive
2634 2561 2926 2625 incestum,
2951 2562 3161 2630 operati
3190 2573 3317 2616 sunt
3344 2563 3395 2615 in
3423 2578 3541 2617 tne-

1941 2651 2032 2706 dio
2056 2653 2168 2707 tui:
2205 2661 2262 2706 ut
2287 2652 2430 2723 quod
2473 2653 2526 2706 in
2564 2654 2781 2724 angulis
2822 2668 3037 2724 quoque
3076 2663 3131 2710 et
3158 2664 3376 2709 secreto
3418 2670 3541 2710 raro

1943 2743 2022 2807 ﬁt,
2048 2743 2267 2813 quando
2292 2760 2319 2796 a
2340 2743 2501 2798 malis
2522 2745 2875 2799 conscientia:
2902 2745 3181 2799 hominum
3200 2746 3535 2813 devitantur,

1942 2834 2048 2890 hoc
2072 2844 2126 2889 tu
2161 2836 2210 2889 in
2245 2837 2533 2906 propatulo
2565 2837 2778 2907 feceris.
2806 2837 2943 2904 Quid
2968 2839 3036 2892 sit
3066 2848 3245 2894 autem
3276 2841 3536 2906 incestus,

1939 2944 2177 2998 sequens
2209 2943 2391 2985 sermo
2430 2929 2700 3000 signiﬁcat
2737 2946 2750 2983 :
2785 2930 3199 2987 Verecundiora
3239 2934 3407 3003 patris
3438 2951 3539 2989 nu-

1941 3021 2208 3076 daverant
2236 3023 2287 3075 in
2322 3031 2395 3091 te,
2424 3038 2677 3078 novercas
2704 3033 2895 3078 contra
2927 3024 3006 3079 fas
3039 3036 3091 3081 et
3128 3026 3334 3081 licitum
3367 3043 3537 3095 copu-

1941 3114 2057 3179 lati,
2090 3122 2142 3169 et
2176 3114 2575 3169 immunditiam
2620 3125 2971 3171 menstruatte
3018 3116 3451 3174 humiliaverunt
3481 3122 3534 3175 in

237 3217 317 3281 sti,
349 3225 396 3269 et
427 3234 596 3288 super
623 3220 927 3291 sanguinem
979 3219 1066 3289 qui
1106 3218 1304 3286 eﬂ'usus
1329 3228 1400 3273 est
1441 3226 1493 3272 tn
1538 3219 1705 3273 medio
1740 3220 1835 3274 tui.
1866 3212 1911 3275 ρ
1946 3216 2019 3275 te,
2054 3225 2159 3263 non
2192 3218 2476 3278 parcentes
2511 3222 2742 3273 naturae,
2771 3226 2870 3265 nec
2904 3211 3150 3266 inducias
3191 3212 3386 3268 dantes
3420 3222 3536 3268 tur-

241 3308 515 3380 Numquid
535 3312 810 3365 sustinebit
840 3327 926 3365 cor
949 3321 1115 3377 tuum,
1149 3321 1240 3365 aut
1283 3312 1628 3380 prcevalebunt
1655 3328 1838 3367 manus

240 3411 330 3455 tua:
346 3403 397 3456 in
413 3403 606 3459 diebus
621 3421 747 3475 quos
761 3421 854 3476 ego
876 3406 1067 3475 faciam
1089 3404 1214 3458 tibi?
1240 3404 1349 3477 Ego
1374 3403 1625 3457 Dominus
1638 3404 1839 3458 locutus

242 3511 364 3562 sum,
388 3507 441 3549 et
476 3499 694 3565 faciam.
729 3496 798 3551 Et
828 3506 854 3534 ⁸
877 3497 1177 3568 disperdam
1208 3507 1255 3551 te
1291 3499 1345 3550 in
1376 3497 1630 3562 nationes,
1656 3508 1699 3550 et
1724 3513 1841 3551 ren-

242 3588 388 3643 tilabo
421 3599 478 3642 te
520 3591 577 3643 in
619 3598 812 3658 terras,
848 3600 897 3644 et
948 3590 1163 3660 deﬁcere
1214 3591 1406 3660 faciant
1461 3591 1840 3645 immunditiam

246 3690 376 3734 tuam
402 3698 438 3734 a
476 3691 547 3750 te,
580 3692 623 3736 et
653 3682 925 3753 possidebo
954 3692 1002 3736 te
1050 3684 1105 3735 in
1146 3692 1420 3754 conspectu
1448 3684 1675 3754 gentium
1702 3684 1841 3751 (sive

243 3773 379 3844 juxta
406 3775 632 3844 Aquila!
671 3775 900 3846 primam
938 3776 1257 3843 editionem,
1283 3786 1334 3830 et
1364 3776 1797 3832 'l‘heodotionem
1826 3796 1838 3831 :

247 3863 700 3923 Etcontaminabo
734 3878 782 3925 te
810 3886 828 3923 :
859 3870 945 3924 vel
966 3858 1123 3938 juxta
1161 3869 1548 3941 Symmachum
1581 3889 1594 3924 :
1627 3870 1693 3923 Et
1732 3871 1844 3924 rul-

246 3962 428 4014 nerabo
462 3973 509 4016 te
540 3962 593 4015 in
618 3972 893 4034 conspectu
921 3962 1171 4033 gentium)
1206 3978 1224 4016 :
1254 3974 1299 4016 et
1323 3964 1451 4017 scies
1480 3964 1599 4030 quia
1627 3979 1719 4035 ego
1742 3960 1845 4017 Do-

248 4054 429 4107 minus.
466 4054 537 4127 Et
579 4066 656 4119 tu,
691 4056 786 4122 ait,
819 4055 891 4109 ﬁli
922 4055 1160 4109 hominis
1186 4056 1335 4124 (utar
1380 4056 1523 4109 enim
1582 4065 1843 4111 consueto

249 4144 307 4199 ad
340 4157 389 4202 te
416 4148 937 4217 vocabulo),judica
968 4148 1246 4202 civitatem
1281 4149 1628 4217 sanguinum,
1663 4158 1717 4203 et
1753 4165 1843 4203 os-

255 4239 403 4293 tende
437 4239 516 4293 illi
554 4256 744 4294 onmes
774 4240 1219 4294 abominationes
1247 4254 1391 4305 snas,
1426 4250 1481 4293 ut
1512 4239 1649 4294 sciat
1672 4254 1730 4294 se
1754 4240 1847 4294 im-

252 4330 548 4384 minentem
576 4330 947 4399 captivitatem
975 4329 1172 4385 merito
1213 4332 1506 4395 sustinere,
1541 4341 1594 4385 et
1620 4332 1670 4384 in
1709 4333 1846 4386 mul-

254 4424 683 4492 tissanguinibus
706 4424 1006 4479 adduxisse
1027 4435 1243 4493 tempus
1257 4425 1429 4478 ruime
1452 4440 1584 4477 sum.
1607 4423 1844 4478 Primum

253 4518 483 4570 ninnium
541 4517 839 4582 scelerum,
871 4533 969 4587 pro
1016 4518 1128 4572 Deo
1178 4517 1318 4570 idola
1373 4529 1632 4572 venerata
1669 4532 1763 4582 es;
1794 4526 1848 4573 et

1942 3302 2199 3371 pitudini,
2232 3311 2286 3356 et
2333 3302 2398 3355 ad
2445 3317 2671 3357 uxorem
2713 3304 2955 3372 proximi
3006 3304 3088 3357 sui
3134 3304 3538 3361 adhinnientes.

1943 3395 2205 3463 Quodque
2228 3394 2332 3449 hoc
2354 3396 2679 3450 Sceleratius
2701 3404 2809 3460 est,
2830 3410 2987 3450 socer
3009 3398 3213 3451 exarsit
3237 3399 3288 3451 in
3318 3414 3536 3465 nurum,

1943 3500 1997 3545 et
2020 3488 2189 3543 frater
2215 3488 2425 3542 sororis
2452 3488 2573 3558 jura
2607 3488 2838 3543 nescivit
2866 3508 2879 3542 :
2908 3498 2962 3543 ut
2990 3505 3096 3543 non
3127 3490 3420 3555 uterinam,
3445 3490 3542 3544 sed

1943 3583 2011 3638 de
2039 3582 2231 3636 eodem
2264 3590 2417 3651 patre
2442 3582 2673 3635 violaret
2694 3597 2961 3637 sororem.
2991 3584 3332 3652 Acceperunt
3359 3600 3543 3640 mune-

1945 3695 2003 3735 ra
2034 3697 2047 3745 ;
2074 3688 2132 3733 ut
2161 3680 2511 3733 innocentem
2542 3677 2706 3751 255
2736 3680 3053 3749 sanguinem
3087 3679 3398 3735 funderent.
3430 3679 3541 3736 Ne-

1945 3775 2259 3828 cessitatem
2294 3790 2596 3842 pauperum
2645 3785 2928 3829 verterunt
2959 3776 3011 3828 in
3050 3774 3283 3841 lucrum,
3316 3787 3375 3829 ut
3416 3790 3544 3831 usu-

1946 3882 2061 3921 ram
2108 3867 2447 3935 acciperent,
2480 3874 2534 3921 et
2583 3866 3186 3932 superabundantiam;
3221 3878 3277 3922 et
3320 3878 3543 3938 propter

1946 3959 2227 4013 avaritiam
2268 3958 2474 4012 amicos
2504 3959 2843 4025 ,calnmniati
2888 3968 3033 4015 sunt.
3076 3959 3191 4013 Hoc
3220 3970 3424 4025 autem,
3462 3963 3546 4014 in-

1948 4049 2089 4120 quit,
2119 4048 2321 4115 fecisti,
2351 4067 2381 4103 ο
2412 4049 2751 4115 Jerusalem,
2784 4048 2907 4120 quia
2958 4052 3064 4105 mei
3118 4051 3283 4105 oblita
3325 4067 3406 4107 es.
3434 4052 3548 4108 Me-

1948 4142 2122 4198 moria
2152 4144 2301 4197 enim
2336 4142 2428 4197 Dei
2451 4143 2692 4197 excludit
2722 4152 2913 4198 cuncta
2938 4142 3165 4214 ﬂagitia.
3202 4143 3356 4200 Unde
3387 4145 3549 4201 babi-

1952 4245 2061 4291 tum
2102 4236 2317 4289 Domini
2350 4236 2636 4290 irascentis
2660 4238 2953 4304 assumpsi,
2983 4248 3033 4290 et
3068 4237 3331 4307 complosi
3357 4250 3550 4291 manus

1950 4345 2101 4384 meas
2131 4342 2322 4384 contra
2356 4329 2636 4384 avaritiam
2684 4340 2853 4395 tuam,
2884 4341 2943 4384 et
2987 4341 3177 4385 contra
3222 4330 3547 4400 sanguinem

1952 4424 2043 4493 qui
2070 4422 2274 4478 eﬂ'usus
2314 4433 2400 4476 est
2433 4424 2485 4477 in
2527 4422 2709 4478 medio
2739 4424 2847 4488 tui;
2874 4432 2933 4476 ut
2961 4425 3254 4493 intelligas,
3283 4433 3339 4479 et
3365 4433 3552 4480 mente

1950 4529 2278 4587 cognoscas,
2305 4522 2485 4569 utrum
2538 4516 2621 4568 vel
2678 4516 2884 4579 animo,
2933 4516 3018 4569 vel
3070 4515 3322 4569 manibus
3372 4516 3551 4586 possis

255 4610 488 4665 adorasti
544 4627 709 4677 Opera
744 4627 1000 4665 manuum
1046 4623 1284 4673 tuarum,
1310 4620 1361 4687 et
1411 4598 1847 4680 appropinquare
1876 4606 2135 4667 Dmeam
2179 4608 2512 4661 iracundiam
2563 4609 2855 4662 sustinere.
2904 4607 3018 4677 Ego
3070 4609 3215 4663 enim
3274 4609 3544 4664 Dominus

257 4704 421 4761 fecisti
477 4716 694 4778 tempus
738 4721 1004 4760 annorum
1052 4704 1457 4775 tuorum,qnod
1490 4704 1663 4758 multo
1713 4713 1852 4759 tem-

258 4814 378 4869 pore
405 4799 717 4865 dicebatur,
750 4810 806 4856 et
850 4799 1227 4861 differebatur,
1260 4808 1320 4852 ut
1350 4813 1540 4868 ageres
1584 4800 1852 4868 paeniten—

258 4892 397 4947 tiam.
435 4893 516 4947 Tn
568 4904 751 4948 autem
799 4893 1101 4948 secundum
1148 4892 1500 4962 imptenitens
1537 4906 1633 4945 cor
1677 4900 1847 4960 tuum,

259 4986 587 5041 thesaurizas
622 4986 718 5040 tibi
772 4986 906 5039 iram
957 4987 1010 5039 in
1062 4986 1149 5040 die
1189 4985 1283 5039 ira:
1318 4984 1497 5057 (Rom.
1531 4983 1613 5056 ιι).
1643 4984 1851 5039 Idcirco

261 5081 372 5137 dedi
406 5092 455 5137 te
485 5082 843 5151 approbrium
873 5081 1149 5152 gentibus,
1182 5088 1237 5134 et
1276 5078 1587 5134 illusionem
1635 5080 1854 5134 univer-

263 5173 329 5229 sis
358 5179 541 5240 terris,
571 5190 693 5244 qua:
722 5176 774 5228 in
805 5174 1032 5229 circuitu
1062 5183 1154 5227 tuo
1178 5181 1327 5238 sunt,
1362 5170 1526 5244 254
1549 5171 1853 5241 tam'jnxta,

262 5281 409 5335 quam
444 5267 631 5334 procul
669 5284 681 5319 :
714 5284 833 5337 qua:
857 5266 1273 5335 triumphabant
1296 5264 1365 5319 de
1392 5280 1463 5322 te,
1484 5266 1601 5319 sive
1628 5264 1858 5322 illudent

265 5360 644 5425 tibi.Sordida,
677 5361 899 5429 nobilis,
923 5360 1147 5431 grandis
1179 5358 1424 5412 interitu.
1452 5357 1708 5423 Sordida,
1731 5360 1855 5429 quia

270 5454 457 5508 munda
489 5469 615 5509 esse
642 5454 857 5509 desisti.
893 5453 1103 5509 Nobilis
1131 5453 1184 5505 in
1218 5449 1382 5513 malo,
1415 5465 1536 5519 qua:
1582 5452 1853 5520 quondam

268 5544 315 5598 in
340 5546 480 5601 bono
509 5554 735 5601 cunctas
761 5545 927 5600 urbes
957 5544 1244 5600 nobilitate
1272 5540 1590 5611 superabas.
1626 5541 1863 5599 Grandis

272 5635 484 5693 interitu
533 5648 640 5692 :ut
685 5648 890 5708 quanto
943 5637 1228 5692 sublimior
1273 5647 1416 5700 eras,
1471 5642 1619 5687 tanto
1672 5634 1865 5690 fortius

340 5764 363 5791 °
392 5755 665 5814 Victorius
709 5756 815 5822 ait,
849 5754 1164 5824 dispergam,
1188 5757 1297 5824 est
1318 5762 1446 5824 vera
1471 5746 1704 5824 _lectio_:
1754 5762 1864 5824 non

279 5824 567 5897 disperdam
590 5847 607 5896 ;
636 5817 821 5897 sicque
846 5817 998 5881 ρι’νί
1026 5817 1303 5879 Ἦθὶιιθίοἱ
1331 5817 1485 5875 verbi
1540 5818 1764 5890 replicat
1807 5821 1861 5875 in

1953 4701 2167 4755 locutus
2198 4714 2343 4765 sum,
2370 4710 2422 4754 et
2450 4715 2549 4769 ego
2580 4699 2773 4754 faciam
2811 4717 2822 4751 :
2856 4710 2908 4753 et
2941 4712 3226 4770 postquam
3250 4711 3405 4771 Capta
3431 4700 3548 4757 fne-

1952 4795 2051 4861 ris,
2081 4793 2413 4858 Jerusalem,
2447 4794 2754 4863 dispergam
2792 4804 2841 4848 te
2873 4795 2923 4847 in
2969 4793 3236 4861 nationes,
3270 4805 3325 4849 et
3367 4797 3543 4851 venti-

1952 4889 2056 4943 lem
2092 4887 2146 4941 in
2193 4903 2401 4953 aerem,
2436 4889 2589 4958 quasi
2642 4887 2863 4941 inutiles
2922 4888 3102 4958 paleas
3157 4890 3259 4943 huc
3308 4890 3544 4959 illucque

1958 4980 2249 5052 rapiendas
2278 4999 2289 5034 :
2329 4990 2603 5051 tantaeque
2626 4981 2930 5036 clementiae
2954 4998 3098 5049 sum,
3125 4994 3179 5037 ut
3205 4983 3409 5037 sazvitia
3438 4997 3558 5038 mea

1962 5085 2206 5131 vertatur
2236 5076 2289 5129 in
2332 5075 2794 5130 misericordiam.
2826 5076 3017 5131 Omnia
3061 5078 3207 5133 enim
3253 5077 3469 5143 faciam,
3500 5082 3560 5143 ut

1962 5088 2206 5131 vertatur
2237 5093 2289 5129 ιιι
2332 5088 2794 5130 misericordiam.
2826 5088 3017 5131 Umma
3061 5088 3207 5133 enim
3253 5088 3469 5143 tactam,
3540 5088 3560 5130 t

1961 5168 2177 5224 deﬁciat
2213 5168 2557 5223 immunditia
2603 5179 2690 5223 tua
2721 5187 2749 5222 a
2784 5179 2855 5239 te,
2892 5181 2945 5225 et
2989 5172 3222 5240 recipias
3276 5088 3560 5240 pristith’n

1964 5262 2281 5333 puritatem.
2330 5261 2499 5329 Quam
2556 5278 2678 5317 cum
2732 5264 3030 5333 receperis,
3093 5262 3386 5339 possidebo
3427 5270 3479 5317 te
3510 5262 3567 5317 in

1965 5365 2261 5425 Conspectu
2284 5356 2526 5409 omnium
2556 5355 2802 5424 gentium
2835 5373 2847 5408 :
2881 5366 2935 5407 nt
2963 5371 3086 5409 eum
3117 5371 3146 5408 a
3193 5369 3280 5407 me
3311 5366 3567 5424 possessa
3612 5374 3613 5379 η

1963 5448 2155 5513 fueris,
2191 5456 2318 5502 tunc
2364 5449 2637 5519 intelligas
2682 5448 2824 5519 qtlod
2862 5450 2978 5519 ipse
3009 5449 3109 5501 sim
3148 5446 3428 5500 Dominus.
3464 5446 3561 5501 Sin

1968 5549 2146 5595 autem
2180 5540 2685 5612 interpretationem
2724 5540 3039 5612 Symmachi
3081 5548 3137 5593 et
3166 5538 3560 5621 Tlletdotionis

1969 5637 2269 5706 sequimur,
2303 5653 2535 5708 quorum
2586 5637 2727 5691 alter
2769 5636 2847 5689 ait
2878 5655 2889 5688 :
2922 5634 2990 5689 Et
3040 5634 3319 5689 vulnerabo
3360 5646 3428 5701 te,
3456 5634 3569 5690 sive

1974 5750 2217 5804 subnexa
2258 5752 2598 5821 expositione
2650 5748 2874 5805 llieron.
2918 5747 2977 5805 In
3020 5747 3211 5807 Graeco
3242 5758 3421 5807 autem
3460 5746 3573 5804 δια-

1971 5842 2204 5895 σκορπιω
2235 5843 2291 5878 σε
2302 5861 2315 5875 .
