4038 6328
475 349 576 406 211

1717 317 1781 389 s.
1823 313 2098 388 LUSEBli
2141 307 2524 383 ittnnotvvtn

3673 313 3788 370 9.19.

475 463 775 539 confodiam
809 479 824 515 :
856 461 992 515 alter
1033 473 1046 511 :
1077 451 1452 511 Contaminabo
1484 459 1530 508 te
1569 451 1621 506 in
1655 457 1929 521 conspectu
1951 465 2074 520 gen-
2102 447 2151 508 Α
2181 445 2271 499 des
2308 441 2538 514 ﬁliorum
2567 441 2616 494 et
2645 433 2875 510 filiarum
2913 437 3066 502 Sion,
3098 445 3144 490 et
3177 435 3482 506 sanguinem
3512 431 3788 487 mundabit

411 525 424 538 '
475 525 627 629 tium,
671 555 737 611 ad
795 549 996 610 malam
1051 553 1266 621 partem
1315 545 1511 604 cuncta
1559 543 1846 601 referenda
1900 551 2070 598 sunt:

475 659 804 730 quamquam
854 643 984 726 illud
1030 645 1164 703 huic
1207 645 1394 702 sensui
1425 641 1762 700 contrarium
1805 638 1895 704 sit,
1928 636 2072 710 quod

477 768 640 822 supra
668 747 868 803 dicitur
902 765 915 801 :
951 739 1020 798 Et
1054 741 1272 811 deﬁcere
1299 740 1490 812 faciam
1520 735 1903 792 immunditiam
1932 743 2072 787 luant

474 857 594 901 ate.
631 839 874 899 Deiectio
901 837 1044 895 enim
1081 831 1466 899 immunditite,
1499 830 1774 886 restitutio
1822 825 2074 898 puritatis

473 947 577 994 est.
602 935 915 1005 Utramque
943 927 1240 987 editionem
1281 927 1482 997 pariter
1512 921 1766 990 disserui,
1800 931 1858 977 ut
1905 919 2071 975 libro-

475 1046 594 1085 rum
620 1023 1053 1097 magnitudinem
1080 1019 1426 1078 declinarem.

545 1119 724 1194 (Vers.
759 1119 823 1173 17
852 1111 1030 1188 seqq.)
1063 1114 1126 1169 Et
1159 1114 1355 1187 factum
1384 1117 1459 1165 est
1493 1109 1698 1164 verbum
1721 1105 1954 1161 Domini
2003 1105 2072 1159 ad

472 1233 554 1270 me
583 1215 757 1268 dicens
781 1228 798 1267 :
832 1208 941 1265 Fili
965 1207 1212 1274 hominis,
1241 1221 1388 1260 versa
1409 1213 1482 1259 est
1523 1197 1652 1257 mihi
1679 1203 1858 1255 domus
1902 1197 2072 1254 Israel

473 1309 527 1363 in
552 1307 794 1362 scuriam.
823 1301 1014 1358 Omnes
1045 1299 1155 1369 isti,
1183 1315 1276 1366 (es,
1309 1308 1357 1353 et
1401 1305 1663 1363 stantium,
1698 1301 1746 1349 et
1771 1297 1994 1366 ferrum,
2022 1299 2070 1346 et

472 1403 742 1478 plumbum
770 1401 826 1454 in
863 1397 1030 1452 medio
1054 1393 1282 1466 fornacis
1315 1411 1332 1446 :
1353 1391 1520 1447 scoria
1548 1390 1748 1462 argenti
1772 1388 1900 1461 facti
1926 1397 2067 1442 sunt.

474 1493 760 1564 Propterea
810 1493 919 1546 Itwc
967 1489 1091 1544 dicit
1119 1485 1376 1542 Dominus
1428 1481 1571 1539 Deus
1603 1487 1618 1537 :'
1653 1481 1730 1537 Eo
1760 1482 1899 1552 quod
1939 1479 2069 1536 versi

473 1587 596 1641 estis
638 1602 813 1641 omnes
842 1585 898 1638 in
937 1582 1195 1638 scoriam:
1227 1580 1416 1634 idcirco
1468 1595 1584 1632 ecce
1625 1593 1716 1648 ego
1751 1571 2070 1648 congregabo
2129 1604 2136 1612 -

472 1698 558 1736 vos
587 1683 639 1735 in
668 1679 834 1735 medio
861 1677 1152 1733 Jerusalem
1182 1673 1578 1747 congregatione
1604 1669 1824 1747 argenti,
1853 1675 1900 1723 et
1925 1666 2066 1732 teris,

472 1781 518 1826 et
551 1772 698 1842 ferri,
725 1781 769 1826 et
799 1760 994 1835 stauni,
1027 1778 1073 1822 et
1113 1766 1308 1838 plumbi
1353 1766 1407 1820 in
1454 1763 1684 1818 medium
1725 1755 1975 1831 fornacis,
2009 1765 2066 1812 ut

2179 538 2241 592 de
2266 536 2435 591 media
2475 547 2677 598 eorum,
2710 530 2894 603 spiritu
2920 527 3136 604 judicit,
3166 537 3214 582 et
3242 525 3428 597 spiritu
3463 521 3785 579 combustio-

2176 629 2256 684 nis
2279 623 2413 701 (Isa.
2447 639 2524 691 tv,
2556 621 2634 694 4).
2667 617 2736 678 Et
2766 630 2900 694 puto
2943 619 3076 676 illud
3110 631 3334 684 sonare,
3358 613 3502 690 quod
3533 616 3588 671 in
3631 610 3790 672 Psal-

2174 719 2282 776 mis
2327 715 2576 774 dicilur:
2612 713 2788 769 Proba
2844 729 2944 779 me,
2989 711 3230 778 Domine,
3258 719 3320 764 'et
3365 711 3505 763 tenta
3549 719 3631 762 me
3659 704 3782 780 (Ps.

2178 828 2306 880 xxv,
2328 813 2408 884 Et).
2443 807 2572 866 Post
2598 805 2741 876 quod
2799 805 3072 862 infertur:
3105 799 3210 860 Ure
3247 817 3392 859 renes
3433 813 3573 858 meos
3617 810 3662 857 et
3693 803 3788 856 cor

2175 921 2342 960 meunt
2375 921 2392 959 :
2426 913 2480 958 ut
2515 903 2768 958 universa
2803 899 3115 955 lumborum
3149 897 3299 954 noxii
3331 898 3384 951 in
3416 909 3502 952 me
3536 893 3786 952 humoris

2176 999 2370 1072 pituita
2402 997 2612 1053 scelera
2641 1009 2760 1062 sua,
2793 1001 2849 1050 ct
2880 989 3130 1049 velamen
3175 991 3326 1063 Quod
3355 991 3590 1061 positum
3619 979 3782 1062 25"]

2176 1099 2259 1150 est
2287 1092 2547 1147 siccetur.
2573 1083 2729 1154 Quod
2762 1083 2830 1141 dc
2861 1077 3165 1142 Jerusalem
3199 1081 3594 1146 intelleximus,
3624 1079 3786 1136 intel-

2175 1181 2410 1256 ligamus
2444 1181 2510 1236 de
2554 1178 2864 1234 animarum
2909 1183 3077 1241 Statu,
3105 1175 3227 1246 quze
3260 1181 3408 1243 pura!
3430 1183 3460 1228 a
3495 1165 3605 1228 Deo
3651 1183 3784 1226 con-

2175 1277 2306 1335 dita:
2350 1277 2476 1332 sunt
2509 1287 2851 1345 :aurumqne
2883 1275 2938 1328 in
2971 1283 3136 1328 sensu
3185 1279 3353 1339 atque
3399 1265 3692 1338 Sapientia,
3726 1273 3785 1321 et

2181 1373 2467 1444 argentum
2492 1371 2545 1426 in"
2572 1379 2827 1426 sermone
2849 1373 3013 1438 atque
3051 1363 3273 1436 eloquio
3311 1369 3697 1433 susceperunt,
3725 1367 3786 1416 nt

2173 1465 2318 1540 quod
2368 1473 2549 1520 mente
2590 1462 2976 1532 conceperint,
3009 1453 3191 1515 verbis
3241 1443 3537 1526 explicent.
3589 1453 3666 1510 De
3695 1455 3784 1508 ar—

2173 1563 2338 1631 g‘ento
2367 1558 2596 1629 legimus
2631 1573 2644 1611 :
2677 1553 2906 1627 Eloquia
2948 1551 3183 1615 Domini,
3227 1549 3430 1621 eloquia
3477 1556 3621 1603 casta
3650 1563 3668 1602 :
3693 1561 3782 1601 ar.

2173 1662 2382 1724 gemam
2424 1651 2544 1724 igne
2588 1648 2968 1711 examinatum,
2993 1643 3266 1718 probatum
3305 1643 3472 1708 terrae,
3507 1648 3786 1712 purgatum

2175 1743 2471 1814 septuptum
2501 1740 2620 1815 (Ps.
2644 1755 2722 1807 ιι,
2749 1739 2836 1810 5).
2862 1732 2941 1796 De
2996 1751 3130 1793 auro
3171 1731 3427 1792 similiter
3456 1742 3512 1790 et
3532 1733 3780 1806 argento,

471 1863 780 1940 succendunt
818 1865 869 1918 in
898 1881 958 1917 ea
988 1864 1159 1934 ignem
1189 1859 1256 1913 ad
1283 1857 1635 1929 con/laudum.
1666 1853 1757 1910 Sic
1786 1869 2066 1924 congrega-

2178 1837 2552 1908 sexagesimus
2602 1835 2871 1904 septimus
2922 1831 3168 1888 continet
3219 1831 3507 1901 psalmos,
3559 1829 3612 1884 in
3671 1841 3785 1899 quo

2271 1929 2284 1940 ι
2333 1939 2341 1940 ,
2544 1935 2557 1940 _
2642 1923 2699 1940 ne
2749 1927 2760 1940 ι
2881 1925 2894 1938 ο
2939 1927 2970 1940 ,ο
3029 1925 3044 1940 ο
3092 1935 3105 1940 -
3198 1938 3203 1940 .
3261 1921 3382 1940 μιρνμ
3417 1917 3567 1940 λὶκιμ-
3622 1935 3782 1940 ,,-LL.

474 1957 536 2012 bo
565 1960 616 2012 in
647 1957 822 2026 furore
849 1973 983 2023 meo,
1009 1964 1054 2008 et
1084 1953 1137 2006 in
1167 1954 1247 2006 ira
1279 1967 1412 2018 mea,
1442 1959 1487 2004 et
1512 1948 1850 2018 requiescam,
1877 1955 1923 2001 et
1948 1962 2072 2000 con-

474 2045 610 2124 ﬂabo
635 2069 740 2117 vos,
777 2059 802 2087 τι
835 2061 881 2104 et
922 2047 1233 2102 succendunt
1275 2061 1363 2099 vos
1399 2045 1454 2098 in
1493 2044 1612 2114 igne
1648 2041 1844 2112 furoris
1874 2037 1994 2104 mei,
2024 2033 2072 2093 et

473 2144 822 2216 conﬂabimini
866 2143 920 2195 in
972 2142 1141 2195 medio
1183 2143 1294 2210 ejus
1336 2145 1391 2191 ut
1435 2131 1692 2206 conﬂatur
1720 2143 1990 2205 argentum
2019 2133 2070 2186 in

475 2240 643 2294 medio
673 2239 902 2310 fornacis
929 2254 945 2290 :
979 2234 1052 2290 sic
1079 2233 1221 2290 eritis
1251 2235 1305 2288 in
1335 2231 1503 2287 medio
1523 2234 1710 2304 ejus,et
1740 2230 1912 2284 scietis
1947 2227 2072 2300 quia

474 2333 641 2405 256
673 2313 776 2402 ego
803 2327 1056 2384 Dominus
1089 2325 1271 2400 [Vulg.
1320 2323 1468 2380 addit
1505 2322 1644 2396 cum]
1674 2319 1946 2390 e/Tuderim
1982 2321 2066 2374 in-

473 2428 824 2498 dignationem
874 2440 1039 2479 meam
1082 2438 1238 2494 super
1289 2436 1400 2474 vos.
1448 2418 1685 2475 Verbum
1740 2407 2069 2472 Iicbraicum

469 2535 552 2575 su;
582 2517 740 2591 (κίε),
770 2516 796 2555 b
830 2509 1191 2588 Symmachus
1227 2513 1474 2578 scoriant,
1501 2505 1708 2581 Aquila:
1740 2509 1912 2580 prima
1954 2508 2070 2564 edi-

473 2613 545 2666 tio
578 2611 858 2685 στέμφυλον
888 2618 942 2670 et
970 2611 1234 2684 γίγαρτον,
1261 2605 1403 2676 quod
1437 2611 1724 2674 utrumque
1753 2601 1960 2657 acinum
1988 2601 2069 2656 vi-

472 2706 613 2760 nacii
660 2705 946 2772 significat,
989 2701 1330 2772 interpretati
1381 2708 1527 2756 sunt.
1575 2695 1830 2755 Secunda
1886 2705 2067 2750 autem

472 2803 590 2874 ejus
617 2800 921 2864 translatio,
950 2807 1005 2854 et
1055 2797 1408 2867 Septuaginta
1461 2803 1698 2860 vertere,
1734 2790 2066 2848 commixtio-

472 2912 606 2949 nem.
645 2896 810 2948 i’orro
843 2892 1041 2957 scoria,
1072 2887 1264 2946 sordes
1324 2900 1381 2946 et
1433 2897 1784 2959 purgamenta
1819 2885 2068 2944 metallo-

469 3006 588 3043 rum
615 2997 803 3052 sonat;
830 2996 882 3038 ut
909 2994 1308 3052 c0nseqnenter
1328 2983 1642 3052 captivitate
1667 2981 1868 3049 vicina,
1894 2981 2066 3035 immo

465 3083 576 3153 jam
612 3083 930 3136 imminente
961 3080 1108 3134 urbis
1149 3063 1387 3146 excidio,
1423 3078 1562 3148 ignis
1605 3075 1972 3131 adhibeatur:
2008 3083 2069 3130 ut

470 3176 574 3230 sub
613 3173 972 3228 translatione
997 3169 1365 3239 cuntiationis,
1399 3183 1594 3239 purum
1645 3179 1932 3237 argentum
1980 3181 2066 3222 re-

2179 1929 2444 2000 scriptum
2477 1935 2562 1982 est
2591 1944 2602 1982 :
2635 1923 2699 1983 Si
2726 1925 2996 1980 dormiatis
3027 1925 3161 1978 inter
3190 1921 3386 1978 medias
3407 1917 3573 1976 clerus
3600 1935 3785 1993 penna:

2175 2019 2424 2076 columba:
2473 2017 2854 2092 deargentatw,
2905 2026 2955 2072 et
3001 2017 3329 2090 posteriora,
3366 2014 3481 2069 sive
3529 2014 3786 2069 interiora

2174 2117 2315 2170 dorsi
2355 2113 2471 2188 ejus
2512 2116 2566 2168 in
2598 2114 2783 2178 virore,
2819 2121 2911 2167 aut
2959 2111 3163 2181 pallore
3212 2111 3329 2164 απιὶ
3362 2101 3539 2181 (Psal.
3575 2121 3780 2177 Lxxvtt,

2176 2207 2288 2282 Μ).
2328 2207 2509 2265 Untnis
2539 2208 2679 2263 enim
2713 2207 2883 2280 gloria
2921 2203 3050 2276 ﬁliae
3076 2205 3212 2278 regis
3260 2205 3572 2259 intrinsecus
3599 2197 3780 2276 (Psal.

2171 2317 2314 2370 xuv,
2350 2301 2478 2372 Η),
2527 2315 2647 2371 qum
2692 2299 2934 2372 loquitur
2984 2301 3040 2354 in
3095 2297 3325 2354 Cautlco
3371 2297 3724 2354 Canticorum
3765 2313 3780 2351 :

2176 2395 2483 2452 Introduxit
2508 2409 2588 2449 me
2615 2407 2706 2450 rex
2725 2395 2780 2449 in
2811 2391 3107 2449 cubiculum
3137 2407 3286 2447 suum
3308 2389 3484 2464 (Cant.
3511 2401 3548 2459 t,
3575 2385 3654 2464 3).
3675 2389 3787 2459 Qui

2172 2493 2314 2546 inter
2344 2487 2454 2544 duo
2481 2486 2769 2544 dormierit
2796 2493 2851 2542 et
2872 2486 3219 2562 requieverit
3250 2483 3619 2551 Testamenta,
3659 2491 3775 2538 sta-

2174 2585 2268 2641 tim
2298 2583 2526 2639 assumit
2565 2595 2775 2653 pennas
2805 2579 3074 2636 (10‘0th
3107 2579 3514 2650 deargentatas,
3547 2578 3782 2648 aurique

2175 2679 2227 2733 in
2268 2676 2455 2734 cordis
2495 2675 2750 2731 thesauro
2783 2673 2993 2746 fulgore
3023 2671 3328 2729 irradiahit.
3369 2673 3447 2726 Ad
3483 2671 3627 2727 hunc
3656 2687 3784 2728 sen-

2173 2785 2292 2828 sum
2325 2784 2455 2828 reor
2482 2779 2534 2826 et
2574 2769 2664 2825 illa
2703 2783 2829 2826 esse
2863 2768 3179 2833 referenda,
3214 2761 3355 2837 quod
3391 2767 3782 2836 peccaturibus

2172 2877 2226 2925 et
2245 2868 2334 2940 qui
2359 2869 2680 2922 meruerunt
2702 2861 2967 2919 offensam
2987 2859 3104 2930 Dei,
3130 2851 3328 2917 cmlutn
3360 2871 3599 2929 (laticum,
3626 2865 3778 2914 terra

2172 2961 2243 3017 sit
2282 2961 2478 3025 ferrea,
2510 2971 2564 3015 et
2597 2959 2836 3014 maxime
2865 2967 3010 3012 terra
3059 2953 3300 3027 Egypti,
3331 2953 3398 3009 de
3440 2965 3544 3025 qua
3592 2953 3780 3010 educit

2174 3046 2438 3115 Dominus
2459 3047 2648 3120 Israel,
2675 3057 2829 3128 quasi
2857 3053 2926 3110 de
2959 3055 3180 3109 fornace
3213 3051 3414 3108 ferrea.
3435 3053 3491 3106 in
3511 3051 3776 3108 Zaeliaria

2172 3161 2384 3222 quoque
2416 3150 2672 3218 iniquitas
2697 3145 2855 3203 sedet
2874 3157 3037 3218 super
3061 3143 3329 3202 talentum
3349 3133 3552 3216 plumbi
3576 3139 3770 3204 (lacti.

471 3276 709 3332 maneat,
739 3265 882 3336 quod
933 3279 1059 3327 acre,
1097 3272 1312 3330 stanno,
1346 3232 1511 3327 ferro,
1544 3232 1874 3330 plumboque
1921 3260 2061 3313 mix-
2089 3242 2134 3304 Ο
2169 3243 2244 3316 Vl-
2279 3243 2345 3300 Εῑ
2381 3232 2434 3298 Ῐιι
2466 3241 2639 3298 Ειοάί
2667 3242 2879 3296 “huc”
2916 3237 3118 3321 diem"
3149 3256 3162 3293 ε
3197 3233 3430 3293 “mem.
3473 3247 3591 3336 εξιηι
3620 3235 3779 3306 συαεῖ

470 3369 583 3413 tum
617 3359 797 3414 fuerat
838 3367 1001 3426 atque
1032 3355 1288 3410 violatum
1323 3371 1335 3408 τ
1368 3369 1598 3425 quorum
1633 3353 1754 3418 tria,
1788 3368 1883 3417 tes,
1914 3360 2065 3406 stan-

470 3469 617 3518 num,
643 3463 697 3506 et
720 3452 1026 3522 plumbum,
1054 3435 1227 3505 fusilis
1257 3449 1506 3504 materia:
1538 3458 1685 3513 sunt,
1714 3457 1767 3502 et
1797 3447 1913 3517 igni
1957 3445 2066 3501 soi-

469 3555 693 3599 vuntur.
742 3545 970 3599 Ferrum
1014 3557 1144 3598 vero
1202 3543 1345 3598 inter
1391 3541 1641 3597 incudem
1698 3550 1754 3595 et
1805 3540 2061 3594 malleum

471 3638 742 3693 mollescit
772 3649 932 3706 atque
956 3644 1228 3703 tenuatur,
1252 3644 1307 3691 et
1333 3634 1579 3690 diversas
1604 3633 1803 3702 accipit
1833 3633 2064 3699 formas,

471 3740 632 3799 prout
654 3731 905 3784 voluntas
935 3729 1156 3784 artificis
1188 3727 1370 3785 fuerit.
1403 3723 1560 3785 Sicut
1589 3726 1754 3798 igitur
1777 3737 2064 3797 argentum

469 3823 614 3894 quod
636 3823 949 3894 supradicta
992 3821 1209 3876 metalla
1238 3822 1529 3888 violarunt,
1558 3820 1618 3894 in,
1643 3819 1922 3875 fornacem
1949 3819 2067 3874 mit-

467 3915 615 3980 titur,
642 3923 699 3968 ut
724 3913 920 3968 ablatis
943 3913 1220 3979 sordibus,
1243 3923 1300 3969 et
1328 3911 1652 3967 adulterinis
1680 3910 1944 3976 materiis,
1969 3927 2066 3981 pu-

466 4021 587 4060 rum
629 4014 912 4060 remaneat
946 4022 959 4059 :
993 4005 1089 4070 ita,
1126 4003 1326 4075 inquit,
1359 3995 1708 4074 congregabo
1744 4017 1842 4057 vos
1870 4002 1922 4056 in
1954 4017 2064 4058 me-

465 4100 614 4156 dium
639 4101 968 4164 Jerusalem,
990 4109 1045 4154 et
1065 4097 1360 4169 Babylonia
1384 4097 1671 4152 obsidione
1691 4097 2065 4164 circumdabo,

466 4202 528 4249 ut
556 4183 889 4251 sucrendam
922 4195 977 4248 in
1004 4193 1163 4248 vobis
1189 4192 1369 4260 ignem
1394 4191 1462 4247 ad
1485 4191 1852 4247 contiandum.
1883 4175 2066 4259 Quod?

464 4304 571 4360 que
603 4289 672 4344 ibi
704 4288 834 4344 facit
864 4287 1204 4342 ﬂammarum
1235 4285 1399 4341 ardor
1428 4286 1747 4350 immensus,
1779 4272 1866 4340 hic
1897 4271 2066 4340 fames

463 4392 520 4438 et
549 4383 856 4453 pestilentia
889 4382 1048 4438 faciet
1073 4400 1085 4435 :
1114 4391 1172 4435 ut
1206 4388 1495 4452 postquam
1523 4395 1924 4452 congregavero
1947 4394 2063 4450 vos,

465 4489 629 4547 atque
651 4475 988 4534 succendero
1007 4475 1060 4531 in
1092 4476 1216 4546 igne
1243 4474 1468 4541 furoris,
1486 4482 1614 4529 tunc
1635 4475 1995 4544 requiescam,
2013 4482 2068 4530 et

463 4577 812 4638 contemptus
863 4569 1136 4634 dolorem,
1164 4582 1449 4638 poenarum
1497 4576 1801 4622 vestrarum
1861 4565 2067 4622 ultione

2169 3315 2437 3410 plumbum
2465 3335 2519 3389 in
2540 3345 2675 3403 aqua
2704 3315 3072 3387 violentissima
3104 3329 3302 3404 (Exod.
3337 3345 3435 3399 xv,
3465 3323 3576 3402 lli).
3601 3327 3774 3387 Gravi

2169 3435 2314 3490 enim
2342 3435 2685 3503 peccatorum
2711 3427 2950 3501 pandere
2984 3423 3391 3501 premebantur,
3415 3427 3470 3483 et
3499 3421 3646 3498 loqui
3673 3441 3774 3498 po-

2171 3535 2350 3584 terant
2379 3541 2394 3583 ε
2431 3525 2595 3594 Quasi
2621 3535 2755 3580 onus
2781 3541 2933 3596 grave
2962 3531 3190 3595 g'raratte
3217 3533 3336 3578 sunt
3363 3533 3514 3594 super
3533 3535 3616 3576 me
3645 3519 3773 3593 (Ps.

2169 3606 2376 3686 xaxvn,
2409 3617 2487 3690 6).
2521 3617 2809 3687 Quomodo
2837 3626 3016 3692 autem
3059 3614 3172 3670 auri
3207 3616 3442 3684 spectem
3469 3615 3777 3670 adulterina

2171 3713 2294 3768 teris
2325 3710 2623 3768 similitudo
2647 3711 2923 3776 mentitur,
2952 3711 3030 3764 sic
3055 3705 3264 3780 argenti
3290 3703 3586 3764 candorem
3618 3715 3777 3762 stan-

2170 3819 2298 3860 num
2347 3803 2589 3872 simulat,
2624 3803 2767 3874 quod
2821 3801 3054 3872 simplex
3091 3811 3146 3856 et
3191 3800 3430 3855 rusticus
3480 3809 3587 3854 non
3618 3797 3777 3857 facile

2168 3895 2458 3969 dignoscit.
2486 3895 2552 3952 Et
2597 3910 2744 3966 sirpe
2779 3893 3016 3964 Iaccidit,
3045 3902 3105 3950 ut
3155 3895 3347 3949 aurum
3390 3901 3444 3948 et
3483 3901 3775 3963 argentum

2171 3989 2424 4050 haeretica
2440 3992 2704 4064 pravitate
2718 3991 3094 4058 commixtum,
3115 3990 3240 4059 igne
3255 3981 3492 4064 Spiritus
3511 3987 3685 4044 sancti
3719 3993 3779 4045 et

2171 4083 2385 4141 Domini
2428 4083 2630 4155 judicio
2671 4091 2980 4153 separetur,
3011 4091 3065 4137 et
3103 4095 3300 4152 purum
3351 4058 3544 4135 aurum
3597 4091 3776 4136 rema-

2170 4189 2299 4235 neat
2329 4187 2384 4234 et
2412 4187 2724 4249 argentum,
2755 4176 2822 4232 de
2863 4192 2969 4246 quo
3013 4174 3280 4246 propheta
3329 4171 3502 4229 dicit:
3539 4169 3672 4228 Dedi
3702 4174 3777 4229 eis

2169 4281 2445 4344 argentum
2478 4279 2523 4326 et
2550 4286 2776 4338 aurum;
2805 4269 2908 4341 ipsi
2936 4275 3108 4323 autem
3151 4271 3384 4338 fecerunt
3422 4283 3486 4321 ea:
3525 4265 3598 4320 eis
3639 4264 3778 4319 Baal

2171 4365 2331 4438 (Osee
2370 4380 2430 4434 ιι,
2463 4363 2544 4435 8).
2570 4361 2670 4418 Cui
2701 4361 2878 4417 simile
2913 4371 2996 4417 est
3031 4377 3044 4414 :
3079 4355 3258 4413 Eduxi
3284 4375 3369 4414 eos
3398 4359 3452 4412 in
3481 4367 3695 4429 argento
3724 4367 3778 4412 et

2171 4474 2330 4524 auro,
2363 4463 2409 4511 et
2439 4473 2543 4510 non
2579 4461 2686 4510 erat
2721 4456 2775 4509 in
2815 4453 3047 4509 tribubus
3093 4467 3271 4507 eorum
3311 4451 3551 4522 inﬁrmus
3593 4449 3769 4522 (Psal.

2169 4567 2277 4616 CIV,
2308 4545 2422 4622 57):
2451 4547 2684 4620 ﬁnisque
2712 4561 2995 4620 poenarum
3037 4545 3277 4601 omnium
3306 4544 3398 4613 sit,
3425 4557 3588 4599 nosse
3627 4539 3775 4613 quod

462 4637 833 4732 cumpeseam.
867 4662 933 4716 Et
976 4661 1084 4717 hoc
1115 4637 1284 4716 totum
1317 4661 1532 4728 faciam,
1563 4669 1622 4717 ut
1667 4671 1952 4733 postquam
1979 4662 2062 4718 ef-

2173 4647 2290 4717 ipse
2318 4646 2390 4702 sit
2430 4643 2712 4700 Dominus.
2743 4639 3003 4711 Lapidem
3051 4650 3361 4707 stanneum,
3388 4639 3502 4693 sive
3535 4645 3772 4692 massam

458 4754 659 4811 fudero
705 4754 1132 4824 indignationem
1166 4769 1344 4809 meam
1393 4770 1560 4824 super
1591 4771 1710 4822 vos,
1743 4755 1866 4810 ῐίιιίε
1895 4756 2067 4812 vestri

461 4848 761 4914 cruciatus,
797 4848 902 4902 mei
944 4846 1133 4901 notitia
1177 4847 1251 4902 sit
1283 4865 1294 4900 :
1329 4855 1382 4902 et
1414 4847 1600 4904 sciatis
1639 4849 1786 4920 quod
1826 4865 1928 4922 ego
1958 4850 2063 4905 sim

461 4937 729 5018 Dominus
767 4938 932 5008 inde:
964 4937 1210 5018 omnium
1252 4949 1308 4995 et
1347 4940 1663 4996 retributor.
1695 4941 1850 5009 Quod
1878 4950 2062 4998 autem

461 5028 675 5086 dicatur
700 5045 825 5086 esse
856 5017 1150 5099 conflatm,
1184 5041 1240 5087 et
1267 5032 1319 5087 in
1353 5033 1541 5088 multis
1573 5034 1792 5105 quidem
1822 5035 1948 5092 aliis
1976 5034 2061 5090 lo-

459 5125 564 5193 cis,
595 5126 688 5181 sed
724 5124 958 5181 maxime
989 5125 1042 5180 in
1073 5109 1356 5192 Malacliia,
1389 5133 1445 5181 et
1471 5117 1609 5182 isaia
1642 5128 1899 5198 legimus,
1926 5144 2062 5200 quo-

459 5234 584 5274 rum
623 5219 762 5273 alter
795 5235 807 5271 :
848 5215 1011 5286 Ecce,
1061 5218 1263 5288 inquit,
1301 5217 1554 5274 Dominus
1599 5220 1864 5296 egreditur
1911 5223 2062 5293 quasi

456 5313 596 5385 ignis
628 5309 922 5383 conﬂatorii
952 5321 1000 5366 et
1039 5311 1171 5365 sicut
1223 5310 1380 5366 herba
1429 5313 1737 5380 lavantium,
1768 5323 1817 5369 et
1865 5315 2060 5369 sedebit

457 5409 696 5477 con/laus
729 5417 751 5445 ε
781 5406 934 5478 quasi
961 5421 1151 5460 aurum
1171 5414 1218 5460 et
1249 5416 1546 5479 argentum,
1579 5415 1628 5462 et
1648 5410 1894 5478 conﬂabit
1919 5409 2059 5477 ﬁlios

456 5498 583 5554 Levi
613 5499 772 5569 (Mal.
800 5516 881 5569 tu,
916 5501 967 5566 1,
1001 5498 1080 5573 5).
1109 5497 1263 5556 Alter
1294 5519 1309 5557 :
1341 5499 1410 5555 Et
1440 5500 1914 5570 lavabitIDominus
1943 5521 2060 5558 sor-

533 5659 560 5743 t}
590 5661 820 5743 Victor;
829 5661 1124 5727 interserit,
1152 5671 1202 5716 et
1229 5661 1550 5743 cottgregabo
1570 5669 1772 5728 vos,ex
1802 5661 2054 5738 Vulgata,

459 5733 748 5800 Hebraico,
780 5732 1082 5803 Grarcoque
1112 5732 1372 5788 textibns.

530 5805 556 5844 b
586 5804 765 5886 atque
808 5808 878 5859 ita
906 5813 1017 5886 ato,
1049 5804 1169 5886 Sig,
1202 5805 1662 5886 repanidebere,
1691 5814 1877 5886 monet
1898 5805 2045 5886 blas-

459 5876 730 5936 sorethica
763 5886 888 5931 nota
916 5876 970 5930 in
1006 5876 1282 5932 hodiernis
1323 5876 1565 5934 Hebreis
1611 5878 2038 5950 exemplaribus,

2171 4749 2478 4802 stanneam,
2508 4743 2564 4790 et
2618 4733 2672 4788 in
2701 4731 2967 4789 Zacharia
2995 4731 3224 4802 legimus
3251 4729 3439 4803 (Zaclt.
3473 4728 3559 4801 tv)
3601 4748 3614 4786 :
3650 4737 3774 4801 qum

2167 4833 2296 4907 quid
2327 4831 2622 4903 signiticet,
2647 4845 2746 4885 suo
2775 4829 2895 4884 loco
2924 4824 3267 4898 interpretati
3300 4835 3509 4882 sumus.

2239 4947 2418 5009 (Vers.
2447 4946 2521 5002 25
2545 4943 2727 5017 seqq.)
2773 4941 2838 4998 Et
2889 4947 3087 5016 factum
3115 4951 3187 4998 est
3215 4942 3424 4997 verbum
3452 4939 3665 4995 Domini
3683 4941 3768 4996 ad

2164 5057 2267 5110 me,
2293 5040 2500 5095 dicens:
2527 5037 2637 5092 Fili
2659 5038 2907 5104 hominis,
2924 5037 3009 5091 dic
3039 5037 3120 5091 ei:
3143 5035 3223 5090 Tu
3241 5053 3291 5090 es
3315 5046 3452 5090 terra
3476 5035 3772 5103 immunda,

2166 5144 2213 5190 et
2235 5151 2337 5190 non
2359 5133 2629 5202 comptum
2653 5133 2707 5187 in
2728 5133 2810 5186 die
2831 5131 3044 5203 furoris.
3065 5127 3371 5203 Conjuratio
3393 5127 3770 5201 praphetarum

2165 5228 2218 5283 in
2249 5227 2416 5282 medio
2447 5230 2578 5301 ejus,
2622 5226 2752 5281 sicut
2784 5223 2865 5280 leo
2891 5225 3100 5296 rugiens
3139 5223 3448 5294 rapiensque
3494 5219 3727 5292 prcedam
3749 5236 3772 5273 .'

2164 5323 2366 5376 animos
2409 5321 2810 5384 devoraverunt,
2866 5333 2986 5386 opes
3041 5326 3090 5372 et
3145 5313 3366 5388 pretium
3415 5320 3770 5380 acceperunt,

2163 5414 2346 5470 viduas
2387 5414 2498 5480 ejus
2519 5412 2991 5485 multiplicaverunt
3017 5410 3070 5464 in
3093 5403 3258 5482 258
3286 5407 3455 5462 medio
3475 5406 3641 5462 illius.
3664 5401 3772 5460 Sa-

2162 5507 2392 5563 cerdotes
2415 5508 2526 5579 ejus
2557 5512 2968 5577 contempserunt
2998 5503 3161 5576 legem
3199 5517 3385 5567 meam,
3405 5508 3450 5554 et
3473 5493 3773 5570 polluerunt

2161 5667 2214 5722 in
2255 5667 2449 5738 quibus
2477 5675 2562 5722 est
2607 5669 2716 5729 it‘lD.
3069 5723 3080 5734 _

2229 5749 2252 5777 α
2282 5739 2513 5821 supplet
2541 5738 2751 5821 Victor.
2781 5817 2783 5820 Ι
2805 5751 2878 5821 ex
2933 5734 3128 5821 Graeco
3187 5743 3370 5821 testu,
3415 5733 3764 5821 eguit-tragum

2152 5801 2440 5882 (mundatis
2464 5811 2612 5882 quasi
2631 5817 2906 5880 argutum
2925 5815 2973 5862 et
2995 5818 3206 5875 astrum,
3222 5814 3270 5861 et
3289 5801 3590 5860 emundabit
3619 5801 3763 5874 ﬁlios

2151 5879 2295 5937 Levi.
