4038 6328
260 332 339 388 213
855 323 1518 382 COMMENTARIORUM
1561 323 1626 380 IN
1667 320 2107 381 EZECIIIELEM
2145 325 2275 382 LIB.
2320 327 2434 383 VII.
2472 328 2632 385 CAP.
2675 327 2872 386 XXIII.

3410 330 3522 386 2H

255 444 509 503 sanctuaria
523 457 667 497 mea.
692 440 837 497 Inter
854 454 1087 498 sanctum
1107 451 1153 497 et
1172 447 1449 517 profanum
1472 461 1575 498 non
1601 443 1820 499 habuere
1848 442 1899 506 Α
1927 443 2222 513 prophetas
2248 453 2302 499 et
2324 443 2640 501 sacerdotes
2662 445 2873 500 medius
2897 444 3163 500 Dominus
3185 442 3521 516 inquinatur,

254 539 535 604 diuantiam,
568 546 618 591 et
648 537 778 591 inter
798 535 1057 609 pollutum
1079 546 1125 591 et
1147 536 1395 591 mundum
1423 554 1526 591 non
1550 536 1818 591 intellexe-

252 646 370 700 runt,
411 640 454 685 et
500 646 531 682 a
576 630 807 685 sabbatis
856 630 980 684 meis
1026 639 1319 685 averterunt
1356 630 1531 684 oculos
1577 647 1718 698 suos,
1771 639 1818 685 et

249 722 584 794 coinquinabar
614 724 673 777 in
702 724 870 777 medio
900 739 1095 777 eorum.
1130 722 1406 794 Principes
1434 726 1547 797 ejus
1568 726 1621 777 in
1650 724 1817 778 medio

244 821 354 874 illius
374 819 515 887 quasi
543 819 663 891 lupi
680 819 934 888 rapientes
955 818 1185 887 prtedam
1210 819 1277 872 ad
1301 817 1677 886 effundendum
1696 834 1819 872 san-

246 914 446 984 guinem,
488 920 535 963 et
566 911 863 981 perdendus
888 912 1120 982 animas,
1171 923 1219 967 et
1270 929 1422 967 avare
1466 912 1534 965 ad
1575 911 1819 967 sectanda

246 1008 377 1061 lucra.
412 1002 705 1072 PrOpltette
744 1018 913 1060 autem
951 1009 1065 1080 ejus
1097 1007 1325 1063 linebant
1353 1024 1437 1063 cos
1473 1008 1660 1078 absque
1688 1016 1817 1061 tem-

246 1109 521 1171 peramento,
547 1098 784 1154 videntes
808 1117 963 1165 vana,
980 1112 1027 1155 et
1050 1101 1338 1156 divinantes
1366 1102 1438 1155 eis
1466 1101 1814 1167 mendacium,

245 1193 429 1246 dicentes
448 1207 466 1243 :
498 1189 641 1245 Hcce
669 1193 795 1247 dicit
820 1178 1067 1248 Dominus
1095 1191 1258 1259 Deus,
1287 1210 1403 1248 cum
1432 1193 1687 1248 Dominus
1716 1210 1820 1246 non

244 1287 291 1339 sit
311 1286 519 1337 locutus.
553 1282 832 1355 Populum
872 1297 1021 1341 terra:
1056 1286 1512 1341 caluntniabantur
1557 1284 1820 1340 calumnia

244 1377 390 1450 [\‘ulg.
425 1373 665 1445 Populi,
696 1386 752 1431 et
784 1376 1118 1451 calumniam]
1142 1388 1221 1448 ,et
1246 1380 1516 1450 rapiebant
1547 1379 1817 1435 violenter:

244 1486 424 1540 egenum
455 1479 501 1522 et
534 1487 823 1541 pauperem
857 1472 1167 1545 aﬁligebant,
1199 1481 1244 1527 et
1280 1473 1529 1527 advenam
1556 1473 1817 1544 opprime-

244 1562 337 1615 bant
362 1562 631 1616 calumnia
659 1563 851 1633 absque
867 1563 1094 1635 judicio.
1127 1562 1195 1618 Et
1217 1566 1428 1636 qua’sivi
1450 1564 1512 1619 de
1534 1567 1606 1619 eis
1628 1565 1814 1635 virum,

244 1657 309 1725 qui
334 1656 681 1727 interponeret
712 1658 1011 1727 maceriam,
1043 1668 1089 1711 et
1120 1667 1276 1714 staret
1308 1658 1601 1731 appositum
1632 1668 1817 1713 contra

241 1766 300 1801 me
324 1765 406 1815 pro
435 1758 601 1814 terra,
635 1766 697 1803 ne
726 1749 1037 1821 dissiparem
1064 1767 1197 1821 eam,
1246 1760 1292 1805 et
1340 1768 1444 1805 non
1500 1751 1694 1806 inveni.
1745 1748 1815 1805 Et

1921 535 1990 592 de
2020 551 2129 607 quo
2170 538 2435 609 scriptum
2466 547 2589 593 est:
2628 536 2835 593 Medius
2885 547 3059 593 autem
3102 538 3237 592 inter
3286 553 3373 592 vos
3422 546 3523 592 stat

1919 645 2067 699 quem
2105 647 2193 685 vos
2230 631 2484 705 ignoratis
2518 628 2703 703 (Joan.
2738 647 2787 699 ι,
2835 631 2950 702 26).
3000 631 3291 702 Propheta:
3334 632 3520 702 igitur,

1920 720 2034 777 sive
2065 719 2254 789 duces,
2289 722 2545 779 leonibus
2576 731 2982 792 comparantur.
3020 723 3307 793 Principes
3337 732 3520 779 autem

1920 834 2057 889 quos
2076 818 2353 875 inferioris
2374 819 2573 891 gradus
2597 820 2845 873 homines
2872 817 3244 888 intelligimus,
3266 818 3520 888 luporum

1921 912 2202 968 imitantur
2222 913 2489 983 rapinam,
2518 922 2576 967 ut
2598 910 2880 967 ellundant
2905 911 3222 983 sanguinein
3253 926 3358 967 non
3394 926 3520 968 cor-

1922 1022 2135 1078 porum,
2161 1005 2257 1063 sed
2287 1007 2613 1072 animarum,
2644 1016 2698 1061 et
2720 1020 2888 1073 avare
2909 1013 3186 1059 sectantur
3218 1004 3389 1071 lucra,
3426 1019 3521 1060 ne-

1919 1116 2190 1172 quaquam
2222 1101 2315 1156 illo
2340 1101 2587 1155 contenti
2614 1116 2626 1154 :
2654 1098 2756 1165 Qui
2786 1098 3011 1153 serviunt
3039 1096 3223 1161 altari,
3256 1098 3425 1151 vivant
3456 1096 3520 1151 de

1920 1193 2171 1264 altario(l
2194 1193 2311 1249 Cor.
2348 1210 2437 1262 ix,
2464 1192 2702 1264 l5):sed
2739 1200 3029 1261 postquam
3057 1188 3126 1244 ad
3158 1188 3519 1244 ministerium

1923 1287 2016 1343 Dei
2039 1286 2392 1353 accesserint,
2418 1286 2591 1343 Crmsi
2612 1285 2834 1340 divitias
2856 1290 3211 1354 congregant.
3231 1281 3519 1351 Propheta:

1920 1397 2134 1451 quoque
2164 1381 2246 1435 illi
2277 1381 2371 1452 qui
2404 1390 2632 1437 ventura
2674 1378 3079 1452 praenuntiant,
3130 1376 3393 1431 liniebant
3425 1391 3521 1433 eos

1918 1475 2125 1545 absque
2153 1484 2607 1546 temperamento,
2634 1473 2703 1529 de
2725 1488 2835 1545 quo
2864 1468 2919 1529 et
2948 1488 3108 1543 supra
3140 1470 3398 1536 diximus,
3427 1485 3520 1525 va-

1920 1568 2260 1624 ticinantium
2298 1568 2726 1639 prephetarum,
2762 1570 2850 1638 qui
2881 1567 3087 1638 absque
3123 1566 3518 1622 commixtione

1918 1662 2198 1734 palearum
2235 1661 2495 1717 linierunt
2524 1661 2812 1733 parietem,
2844 1662 2936 1731 qui
2970 1660 3242 1715 imbribus
3286 1659 3519 1729 dissipa-

1919 1765 2024 1811 tur.
2060 1755 2373 1812 Istiusmodi
2405 1757 2593 1813 vident
2621 1771 2779 1822 vana,
2813 1765 2864 1811 et
2894 1771 3002 1810 non
3027 1764 3135 1810 tam
3163 1754 3515 1826 prophetam,

238 1840 536 1910 eﬂ'udisuper
568 1858 661 1896 eos
693 1842 1103 1915 indignationem
1132 1859 1321 1913 meam,
1340 1846 1390 1899 lu
1419 1844 1538 1915 igne
1569 1847 1661 1898 ira:
1686 1859 1810 1898 mea:
1843 1841 1883 1903 Β
1913 1864 2076 1920 quam
2107 1848 2353 1904 divinant
2384 1848 2756 1919 mendacium,
2789 1847 3039 1904 dicentes
3084 1855 3247 1904 terrae
3286 1849 3515 1903 misera-

238 1936 499 2005 consumpsi
532 1952 650 1991 eos.
707 1935 861 1989 Viam
889 1953 1065 1991 eorum
1093 1938 1147 1992 in
1177 1948 1334 2008 caput
1363 1955 1538 1992 eorum
1566 1937 1808 2005 reddidi,

238 2030 293 2081 ait
310 2024 556 2083 Dominus
579 2028 743 2084 Deus.
770 2030 990 2086 Poterat
1013 2029 1249 2102 diligens
1265 2030 1481 2086 auditor
1505 2030 1776 2102 inquirere
1793 2073 1808 2099 ,

237 2138 331 2193 qua!
367 2132 511 2178 esset
560 2125 743 2180 scoria
775 2141 896 2195 quze
927 2126 1141 2196 argenti
1176 2125 1462 2181 violaverit
1489 2125 1809 2196 puritatem,

238 2228 278 2273 et
299 2232 411 2283 dare,
445 2218 701 2287 plumbo,
735 2227 966 2281 stanuo,
1011 2205 1270 2290 ferreque
1310 2218 1619 2275 miscuerit.
1654 2218 1811 2288 Quod

238 2313 295 2367 ibi
324 2313 476 2383 igitur
506 2314 617 2367 sub
648 2328 881 2384 persona
912 2313 1068 2371 urbis
1090 2356 1105 2383 ,
1139 2326 1194 2370 et
1219 2314 1458 2370 fornacis
1489 2328 1810 2384 expressum

237 2416 319 2471 est,
360 2415 411 2461 et
461 2404 598 2461 huic
637 2408 738 2464 sub
763 2408 946 2478 specie
976 2415 1160 2472 terrai,
1188 2422 1309 2480 quae
1342 2422 1449 2462 non
1497 2406 1567 2461 sit
1613 2406 1808 2477 rigata,

237 2514 315 2553 nec
361 2500 603 2568 pluviam
655 2501 994 2572 susceperit,
1045 2501 1396 2572 praedicatur.
1439 2500 1662 2556 Pluvias
1691 2501 1810 2557 illas

237 2591 461 2647 debemus
491 2592 838 2665 intelligere,
867 2594 934 2650 de
964 2595 1166 2667 quibus
1193 2594 1460 2665 scriptum
1493 2604 1577 2650 est
1604 2612 1615 2648 :
1650 2593 1807 2648 Man-

236 2685 342 2739 dabo
368 2685 595 2741 nubibus
616 2704 678 2741 ne
701 2686 887 2757 pluant
917 2705 1073 2761 super
1094 2704 1206 2741 eam
1224 2672 1436 2741 imbr‘Em
1469 2686 1606 2758 (lsa.
1640 2702 1695 2754 v,
1717 2686 1805 2756 6):

236 2793 366 2845 quem
393 2786 813 2849 eISpectamus,
838 2780 1056 2852 quando
1080 2780 1242 2835 datur
1275 2778 1435 2835 nobis
1458 2778 1641 2851 pluvia
1673 2789 1809 2834 tem-

238 2884 436 2937 poranea
468 2878 524 2923 et
555 2870 806 2925 serotina
829 2911 844 2937 ,
874 2871 942 2926 de
970 2887 1073 2942 qua
1102 2871 1368 2942 scriptum
1403 2880 1489 2927 est
1516 2890 1526 2925 :
1561 2870 1809 2925 Pluviam

234 2962 542 3016 voluntariam
568 2961 1360 3035 segregabis,Deus,lta:reditati
1379 2974 1479 3017 tuo:
1502 2960 1620 3036 (Ps.
1642 2979 1806 3030 vau,

240 3053 335 3122 l0).
360 3052 487 3110 Dies
515 3062 707 3111 autem
736 3054 937 3110 furoris
963 3065 1067 3122 eSt,
1104 3071 1266 3127 quem
1298 3054 1401 3111 sibi
1434 3055 1809 3126 unusquisque

236 3148 456 3203 conciliat
507 3149 871 3205 multitudine
923 3158 1294 3220 peccatorum.
1355 3149 1511 3205 Scire
1556 3151 1806 3220 cupimus

237 3257 332 3312 qua:
356 3244 420 3297 sit
450 3244 615 3299 urbis
656 3246 863 3310 scoria,
896 3244 987 3316 qui
1012 3254 1172 3300 terra:
1195 3245 1506 3301 durissimae
1553 3252 1609 3300 et
1631 3244 1804 3315 plena:
1833 3233 1875 3294 C

237 3336 449 3403 veprium
496 3338 852 3407 sentiumque
899 3340 1139 3409 squalor.
1196 3337 1553 3409 Conjuratio,
1590 3339 1802 3409 inquit,

240 3427 634 3496 PrOpbetarurn,
666 3433 783 3486 sive
810 3431 964 3500 juxta
995 3430 1371 3497 LXX,ducunt
1400 3431 1453 3485 in
1488 3430 1668 3487 medio
1689 3431 1805 3501 ejus

239 3520 518 3578 habentium
563 3522 976 3578 similitudinem
1024 3524 1222 3589 leonis,
1275 3524 1343 3579 de
1388 3540 1498 3596 quo
1530 3524 1722 3579 scribit
1753 3534 1807 3579 et

240 3612 397 3669 Petrus
421 3633 433 3669 :
468 3616 819 3671 Adversarius
847 3625 1017 3670 noster
1044 3616 1301 3684 diabolus,
1327 3616 1472 3687 quasi
1493 3617 1571 3671 leo
1602 3616 1805 3688 rugiens

240 3707 387 3761 circuit
413 3709 454 3777 (I
483 3707 640 3765 Petr.
665 3726 696 3763 v
716 3751 730 3775 ,
763 3710 841 3779 8).
896 3710 997 3777 Qui
1051 3709 1136 3764 leo
1190 3725 1490 3781 omnesque
1516 3709 1639 3779 ejus
1670 3707 1806 3763 socii

241 3814 324 3855 non
346 3812 593 3872 quzerunl
624 3817 857 3874 corpora
889 3804 1157 3860 devorare
1178 3846 1191 3869 ,
1240 3803 1336 3859 sed
1382 3805 1615 3870 animas,
1659 3803 1803 3859 acci-

240 3894 467 3967 piuntque
511 3897 828 3963 mercedes,
881 3906 937 3951 et
977 3897 1204 3967 pecunia
1250 3902 1443 3952 cuncta
1479 3894 1802 3968 dijudicant.

241 3987 364 4052 Quod
394 3989 445 4044 in
470 3991 571 4045 illo
591 3989 814 4061 quidem
846 3999 1098 4061 tempore
1145 3989 1411 4045 accidisse
1460 3990 1660 4060 populo
1711 3988 1806 4045 Ju-

239 4082 466 4147 daornm,
504 4085 643 4140 nulli
678 4083 900 4140 dubium
930 4093 1036 4141 est.
1065 4084 1637 4153 PrOpter‘sacerdotes
1660 4084 1803 4139 enim

239 4182 281 4227 et
304 4177 567 4247 principes
589 4186 646 4233 et
670 4178 967 4249 prophetas
988 4177 1217 4233 adduxit
1244 4178 1501 4233 Dominus
1526 4193 1692 4248 super
1710 4192 1806 4234 eos

240 4267 428 4322 malum.
460 4270 573 4326 Sed
603 4269 656 4323 in
688 4280 871 4325 nostra
894 4270 1201 4327 Jerusalem
1232 4270 1335 4326 hoc
1365 4286 1511 4343 saepe
1533 4271 1805 4341 conSpici-

242 4374 373 4415 mns:
423 4364 522 4434 qui
571 4363 725 4434 juxta
776 4366 1131 4437 Septuaginta
1189 4365 1459 4421 devorant.
1504 4367 1716 4422 animas
1746 4366 1800 4421 in

241 4458 466 4521 potentia.
496 4456 737 4532 et259
760 4460 994 4531 pretium
1039 4460 1339 4532 accipiunt,
1382 4470 1439 4515 ut
1482 4460 1681 4515 multas
1719 4461 1802 4515 vi-

241 4544 348 4601 duas
373 4548 594 4618 faciant,
629 4568 748 4617 quas
779 4568 1041 4623 Sponsum
1088 4553 1374 4610 Dominum
1419 4542 1796 4625 perdiderunt.

240 4636 412 4697 ﬂorum
436 4653 621 4703 autem
643 4644 1035 4717 prophetarum
1060 4646 1224 4703 factio
1250 4654 1357 4711 est,
1388 4656 1443 4702 et
1469 4646 1799 4718 coniuratio,
1833 4627 1882 4687 Ῑ)

242 4744 288 4787 ιιι
317 4735 541 4793 invicem
590 4740 674 4793 sui
729 4739 967 4795 fautores
996 4741 1125 4805 sint,
1160 4747 1214 4795 et
1252 4741 1435 4795 omnia
1467 4740 1638 4812 turpis
1661 4742 1797 4798 lucri

241 4826 382 4893 gratia
408 4826 637 4884 laciant.
672 4830 994 4885 Sacerdotes
1029 4831 1121 4902 qui
1166 4832 1428 4901 praesules
1458 4831 1645 4904 templi
1677 4846 1802 4888 esse

240 4917 494 4989 deberent,
523 4938 577 4978 et
600 4937 667 4979 ex
690 4939 918 4994 quorum
947 4940 1042 4980 ore
1076 4926 1266 4979 notitia
1290 4924 1448 4996 Legis
1478 4924 1797 4997 inquiritur,

241 5014 410 5072 violant
434 5019 770 5086 sanctuaria,
797 5017 1112 5091 nullamque
1131 5019 1275 5076 inter
1306 5029 1552 5076 sanctum
1584 5028 1641 5077 et
1669 5035 1799 5092 pro-

243 5110 415 5183 fanum,
467 5119 569 5174 nisi
620 5120 867 5191 pecuniae
917 5118 1121 5176 habent
1150 5118 1493 5174 distantiam.
1528 5121 1801 5174 Avertuut

243 5209 401 5267 oculos
428 5226 455 5266 τι
486 5213 750 5283 sabbatis,
786 5222 842 5268 et
885 5213 974 5269 Dei
1025 5213 1272 5283 requiem
1329 5229 1451 5283 qua:
1502 5211 1556 5268 in
1606 5211 1801 5267 notitia

244 5297 616 5372 Scripturarum
647 5316 758 5372 est,
794 5321 902 5362 non
944 5306 1284 5377 recogitant;
1316 5319 1418 5360 nec
1448 5302 1639 5360 dicunt
1676 5319 1801 5359 cum

245 5396 499 5466 prOpheta:
534 5397 728 5455 Revela
769 5400 949 5455 oculos
982 5416 1143 5464 meos,
1184 5406 1231 5454 et
1267 5396 1605 5453 considerabo
1636 5397 1798 5452 mira-

244 5486 340 5543 bilia
387 5496 448 5547 de
497 5494 607 5567 lege
654 5503 742 5549 tua
791 5492 965 5566 (Psal.
1016 5510 1209 5562 cxvm,
1271 5492 1386 5566 18).
1440 5492 1628 5565 Neque
1666 5492 1799 5550 illud

244 5580 494 5650 ApOStoIi:
541 5586 657 5644 Nos
694 5597 866 5643 autem
916 5606 1089 5645 omnes
1134 5586 1362 5643 revelata
1405 5587 1540 5659 facie
1579 5587 1801 5660 gloriam

243 5672 420 5734 Domini
454 5682 868 5753 contemplamur
900 5680 942 5753 (Ι
996 5680 1116 5737 Cor.
1171 5697 1250 5747 ιιι,
1301 5678 1415 5752 ιε).
1464 5679 1613 5736 Inter
1662 5678 1802 5735 tales

1917 1942 2055 1995 bili:
2086 1940 2217 1998 Haec
2245 1941 2378 1997 dicit
2417 1942 2705 2007 Dominus,
2753 1940 3015 1997 Dominus
3054 1940 3159 1996 ista
3208 1940 3514 2011 promittit:

1913 2051 2035 2091 cum
2065 2034 2328 2091 Dominus
2357 2049 2464 2090 non
2490 2036 2564 2090 sit
2586 2035 2803 2090 locutus
2832 2034 2897 2089 ad
2930 2049 3045 2089 eos.
3066 2032 3310 2102 Papulus
3332 2039 3513 2087 autem

1913 2134 2073 2183 terrae
2122 2142 2462 2198 nequaquam
2518 2125 2641 2191 Dei,
2695 2125 2791 2182 sed
2861 2135 3205 2181 terrenorum
3258 2140 3511 2196 operum,

1912 2220 2219 2293 principum
2272 2235 2333 2274 ac
2381 2219 2729 2276 sacerdotum
2776 2219 3062 2274 aemulator
3102 2219 3381 2285 existens,
3420 2232 3514 2288 per

1912 2313 2240 2368 calumniam
2270 2322 2326 2369 et
2354 2314 2651 2385 potentiam
2672 2320 2868 2369 cuncta
2886 2307 3509 2375 faciebatznondivites,

1912 2409 2009 2463 sed
2043 2425 2307 2480 pauperes
2335 2408 2675 2478 opprimens,
2723 2406 2791 2462 de
2838 2404 3039 2477 quibus
3088 2404 3347 2476 scriptum
3388 2409 3508 2457 est:

1913 2504 2125 2578 Pauper
2151 2514 2324 2559 autem
2355 2521 2456 2559 non
2488 2504 2704 2558 sustinet
2748 2501 3221 2559 comminationem.
3276 2498 3377 2553 Et:
3411 2496 3515 2552 Re-

1912 2601 2135 2673 demptio
2177 2601 2364 2654 anima:
2407 2598 2504 2652 viri
2550 2598 2777 2670 propria:
2822 2596 3020 2650 divitia:
3062 2592 3246 2665 (Prov.
3277 2608 3400 2657 xm,
3432 2586 3513 2662 8).

1912 2694 2196 2750 Adveuam
2221 2706 2438 2764 quoque
2469 2699 2524 2745 et
2556 2688 2907 2761 peregrinum
2931 2730 2946 2753 ,
2976 2685 3067 2757 qui
3101 2684 3337 2741 necdum
3370 2683 3512 2737 civis

1912 2787 2178 2843 Ecclesiae
2231 2787 2407 2841 fuerat
2449 2782 2711 2847 effectus,
2759 2781 2855 2837 sed
2909 2788 3118 2834 tantum
3168 2776 3411 2843 auditor,
3458 2783 3513 2830 et

1913 2880 2120 2936 habens
2150 2880 2299 2934 initia
2333 2877 2488 2946 ﬁdei,
2523 2873 2913 2946 opprimebant
2941 2869 3251 2927 calumnia:
3287 2878 3343 2924 ut
3365 2874 3515 2938 post-

1912 2988 2073 3045 quam
2101 2972 2429 3028 circuissent
2460 2983 2610 3025 mare
2640 2978 2695 3024 et
2725 2965 2965 3031 aridam,
3002 2972 3029 3000 α
3054 2961 3299 3017 facerent
3337 2976 3509 3015 unum

1914 3065 2270 3137 proselytum,
2296 3074 2348 3119 et
2382 3062 2630 3118 iacerent
2660 3074 2783 3115 eum
2816 3057 2989 3113 lilium
3019 3055 3308 3127 gebennm.
3350 3053 3513 3126 260

1912 3158 2059 3214 Inter
2097 3142 2248 3213 tanta
2290 3167 2473 3213 autem
2520 3156 2648 3211 vitia
2680 3163 2737 3210 et
2760 3153 3034 3209 scelerum
3069 3148 3508 3219 multitudinem,

1909 3253 2136 3325 quaesivi
2167 3252 2236 3307 de
2262 3252 2341 3307 eis
2370 3252 2548 3306 virum
2578 3248 2669 3320 qui
2696 3248 2791 3303 ira:
2827 3261 2961 3302 meae
2996 3252 3186 3316 posset
3224 3243 3511 3311 resistere,

1910 3355 1965 3399 et
1994 3347 2165 3401 instar
2190 3344 2387 3416 Moysi,
2411 3354 2467 3399 et
2488 3347 2693 3409 Aaron,
2726 3349 2781 3396 et
2808 3338 3113 3403 Samuelis,
3149 3336 3258 3406 igni
3297 3348 3421 3390 meo
3456 3343 3514 3390 et

1907 3437 2164 3493 incendio
2196 3452 2255 3493 se
2281 3443 2612 3509 opponeret;
2643 3442 2697 3490 et
2726 3448 2834 3488 non
2863 3430 3017 3502 potui
3053 3428 3317 3500 reperire.
3349 3424 3510 3483 Unde

1911 3530 2233 3601 loquebatur
2258 3528 2324 3585 ad
2354 3531 2579 3602 Moysen
2608 3546 2620 3582 :
2668 3526 2883 3581 Dimitte
2912 3540 3024 3589 me,
3054 3531 3101 3577 ct
3132 3520 3311 3577 delebo
3342 3535 3511 3591 popu-

1909 3623 2017 3677 lum
2044 3622 2197 3677 istum
2228 3620 2427 3697 (Exod.
2461 3636 2643 3691 χχχιι,
2700 3617 2810 3690 10).
2867 3617 2936 3671 Ει
2984 3618 3108 3687 quia
3152 3616 3508 3670 resistentem

1908 3715 2074 3783 mihi,
2106 3716 2543 3785 retinentemque
2573 3728 2692 3779 me,
2725 3726 2833 3766 non
2876 3710 3027 3780 potui
3060 3707 3353 3778 reperire:
3384 3719 3514 3776 pro-

1909 3819 2098 3879 pterea
2124 3818 2289 3863 totam
2321 3824 2487 3879 super
2522 3821 2618 3862 eos
2640 3803 2804 3862 elludi
2830 3801 3261 3873 indignationem
3289 3814 3465 3854 meam
3490 3844 3505 3868 ,

1907 3913 1961 3958 et
1990 3901 2303 3972 consumpsi
2334 3901 2480 3968 illos,
2525 3916 2631 3955 non
2678 3898 2891 3967 absque
2935 3907 3193 3950 mensura
3234 3901 3396 3963 atque
3423 3890 3508 3961 ju-

1907 3996 2074 4065 dicio,
2095 3995 2190 4052 sed
2218 4004 2276 4050 ut
2304 3994 2589 4051 redderem
2614 3993 2731 4046 vias
2759 4006 2949 4045 eorum
2973 3987 3024 4042 in
3054 3986 3233 4056 capita
3265 3984 3507 4052 illorum,

1906 4091 1994 4146 vel
2040 4088 2257 4161 propria
2295 4095 2521 4158 peccata
2560 4101 2682 4156 quae
2725 4082 3004 4145 iecerant,
3044 4076 3364 4134 auctoribus
3415 4075 3511 4129 tri-

1904 4183 2099 4249 buens,
2150 4181 2232 4236 vel
2280 4189 2435 4236 certe
2467 4178 2521 4233 in
2548 4176 2730 4248 capita
2760 4172 2950 4247 populi
2979 4170 3157 4237 ducis,
3206 4165 3504 4239 principis,

1906 4292 1970 4331 ac
2021 4272 2431 4346 prOpbetarum,
2484 4285 2718 4343 quorum
2769 4266 2948 4322 nullus
2982 4263 3084 4318 fuit
3126 4264 3220 4334 qui
3253 4258 3507 4315 irascenti

1909 4366 2140 4424 Domino
2168 4366 2396 4422 auderet
2425 4363 2707 4429 resistere,
2757 4370 2812 4417 et
2862 4371 3095 4429 quorum
3145 4368 3315 4411 causa
3363 4362 3509 4407 terra

1906 4459 2153 4534 squalida
2202 4470 2363 4533 atque
2410 4458 2633 4517 deserta
2680 4453 2914 4513 imbrem
2961 4448 3183 4508 Domini
3225 4448 3507 4520 suscipere

1908 4572 2013 4613 non
2048 4555 2270 4612 meruit.

1982 4650 2135 4723 (Cap.
2168 4647 2362 4704 XXIII.
2387 4677 2456 4688 -
2478 4644 2634 4701 Vers.
2664 4644 2689 4699 1
2720 4641 2899 4714 seqq.)
2930 4638 3000 4696 Et
3041 4642 3208 4712 factus
3238 4645 3311 4694 est
3341 4634 3508 4692 sermb

1908 4743 2122 4799 Domini
2150 4741 2219 4795 ad
2250 4757 2356 4806 me,
2409 4739 2625 4793 dicens:
2654 4732 2765 4791 Fili
2812 4733 3059 4797 hominis,
3105 4730 3228 4787 dua:
3273 4730 3512 4786 mulieres

1908 4835 2035 4907 ﬁlia:
2056 4835 2235 4889 matris
2258 4833 2409 4887 unius
2432 4833 2666 4903 fuerunt,
2680 4838 2733 4909 _et
2755 4827 3025 4899 fornicattc
3044 4824 3236 4880 suntin
3251 4821 3509 4896 zEgypto,

1906 4931 1959 4986 in
1987 4929 2335 4985 adolescentia
2372 4944 2466 4981 sua
2511 4925 2783 4997 fornicatte
2813 4931 2952 4979 sunt.
3004 4919 3089 4976 Ibi
3134 4918 3345 4976 subacta
3388 4924 3509 4974 sunt

1906 5023 2063 5077 ubera
2102 5037 2301 5087 earum,
2330 5030 2378 5074 et
2410 5023 2588 5091 fracta:
2613 5027 2729 5073 sunt
2756 5030 2993 5071 mamma:
3020 5013 3307 5086 pubertatis
3328 5025 3507 5065 earum

1906 5116 2087 5189 (sive,
2136 5124 2193 5169 ut
2235 5114 2293 5168 in
2329 5111 2473 5168 LXX
2504 5111 2844 5179 continetur,
2894 5106 2979 5163 Ibi
3021 5107 3321 5162 ceciderunt
3349 5101 3507 5157 ubera

1904 5223 2104 5274 earum,
2137 5215 2182 5261 et
2210 5207 2280 5261 ibi
2307 5206 2642 5278 devirginata:
2662 5202 2837 5275 sunt).
2872 5200 3104 5257 Nomina
3126 5215 3322 5263 earum,
3349 5194 3505 5252 Oolla

1906 5308 2078 5378 major
2106 5302 2244 5376 (sive
2282 5302 2501 5373 senior),
2521 5310 2568 5359 et
2594 5300 2783 5358 Ooliba
2803 5316 2952 5357 soror
2979 5302 3111 5373 ejus.
3151 5296 3213 5351 Et
3244 5295 3402 5349 habui
3424 5311 3507 5349 eas

1907 5398 2048 5471 (sive
2077 5399 2229 5470 facta
2256 5408 2376 5453 sunt
2406 5397 2588 5470 mihi),
2623 5406 2672 5452 et
2718 5403 3020 5469 pepererunt
3067 5391 3208 5463 ﬁlios
3248 5398 3295 5445 et
3343 5387 3502 5459 ﬁlias.

1909 5490 1979 5546 Et
2033 5490 2243 5547 nomina
2288 5507 2500 5559 earum,
2567 5489 2813 5547 Samaria
2868 5485 3052 5551 Oolla,
3112 5493 3163 5539 et
3211 5480 3506 5537 Jerusalem

1912 5582 2117 5641 Ooliba.
2172 5576 2457 5640 Fornicata
2495 5595 2566 5640 est
2605 5582 2764 5655 igitur
2794 5577 2948 5634 Oolla
2972 5592 3129 5648 super
3156 5593 3255 5647 me,
3288 5584 3337 5630 et
3362 5576 3512 5630 insa-

1910 5680 2036 5735 nivit
2078 5677 2221 5754 (sive
2270 5680 2422 5753 abiit)
2470 5678 2539 5733 ad
2590 5686 2847 5733 amatores
2878 5690 3000 5731 suos
3027 5672 3083 5731 in
3115 5670 3379 5747 Assyrios,
3420 5668 3509 5743 qui

299 5860 321 5888 ι
354 5853 457 5914 Duo
485 5868 620 5916 mss.
652 5865 709 5913 ut
735 5859 961 5930 facerent
997 5872 1157 5913 unum
1190 5855 1509 5927 proselytum
1531 5895 1547 5925 ,
1581 5853 1809 5925 facerent
1837 5869 1979 5923 eum,
2006 5862 2111 5912 etc.
