4038 6328
434 256 545 313 2Ιὸ

1685 251 1745 309 S.
1789 246 2064 309 EUSEBII
2106 250 2489 309 HIERONYMI

3594 252 3745 327 eis

430 373 914 445 appropinquabant
963 369 1143 443 [Vulg.
1178 368 1670 443 appmpinquantes]
1710 372 1788 437 ei,
1825 370 2028 425 vestitos
2056 372 2110 431 A
2133 369 2416 433 auxilium.
2446 371 2549 440 Qui
2575 380 2856 443 .venerunt
2879 380 2936 427 et
2966 354 3277 441 polluerunt
3303 386 3457 437 eam,
3492 379 3552 425 ut
3577 369 3749 440 quid-

432 463 783 537 Iiyacintltinis
797 461 977 536 [Vulg.
1004 461 1331 535 hyacintho],
1346 463 1605 533 principes
1618 473 1665 517 et
1681 465 2033 534 magistratus,

434 562 639 629 iuuenes
666 558 923 629 cupidinis
954 558 1094 629 (sive
1122 558 1329 628 electos)
1362 559 1624 614 universos
1647 560 1839 630 equites
1860 574 2036 613 ascen-

426 674 579 712 ‘sores
609 673 875 727 equorum.
910 655 977 710 Et
1008 658 1151 711 dedit
1182 658 1551 727 fornicationes
1581 672 1701 710 suas
1747 672 1905 725 super
1952 669 2036 708 eos

436 751 624 804 electos
663 751 800 819 ﬁlios
860 750 1196 822 Assyriorum
1250 752 1550 818 universos,
1601 760 1648 803 et
1696 751 1751 803 in
1802 748 2038 803 omnibus

435 860 590 915 super
631 860 760 914 quos
788 843 1034 898 insanivit
1062 845 1116 898 in
1146 843 1489 897 immunditiis
1528 845 1668 914 (sive
1711 842 2037 896 adinventio-

438 938 614 1008 nibus)
641 955 819 992 eorum
849 939 1048 1010 polluta
1078 950 1173 993 est.
1203 937 1426 1007 Insuper
1449 948 1494 992 et
1518 938 1889 1009 fornicationes
1916 954 2039 992 suas

439 1047 566 1101 quas
598 1030 845 1085 habuerat
878 1034 929 1084 in
963 1030 1221 1104 .Egypto,
1261 1046 1364 1084 non
1410 1031 1638 1101 reliquit.
1686 1028 1825 1083 Nam
1874 1037 1921 1081 et
1962 1027 2042 1082 illi
2080 1088 2093 1103 ,

444 1124 768 1177 dormierunt
798 1141 913 1177 cum
946 1140 1006 1177 ea
1032 1124 1086 1178 in
1113 1123 1463 1178 adolescentia
1494 1127 1628 1196 ejus.
1652 1134 1702 1177 et
1728 1124 1809 1177 illi
1840 1126 2044 1193 confre-

442 1226 625 1287 gerant
665 1216 825 1270 ubera
854 1216 1133 1284 pubertatis
1164 1216 1278 1284 ejus
1308 1214 1446 1285 (sive
1474 1226 1520 1268 et
1560 1214 1658 1285 ipsi
1692 1214 2045 1287 derirginare-

443 1321 560 1365 rant
584 1308 748 1379 eam):
770 1320 812 1364 et
836 1308 1129 1375 e/fuderunt
1148 1309 1542 1379 fornicationem
1563 1326 1709 1361 suam
1731 1325 1885 1379 super
1905 1323 2040 1363 eam.

450 1401 731 1473 PrOpterea
779 1401 971 1454 tradidi
1014 1416 1128 1456 eam
1154 1401 1209 1454 in
1238 1416 1425 1455 manus
1473 1410 1764 1455 amatorum
1791 1412 2003 1454 suorum
2025 1441 2042 1467 ,

445 1498 499 1550 in
529 1513 711 1550 manus
739 1496 971 1565 ﬁliorum
1001 1500 1186 1560 Assur,
1213 1512 1369 1569 super
1398 1513 1618 1567 quarunt
1658 1496 1901 1549 insanivit
1923 1494 2043 1548 libi-
2080 1530 2083 1535 ν

449 1592 641 1646 dinem.
675 1590 783 1663 Ipsi
814 1592 1273 1662 discooperuerunt
1298 1592 1635 1664 ignominiam
1663 1593 1807 1662 ejus:
1842 1591 1976 1654 ﬁlios
2000 1601 2046 1645 et

449 1686 587 1755 ﬁlias
636 1688 777 1740 illius
834 1685 1097 1752 tulerunt;
1159 1698 1203 1739 et
1258 1688 1424 1757 ipsam
1481 1687 1781 1739 occiderunt
1845 1685 2043 1759 gladio.

2140 462 2267 531 quid
2295 463 2347 517 in
2371 462 2744 519 adolescentia
2779 463 2981 519 iecerat
3014 465 3066 519 in
3098 465 3334 536 Egypto
3355 506 3369 532 ,
3423 464 3584 537 262
3627 478 3748 519 non

2140 554 2495 625 relinqueret.
2530 555 2659 610 Nam
2692 565 2745 612 et
2775 555 3018 629 Egyptii
3049 557 3461 613 concubuerant
3502 573 3624 611 cum
3675 571 3748 612 ea

2142 649 2195 702 in
2237 647 2607 705 adolescentia
2658 650 2810 721 ejus,
2862 666 3093 721 quorum
3142 651 3433 706 simulacra
3483 658 3747 704 venerata

2142 752 2263 809 est;
2298 743 2481 815 ibique
2512 745 2851 816 devirginata
2875 788 2890 811 ,
2925 759 2979 801 et
3011 748 3283 801 confracta
3317 754 3445 799 sunt
3476 745 3637 799 ubera
3679 744 3750 798 il-

2144 837 2249 891 lius
2277 855 2290 892 :
2319 846 2375 893 et
2407 847 2554 893 tanta
2588 839 2686 893 luit
2714 838 3092 895 fornicationis
3125 840 3456 895 abundantia
3484 883 3499 905 ,
3528 852 3586 893 ut
3634 853 3753 894 non

2143 930 2396 985 fornicati
2430 947 2554 986 cum
2586 948 2646 987 ea
2670 974 2685 1000 ,
2716 933 2811 989 sed
2840 934 3257 988 fornicationem
3298 950 3449 987 suam
3481 948 3648 1002 super
3679 932 3753 988 il-

2144 1021 2251 1077 lam
2298 1022 2561 1079 ell'ndisse
2588 1024 2859 1080 dicantur.
2890 1026 3183 1095 Propterea
3237 1025 3433 1080 tradita
3482 1035 3567 1081 est
3612 1025 3751 1094 ipsis

2144 1117 2480 1172 amatoribus
2509 1120 2623 1173 suis
2650 1160 2664 1183 ,
2699 1118 2835 1174 Phul
2861 1129 2915 1174 et
2945 1118 3515 1190 'l'heglathplialassar,
3542 1128 3595 1173 et
3623 1118 3754 1174 Sal-

2148 1225 2423 1279 manasar,
2458 1211 2510 1267 in
2558 1228 2791 1283 quorum
2854 1213 3115 1268 insanivit
3164 1214 3479 1277 libidinem,
3535 1223 3589 1267 et
3642 1213 3751 1283 ipsi

2145 1305 2640 1376 discooperuerunt
2689 1309 3037 1378 ignominiam
3111 1310 3230 1378 ejus
3265 1351 3279 1374 ,
3331 1309 3750 1385 τροπαλογικῶς,

2146 1399 2300 1468 quasi
2356 1400 2601 1455 mulieris
2645 1401 2957 1456 meretricis
2998 1400 3106 1473 (IV
3160 1401 3289 1473 Reg.
3324 1417 3432 1455 xvn
3479 1409 3525 1454 et
3568 1415 3701 1455 xvnt
3729 1439 3747 1467 ,

2147 1489 2164 1544 l
2202 1490 2385 1546 Patal.
2419 1492 2499 1562 v).
2538 1492 2821 1548 Revelatio
2869 1505 3049 1549 autem
3093 1494 3278 1560 urbis,
3329 1494 3613 1563 captivitas
3639 1500 3753 1558 est,

2150 1584 2238 1654 qui
2275 1583 2419 1638 ﬁlios
2451 1595 2505 1641 et
2536 1585 2680 1641 ﬁlias
2726 1601 2912 1641 earum
2947 1587 3157 1642 duxere
3186 1586 3461 1656 captivas,
3490 1596 3546 1641 et
3575 1588 3755 1655 ipsam

2149 1679 2332 1749 gladio
2389 1680 2763 1747 trucidarunt,
2806 1680 2880 1734 ita
2937 1689 2995 1735 ut
3050 1680 3104 1735 in
3160 1683 3401 1735 omnium
3459 1681 3754 1735 mulierum

452 1777 523 1833 Et
580 1779 733 1849 factm
799 1789 917 1833 sunt
987 1782 1200 1850 [αηιοεαε
1253 1779 1493 1833 mulieres
1541 1779 1700 1850 (sive
1767 1780 1911 1849 facta
1974 1790 2049 1835 est
2080 1771 2464 1843 Bexemplum
2512 1773 2759 1844 jugulata
2794 1774 2896 1839 sit;
2948 1785 3003 1829 et
3045 1774 3343 1835 in.malam
3379 1784 3585 1849 partem
3619 1790 3760 1831 cun-

450 1876 504 1927 in
564 1892 794 1929 sermone
842 1874 1198 1944 mulierum);
1253 1884 1301 1930 et
1338 1876 1543 1945 judicia
1592 1874 1739 1946 (sive
1796 1876 2052 1946 ultiones)

450 1965 610 2038 261
642 1968 870 2037 fecerunt
893 1968 947 2021 in
975 1985 1052 2021 ea.
1072 1967 1366 2022 Duodecim
1393 1967 1565 2022 tribus
1593 1967 1755 2022 lsrael
1786 1984 1906 2038 qua:
1940 1967 2055 2024 lue-

454 2070 580 2114 runt
620 2060 825 2130 junctae
851 2063 903 2116 in
936 2061 1209 2132 ngypto,
1236 2070 1421 2132 postea
1452 2077 1574 2118 esse
1602 2062 1801 2117 divisas
1831 2063 1884 2117 in
1916 2063 2055 2118 duas

454 2163 509 2207 et
556 2153 743 2209 decem
800 2155 999 2223 tribus,
1035 2153 1443 2225 appellatasque
1488 2154 1679 2209 Judam
1733 2166 1788 2211 et
1843 2157 2049 2227 Israel,

456 2248 665 2318 Regum
713 2258 766 2303 et
806 2249 1256 2318 Paralipomenon
1301 2248 1578 2317 Scriptura
1614 2258 1859 2304 testatur.
1902 2250 2055 2306 Judte

451 2344 696 2414 regnavit
716 2343 783 2396 de
814 2346 982 2413 stirpe
1008 2343 1204 2410 David,
1224 2343 1465 2397 Roboam
1498 2343 1639 2399 lilius
1665 2343 1969 2401 Salomonis
2000 2346 2054 2404 in

451 2434 774 2498 Jerusalem,
798 2435 1025 2491 obierat
1050 2437 1304 2508 templum
1334 2447 1387 2492 et
1416 2438 1755 2508 sacerdmes,
1781 2449 1836 2495 et
1866 2454 2055 2511 magna

454 2542 581 2598 pars
609 2528 780 2584 tribus
810 2527 962 2583 Levi.
996 2529 1193 2583 Decem
1222 2538 1401 2584 autem
1434 2530 1680 2585 tribubus
1726 2530 1779 2586 in
1810 2532 2055 2589 Samaria

455 2620 745 2676 Jeroboam
773 2620 918 2675 illius
939 2620 1112 2675 Nabat
1136 2620 1205 2677 de
1227 2621 1335 2692 [ΑΙ.
1367 2622 1595 2695 Nabadi]
1628 2625 1765 2678 tribu
1801 2624 2055 2694 Ephraim

456 2723 513 2768 et
537 2712 773 2782 Joseph;
804 2728 1031 2783 quarum
1078 2712 1328 2767 Samaria
1355 2727 1496 2768 nunc
1524 2714 1828 2784 appellatur
1859 2715 2017 2770 Oolla
2039 2758 2053 2783 ,

454 2808 599 2878 quod
622 2807 676 2862 in
707 2808 883 2878 lingua
918 2818 1101 2862 nostra
1129 2817 1287 2863 sonat
1318 2808 2054 2865 tabernaculum:Jerusalem

455 2915 584 2954 vero
613 2897 822 2965 Uoliba,
866 2900 965 2955 hoc
995 2908 1109 2965 est,
1140 2900 1529 2954 tabernaculum
1561 2917 1728 2955 meum
1757 2901 1812 2954 in
1855 2918 1935 2956 ea.
1966 2901 2053 2957 Si-

454 2992 671 3060 quidem
698 3000 755 3047 et
781 2993 834 3046 in
862 2992 1048 3047 decem
1089 2992 1333 3048 tribubus
1360 3001 1478 3047 erat
1506 2992 1915 3049 tabernaculum
1948 3010 2056 3050 non
2098 3002 2103 3005 '

454 3082 583 3160 Dei,
616 3086 710 3139 sed
738 3084 1030 3140 idolorum.
1060 3086 1269 3140 Aureus
1318 3085 1462 3140 enim
1494 3085 1784 3141 Jeroboam
1806 3129 1820 3152 ,
1854 3096 1912 3142 ut
1956 3103 2054 3158 po-

2156 1875 2366 1921 etarum
2413 1870 2669 1922 Sermone
2701 1868 3030 1923 celebretur.
3064 1869 3163 1936 Qui
3192 1868 3393 1937 judicia
3428 1878 3482 1923 et
3514 1867 3758 1922 uliones

2154 1959 2402 2016 fecerunt
2433 1962 2485 2014 in
2517 1976 2577 2015 ea
2598 2004 2611 2027 ,
2640 1969 2697 2016 ut
2720 1962 2852 2016 nihil
2883 1962 2936 2016 in
2981 1962 3068 2017 illa
3101 1962 3293 2018 salutis
3335 1962 3755 2032 relinquerent;

2156 2056 2251 2110 sed
2289 2058 2461 2127 usque
2492 2056 2652 2111 hodie
2692 2057 2879 2112 decem
2912 2058 3085 2112 tribus
3119 2059 3347 2125 captivae
3381 2066 3669 2111 teneantur
3700 2058 3758 2111 in

2160 2150 2437 2205 montibus
2465 2160 2521 2205 et
2546 2150 2598 2205 in
2630 2149 2857 2205 urbibus
2883 2150 3186 2219 Medorum,
3222 2150 3288 2206 ad
3310 2165 3447 2222 quas
3480 2150 3762 2205 translatae

2159 2255 2304 2301 sunt.
2339 2244 2499 2300 Juxta
2532 2262 2813 2318 anagogen
2842 2248 2893 2302 in
2923 2246 3064 2303 Osee
3095 2246 3360 2318 propheta
3389 2248 3517 2318 quid
3549 2247 3764 2318 signiti-

2158 2346 2245 2392 cet
2282 2336 2517 2407 Joseph,
2552 2338 2842 2409 Ephraim,
2887 2339 3155 2406 Samaria,
3187 2341 3428 2405 Jezrael,
3461 2348 3516 2395 et
3545 2339 3713 2395 lsrael
3739 2382 3755 2404 ,

2159 2438 2214 2485 et
2234 2430 2510 2501 quomodo
2535 2432 2830 2487 contraria:
2853 2432 2963 2488 sint
2998 2433 3184 2488 domui
3218 2432 3415 2500 David,
3454 2441 3511 2488 et
3533 2433 3759 2488 Jerusa-

2160 2521 2288 2589 lem,
2315 2538 2435 2593 quae
2468 2524 3102 2599 signiticat~Ecclesiam,
3135 2527 3342 2598 plenius
3371 2525 3757 2582 disseruimus.

2161 2616 2238 2670 De
2258 2617 2456 2687 quibus
2475 2627 2529 2673 et
2556 2622 2991 2691 septuagesimus
3017 2622 3283 2692 septimus
3312 2623 3552 2693 psalmus
3577 2631 3756 2675 sonat:

2159 2705 2292 2761 Filii
2320 2707 2571 2779 Ephraim
2596 2710 2918 2767 intendentes
2940 2722 2987 2765 et
3014 2715 3269 2768 mittentes
3297 2729 3499 2781 arcum,
3526 2713 3760 2768 conversi

2158 2812 2577 2857 suntretrorsum
2605 2805 2658 2858 in
2700 2806 2783 2859 die
2830 2804 2950 2859 belli
2983 2807 3154 2878 (Psal.
3187 2822 3407 2871 Lxxvu,
3433 2806 3514 2878 9).
3549 2811 3611 2860 Et
3654 2807 3759 2863 itc-

2160 2912 2322 2951 rum:
2355 2897 2565 2966 Repulit
2611 2899 2997 2954 tabernaculum
3036 2898 3254 2972 Ioseph,
3296 2912 3342 2957 et
3366 2900 3519 2972 elegit
3566 2900 3759 2955 tribum

2159 2987 2302 3044 Iuda
2331 2989 2495 3063 (Ibid.
2519 3034 2532 3058 ,
2558 2992 2673 3061 67).
2726 2993 2903 3064 Elegit
2932 2996 3075 3049 enim
3107 2996 3247 3049 Deus
3280 2994 3503 3051 domum
3536 2996 3758 3051 confes-

2161 3084 2331 3138 sionis
2366 3085 2661 3140 Ecclesiam
2686 3129 2701 3154 ,
2736 3098 2790 3141 et
2821 3088 3019 3157 repulit
3065 3088 3481 3143 tabernaculum
3510 3086 3711 3160 Ioseph
3738 3129 3754 3155 ,

453 3157 637 3247 pulum
685 3184 961 3232 averteret
1000 3193 1030 3229 a
1078 3178 1224 3232 cultu
1260 3177 1387 3246 Dei,
1420 3178 1619 3233 vitulos
1660 3157 1968 3235 collocarat,
2002 3180 2054 3235 in
2085 3157 2129 3219 C
2164 3179 2307 3249 quod
2350 3180 2742 3249 interpretatur
2786 3191 3141 3253 augmentum.
3191 3185 3329 3250 Qui,
3384 3157 3755 3253 praetermissa

454 3271 565 3323 Dan
592 3282 644 3325 et
670 3270 880 3326 Betliel.
916 3272 1172 3326 Dicamus
1218 3286 1349 3341 ergo
1384 3271 1453 3327 de
1496 3272 1742 3343 singulis.
1778 3273 1910 3329 Duae
1940 3275 2058 3330 istze

454 3350 744 3430 mulieres,
771 3363 1016 3418 Samaria
1066 3374 1121 3418 et
1159 3363 1493 3432 Jerusalem,
1530 3365 1652 3420 liii-.e
1685 3366 1905 3422 fuerunt
1945 3385 2061 3422 ma-

453 3455 551 3509 tris
604 3455 761 3509 unius
809 3454 875 3511 de
920 3454 1089 3511 Israel
1141 3456 1313 3526 stirpe
1358 3466 1662 3526 generatas,
1695 3468 1750 3513 et
1778 3459 2059 3516 formcatae

451 3555 580 3602 sunt
600 3548 652 3603 iu
679 3546 919 3618 Egypto
946 3548 997 3602 in
1026 3548 1391 3604 adolescentia
1421 3564 1535 3605 sua.
1565 3549 1754 3621 Neque
1784 3554 1930 3607 enim
1964 3570 2055 3609 ac‘

451 3646 727 3715 cepissent
758 3643 955 3716 Legem
987 3644 1198 3699 eductae
1222 3645 1292 3700 de
1320 3644 1558 3717 [Egypto
1589 3648 1641 3701 in
1676 3657 1856 3703 monte
1887 3649 2011 3705 Sina
2041 3690 2055 3716 ,

454 3738 836 3809 prohibentem
860 3754 952 3794 eas
974 3739 1225 3794 venerari
1249 3738 1414 3805 idola,
1444 3739 1546 3793 nisi
1575 3739 1629 3794 in
1662 3738 1901 3811 Egypto
1929 3742 2060 3796 fuis-

452 3843 578 3886 sent
607 3830 862 3909 JEgyptia
898 3840 1147 3900 portenta
1180 3841 1479 3886 veneratae.
1512 3830 1699 3886 Potest
1730 3842 1909 3888 autem
1944 3850 2056 3889 ma-

454 3936 536 3981 ter
566 3925 852 3979 ambarum
882 3939 1006 3980 esse
1043 3924 1300 3980 Chethaza
1322 3967 1338 3992 ,
1370 3925 1437 3980 de
1463 3941 1566 3995 qua
1596 3940 1761 3996 supra
1787 3926 2015 3997 legimus
2040 3946 2054 3982 :

449 4018 618 4073 Pater
660 4028 826 4074 vester
880 4018 1235 4086 Amorrltwus,
1290 4030 1336 4073 et
1393 4029 1557 4074 mater
1609 4030 1776 4074 vestra
1818 4021 2059 4078 Cltetluca

444 4113 655 4183 (Supra
685 4128 773 4168 Ἆγι
793 4154 808 4180 ,
841 4112 921 4184 5).
950 4112 1057 4169 Sed
1081 4125 1134 4168 et
1166 4112 1383 4183 quando
1413 4112 1658 4168 dicitur:
1698 4112 2059 4186 Unusquisque

451 4203 861 4259 abominationes
892 4202 1116 4274 eEgypti
1142 4205 1345 4275 auferat
1372 4203 1433 4257 ab
1464 4203 1625 4258 oculis
1673 4206 1807 4272 suis,
1840 4210 1944 4260 hoc
1986 4208 2061 4260 si-

450 4296 708 4368 gniﬁcat,
734 4296 882 4367 quod
932 4296 985 4350 in
1032 4294 1269 4367 Egypto
1296 4297 1466 4351 lsrael
1495 4296 1658 4352 idolis
1681 4298 1939 4353 servierit
1959 4339 1973 4363 ,
2002 4311 2057 4355 et

454 4390 532 4445 ibi
575 4390 906 4455 ceciderint,
941 4391 1056 4445 sive
1106 4388 1277 4445 fracta
1326 4390 1441 4444 sint
1499 4390 1670 4447 ubera
1725 4393 2056 4463 virginitatis

453 4482 608 4551 ejus;
652 4482 939 4552 majorque
977 4480 1224 4537 Samaria
1250 4480 1451 4537 dicitur
1488 4493 1542 4537 et
1572 4484 1781 4551 senior,
1810 4487 1893 4541 vel
1930 4501 2055 4557 pro-

452 4584 577 4646 pter
608 4575 1016 4631 multitudinem
1057 4575 1244 4632 decem
1302 4576 1575 4644 tribuum,
1622 4580 1706 4632 vel
1754 4580 1879 4649 quia
1932 4591 2057 4649 post

452 4678 689 4725 mortem
731 4670 903 4741 Moysi
945 4669 1014 4726 de
1042 4670 1297 4740 Epliraim
1332 4672 1507 4739 tribu,
1539 4672 1698 4728 Jesus
1737 4674 1882 4731 lilius
1909 4674 2055 4732 Nave

450 4764 659 4836 populo
688 4763 941 4833 praefuit:
979 4764 1120 4821 unde
1151 4775 1207 4820 et
1233 4764 1562 4833 Jeroboam,
1592 4767 1683 4835 qtti
1725 4768 1885 4823 scidit
1916 4784 2009 4824 eas
2038 4812 2053 4837 ,

450 4876 480 4917 a
510 4861 678 4917 domo
709 4861 877 4916 David
908 4861 1076 4917 fuisse
1108 4863 1336 4933 legimus
1360 4861 1452 4935 (ΙΙΙ
1480 4861 1609 4934 Reg.
1636 4864 1758 4931 xu).
1780 4864 1847 4919 Et
1869 4864 2057 4921 habuit

451 4969 545 5009 eas
577 4954 723 5009 Deus
747 4996 762 5023 ,
794 4954 909 5009 sive
956 4953 1116 5009 facta:
1160 4963 1287 5009 sunt
1323 4955 1477 5023 ejus,
1512 4957 1732 5025 quando
1777 4957 2054 5028 ingemue-

452 5055 581 5101 runt
611 5046 679 5100 ab
702 5046 963 5117 operibus
993 5044 1248 5118 JEgypti,
1295 5046 1410 5100 luto
1461 5047 1609 5116 prius
1652 5060 1705 5102 et
1747 5049 1905 5103 lateri
1934 5064 2050 5104 ser-

450 5140 687 5194 vientes.
718 5139 851 5205 Quae
880 5148 1071 5209 postea
1104 5138 1179 5193 illi
1226 5139 1365 5194 lilios
1388 5148 1443 5195 et
1466 5140 1633 5209 tilias,
1654 5142 1748 5197 .vel
1781 5142 1831 5196 in
1863 5143 2052 5197 solitu-

447 5233 611 5299 dine,
644 5234 727 5289 vel
781 5236 836 5289 in
882 5236 1330 5305 repromissionis
1383 5244 1526 5291 terra
1565 5248 1893 5308 genuerunt.
1937 5238 2052 5292 Pri-

448 5342 707 5395 mumque
733 5326 996 5382 fornicata
1022 5334 1110 5382 est
1136 5327 1313 5395 Oolla,
1350 5329 1403 5384 id
1431 5339 1552 5395 est,
1587 5328 1853 5396 Samaria,
1887 5345 2051 5401 super

449 5419 659 5487 Deum,
704 5420 924 5491 quando
977 5422 1237 5477 insanivit
1289 5423 1343 5477 in
1394 5425 1691 5497 Assyrios,
1725 5425 1816 5495 qui
1867 5426 2049 5481 vestiti

448 5512 569 5582 ejus
595 5513 999 5585 hyacinthiois,
1024 5526 1077 5571 et
1100 5532 1210 5572 non
1260 5516 1545 5587 quoslibet
1572 5516 1643 5572 de
1686 5516 1922 5588 populo,
1953 5516 2049 5574 sed

448 5607 697 5663 duceset
726 5611 1083 5682 magistratus
1106 5658 1120 5681 ,
1155 5627 1258 5669 nec
1294 5621 1457 5668 aetate
1500 5612 1807 5677 conlectos,
1838 5612 1934 5668 sed
1959 5612 2050 5684 ju-

443 5715 615 5756 venes
664 5717 884 5770 omnes,
920 5704 1133 5775 equites
1178 5704 1417 5771 electos,
1455 5720 1684 5776 quorum
1733 5715 1921 5760 secuta
1967 5714 2051 5762 est

442 5793 629 5864 idola,
657 5804 713 5854 ct
741 5810 772 5851 ι
795 5798 995 5869 quibus
1033 5808 1223 5856 contra
1266 5799 1567 5871 jussioncm
1612 5799 1707 5858 Dei
1753 5801 2050 5871 postulavit

2161 3271 2304 3343 Lege
2334 3274 2463 3341 Dei,
2500 3290 2696 3329 aureos
2732 3276 2959 3330 culturae
2991 3292 3105 3331 sua:
3155 3278 3355 3333 vitulos
3396 3278 3755 3333 addiderunt:

2161 3374 2215 3419 et
2238 3366 2582 3435 appellantur
2607 3366 2761 3423 Oolla
2782 3412 2795 3434 ,
2829 3368 2883 3423 id
2914 3379 3029 3434 est,
3054 3369 3469 3441 tabernaculum,
3497 3385 3605 3425 non
3635 3370 3753 3441 Dei,

2161 3458 2257 3512 sed
2287 3460 2492 3514 erroris
2516 3469 2567 3514 et
2590 3460 2924 3517 daemonum.
2960 3463 3026 3517 Et
3053 3477 3211 3518 soror
3240 3464 3416 3535 major
3447 3480 3510 3520 ac
3532 3466 3714 3521 senior
3741 3507 3756 3533 ,

2164 3560 2390 3620 propter
2436 3553 2840 3615 multitudinem
2879 3566 2934 3610 et
2982 3556 3354 3626 captivitatem
3406 3558 3474 3613 ab
3519 3558 3759 3630 Assyriis

2162 3632 2424 3701 fornicata
2452 3657 2535 3702 est
2565 3658 2753 3703 centra
2784 3650 2953 3705 Deum
2974 3695 2987 3716 ,
3025 3652 3151 3720 quia
3185 3652 3477 3722 dereliquit
3504 3652 3633 3707 ﬁdei
3662 3667 3759 3708 ve-

2160 3740 2409 3807 ritatem,
2433 3749 2490 3796 et
2521 3741 2779 3796 insanivit
2812 3744 2863 3797 in
2894 3742 3278 3800 haereticorum
3311 3744 3586 3815 principes
3611 3760 3759 3800 ama-

2162 3843 2313 3890 tores
2343 3849 2504 3901 suos,
2532 3836 2625 3906 qui
2675 3838 2856 3892 vestiti
2905 3847 3064 3893 erant
3112 3839 3510 3911 hyacinthinis,
3543 3839 3757 3895 excelsa
3790 3840 3799 3847 ’

2162 3927 2239 3983 illi
2263 3939 2315 3984 et
2344 3929 2589 3984 caelestia
2624 3932 3038 4000 promittentes;
3066 3942 3121 3987 et
3158 3947 3512 4000 ascensores,
3547 3932 3614 3987 de
3641 3934 3760 4003 qui-

2162 4020 2264 4075 bus
2286 4020 2489 4075 dictum
2519 4034 2601 4076 eSt
2628 4022 2747 4083 ε,Ηὶ
2770 4025 2823 4077 in
2844 4027 3103 4094 curribus,
3135 4035 3181 4079 et
3211 4027 3261 4079 in
3301 4028 3445 4097 equis
3472 4024 3592 4097 (Ps.
3626 4042 3711 4080 χιχ
3740 4072 3753 4093 ,

2164 4114 2245 4184 8),
2279 4115 2486 4170 eleCtos
2526 4114 2670 4171 ﬁlios
2694 4118 3047 4189 Assyriorum
3072 4129 3127 4173 et
3157 4118 3327 4174 duces
3366 4134 3430 4172 ac
3472 4120 3758 4188 magistra-
3788 4144 3797 4147 -

2164 4210 2377 4278 tus,qui
2405 4209 2688 4264 scientiam
2722 4211 2824 4266 sibi
2852 4221 2907 4277 et
2934 4212 3302 4283 eloquentiam
3336 4212 3753 4281 repromittunt.

2165 4299 2277 4355 Hoc
2304 4313 2484 4355 autem
2519 4312 2802 4372 propterea
2832 4303 2990 4369 fecit,
3023 4306 3165 4373 quod
3196 4306 3417 4381 easdem
3449 4305 3758 4360 fornicatio-

2164 4406 2261 4447 nes
2306 4408 2440 4463 quas
2490 4394 2762 4450 habuerat
2800 4396 2855 4451 in
2905 4396 3177 4469 Egypto,
3211 4398 3262 4451 id
3312 4407 3427 4466 est,
3466 4408 3757 4467 antequam

2162 4484 2444 4551 crederet,
2477 4496 2531 4540 et
2562 4486 2740 4541 adhuc
2784 4489 2838 4541 in
2886 4490 3086 4543 saeculo
3115 4491 3461 4552 versabatur,
3492 4492 3659 4546 etiam
3703 4492 3757 4547 in

2087 4543 2133 4601 υ
2162 4576 2357 4632 haeresi
2394 4578 2657 4633 exercuit.
2690 4578 2758 4632 Et
2781 4575 3121 4650 devirginata
3148 4591 3233 4637 est
3259 4582 3367 4655 [ΑΙ.
3404 4584 3759 4654 devirginatte

2159 4669 2308 4740 sunt]
2355 4686 2384 4723 a
2432 4670 2569 4724 viris
2602 4672 2841 4741 Assyriis
2884 4673 2979 4743 qui
3011 4675 3067 4728 in
3111 4675 3318 4731 malitia
3362 4689 3756 4747 perseverant,

2160 4761 2321 4833 263
2349 4764 2462 4818 sive
2495 4763 2785 4818 ultoribus.
2832 4764 3195 4822 Adversarius
3232 4768 3377 4823 enim
3430 4778 3617 4825 noster
3646 4770 3761 4826 dia-

2160 4855 2348 4923 bolus,
2406 4856 2523 4923 ipse
2573 4869 2656 4912 est
2707 4857 2959 4914 inimicus
3020 4869 3074 4915 et
3134 4862 3277 4917 ultor
3309 4863 3354 4935 (Ι
3385 4863 3531 4918 Petr.
3568 4866 3643 4935 ν).
3678 4865 3759 4922 Illi

2157 4949 2542 5019 confregerunt
2590 4952 2761 5006 ubera
2789 4951 3088 5021 Samarize;
3116 4966 3170 5010 et
3215 4956 3587 5028 virginitatem
3639 4960 3759 5030 ejus

2160 5056 2321 5111 quam
2355 5041 2619 5097 habuerat
2648 5044 2701 5096 iu
2734 5044 2975 5100 Ecclesia
2997 5089 3011 5111 ,
3045 5048 3420 5117 perdiderunt.
3461 5051 3759 5122 Propterea

2163 5134 2359 5190 tradita
2396 5147 2477 5190 est
2532 5139 2866 5194 amatoribus
2913 5142 3059 5207 suis,
3087 5143 3242 5212 juxta
3291 5144 3617 5215 Apostolum
3667 5150 3758 5219 qui

2160 5229 2351 5283 scribit
2377 5248 2389 5283 :
2418 5228 2642 5285 Tradidi
2670 5249 2755 5287 eos
2787 5234 3022 5298 Satanae,
3058 5244 3111 5289 ut
3154 5238 3353 5292 discant
3382 5256 3485 5294 non
3522 5241 3761 5311 blasphe-

2158 5341 2301 5378 mare
2359 5324 2404 5396 (Ι
2437 5323 2573 5378 Tim.
2609 5341 2660 5391 ι,
2698 5325 2815 5397 20).
2849 5328 2950 5381 Et:
2984 5327 3203 5383 Tradidi
3248 5348 3331 5385 eos
3392 5334 3445 5387 in
3498 5335 3757 5390 interitum

2161 5418 2351 5485 carnis,
2380 5430 2435 5473 ut
2461 5419 2673 5491 spiritus
2698 5420 2869 5495 salvus
2896 5422 2988 5491 fiat
3015 5422 3059 5492 (l
3088 5422 3207 5478 Cor.
3242 5440 3294 5491 ν,
3330 5425 3406 5496 5).
3436 5425 3518 5481 Illi
3547 5427 3761 5483 discoo-

2158 5522 2453 5583 peruerunt
2482 5514 2835 5585 ignominiam
2882 5515 3097 5570 miserae
3125 5516 3389 5574 Samaria:
3411 5561 3424 5584 ,
3457 5530 3512 5575 et
3537 5537 3756 5579 omnem

2158 5608 2309 5664 illius
2334 5608 2695 5664 ostenderunt
2737 5609 3129 5679 turpitudinem
3155 5654 3171 5680 ,
3207 5612 3461 5684 ﬁliosque
3487 5625 3543 5671 et
3571 5616 3712 5672 ﬁlias
3736 5658 3755 5685 ,

2157 5701 2248 5772 qui
2271 5700 2337 5755 de
2368 5701 2458 5757 illa
2481 5702 2725 5773 generati
2752 5712 2877 5758 sunt
2897 5745 2912 5772 ,
2951 5706 3180 5760 scientia
3211 5707 3506 5777 prteditos,
3536 5718 3589 5765 et
3618 5710 3752 5765 sim-

2158 5795 2327 5867 plices
2374 5803 2537 5868 atque
2581 5796 2861 5869 imperitos
2913 5797 3121 5857 duxere
3174 5803 3450 5874 captivos,
3480 5814 3535 5861 et
3578 5803 3748 5875 ipsam
