4038 6328
238 291 352 346 217

896 286 1558 347 COMMENTARIORUM
1599 287 1666 345 IN
1705 285 2142 346 EZECIIIELEM
2180 289 2310 347 LIB.
2355 291 2469 349 Vll.
2510 291 2667 351 CAP.
2708 288 2903 350 XXIII.

3443 289 3551 348 2l8

235 401 640 458 interfecerunt
687 400 872 474 gladio
917 400 1186 474 spiritali:
1233 401 1514 473 totiusque
1562 399 1748 457 mundi
1795 402 1848 456 in
1878 402 1932 464 Λ
1954 416 2017 459 ea
2044 445 2060 471 ,
2091 412 2149 459 ut
2176 419 2298 475 qum
2342 407 2548 462 sororis
2578 407 2786 464 scelera
2838 407 3081 471 vicerat,
3110 416 3393 476 pennarum
3419 418 3556 476 quo-

229 494 449 551 malam
477 503 692 566 partem
723 509 979 552 sermone
1003 494 1366 564 celebrantur,
1391 503 1446 550 et
1469 493 1606 550 fiunt
1627 493 1850 550 famosae

231 586 388 641 inter
417 599 612 642 cuncta
644 588 834 644 saaculi
879 588 1129 659 dogmata
1151 629 1165 653 ,
1201 596 1259 642 ut
1287 589 1340 643 in
1382 587 1691 660 exemplum
1735 603 1852 644 om-

231 676 398 732 nium
429 679 759 734 feminarum
793 668 1072 748 turpitudo
1104 678 1248 734 illius
1279 679 1552 749 puniatur.

304 771 502 841 (Vers.
557 774 616 828 11
663 773 846 845 seqq.)
896 774 1047 840 Quod
1105 789 1222 826 cum
1285 771 1492 839 vidisset
1538 789 1686 827 soror
1741 777 1853 845 ejus

233 866 457 934 Doliba,
491 867 770 940 plusquam
792 869 887 922 illa
913 868 1155 923 insanivit
1187 867 1436 922 libidine:
1461 875 1508 921 et
1553 869 1858 939 fornicatio-

231 979 354 1016 nem
409 979 566 1015 suam
625 979 784 1032 super
835 961 1229 1032 fornicationem
1258 962 1453 1016 sororis
1492 975 1600 1015 sure
1620 961 1688 1014 ad
1719 961 1855 1029 filios

229 1057 587 1128 Assyriorum
619 1058 836 1127 praebuit
864 1057 1227 1124 impudenter:
1253 1055 1467 1110 ducibus
1494 1072 1554 1110 ac
1575 1056 1854 1127 magistra-

228 1152 374 1206 tibus
403 1155 475 1207 ad
507 1170 566 1207 se
590 1154 929 1216 uenientibus,
967 1153 1165 1206 indutis
1196 1161 1330 1207 ueste
1351 1153 1496 1206 uaria
1556 1150 1695 1221 (sive
1738 1167 1855 1221 pre-

229 1244 427 1317 tiosa);
456 1248 740 1316 equitibus,
771 1248 860 1318 qui
894 1247 1228 1302 vectabantur
1253 1248 1418 1318 equis,
1445 1257 1492 1300 et
1515 1247 1856 1301 adolescenti-

230 1337 350 1404 bus,
407 1338 585 1406 forma
636 1341 834 1394 cunctis
857 1341 1076 1412 egregia.
1105 1339 1174 1394 Et
1200 1340 1305 1393 vidi
1334 1340 1473 1412 quod
1500 1329 1700 1412 polluta
1728 1349 1857 1394 esset

229 1429 316 1483 ria
337 1448 454 1484 una
474 1430 774 1498 ambarum,
807 1441 855 1487 et
880 1432 1026 1486 auxit
1046 1432 1415 1502 fornicationes
1457 1449 1599 1487 suas.
1626 1429 1857 1502 Cumque

227 1523 456 1579 vidisset
478 1527 621 1580 uiros
641 1527 870 1597 depictos
889 1528 944 1581 in
967 1530 1184 1596 pariete,
1212 1528 1463 1602 imagines
1494 1526 1856 1583 Chaldaeorum

229 1631 522 1685 cupressus
567 1619 851 1684 coloribus,
883 1630 930 1674 et
961 1621 1216 1675 accinctos
1241 1620 1459 1675 baltlteis
1486 1637 1652 1688 renes,
1677 1631 1724 1676 et
1757 1623 1856 1675 tia-

227 1727 320 1763 ras
351 1712 552 1768 tinctas
598 1714 655 1767 in
677 1714 932 1785 capitibus
962 1730 1170 1769 eorum:
1203 1714 1375 1784 forma
1415 1714 1596 1787 [Vulg.
1632 1718 1856 1786 formam

1955 511 2061 566 que
2131 511 2378 554 sororem
2427 501 2799 572 magnitudine
2848 509 3152 570 superaret.
3205 497 3336 566 Quae
3389 506 3553 554 tantae

1956 589 2304 657 procacitatis
2350 589 2491 658 fuit,
2533 601 2592 646 nt
2636 603 2864 648 cunctos
2894 607 3114 649 errores
3163 592 3550 648 adolescentia

1955 695 2070 737 sua:
2093 682 2144 738 in
2167 685 2404 754 graviori
2431 685 2541 755 jam
2575 697 2733 744 relate
2775 687 3180 742 committeret:
3215 699 3266 740 et
3298 685 3552 758 Egyptia

1955 772 2118 839 vitia,
2162 776 2213 831 in
2260 774 2640 834 Chaldaeorum
2689 793 2905 848 quoque
2953 777 3176 833 libidine
3219 786 3543 833 sectaretur.

1957 867 2214 924 Insanivit
2236 870 2380 926 enim
2404 871 2676 942 quondam
2709 872 2761 926 in
2793 869 3086 926 concubitu
3121 869 3501 944 [Egyptiorum
3531 911 3546 938 ,

1956 977 2185 1032 quorum
2209 977 2402 1019 carnes
2425 972 2552 1019 sunt
2577 963 2644 1018 ad
2675 962 3089 1022 similitudinem
3140 962 3414 1019 asinorum
3443 1005 3458 1030 ,
3501 972 3558 1020 et

1908 1109 1927 1128 ,
1960 1061 2068 1108 tam
2099 1053 2282 1126 largus
2313 1057 2585 1111 seminum
2609 1056 2805 1117 fluxus.
2833 1056 2948 1110 sive
2968 1055 3211 1110 verenda
3241 1064 3346 1110 tam
3392 1071 3556 1127 gran-

1957 1145 2042 1201 dia
2071 1191 2085 1214 ,
2116 1155 2176 1202 ut
2200 1164 2463 1219 equorum
2496 1159 2757 1219 superent
2784 1149 3204 1204 deformitatem.
3234 1147 3343 1204 Nec
3373 1165 3560 1206 cessa-

1959 1239 2038 1294 vit
2065 1240 2245 1296 scelus
2270 1242 2656 1299 adolescentite
2685 1243 2802 1314 ejus
2831 1262 2844 1298 :
2869 1243 3035 1297 immo
3058 1257 3276 1298 reversa
3305 1252 3385 1298 est
3409 1253 3558 1322 post-

1958 1348 2121 1404 quam
2157 1334 2296 1390 facta
2329 1335 2572 1391 estmibi
2601 1377 2615 1401 ,
2641 1346 2696 1390 ut
2722 1348 2775 1392 et
2801 1335 2854 1416 in
2885 1351 3072 1392 eremo
3101 1347 3154 1392 et
3200 1336 3252 1391 in
3296 1345 3438 1391 terra
3471 1352 3558 1393 re-

1960 1431 2340 1500 promissionis
2379 1439 2405 1468 ⁸
2441 1441 2725 1502 superaret
2789 1432 3065 1502 antiquam
3118 1431 3402 1488 libidinem
3431 1473 3446 1496 ,
3501 1434 3555 1488 in

1959 1540 2064 1596 qua
2107 1526 2439 1595 devirginata
2488 1536 2606 1591 est,
2638 1538 2694 1582 et
2719 1528 2888 1582 fracta
2930 1536 3058 1582 sunt
3110 1528 3276 1583 ubera
3310 1530 3469 1597 ejus,
3502 1536 3558 1583 et

1959 1618 2139 1674 omnis
2167 1618 2338 1675 decor
2368 1619 2528 1686 periit
2555 1620 2898 1691 virginitatis.
2933 1619 3104 1676 Porro
3119 1621 3424 1676 secundum
3450 1631 3561 1678 tro-

1960 1712 2228 1782 pnlngiam
2256 1755 2270 1776 ,
2298 1698 2538 1770 difficilis
2569 1714 2925 1784 intelligentia
2951 1756 2966 1780 ,
2995 1716 3268 1783 quomodo
3314 1716 3556 1774 Ecclesia

227 1815 286 1862 et
329 1808 767 1881 similitudinem]
815 1811 1011 1864 ducum
1055 1811 1286 1865 omnium
1338 1810 1482 1884 (sive
1530 1811 1854 1864 tristatarum
1893 1803 1932 1864 Β
1961 1803 2274 1859 limreticam
2301 1807 2485 1860 vincat
2513 1806 2795 1862 libidinem
2817 1849 2830 1872 ,
2863 1807 2965 1862 nisi
2994 1806 3134 1863 forte
3158 1809 3428 1878 possimus
3455 1809 3559 1866 hoc

229 1904 517 1976 omnium)
567 1904 915 1960 similitudine
961 1907 1191 1975 filiorum
1243 1904 1555 1976 Babylonis,
1603 1914 1853 1975 terrteque

227 1993 616 2052 Clsaldtzorum
655 1999 708 2053 in
755 2017 859 2070 qua
907 2001 1008 2054 orti
1045 1981 1167 2054 sunt
1191 2017 1210 2055 :
1233 2000 1547 2054 etinsanivit
1581 2015 1737 2070 super
1770 2015 1856 2054 eos

229 2091 670 2162 concupiscentia
715 2092 984 2146 oculorum
1023 2109 1260 2158 suorum,
1288 2102 1336 2146 et
1365 2092 1502 2146 misit
1533 2079 1744 2146 nuniios
1787 2091 1855 2145 ad

227 2200 322 2239 eos
353 2185 414 2238 in
435 2183 766 2242 Chaldaeum.
797 2185 1024 2258 Cumque
1051 2188 1306 2243 venissent
1329 2187 1398 2242 ad
1418 2203 1531 2242 eam
1561 2187 1658 2255 ﬁlii
1685 2185 1857 2258 Baby-

229 2281 376 2333 lonis
406 2280 476 2334 ad
498 2281 668 2335 cubile
696 2298 1036 2338 mammarum
1061 2283 1205 2355 (sive
1220 2282 1626 2353 divertentinm),
1656 2281 1857 2353 pollue-

227 2384 362 2428 runt
391 2390 510 2428 eam
539 2376 738 2445 stupris
765 2376 896 2444 suis,
925 2386 973 2430 et
1003 2377 1204 2448 polluta
1235 2386 1307 2432 est
1338 2377 1390 2430 in
1413 2377 1506 2440 eis,
1539 2385 1584 2430 et
1623 2384 1857 2429 saturata

225 2475 306 2520 est
347 2466 496 2538 (sive
545 2469 779 2539 recessit)
827 2468 999 2523 anima
1053 2473 1170 2543 ejus
1204 2468 1266 2523 ab
1303 2469 1430 2524 illis.
1465 2467 1856 2537 Denudavitque

228 2558 618 2627 fornicationes
659 2578 807 2629 suas,
842 2572 888 2616 et
921 2562 1270 2632 discooperuit
1297 2562 1638 2636 ignominiam
1661 2579 1808 2616 suam
1838 2578 1855 2615 :

228 2658 279 2704 et
311 2653 532 2707 recessit
561 2653 742 2707 anima
769 2670 881 2708 mea
901 2654 964 2708 ab
985 2670 1067 2722 ea,
1093 2654 1227 2709 sicut
1253 2656 1460 2708 recessit
1485 2655 1658 2708 anima
1689 2670 1802 2708 mea
1823 2671 1854 2707 a

227 2761 424 2800 sorore
449 2747 586 2818 ejus.
613 2745 991 2818 Multiplicauit
1015 2749 1151 2803 enim
1186 2748 1554 2824 fornicationes
1581 2764 1702 2802 suas
1729 2789 1742 2814 ,
1773 2765 1854 2803 re—

229 2840 473 2893 cordans
495 2841 702 2894 dierum
732 2840 1093 2896 adolescentia:
1122 2857 1252 2906 suta,
1284 2842 1471 2913 quibus
1501 2841 1756 2911 fornicata
1778 2853 1856 2897 est

229 2931 290 2986 in
321 2943 466 2987 terra
494 2932 739 3005 .Egypti.
771 2933 840 2987 Et
873 2935 1116 2989 insaniuit
1156 2935 1370 2990 libidine
1398 2951 1554 3007 super
1581 2935 1854 2990 concubitu

227 3041 446 3088 eorum,
487 3043 708 3096 quorum
749 3044 930 3084 carnes
972 3039 1089 3082 sunt
1139 3037 1192 3082 ut
1232 3045 1412 3083 carnes
1457 3029 1766 3084 asinorum:
1806 3039 1854 3083 et

227 3117 379 3172 sicut
419 3120 596 3188 fluxus
652 3136 940 3192 equorum,
993 3122 1166 3190 fluxus
1213 3137 1391 3175 eorum
1437 3119 1578 3190 (sive
1628 3119 1852 3188 verenda

1961 1897 2145 1952 dicere
2166 1938 2180 1962 ,
2212 1898 2353 1963 quod
2379 1914 2570 1954 servus
2591 1900 2682 1970 qui
2712 1901 2817 1954 scit
2843 1900 3170 1955 voluntatem
3197 1900 3409 1956 Domini
3439 1902 3552 1969 sui,

1957 1998 2010 2045 et
2040 2005 2144 2044 non
2179 1989 2306 2045 facit
2329 2005 2447 2046 eam
2470 2035 2484 2059 ,
2517 1991 2794 2061 vapulabit
2821 1992 3008 2047 multis
3039 1991 3190 2064 (Luc.
3221 2009 3293 2048 xu
3315 2036 3329 2056 ,
3353 1993 3447 2067 47)
3472 2005 3560 2050 :et

1955 2085 2100 2154 quod
2145 2083 2388 2140 haeretici
2421 2085 2581 2157 265
2641 2084 2772 2140 foris
2813 2083 3046 2140 nefanda
3092 2087 3470 2153 committant,
3504 2097 3560 2144 et

1957 2190 2111 2232 extra
2157 2193 2338 2232 arcam
2397 2179 2510 2234 Noe
2562 2179 2840 2250 naufragio
2883 2189 3145 2250 pereant:
3192 2181 3561 2239 Ecclesiastici

1965 2282 2147 2338 autem
2198 2274 2241 2327 si
2300 2289 2482 2328 veram
2546 2272 2707 2329 fidem
2755 2255 3086 2345 sequentes,
3131 2277 3355 2348 Assyria
3396 2288 3559 2349 atque

1957 2364 2207 2420 Chaldaea
2258 2365 2539 2422 imitentur
2591 2368 2754 2434 vitia,
2806 2375 2861 2423 et
2906 2367 3208 2425 discolores
3259 2382 3558 2442 sequantur

1957 2455 2225 2528 imagines
2260 2467 2601 2528 peccatorum
2627 2499 2642 2525 ,
2679 2459 2990 2530 majoribus
3010 2461 3162 2532 digni
3203 2462 3314 2517 sint
3343 2464 3557 2520 crucia-

1960 2552 2126 2609 tilms.
2156 2554 2237 2608 An
2273 2568 2378 2608 non
2418 2553 2688 2608 mittimus
2731 2555 2951 2610 nuntios
2996 2556 3061 2610 ad
3108 2553 3391 2613 Chaldaeos
3416 2599 3432 2624 ,
3465 2558 3558 2628 qui
3637 2579 3648 2588 ·

1957 2644 2389 2716 interpretantur
2409 2648 2557 2716 quasi
2579 2647 2855 2714 daemones,
2877 2646 3096 2718 quando
3128 2648 3416 2718 pandimus
3447 2649 3550 2716 eis,

1958 2749 2118 2809 atque
2149 2741 2454 2811 praebemus
2503 2742 2584 2797 cis
2616 2741 2913 2814 frangenda
2970 2743 3023 2798 in
3080 2752 3296 2814 pectore
3349 2744 3553 2812 ubera,

1957 2833 2048 2890 ubi
2071 2834 2271 2889 mentis
2321 2833 2618 2904 hospitium
2653 2843 2732 2889 est
2755 2875 2770 2899 ,
2806 2843 2860 2888 et
2888 2835 3113 2890 saturati
3143 2835 3509 2904 voluptatibus
3535 2876 3553 2902 ,

1955 2927 2027 2983 ab
2054 2929 2172 2982 aliis
2203 2929 2501 2984 transimus
2543 2928 2612 2984 ad
2659 2928 2831 2995 alias;
2865 2938 2921 2984 et
2949 2945 3055 2984 non
3095 2936 3204 2984 tam
3237 2929 3553 2985 fornicatio-

1955 3037 2080 3078 nem
2103 3066 2116 3090 ,
2144 3037 2303 3092 quam
2351 3022 2699 3077 meretricum
2734 3037 3016 3076 numerum
3046 3021 3427 3076 desideramus
3452 3063 3468 3090 ,
3499 3030 3556 3077 et

1957 3115 2022 3170 ad
2058 3124 2262 3170 tantam
2294 3115 2543 3170 venimus
2574 3115 2778 3170 rabiem
2801 3157 2814 3173 .
2843 3124 2896 3168 ut
2932 3122 3056 3184 post
3093 3115 3258 3168 multa
3310 3122 3552 3184 tempora

227 3225 516 3278 equorum,
539 3212 758 3266 verenda
786 3212 1008 3282 eorum).
1033 3212 1099 3266 Et
1123 3213 1338 3268 visitasti
1361 3213 1526 3267 scelus
1547 3213 1842 3268 adolescen-
1869 3193 1914 3257 ο
1947 3210 2241 3265 Dominica:
2266 3209 2542 3266 servitutis
2576 3219 2914 3266 revertamur
2940 3210 3005 3264 ad
3033 3209 3328 3282 ngyptum
3357 3252 3370 3274 ,
3404 3218 3459 3266 et
3488 3224 3550 3265 ea

229 3303 324 3356 tite
352 3314 497 3357 tuta:
526 3306 737 3374 quando
775 3304 989 3358 subacta
1017 3314 1134 3358 sunt
1165 3305 1219 3359 in
1253 3304 1486 3379 zIL'yypto
1533 3305 1690 3358 ubera
1714 3315 1804 3359 tua
1830 3350 1843 3374 ,

232 3401 282 3448 et
303 3395 596 3464 confracta:
627 3405 748 3449 sunt
778 3394 940 3468 264
963 3411 1197 3451 mammae
1225 3396 1509 3467 pubertatis
1537 3408 1654 3451 tute.
1687 3395 1846 3452 Juxta

233 3486 483 3542 litteram
517 3487 696 3544 facilis
729 3489 1112 3560 interpretatio
1142 3501 1222 3545 est
1243 3531 1258 3555 ,
1305 3490 1450 3562 quod
1479 3490 1665 3544 videns
1695 3489 1846 3544 Ooli-

231 3581 305 3638 ba
331 3628 348 3650 ,
381 3583 430 3636 id
455 3593 573 3655 est,
605 3583 905 3640 Jerusalem
929 3628 944 3652 ,
976 3585 1028 3640 in
1060 3601 1168 3657 qua
1213 3596 1332 3641 erat
1374 3585 1471 3642 Dei
1525 3587 1846 3642 tabernacu-

231 3674 354 3730 lum
379 3718 392 3741 ,
429 3677 620 3747 plagas
667 3678 903 3742 sororis,
935 3695 1040 3734 non
1066 3689 1150 3734 est
1179 3679 1432 3750 exetnplo
1462 3681 1794 3736 commonita
1821 3722 1837 3748 ,

233 3779 298 3824 ut
329 3769 646 3826 retraheret
676 3772 744 3826 ab
771 3787 962 3827 errore
992 3772 1181 3840 pedem
1213 3787 1398 3838 suum;
1429 3772 1526 3828 sed
1554 3774 1704 3828 auxit
1725 3789 1847 3844 ger-

235 3878 420 3918 mana:
444 3863 891 3920 fornicationem.
926 3867 1018 3922 Illa
1062 3867 1209 3920 enim
1259 3866 1426 3921 semel
1458 3876 1510 3922 et
1544 3868 1674 3922 foris
1703 3868 1843 3924 idola

232 3954 504 4012 fabricata
535 3958 702 4013 est-in
731 3958 845 4012 Dan
875 3970 929 4013 et
954 3959 1145 4014 Bethel
1171 3978 1184 4014 :
1211 3959 1312 4014 ista
1354 3968 1532 4015 autem
1570 3963 1765 4018 crebro
1791 3963 1844 4018 in

234 4053 509 4116 excelsis,
535 4061 592 4106 et
619 4050 676 4106 in
709 4054 914 4123 templo
940 4053 1034 4108 Dei
1057 4053 1304 4109 adoravit
1340 4063 1572 4110 statuam
1605 4057 1763 4122 Baal,
1793 4066 1847 4113 et

234 4157 361 4198 cum
391 4144 635 4215 Assyriis
668 4143 930 4201 fornicata
961 4154 1062 4201 est.
1100 4146 1306 4202 Idolum
1340 4158 1516 4202 autem
1543 4149 1668 4203 Baal
1688 4190 1702 4215 ,
1730 4149 1847 4206 sive

237 4235 370 4299 Bel,
405 4248 462 4294 et
489 4237 576 4310 (ut
605 4238 852 4306 apertius
885 4241 1088 4311 dicam)
1119 4240 1264 4295 Belis
1285 4285 1299 4308 ,
1334 4242 1687 4314 Assyriorum
1719 4243 1847 4299 reli-

237 4331 331 4400 gio
363 4340 474 4390 est.
505 4346 827 4387 consecrata
853 4349 882 4388 a
914 4334 1052 4388 Nino
1074 4335 1220 4390 Belis
1248 4337 1357 4390 lilio
1382 4339 1434 4390 in
1461 4335 1722 4392 honorem
1755 4353 1847 4408 pa-

243 4424 365 4479 tris.
400 4425 470 4479 Et
499 4425 918 4482 fornicationem
949 4443 1101 4483 suam
1133 4429 1378 4500 Assyriis
1410 4429 1639 4497 prtebuit
1670 4431 1848 4500 impu-

240 4515 458 4584 denter,
483 4516 716 4572 ducibus
765 4527 820 4574 et
866 4519 1299 4590 magistratibus,
1347 4521 1442 4590 qui
1473 4521 1645 4576 induti
1689 4530 1846 4578 erant

1945 3303 2229 3371 faciamus,
2265 3319 2384 3374 qua:
2409 3305 2460 3358 in
2493 3304 2694 3360 smculo
2724 3303 2954 3358 fecimus
2977 3347 2992 3371 ,
3028 3311 3320 3374 antequam
3351 3317 3548 3358 nomen

1949 3397 2074 3453 ﬁdei
2105 3398 2520 3468 acciperemus?
2542 3463 2544 3468 ι
3329 3413 3333 3418 ”

2021 3487 2200 3562 (Vers.
2225 3488 2296 3543 ‘22
2321 3490 2499 3561 seqq.)
2527 3489 2830 3560 Propterea,
2877 3488 3090 3555 Ooliba,
3136 3489 3245 3544 lucc
3275 3488 3405 3542 dicit
3435 3486 3544 3542 Do-

1946 3582 2117 3636 minus
2147 3581 2290 3637 Deus
2315 3599 2333 3637 :
2362 3581 2500 3636 Ecce
2525 3599 2616 3654 ego
2655 3582 2916 3638 suscitabo
2935 3598 3119 3660 omnes
3146 3591 3407 3636 amatores
3430 3591 3546 3636 tuos

1947 3684 2126 3730 contra
2149 3684 2216 3743 te,
2253 3675 2318 3729 de
2345 3674 2530 3746 quibus
2556 3676 2750 3728 satiata
2782 3685 2855 3729 est
2885 3676 3064 3728 anima
3090 3684 3209 3741 tua,
3254 3683 3302 3727 et
3327 3689 3545 3744 congre-

1946 3769 2077 3842 gabo
2107 3787 2194 3825 eos
2223 3771 2495 3825 adversum
2540 3781 2588 3824 te
2631 3770 2680 3823 in
2709 3770 2929 3823 circuitu
2960 3787 2978 3827 :
3017 3767 3192 3823 Filios
3233 3766 3541 3839 Babylonis,

1945 3876 1993 3922 et
2017 3868 2284 3922 universos
2311 3865 2610 3930 Cltaldteos,
2644 3866 2863 3932 nobiles,
2897 3874 3250 3935 tyrannosque
3277 3873 3324 3917 et
3351 3863 3545 3934 princi-

1948 3977 2058 4030 pes,
2104 3976 2277 4014 omncs
2302 3959 2440 4028 ﬁlios
2478 3959 2814 4030 Assyriorum
2834 3998 2849 4024 ,
2882 3961 3092 4024 ittaenes
3119 3961 3288 4024 forma
3315 3957 3542 4028 egregia,

1947 4056 2104 4110 duces
2134 4064 2181 4108 et
2216 4055 2580 4126 magistratus,
2626 4054 2892 4107 universos
2937 4052 3196 4124 principes
3225 4051 3543 4122 principum,

1947 4157 1994 4202 et
2021 4148 2314 4202 nominatos
2337 4162 2634 4200 ascensores
2663 4161 2936 4212 equorum.
2982 4143 3048 4196 Et
3085 4143 3284 4197 uenient
3315 4157 3469 4214 super
3501 4154 3550 4196 te

1946 4241 2188 4294 instructi
2211 4256 2372 4293 curru
2403 4247 2449 4292 et
2470 4248 2586 4292 rota
2615 4238 2895 4291 multitudo
2925 4226 3274 4308 populorum:
3313 4234 3478 4289 lorica
3503 4243 3548 4287 et

1947 4335 2126 4405 clypeo
2158 4342 2204 4387 et
2232 4333 2382 4404 galea
2412 4330 2758 4384 armabantur
2788 4339 2969 4382 contra
3000 4337 3046 4381 te
3069 4328 3314 4397 undique.
3364 4326 3430 4380 Et
3455 4328 3552 4379 da-

1949 4429 2011 4483 bo
2041 4427 2066 4466 b
2089 4429 2164 4482 eis
2179 4427 2464 4500 judicium,
2499 4436 2545 4479 et
2559 4423 2871 4496 judicabant
2902 4433 2950 4477 te
2970 4422 3189 4494 judiciis
3220 4421 3348 4488 suis,
3378 4430 3424 4474 et
3458 4437 3552 4489 po-

1948 4538 2071 4575 nam
2110 4521 2282 4575 zelunt
2314 4535 2480 4573 meum
2516 4519 2568 4572 in
2594 4527 2675 4580 .te,
2715 4532 2866 4588 quem
2893 4524 3160 4570 excercent
3189 4524 3358 4570 tecum
3383 4517 3437 4568 in
3465 4517 3552 4586 [u-

239 4621 389 4666 veste
429 4613 612 4679 varia,
645 4622 702 4668 et
740 4587 1073 4669 multico'lori
1097 4655 1112 4681 ,
1144 4587 1416 4684 equitibus
1446 4624 1501 4670 et
1529 4616 1845 4672 adolescen-
1875 4587 1925 4648 υ
1949 4632 2082 4670 rore.
2130 4613 2332 4668 Nasum
2378 4623 2525 4667 tuum
2571 4621 2618 4666 et
2663 4627 2818 4664 aures
2868 4619 2985 4664 tuas
3014 4607 3316 4679 prwcident,
3361 4618 3408 4662 et
3433 4624 3550 4680 qua:

239 4704 382 4759 tibus
413 4703 590 4758 forma
623 4707 834 4761 cunctis
866 4708 1082 4777 egregia
1109 4725 1120 4759 :
1157 4709 1227 4762 ita
1274 4717 1354 4762 ut-
1381 4707 1660 4762 ambarum
1693 4725 1845 4764 soro-

241 4813 356 4851 rum
393 4813 498 4852 una
533 4799 690 4854 tierct
717 4797 1026 4855 fornicatio.
1052 4799 1108 4854 In
1139 4815 1206 4856 eo
1236 4810 1416 4855 autem
1445 4801 1594 4855 auxit
1619 4801 1836 4856 Jerusa-

239 4888 344 4943 lem
390 4889 785 4946 fornicationes
831 4907 996 4958 suas,
1027 4891 1171 4960 quod
1219 4892 1411 4948 videns
1462 4893 1512 4946 in
1549 4893 1843 4962 parietibus

238 4980 505 5053 imagines
549 4981 926 5038 Chaldaeorum
955 5023 970 5049 ,
1004 4983 1264 5038 insanivit
1294 4984 1520 5040 libidine
1542 5029 1556 5053 ,
1587 4996 1641 5039 et
1673 4988 1844 5040 forma

237 5091 427 5132 eorum
474 5078 780 5147 vestituque
825 5077 1090 5148 decepta,
1123 5079 1270 5134 misit
1313 5079 1380 5134 ad
1435 5093 1532 5134 eos
1585 5081 1838 5146 nuntios,

238 5169 501 5226 auxilium
551 5161 875 5239 postulans:
923 5170 1014 5240 qui
1064 5180 1371 5238 venerunt,
1423 5180 1480 5224 et
1532 5171 1843 5240 polluerunt

237 5279 380 5320 eam.
419 5266 484 5320 Et
531 5265 655 5336 quia
703 5267 953 5336 voluptas
1004 5281 1110 5320 non
1143 5275 1228 5321 est
1268 5275 1566 5336 perpetua,
1602 5265 1698 5321 sed
1728 5265 1837 5320 cito

235 5357 398 5413 affert
436 5358 747 5414 satietatem
772 5375 786 5413 :
813 5357 1016 5428 polluta
1050 5365 1106 5412 et
1135 5366 1380 5411 saturata
1408 5357 1460 5410 in
1489 5371 1584 5412 eos
1611 5397 1628 5423 ,
1659 5371 1837 5411 reces—

236 5453 304 5508 sit
327 5453 399 5507 ab
428 5468 623 5508 eorum
649 5452 878 5508 ftedere.
906 5450 1064 5508 Unde
1084 5458 1141 5506 et
1164 5465 1264 5520 ego
1285 5465 1520 5506 cernens
1550 5450 1838 5520 turpitudi-

235 5561 333 5603 nes
358 5558 415 5603 et
442 5545 836 5603 fornicationes
885 5544 1140 5601 omnibus
1168 5543 1470 5616 publicatas
1491 5584 1507 5610 ,
1537 5543 1742 5599 recessi
1772 5543 1840 5599 ab

305 5700 332 5764 ξ
365 5689 541 5764 Penes
570 5688 851 5764 liabanum
877 5731 893 5757 ,
926 5691 1230 5764 suspiraret,
1260 5706 1358 5760 pro
1384 5705 1649 5764 superare.

302 5761 332 5800 ι)
375 5761 564 5835 Maluit
592 5760 824 5829 Victor.,
845 5760 1033 5835 eorum
1059 5764 1155 5832 eis,
1177 5760 1640 5835 quemadmodum
1668 5770 1753 5818 est
1783 5761 1838 5818 in

236 5835 492 5902 Hebraeo,
517 5832 740 5900 Graeco,
760 5842 816 5889 et
844 5833 1094 5906 Vulgata.

1951 4709 2314 4776 remanserint,
2348 4706 2528 4776 gladio
2555 4704 2844 4758 concident.
2897 4702 3008 4775 Ipsi
3031 4703 3171 4773 ﬁlios
3208 4716 3322 4758 tuos
3344 4713 3392 4758 et
3410 4704 3549 4774 filias
3609 4735 3620 4742 -

1951 4813 2065 4857 tuas
2105 4801 2315 4871 capient
2361 4809 2408 4854 et
2458 4799 2788 4852 novissimum
2815 4808 2960 4852 tuum
2983 4797 3314 4852 devorabitur
3337 4798 3472 4873 igni,
3501 4808 3548 4851 et

1951 4893 2288 4948 denudabunt
2328 4900 2376 4944 te
2418 4891 2728 4944 vestimentis
2766 4889 2901 4954 tuis,
2931 4900 2976 4942 et
3007 4887 3190 4943 tollent
3219 4904 3343 4942 uasa
3367 4888 3547 4960 gloria:

1951 4975 2076 5040 tute.
2141 4984 2210 5036 Et
2254 4983 2573 5052 requiescere
2604 4993 2624 5019 ε
2658 4981 2852 5051 facient
2895 4980 3060 5034 scelus
3111 4991 3256 5034 tuum
3297 4983 3361 5034 de
3401 4990 3468 5045 te,
3498 4988 3548 5033 et

1945 5078 2350 5149 fornicationem
2380 5087 2521 5129 tuam
2550 5075 2613 5128 de
2635 5083 2772 5128 terra
2795 5072 3017 5144 .tEgypti
3043 5090 3062 5128 :
3089 5090 3180 5128 nec
3213 5073 3400 5127 levabis
3424 5089 3551 5126 ocu-

1947 5173 2024 5226 los
2055 5181 2169 5226 tuos
2211 5171 2280 5224 ad
2299 5186 2409 5238 eos,
2443 5180 2488 5223 et
2515 5167 2734 5238 ngypti
2767 5184 2869 5220 non
2911 5165 3267 5221 recordaberis
3293 5165 3542 5233 amplius.

1945 5265 2118 5322 LXX:
2170 5265 2489 5338 Pr0pterea,
2523 5263 2730 5328 Ootiba,
2767 5263 2875 5318 lucc
2903 5262 3028 5314 dicit
3063 5261 3318 5314 Dominus
3363 5257 3504 5312 Deus
3527 5275 3545 5311 :

1946 5357 2081 5413 Ecce
2127 5375 2221 5431 ego
2256 5357 2518 5412 suscitabo
2559 5368 2816 5411 amatores
2845 5366 2962 5408 tuos
2985 5363 3165 5408 contra
3201 5362 3276 5419 te,
3309 5352 3549 5421 aquibus

1944 5454 2152 5508 recessit
2193 5452 2368 5506 animo
2418 5461 2529 5519 tua,
2573 5459 2624 5506 et
2662 5449 2920 5504 adducam
2965 5464 3050 5501 eos
3079 5446 3351 5502 adversum
3381 5454 3428 5497 te
3455 5460 3547 5513 per

1945 5545 2218 5600 circuitum
2250 5544 2391 5614 ﬁlios
2419 5542 2708 5614 Babylonis
2734 5583 2748 5608 ,
2779 5551 2827 5597 et
2856 5556 3033 5596 omnes
3062 5537 3333 5594 Chaldwos
3361 5539 3546 5611 φακοὺθ

2023 5703 2045 5731 ο
2089 5694 2275 5748 Denuo
2299 5691 2526 5755 Victor.,
2562 5663 2870 5761 faciani,',e_x
2909 5685 3135 5761 llebraeo
3172 5692 3417 5754 rnatum,
3445 5684 3550 5742 La-

1948 5764 2172 5834 tinaque
2205 5763 2530 5833 Hieronymi
2561 5757 2802 5818 editione
2829 5757 2977 5816 fecit.
