4038 6328
486 293 593 353 919

1736 289 1796 346 S.
1840 284 2118 347 EUSEBII
2154 284 2537 345 ﬂlERONYMl

3673 291 3786 349 2‘20

491 423 536 467 et
564 417 655 471 συέ
687 421 732 465 et
757 412 897 473 κοὺθ,
931 417 978 463 et
1010 422 1186 461 omnes
1210 406 1347 473 filios
1376 406 1706 478 Assyriorum
1737 422 1853 460 cum
1876 408 1972 474 eis,
1998 410 2090 479 ju-
2118 407 2164 469 Α
2194 406 2388 476 gerite
2429 404 2745 474 dependent
2790 422 2803 460 :
2836 407 2906 461 ita
2952 406 3190 477 dignitas
3236 408 3380 479 regis
3423 416 3477 464 et
3514 408 3780 479 judicum,

492 524 662 575 renes,
696 507 917 567 electos,
946 503 1123 569 duces,
1151 510 1198 557 et
1230 503 1589 575 magistratus,
1624 518 1797 556 omnes
1830 504 2082 567 tristatas,

492 611 538 656 et
568 600 862 654 nominatos
884 597 1172 667 cquitautes
1196 596 1249 649 in
1278 596 1443 663 equis.
1492 594 1677 649 Cuncti
1710 596 1907 649 venient
1930 610 2087 664 super

434 700 441 705 “
495 705 543 748 te
567 696 628 746 ab
662 692 939 763 Aquilone.
964 706 1148 743 currus
1173 701 1220 743 et
1250 699 1398 754 rotae,
1425 689 1590 760 266
1615 704 1732 741 cum
1756 689 2087 742 multitudine

498 786 830 858 populorum,
852 783 1018 854 clypei
1039 791 1086 836 et
1109 782 1275 849 pelue,
1302 792 1345 845 et
1384 785 1584 835 mittent
1611 780 1903 835 custodiam
1935 798 2088 854 super

494 887 542 932 te
570 879 622 930 in
646 878 885 930 circuitu.
938 874 1006 928 Et
1052 875 1182 929 dabo
1225 882 1343 928 ante
1379 875 1565 944 faciem
1594 889 1776 927 eorum
1795 874 2086 946 judicium,

494 979 540 1023 et
562 970 881 1041 judicabant
920 977 964 1022 te
995 968 1210 1039 judiciis
1241 968 1368 1032 suis,
1416 975 1461 1019 et
1491 967 1624 1020 dabo
1645 967 1815 1022 zelum
1844 983 2012 1021 meum
2034 970 2089 1022 in

494 1073 562 1127 te,
604 1075 649 1117 et
680 1066 866 1132 facient
900 1072 1061 1116 tecum
1091 1064 1145 1116 in
1172 1063 1252 1115 ira
1283 1062 1495 1133 furoris.
1533 1060 1734 1116 Nasum
1758 1070 1903 1117 tuum
1926 1072 1973 1117 et
1993 1079 2089 1116 au-

496 1176 576 1214 res
623 1169 738 1212 tuas
782 1163 1040 1227 auferent,
1090 1165 1136 1211 et
1184 1157 1406 1226 reliquos
1447 1168 1559 1209 tuos
1602 1157 1777 1227 gladio
1819 1158 2086 1228 dejicienl.

495 1252 606 1325 Ipsi
636 1254 773 1322 ﬁlios
819 1262 933 1305 tuos
975 1261 1021 1305 et
1058 1251 1195 1320 ﬁlias
1228 1260 1344 1303 tuas
1382 1250 1582 1315 tollent,
1617 1260 1662 1303 et
1703 1250 1936 1304 residuos
1974 1260 2088 1305 tuos

502 1347 763 1400 devorabtt
809 1347 944 1417 ignis
967 1387 981 1410 ,
1019 1352 1067 1399 et
1099 1346 1433 1398 denudabunt
1478 1354 1525 1399 te
1555 1346 1854 1399 vestimento
1885 1356 1998 1411 tuo,
2040 1355 2089 1399 et

493 1450 755 1494 assumant
779 1456 899 1493 vasa
928 1440 1257 1512 gloriationis
1287 1446 1418 1506 tute,
1474 1447 1521 1492 et
1548 1448 1776 1492 auerterit
1805 1440 2089 1511 impietates

500 1542 613 1584 tuas
640 1550 671 1584 a
702 1542 747 1585 te
766 1572 780 1598 ,
832 1542 879 1585 ct
924 1533 1323 1602 fornicationem
1354 1540 1493 1584 tuum
1519 1532 1582 1585 de
1611 1541 1745 1585 terra
1772 1530 2013 1604 .“Egypti,
2042 1541 2090 1586 et

501 1644 600 1680 non
626 1627 842 1680 elet'abis
868 1628 1045 1680 oculos
1075 1635 1190 1679 tuos
1220 1627 1286 1679 ad
1313 1642 1430 1693 eos,
1465 1635 1508 1679 et
1540 1625 1763 1697 .lz'gypti
1789 1642 1895 1680 non
1916 1643 2090 1680 recor-

499 1721 707 1775 daberis
730 1722 977 1792 amplius.
1035 1719 1168 1787 Quia
1210 1719 1589 1790 Aﬂgyptiarum
1627 1720 1871 1773 carnium
1898 1735 2086 1773 recor-

2190 518 2313 571 qure
2339 503 2389 555 in
2416 516 2513 557 ore
2536 502 2870 573 auribusque
2896 502 3177 572 signatur,
3216 516 3405 557 eorum
3435 503 3614 573 gladio
3637 520 3752 574 pra:
3770 529 3788 544 ο

2190 598 2426 653 cidetur.
2480 598 2587 666 Ipsi
2618 598 2759 651 filios
2789 606 2911 652 tuos
2940 607 2994 652 et
3017 597 3154 652 ﬁlias
3179 606 3299 652 tuas
3324 597 3559 666 capient.
3608 598 3781 668 Tuos,

2190 691 2391 760 inquit,
2428 700 2487 746 et
2515 702 2664 757 tuas,
2712 705 2820 745 non
2851 704 3002 745 meos
3028 699 3082 745 et
3115 704 3263 744 meas
3283 670 3458 758 ,‘quia
3486 690 3553 745 de
3576 691 3790 746 adulte-

2190 783 2272 837 rio
2301 782 2544 851 generati
2590 791 2747 847 sunt,
2798 790 2854 836 et
2899 791 3098 836 caatera
3148 784 3484 837 vorabuutur
3513 782 3784 837 incendio.

2198 877 2263 931 Et
2287 875 2662 945 denudabunt,
2709 877 2903 947 inquit,
2959 884 3011 931 te
3049 878 3394 933 vestimentis
3425 877 3552 945 tuis,
3586 877 3791 948 quibus

2192 979 2246 1025 te
2273 984 2624 1035 ornaveram,
2651 979 2702 1024 et
2730 970 2875 1024 vasis
2906 970 3096 1040 gloriae
3129 978 3263 1035 tuta),
3297 984 3417 1040 qua:
3449 968 3545 1024 tibi
3573 970 3639 1024 ad
3681 985 3791 1025 cte-

2192 1066 2466 1120 remonias
2509 1065 2700 1135 templi
2751 1079 2917 1120 aurea
2960 1073 3332 1135 argenteaque
3378 1078 3785 1133 concesseram,

2193 1158 2262 1213 de
2284 1158 2483 1228 quibus
2528 1159 2789 1230 scriptum
2837 1166 2959 1213 est»:
3010 1157 3124 1228 Ego
3163 1158 3285 1211 dedi
3315 1158 3386 1213 eis
3411 1173 3596 1212 aurum
3621 1166 3671 1212 et
3695 1175 3787 1211 ar-

2193 1262 2422 1326 gentum,
2452 1262 2499 1306 et
2530 1254 2634 1321 ipsi
2661 1257 2894 1324 fecerunt
2923 1268 2982 1306 ea
3007 1252 3143 1307 Baal
3163 1252 3318 1313 (Osee
3336 1268 3398 1319 ιι,
3422 1253 3497 1322 8).
3544 1253 3668 1309 llaec
3689 1270 3789 1307 au-

2195 1356 2300 1400 tem
2330 1347 2513 1402 omnia
2546 1347 2761 1408 faciam.
2790 1355 2849 1400 ut
2875 1347 3083 1417 perdita
3116 1346 3520 1416 pulchritudine
3552 1357 3605 1401 et
3637 1347 3789 1401 vultu

2196 1440 2435 1496 venefico
2465 1439 2571 1511 [ΑΙ.
2602 1438 2889 1512 veneficio]
2922 1440 3233 1510 deturpato,
3266 1443 3510 1511 quiescat
3540 1440 3792 1507 aliquan-

2195 1534 2471 1589 do‘scelus
2494 1543 2665 1597 tuum,
2693 1542 2749 1589 et
2776 1532 3069 1587 fornicatio
3096 1547 3258 1603 quam
3283 1531 3521 1587 didicisti
3550 1542 3605 1587 et
3627 1547 3795 1588 exer-

2194 1629 2352 1682 cuisti
2378 1629 2430 1682 in
2454 1628 2725 1700 Egypto:
2758 1636 2815 1681 ut
2846 1635 3132 1697 postquam
3160 1640 3352 1681 nasum
3372 1642 3641 1697 auresque
3665 1643 3793 1698 per-

2194 1721 2434 1789 dideris,
2484 1735 2825 1791 nequaquam
2874 1721 3080 1776 audeas
3128 1720 3316 1775 oculos
3355 1729 3477 1774 tuos
3515 1720 3792 1776 levare'ad

500 1813 622 1869 data
654 1830 736 1879 es,
767 1823 822 1869 et
854 1814 1059 1868 imitata
1106 1813 1502 1882 turpitudinem
1539 1813 1717 1882 gentis
1756 1811 2049 1867 immundae
2072 1854 2085 1878 ,
2120 1816 2167 1876 B
2193 1810 2521 1883 Chaldaeus,
2569 1824 2624 1871 et
2652 1815 2991 1870 amatoribus
3038 1814 3284 1886 pristinis
3314 1816 3606 1870 ostendere
3634 1814 3798 1871 foedi-

497 1924 618 1978 qua:
646 1908 889 1961 omnium
923 1908 1217 1962 bestiarum
1256 1907 1551 1963 simulacra
1589 1916 1882 1961 veneratur
1925 1924 1937 1959 :
1975 1920 2094 1976 pro-

498 2010 682 2072 pterea
709 2002 975 2057 adducam
1000 2012 1191 2056 contra
1220 2012 1271 2057 te
1296 2013 1571 2056 amatores
1597 2012 1740 2069 tuos,
1757 2017 1988 2073 quorum
2008 2018 2094 2057 sa-

494 2097 624 2150 tiata
680 2100 995 2165 complexu,
1042 2098 1323 2152 recessisti
1378 2098 1444 2150 ab
1496 2112 1685 2151 eorum
1731 2096 1937 2151 fcedere
1982 2104 2094 2152 :ut

496 2199 734 2261 quantus
762 2190 915 2260 prius
942 2206 1100 2245 amor
1128 2190 1325 2258 fuerat,
1354 2192 1405 2245 in
1437 2199 1582 2245 tanta
1627 2192 1749 2245 odia
1773 2191 2088 2246 vertereris.

500 2281 669 2336 Filios
692 2323 706 2348 ,
762 2283 1025 2351 inquam,
1060 2283 1386 2355 Babylonis,
1421 2298 1725 2352 omnesque
1759 2282 2045 2359 Chaldteos
2072 2325 2087 2349 ,

505 2377 750 2442 nobiles,
794 2387 1052 2449 tyrannos
1091 2386 1146 2431 et
1201 2380 1504 2447 principes;
1549 2392 1648 2447 pro
1674 2377 1867 2447 quibus
1898 2378 1949 2430 in
1981 2378 2092 2433 lle-

496 2469 682 2525 braico
697 2470 946 2537 habetur,
963 2485 1168 2525 PHACUD
1185 2470 1362 2557 (Ἥξει)
1378 2481 1426 2526 et
1446 2486 1540 2526 sur;
1563 2471 1713 2542 (ut?!)
1733 2470 2088 2551 etcoa;(mp),

496 2578 632 2633 quas
648 2563 802 2616 multi
818 2572 1008 2633 gentes
1026 2564 1330 2618 Orientales
1351 2564 1814 2633 intelligunt,cum
1840 2563 2092 2635 hujusce-

498 2656 643 2711 modi
668 2658 909 2721 nomina,
929 2672 1030 2712 nec
1053 2646 1104 2711 in
1130 2657 1341 2726 Regum
1362 2658 1665 2725 volumine,
1694 2674 1794 2715 nec
1819 2659 2093 2715 inParali-

498 2763 798 2819 pomenon,
829 2763 1003 2818 neque
1035 2749 1087 2803 in
1115 2748 1348 2804 Jcremia
1372 2750 1626 2820 quidem,
1655 2752 1745 2820 qui
1777 2752 2094 2807 describunt

497 2842 867 2910 captivitatem
891 2842 1217 2907 Jerusalem,
1241 2852 1333 2897 aut
1358 2843 1410 2897 in
1436 2844 1616 2914 aliquo
1644 2844 1763 2898 loco
1793 2844 2091 2914 Scriptura

497 2942 702 2987 satietas
740 2934 1100 2988 inveniamus.
1138 2933 1248 2989 Nec
1283 2935 1503 3000 mirum,
1526 2937 1570 2990 si
1588 2936 1942 3007 Septuaginta
1974 2938 2090 3008 ipsa

498 3028 770 3085 llebraica
808 3040 1110 3099 posuerunt
1140 3033 1357 3086 nomina
1379 3074 1393 3097 ,
1424 3046 1544 3087 cum
1570 3033 1930 3105 Symmachus
1960 3049 2094 3103 quo-
2120 3070 2121 3073 η

496 3123 980 3191 queet'l‘lieodotio
1005 3124 1057 3178 in
1081 3125 1271 3180 eadem
1293 3126 1458 3181 verba
1481 3129 1843 3183 consentiant.
1861 3127 2087 3195 Omnes,

2200 1918 2365 1964 tatem
2409 1918 2590 1963 tuam:
2639 1922 2739 1963 nec
2776 1907 3088 1963 recorderis
3132 1908 3370 1978 amplius
3414 1908 3795 1979 Egyptiorum

2199 2003 2465 2071 libidinis,
2516 2018 2748 2074 quorum
2794 2003 3171 2071 magnitudine
3199 2003 3446 2059 carnium
3482 2003 3799 2058 delectaba-

2198 2098 2299 2153 ris.
2342 2098 2475 2164 Quae
2511 2100 2761 2153 universa
2792 2099 3053 2154 dicuntur
3092 2100 3194 2153 sub
3237 2099 3595 2153 translatione
3639 2097 3799 2153 adul-

2200 2201 2351 2257 terzr,
2408 2200 2461 2247 et
2502 2202 2724 2262 propter
2765 2192 3097 2247 adulterium
3133 2193 3467 2261 deturpatze:
3502 2200 3559 2245 ut
3587 2206 3800 2260 nequa-

2196 2301 2354 2355 quam
2406 2286 2547 2340 ultra
2592 2286 2866 2357 glorietur
2903 2286 2956 2340 in
2981 2284 3182 2341 decore
3203 2300 3337 2352 suo;
3387 2284 3482 2339 sed
3506 2284 3799 2339 erubescat

2196 2379 2248 2432 in
2296 2378 2568 2445 fmditate,
2619 2379 3178 2450 quammagnitudine
3201 2378 3401 2434 meruit
3425 2378 3792 2447 voluptatum.

2196 2471 2465 2542 Quidquid
2507 2472 2574 2527 de
2615 2472 2925 2527 Jerusalem
2966 2480 3224 2548 τροπικῶς
3251 2471 3475 2537 dicitur,
3505 2479 3561 2526 et
3584 2470 3648 2525 ad
3671 2470 3796 2524 ani—

2196 2581 2338 2622 mam
2368 2568 2564 2623 referri
2594 2576 2795 2636 potest,
2826 2580 2950 2635 qua!
2973 2567 3286 2630 virtutibus,
3321 2565 3414 2620 Dei
3432 2566 3616 2634 juncta
3642 2578 3798 2618 corn-

2196 2660 2403 2730 plexui,
2438 2669 2627 2730 postea
2659 2659 2988 2714 adulteravit
3008 2659 3059 2713 in
3086 2660 3243 2725 vitia,
3273 2665 3327 2713 et
3352 2657 3579 2712 recessit
3606 2657 3674 2711 ab
3699 2671 3795 2724 eo,

2197 2762 2249 2807 ct
2284 2752 2567 2822 patefactis
2598 2752 2872 2807 universis
2909 2751 3212 2807 sceleribus
3239 2749 3373 2820 ejus,
3406 2748 3676 2804 denudata
3706 2756 3799 2803 est

2197 2854 2357 2913 atque
2394 2852 2604 2914 turpata
2652 2852 2707 2899 et
2738 2851 2958 2899 ostensa
3003 2843 3278 2908 omnibus,
3312 2851 3370 2895 ut
3398 2855 3426 2894 a
3454 2841 3663 2895 scelere
3691 2853 3797 2895 suo

2198 2938 2479 3009 aliquanto
2522 2937 2750 2993 desistat
2778 2954 2789 2991 :
2838 2951 2941 2991 nec
2969 2936 3237 3007 glorietur
3264 2934 3319 2989 in
3347 2933 3583 2988 nominis
3611 2932 3797 3001 digni-

2199 3041 2330 3100 tate,
2365 3032 2459 3087 sed
2491 3047 2590 3103 pro
2614 3033 2739 3086 mali
2772 3030 3105 3085 conscientia
3135 3037 3190 3084 et
3216 3028 3592 3084 recordatione.
3618 3025 3798 3098 Egy-

2199 3125 2295 3194 pti,
2326 3126 2513 3179 oculos
2539 3125 2679 3180 ultra
2703 3124 2772 3178 ad
2799 3123 3003 3180 malum
3031 3137 3139 3177 non
3163 3123 3361 3177 audeat
3383 3120 3601 3176 tollere.
3634 3118 3799 3175 Unde

497 3215 692 3284 inquit,
714 3217 989 3289 Assyrios,
1020 3220 1255 3289 equites,
1283 3230 1340 3275 et
1362 3221 1613 3290 juvenes,
1648 3222 1813 3276 forma
1849 3224 2088 3293 egregia,
2120 3216 2163 3278 C
2201 3226 2252 3273 et
2299 3232 2467 3273 nasus
2514 3218 2561 3272 ei
2605 3217 2943 3287 praeciditur,
2987 3227 3043 3272 et
3069 3230 3231 3271 aures
3259 3222 3628 3283 amputantur,
3662 3216 3794 3283 quia

499 3312 666 3368 duces
679 3315 1115 3384 etmagistratus,
1139 3317 1255 3370 sive
1276 3317 1532 3379 tristatas,
1555 3333 1692 3386 quos
1715 3334 1813 3372 nos
1836 3319 2097 3390 principes

500 3409 799 3479 principum
818 3410 1160 3478 interpretati
1183 3426 1391 3464 smnus.
1430 3412 1501 3465 De
1525 3412 1721 3482 quibus
1739 3422 1794 3466 et
1826 3413 1877 3465 in
1906 3413 2097 3468 Exodo

502 3502 732 3571 legimus
760 3501 965 3575 (Exod.
1002 3520 1096 3567 xv,
1138 3505 1219 3577 4).
1284 3505 1489 3560 Eiectos
1531 3524 1825 3562 ascensorcs
1864 3508 2095 3564 tristatas

501 3597 880 3670 (τριστάτας),
918 3613 1017 3669 pro
1048 3599 1243 3669 quibus
1278 3600 1470 3654 Latina
1515 3600 1845 3670 simplicitas
1872 3644 1884 3667 ,
1926 3610 2097 3655 ternos

501 3699 527 3728 α
550 3699 767 3745 statores
800 3693 1094 3746 transtulit.
1126 3692 1379 3748 Tristatav
1410 3704 1588 3748 autem
1620 3709 1817 3749 nomen
1847 3702 1931 3749 est
1954 3692 2095 3764 apud

505 3782 726 3838 Grzecos
754 3825 767 3850 ,
806 3784 1029 3839 secundi
1071 3786 1271 3854 gradus
1317 3795 1439 3855 post
1492 3787 1697 3856 regiam
1749 3788 2094 3856 dignitatem.

506 3874 582 3929 De
607 3876 806 3944 quibus
835 3877 1095 3946 scriptum
1132 3887 1249 3932 est:
1288 3876 1652 3931 Verumtamen
1684 3880 1751 3932 ad
1781 3887 1882 3932 tres
1903 3880 2098 3951 primos

506 3984 604 4023 non
634 3971 883 4039 pervenit,
928 3973 1017 4040 qui
1047 3970 1305 4042 principes
1336 3972 1563 4042 equitum
1589 3975 1925 4042 peditumque
1947 3982 2097 4027 erant

502 4072 550 4116 et
576 4063 883 4118 tributorum
928 4061 1044 4135 [ΑΙ.
1080 4063 1441 4137 tribunorum]
1492 4066 1509 4135 (
1536 4064 1551 4116 Ι
1586 4064 1711 4120 Par.
1753 4080 1849 4131 xu,
1882 4064 1924 4119 ll
1960 4064 2093 4135 Reg.

506 4170 645 4209 χχιιι
670 4155 727 4223 ):
761 4171 899 4225 quos
932 4171 1029 4210 nos
1061 4157 1409 4235 magistratus
1438 4158 1723 4228 utriusque
1757 4158 2003 4227 milititc,
2042 4166 2098 4215 et

505 4247 794 4319 praefectos
832 4250 1117 4305 annonarii
1157 4250 1297 4305 tituli
1340 4252 1711 4306 nominamus.
1743 4252 1976 4319 Omnes,
2013 4254 2097 4307 in-

501 4344 639 4412 quit,
670 4342 722 4397 in
754 4343 1005 4399 curribus
1038 4351 1093 4399 et
1121 4346 1171 4399 iu
1205 4345 1381 4414 equis,
1411 4345 1579 4399 lorica
1611 4344 1832 4413 armati,
1863 4346 2015 4417 galea
2039 4355 2093 4402 et

503 4439 732 4507 clypeo,
790 4438 1122 4494 obsederunt
1179 4448 1231 4495 te
1278 4454 1374 4510 per
1417 4440 1729 4507 circuitum,
1764 4448 1820 4495 et
1848 4440 1988 4496 dabo
2012 4441 2094 4497 eis

502 4520 663 4603 267
691 4531 972 4600 judicium,
1012 4542 1067 4586 ut
1094 4548 1231 4603 quos
1270 4535 1593 4604 reliqueras,
1621 4542 1675 4588 et
1701 4549 1934 4604 quorum
1969 4535 2098 4590 irri-

2199 3311 2421 3367 odorem
2449 3313 2615 3384 268
2647 3312 2801 3365 home
2829 3310 3143 3381 fragrantia:
3172 3317 3415 3363 verterat
3447 3309 3500 3361 in
3536 3307 3793 3372 fetorem,

2200 3414 2255 3463 et
2281 3407 2531 3463 audierat
2553 3406 2817 3476 judicium
2852 3404 3169 3474 sanguinis,
3202 3402 3348 3474 quod
3382 3417 3489 3457 non
3517 3401 3691 3455 solum
3720 3399 3799 3454 de

2200 3499 2369 3555 odore
2417 3510 2473 3555 et
2521 3499 2738 3563 auditu,
2793 3499 2887 3552 sed
2916 3498 2985 3553 de
3017 3499 3134 3551 visu
3164 3511 3385 3567 quoque
3411 3495 3794 3565 intelligimus,

2200 3610 2308 3666 quo
2330 3638 2342 3660 ,
2386 3596 2513 3665 quia
2548 3594 2690 3649 male
2719 3594 2936 3650 fuerant
2956 3594 3143 3657 abusi,
3189 3592 3421 3647 Samson
3448 3602 3501 3646 et
3531 3589 3797 3646 Sedeoias

2202 3688 2502 3757 privamur.
2533 3686 2763 3742 Surdum
2779 3704 2982 3758 quoque
3000 3686 3141 3740 Deus
3156 3695 3201 3739 et
3219 3696 3416 3739 mutum
3447 3684 3568 3754 fecit
3588 3681 3792 3753 (Exod.

2198 3797 2275 3848 tv,
2308 3782 2429 3854 ll):
2465 3798 2533 3837 ne
2564 3783 2745 3852 lingua
2781 3798 2970 3837 eorum
3014 3790 3360 3853 pertranseat
3385 3796 3557 3849 usque
3587 3778 3653 3833 ad
3685 3788 3801 3834 ter-

2200 3889 2338 3943 ram,
2378 3885 2431 3931 et
2462 3884 2641 3932 tactus
2665 3877 2845 3931 omnis
2877 3876 3157 3930 auferetur
3187 3874 3239 3929 in
3267 3874 3351 3929 his
3383 3873 3473 3942 qui
3502 3874 3667 3927 vitam
3699 3886 3802 3942 pe-

2200 3970 2343 4025 nitus
2374 3969 2745 4039 pcrdideruut.
2785 3970 2849 4023 Et
2874 3969 2988 4023 haec
3020 3968 3150 4023 ﬁent
3173 4011 3185 4031 ,
3220 3977 3278 4023 ut
3308 3968 3423 4039 igni
3450 3974 3640 4023 cuncta
3665 3980 3801 4037 pur-

2199 4075 2420 4135 geritur,
2452 4075 2505 4119 et
2531 4074 2717 4134 pereat
2748 4063 2967 4135 Egypti
2995 4064 3324 4118 fornicatio:
3367 4076 3467 4119 nec
3496 4062 3635 4117 ultra
3666 4076 3800 4117 ocu—

2200 4158 2281 4214 los
2303 4172 2431 4212 suos
2460 4158 2526 4211 ad
2561 4157 2700 4211 mala
2730 4158 2903 4228 possit
2929 4157 3206 4213 attollere.

2272 4251 2452 4323 (Vers.
2485 4250 2556 4305 9.8
2587 4249 2768 4321 seqq.)
2822 4248 2959 4315 Quia
2998 4249 3109 4303 ha'c
3155 4248 3280 4302 dicit
3324 4247 3577 4301 Dominus
3609 4244 3751 4300 Deus
3775 4263 3797 4301 :

2199 4342 2339 4397 Ecce
2376 4359 2468 4415 ego
2509 4344 2710 4397 tradam
2760 4351 2806 4396 te
2845 4343 2899 4395 in
2933 4358 3114 4396 manus
3139 4356 3354 4407 eorum,
3379 4355 3508 4411 quos
3530 4339 3710 4393 odisti:
3736 4339 3796 4394 in

2198 4452 2381 4490 manus
2405 4437 2468 4489 de
2486 4436 2671 4504 quibus
2699 4436 2891 4490 satiata
2918 4444 2995 4490 est
3019 4436 3193 4490 anima
3218 4444 3329 4488 tua.
3364 4433 3430 4487 Et
3452 4442 3603 4504 agent
3628 4444 3797 4487 tecum

2198 4533 2250 4585 in
2278 4531 2420 4599 odio,
2468 4543 2515 4586 et
2555 4531 2738 4585 tollent
2764 4547 2941 4585 omnes
2984 4529 3184 4583 labores
3215 4538 3349 4595 tuos,
3382 4536 3431 4581 et
3462 4527 3721 4581 dimittent
3744 4535 3797 4598 ιε

501 4631 614 4676 tum
643 4622 852 4678 feceras
881 4634 1126 4695 pactum,
1152 4626 1220 4679 ab
1246 4627 1327 4679 his
1358 4625 1654 4695 judiceris:
1688 4637 1743 4682 et
1766 4628 2095 4698 judicabant
2122 4616 2176 4677 Β
2200 4627 2414 4691 nudam,
2467 4632 2516 4678 et
2561 4623 2845 4694 ignominia
2877 4623 3106 4694 plenam,
3135 4620 3163 4660 ι)
3196 4632 3246 4676 et
3291 4621 3602 4675 rerelabitur
3639 4621 3797 4693 igno-

506 4724 557 4769 te
581 4716 800 4784 judiciis
830 4720 948 4772 suis
976 4718 1131 4789 quasi
1176 4717 1500 4774 adulteram.
1560 4719 1624 4774 Et
1656 4738 1865 4791 ponam,
1901 4723 2099 4794 inquit,

501 4807 667 4860 zelum
696 4824 864 4869 meum
907 4812 962 4864 in
1013 4820 1094 4877 te,
1142 4826 1292 4882 quem
1320 4822 1559 4867 exercent
1592 4822 1755 4869 tecum
1796 4816 1848 4870 in
1891 4820 2091 4888 furore.

503 4899 664 4955 Zelus
702 4902 846 4956 enim
893 4918 1048 4958 meus
1077 4913 1164 4959 est
1194 4906 1338 4961 inter
1370 4907 1582 4973 hostes,
1628 4906 1753 4963 fidei
1786 4908 1949 4965 etiam
1983 4926 2092 4967 non

498 5004 751 5048 servabe.
797 4994 1031 5062 Nasum,
1067 4996 1240 5067 inquit
1263 5040 1277 5062 ,
1308 5007 1457 5053 tuum
1492 5007 1545 5053 et
1573 5014 1733 5055 aures
1758 5009 1875 5056 tuas
1899 5003 2093 5071 praci-

503 5087 665 5150 dent,
714 5089 869 5158 quasi
901 5089 1165 5145 adulterae
1192 5098 1247 5145 et
1284 5091 1639 5161 deprehensa:
1671 5093 1724 5147 in
1763 5103 1990 5164 stupro:
2035 5104 2094 5151 ut

502 5179 805 5234 deformata
833 5182 1049 5249 placere
1081 5183 1334 5238 desistas.
1377 5184 1663 5251 Quomodo
1687 5188 1830 5242 enim
1874 5189 1925 5242 in
1957 5189 2091 5246 faeie

501 5273 679 5328 omnis
708 5272 1052 5342 pulchritudo
1082 5276 1192 5331 oris
1236 5276 1287 5330 in
1323 5279 1531 5333 narium
1568 5279 1767 5335 decore
1812 5282 2087 5346 consistit,

500 5373 555 5419 ct
585 5366 637 5421 in
667 5366 922 5435 auribus,
974 5384 1004 5425 e
1047 5369 1247 5438 quibus
1277 5373 1329 5425 in
1356 5372 1574 5428 feminis
1606 5375 1839 5430 uniones
1868 5384 1923 5431 et
1946 5392 2089 5433 mar-

568 5559 594 5588 ⁸
634 5552 890 5609 Mendose
912 5554 1072 5609 etiam
1097 5562 1222 5623 post
1245 5554 2081 5613 Victoriiemcndationem'Mar-

493 5622 722 5701 tianaeus
762 5627 996 5701 retinuit
1042 5622 1311 5701 stratores,
1361 5629 1505 5701 quod
1551 5644 1656 5701 non
1704 5631 1927 5684 St'Cttntli
1957 5639 2083 5701 post

492 5694 701 5763 regiam
744 5696 1058 5765 dignitatem
1090 5698 1313 5765 gradus,
1350 5694 1444 5753 sed
1492 5699 1663 5754 infimi
1705 5703 1885 5769 potius
1917 5694 2081 5757 oilicii

491 5776 573 5821 est
599 5781 819 5832 nomen,
853 5769 919 5822 ab
946 5786 1086 5836 equo
1112 5770 1463 5825 insterucndo
1495 5772 1820 5829 derivatum.
1848 5776 2084 5830 Statores

491 5851 620 5891 vero
647 5840 815 5893 nostri
843 5854 1058 5909 quoque
1089 5840 1387 5910 praeferunt
1420 5856 1552 5897 mss.

2199 4720 2358 4774 miuia
2389 4719 2790 4792 fornicationum
2822 4727 3051 4772 tuarum.
3086 4718 3271 4771 Scelus
3299 4725 3467 4782 tuum,
3496 4724 3541 4769 et
3571 4715 3799 4785 fornica-

2197 4813 2360 4867 tiones
2411 4821 2515 4866 tua:
2545 4812 2772 4880 fecerunt
2804 4811 2914 4865 lucc
2953 4811 3085 4865 tibi:
3136 4811 3256 4880 quia
3298 4810 3557 4879 fornicata
3601 4825 3652 4862 es
3683 4818 3799 4879 post

2197 4918 2399 4979 gentes,
2443 4909 2576 4961 inter
2609 4924 2735 4978 quas
2765 4905 2968 4978 polluta
3010 4923 3063 4960 es
3090 4905 3143 4959 in
3168 4904 3325 4959 idolis
3348 4920 3553 4959 earum.
3621 4901 3685 4956 In
3712 4903 3799 4957 cia

2195 5002 2387 5055 sororis
2421 5010 2521 5053 tute
2551 4999 2866 5053 ambulasti:
2912 5007 2959 5053 et
2995 4999 3127 5052 dabo
3154 4998 3366 5052 calicem
3398 4998 3510 5069 ejus
3549 4998 3601 5050 in
3636 5012 3802 5050 manu

2198 5105 2305 5147 tua.
2372 5092 2496 5147 Hcce
2527 5093 2653 5146 dicit
2685 5091 2940 5148 Dominus
2971 5092 3154 5146 Deus:
3194 5091 3418 5146 Calicem
3460 5091 3656 5145 sororis
3696 5098 3806 5144 tua:

2195 5192 2329 5247 bibes
2350 5191 2662 5263 profundum
2681 5200 2730 5247 et
2751 5191 2931 5246 latum.
2959 5188 3147 5244 Erisin
3180 5190 3400 5244 derisum
3429 5199 3477 5244 ct
3502 5190 3553 5241 in
3579 5186 3804 5242 subsan-

2196 5285 2455 5339 nationem
2480 5301 2594 5356 qua!
2617 5295 2689 5340 est
2716 5284 3060 5352 capacissima
3083 5300 3102 5338 :
3140 5283 3382 5338 ebrietate
3419 5293 3467 5337 et
3490 5282 3671 5337 dolare
3710 5296 3798 5335 re-

2195 5378 2411 5450 plebcris
2436 5419 2450 5445 ,
2504 5388 2551 5433 et
2580 5378 2742 5433 calice
2772 5379 3002 5432 oneraria
3025 5386 3071 5431 et
3102 5376 3324 5431 tristitia:
3344 5422 3357 5445 ,
3407 5374 3569 5429 calice
3600 5372 3803 5441 sororis

2257 5558 2285 5599 ι)
2330 5560 2479 5616 lianc
2509 5560 2731 5615 alteram
2768 5559 2929 5625 hujus
2954 5560 3213 5615 versiculi
3242 5571 3477 5629 partem,
3519 5570 3565 5614 et
3591 5559 3796 5614 revela-

2189 5631 2324 5687 bitur
2374 5633 2662 5705 iqnominia
2711 5633 3116 5705 fornicationum
3150 5642 3391 5705 _t_uarum,
3430 5649 3551 5702 quin
3579 5632 3796 5699 deerat,

2190 5700 2509 5760 sullecimus
2529 5718 2595 5756 ex
2624 5718 2756 5759 mss.
2789 5712 2844 5758 et
2868 5700 3113 5758 Rabano.
3147 5701 3427 5759 Victorius
3448 5700 3664 5772 quoque
3693 5719 3801 5757 an-

2192 5786 2276 5831 tea
2308 5775 2657 5846 suppleverat
2685 5790 2838 5831 more
2859 5789 2959 5831 suo
2988 5790 3052 5830 ex
3073 5774 3326 5845 Hebraeo,
3344 5774 3645 5846 Latineque
3673 5790 3801 5830 ver-

2192 5847 2371 5915 sione,
2398 5855 2454 5902 et
2482 5845 2699 5903 Graeco.
