4038 6328
250 304 367 359 ΞΞΙ

927 295 1576 361 COMMENTARIOBUM
1617 303 1682 360 1N
1723 291 2166 362 EZECHIELEM
2206 297 2337 363 [ΑΒ.
2385 305 2495 364 vn.
2537 307 2690 365 CAP.
2734 307 2925 365 XXIII.

3463 309 3573 366 222

249 431 363 477 me
408 419 696 478 Samaria.
750 417 817 476 Et
847 417 986 477 bibes
1027 419 1200 488 illum,
1247 429 1294 477 et
1339 421 1574 505 epotabis
1600 437 1759 494 usque
1798 424 1866 476 ad
1893 423 1944 484 Α
1975 424 2098 493 lem,
2129 439 2248 494 quas
2280 419 2510 479 calicem
2541 422 2805 480 Samaria:
2849 421 3058 481 sororis
3084 437 3204 481 sua:
3231 421 3369 480 bibl!
3391 423 3575 482 novis-

249 515 434 582 ἵει-εδ,
480 521 531 569 et
560 516 861 586 fragmenta
892 516 1005 587 ejus
1030 513 1322 582 devorabis,’
1364 522 1411 568 et
1431 514 1587 569 ubera
1618 523 1707 569 tua
1735 514 1870 570 lace-

239 608 396 662 rabis
455 605 618 678 (sive
671 616 734 663 ut
774 605 922 664 LXX
977 608 1370 664 transtulerunt
1413 625 1426 663 :
1477 609 1773 680 festivitates
1822 621 1870 666 et

241 703 557 757 humanius
588 703 704 774 ejus
731 699 1010 774 auferam)
1042 704 1205 773 ;quia
1231 717 1326 775 ego
1371 702 1571 758 locutus
1610 715 1744 774 sum,
1795 701 1868 758 ait

245 793 522 851 Dominus
573 796 595 870 [
631 793 788 869 Vulg.
821 796 972 852 addit
1026 795 1166 852 Deus
1190 795 1231 869 ].
1297 791 1576 871 PrOpterea
1615 799 1723 854 hac
1744 797 1869 854 dicit

238 885 518 944 Dominus
554 885 718 946 Deus.
788 888 928 956 Quia
957 887 1116 945 oblita
1156 907 1208 945 es
1234 891 1368 956 mei,
1414 901 1464 945 et
1495 893 1756 964 projecisti
1787 907 1868 946 me

237 990 369 1051 post
393 999 598 1054 corpus
631 991 800 1039 liiﬂftt.‘
831 989 886 1038 tu
913 1001 1115 1056 quoque
1137 993 1287 1056 porta
1309 984 1477 1040 scelus
1507 996 1648 1040 tuum
1677 995 1723 1042 et
1758 987 1866 1058 for-

232 1076 541 1134 intentiones
571 1089 712 1134 tuas.
750 1077 1302 1136 Prodestterusaletn
1325 1079 1635 1136 inimicitias
1665 1081 1865 1138 habere

233 1181 443 1226 contra
498 1155 764 1244 Assyrius
811 1180 977 1245 atque
1018 1170 1343 1240 Chaldaeos,
1401 1185 1457 1230 et
1489 1179 1860 1246 'nequaquam

238 1261 476 1336 .E-gypti
505 1265 822 1333 recordari;
850 1263 947 1323 sed
969 1265 1111 1323 tradi
1135 1269 1216 1324 eis
1245 1269 1294 1322 in
1322 1281 1515 1323 manus
1539 1269 1604 1324 ad
1631 1269 1862 1340 punien-

237 1356 408 1423 dum,
449 1355 552 1427 qui
585 1357 737 1414 illam
771 1360 1034 1416 oderant:
1077 1361 1273 1432 quibus
1299 1370 1426 1417 ante
1455 1377 1567 1416 non
1601 1361 1856 1430 traditur,

231 1447 346 1502 nisi
405 1453 618 1504 satiata
667 1448 830 1508 fuerit
879 1452 947 1508 de
977 1451 1056 1508 eis
1099 1454 1278 1507 anima
1306 1453 1447 1524 ejus,
1478 1461 1536 1509 ut
1566 1464 1855 1525 postquam

231 1541 577 1611 paenituerit
610 1549 858 1601 veterum
891 1553 1262 1616 peccatorum,
1291 1555 1416 1603 tunc
1439 1559 1700 1619 purgetur
1729 1563 1859 1620 Sup-

227 1632 447 1705 pliciis,
469 1645 523 1690 et
557 1637 754 1706 perdat
777 1645 968 1695 omnes
1000 1638 1212 1696 labores
1237 1653 1376 1709 quos
1403 1649 1522 1696 arte
1553 1637 1859 1698 meretricia

231 1729 624 1798 conquisivit:
660 1729 956 1802 videatque
998 1731 1302 1789 nuditatem
1345 1747 1497 1789 suam
1540 1744 1595 1790 et
1625 1735 1859 1806 ignomi-

1972 515 2131 583 sima,
2151 525 2205 570 et
2227 515 2382 588 quasi
2407 514 2567 572 faeces
2595 521 2996 575 tormentorum
3028 517 3145 590 ejus
3165 531 3340 592 usque
3359 517 3427 576 ad
3450 517 3575 577 fun-

1971 605 2099 667 dum
2129 612 2387 680 epotavit.

2042 703 2237 777 (Vers.
2271 703 2358 771 56,
2393 703 2461 760 57
2486 719 2603 777 seq.
2631 705 2649 778 )
2681 703 2750 760 Et
2771 706 2845 761 ait
2876 705 3124 762 Dominus
3153 707 3222 761 ad
3253 721 3332 764 me
3352 707 3528 766 dicens
3549 727 3568 766 :

1971 795 2082 853 Fili
2106 797 2332 854 hominis
2352 844 2365 867 ,
2394 798 2645 870 numquid
2667 799 2880 872 judicas
2906 797 3114 854 Oollam
3141 809 3189 854 et
3220 799 3490 869 Uolibam,
3525 812 3572 858 et

1969 893 2251 947 annuntios
2299 894 2370 947 eis
2418 893 2612 955 scelera
2653 891 2779 963 (vel
2823 891 3150 964 iniquitates)
3199 905 3416 949 eorum:
3448 896 3570 964 quia

1968 983 2222 1039 adultera:
2252 984 2434 1056 [\’nlg.
2463 983 2800 1057 adulterata]
2832 992 2973 1053 sunt,
3004 993 3049 1038 et
3076 983 3290 1054 sanguis
3317 987 3369 1038 in
3396 989 3570 1043 mani-

1969 1077 2058 1131 bus
2081 1093 2279 1141 earum,
2310 1087 2357 1130 et
2379 1093 2498 1132 cum
2545 1077 2698 1132 idolis
2729 1077 2892 1151 27o
2910 1076 3047 1150 (sive
3093 1077 3562 1153 adinventionibus)

1966 1170 2073 1224 suis
2098 1170 2370 1239 fornicata:
2399 1179 2518 1224 sunt
2547 1185 2564 1223 :
2588 1171 2800 1242 insuper
2828 1179 2876 1224 ct
2905 1171 3047 1240 ﬁlios
3071 1185 3192 1225 suos
3221 1187 3349 1238 quos
3378 1165 3566 1242 gen-ne-

1966 1275 2084 1319 rant
2126 1265 2283 1332 miihi,
2332 1263 2622 1320 obtulerant
2650 1265 2724 1320 eis
2753 1266 2822 1319 ad
2851 1263 3204 1320 devorandum
3230 1265 3368 1338 (sive
3393 1271 3566 1322 trans-

1967 1357 2247 1426 duxerunt)
2271 1371 2360 1430 per
2387 1357 2578 1430 ignem.
2604 1356 2713 1414 Sed
2741 1365 2790 1412 et
2815 1355 2912 1410 hoc
2944 1357 3172 1428 fecerunt
3203 1357 3350 1422 mihi,
3378 1357 3575 1429 pollue-

1967 1462 2084 1506 runt
2121 1453 2473 1506 sanctuarium
2521 1453 2692 1506 meum
2722 1454 2775 1505 in
2803 1451 2886 1506 die
2921 1449 3020 1505 illa
3055 1465 3074 1505 :
3111 1461 3155 1506 et
3201 1451 3413 1506 sabbata
3454 1469 3570 1508 mea

1964 1549 2390 1618 profanaverunt.
2437 1541 2666 1617 Cumque
2710 1544 3038 1599 immolarent
3077 1545 3216 1608 ﬁlios
3262 1563 3382 1602 suos
3412 1545 3569 1603 idolis

1963 1641 2070 1693 suis
2091 1681 2104 1701 ,
2139 1649 2184 1693 ct
2225 1639 2616 1713 ingrederentur
2644 1640 3001 1693 sanctuarium
3030 1655 3196 1693 meum
3245 1640 3299 1694 in
3331 1639 3416 1694 die
3447 1639 3561 1707 illa,

1963 1744 2019 1788 ut
2043 1733 2339 1806 polluerunt
2362 1731 2520 1802 illud,
2547 1735 2704 1790 etiam
2725 1731 2834 1788 haec
2862 1736 3093 1806 fecerunt
3118 1735 3170 1788 in
3192 1734 3360 1788 medio
3382 1735 3566 1792 domus

228 1821 385 1876 niam
413 1839 430 1888 ;
488 1829 545 1878 et
595 1823 734 1880 sciat
775 1823 920 1896 quod
951 1823 1070 1897 ha'c
1099 1823 1349 1883 universa
1381 1841 1487 1882 non
1515 1827 1562 1884 ei
1593 1827 1854 1884 Dominus
1890 1827 1932 1890 Β
1963 1841 2105 1881 mete.
2144 1825 2399 1881 Miserum
2429 1823 2496 1880 ad
2536 1825 2672 1880 viros
2703 1827 2960 1880 venientes
3005 1826 3069 1881 de
3117 1825 3297 1898 longe,
3328 1830 3398 1881 ad
3435 1845 3564 1898 quos

229 1915 464 1985 iecerit,
500 1915 606 1973 sed
638 1916 1030 1975 fornicationes
1060 1935 1208 1986 suae,
1253 1920 1450 1992 quibus
1476 1921 1743 1977 fornicata
1775 1932 1861 1978 est

235 2019 336 2074 per
362 2015 572 2075 gentes
601 2023 738 2078 quas
767 2023 932 2080 supra
959 2011 1326 2078 enumeravit,
1357 2019 1415 2066 ut
1440 2026 1625 2066 earum
1654 2013 1860 2068 coleret

227 2101 570 2158 simulacra.
603 2101 663 2159 In
690 2103 813 2171 viis,
833 2103 932 2173 ait,
963 2105 1172 2161 sororis
1201 2113 1308 2160 tua:
1331 2105 1592 2162 Samaria:
1611 2107 1858 2162 ambula-

225 2196 336 2251 sti:
373 2205 688 2266 propterea
716 2195 886 2254 debes
911 2198 1136 2274 calicem
1166 2197 1309 2254 illius
1339 2195 1552 2266 bibere,
1574 2197 1740 2272 269
1759 2215 1856 2255 cu-

217 2289 316 2359 jus
345 2299 586 2360 peccata
619 2299 827 2347 seetata
855 2307 936 2348 es.
985 2289 1138 2347 Calix
1165 2301 1346 2348 autem
1371 2335 1384 2359 ,
1419 2293 1563 2364 quod
1595 2307 1739 2364 sa'pe
1768 2309 1858 2350 ac-

229 2386 457 2456 cipitur
491 2393 597 2458 pro
649 2386 827 2457 poenis
872 2395 1037 2458 atque
1074 2385 1375 2458 suppliciis,
1409 2387 1578 2450 multa
1609 2387 1858 2458 exempla

228 2485 398 2540 Sunt,
442 2495 470 2533 e
493 2475 697 2551 quibus
728 2473 866 2536 illud
893 2487 1005 2537 est:
1047 2479 1200 2537 Catia:
1229 2485 1278 2537 in
1312 2493 1468 2537 manu
1500 2479 1715 2538 Domini
1753 2483 1859 2540 uini

225 2571 363 2636 meri
393 2569 590 2640 plenus
614 2569 807 2640 mixto,
840 2581 888 2627 et
919 2571 1182 2628 inclinavit
1204 2589 1268 2628 ex
1294 2573 1394 2630 hoc
1422 2575 1475 2629 in
1501 2573 1622 2629 hoc:
1652 2591 1856 2630 verum-

227 2675 424 2718 tamen
460 2669 568 2735 [(817
597 2669 713 2740 ejus
743 2680 846 2721 non
889 2677 964 2721 est
1011 2667 1298 2738 exinanita,
1323 2668 1488 2723 bibent
1517 2684 1578 2724 ea
1598 2685 1655 2723 eo
1683 2683 1858 2725 omnes

227 2771 559 2830 peccatores
589 2769 736 2817 terra:
767 2759 945 2836 (Psal.
975 2775 1156 2832 LXXIV,
1183 2764 1238 2829 9,
1265 2764 1378 2835 10).
1410 2761 1475 2819 Ει
1505 2765 1555 2818 in
1587 2765 1720 2820 Isaia
1754 2763 1857 2821 Ca-

227 2853 304 2906 lis
345 2854 538 2908 ruina:
564 2900 578 2922 ,
633 2863 688 2909 et
736 2856 992 2924 poeulum
1020 2858 1219 2912 furoris
1244 2853 1442 2913 dicitur
1474 2858 1609 2930 (Isa.
1636 2873 1708 2924 LI,
1740 2859 1852 2932 l7).

225 2943 298 2999 Et
328 2943 410 3000 ad
441 2946 737 3002 Jcremiam
779 2938 1016 3020 loquitur
1045 2943 1189 3005 Deus
1231 2967 1243 3004 :
1274 2949 1461 3021 Accipe
1502 2953 1713 3008 calicem
1754 2955 1856 3008 vini

230 3042 378 3095 meri
425 3042 492 3096 de
534 3051 688 3096 manu
730 3053 865 3110 mea,
898 3049 944 3097 et
983 3044 1182 3114 potabis
1213 3061 1386 3101 omnes
1416 3058 1611 3118 gentes,
1637 3049 1705 3101 ad
1726 3065 1856 3119 quas

225 3153 331 3208 ego
367 3136 580 3190 mittam
601 3141 670 3202 te,
696 3145 742 3190 ct
763 3133 955 3206 bibent,
979 3149 1024 3192 et
1043 3145 1260 3204 vom—ent,
1283 3149 1328 3194 et
1344 3140 1604 3195 insanient
1629 3139 1847 3216 (Jerent.
1882 3195 1886 3199 _

1965 1921 2204 1974 nuntium
2232 1919 2497 1973 miserant.
2542 1917 2730 1990 Itaque
2760 1935 2873 1972 ecce
2897 1929 3161 1985 uenerunt,
3194 1918 3379 1990 quibus
3403 1930 3449 1974 te
3487 1919 3566 1975 la-

1963 2016 2076 2069 t'isti
2107 2014 2266 2087 (sive.
2293 2027 2407 2067 cum
2433 2013 2706 2080 venissent,
2734 2013 2907 2066 statim
2937 2011 3254 2082 lavabaris):
3279 2015 3566 2068 etcircum-

1962 2111 2122 2165 lit-isti
2164 2109 2356 2184 [Vulg.
2391 2108 2540 2164 addit
2575 2105 2762 2182 stibio]
2795 2106 2972 2162 oculos
3000 2116 3117 2162 tuos
3146 2122 3166 2161 :
3203 2116 3249 2163 et
3285 2118 3472 2163 ornata
3509 2125 3564 2164 es

1963 2205 2159 2258 mundo
2188 2203 2444 2258 muliebri.
2481 2201 2676 2258 Sediin
2705 2199 2758 2256 in
2787 2197 2976 2256 lectulo
3009 2200 3249 2270 pulchro,
3295 2211 3342 2255 et
3383 2218 3561 2258 mensa

1963 2307 2146 2354 ornata
2175 2295 2370 2371 [Vulg.
2405 2295 2647 2351 ordinata
2667 2295 2695 2368 ]'
2711 2303 2786 2350 est
2815 2301 2936 2349 ante
2963 2301 3038 2348 te.‘
3057 2291 3364 2366 Thymiama
3389 2309 3562 2349 meum

1962 2408 2009 2451 et
2030 2401 2356 2469 unguentum
2388 2399 2414 2430 ιι
2436 2407 2604 2446 meum
2630 2385 2850 2464 posuisti
2874 2405 3030 2462 super
3060 2403 3194 2454 eam,
3227 2397 3274 2444 et
3300 2405 3400 2443 vox
3423 2387 3560 2442 mul-

1961 2488 2198 2544 titudinis
2253 2485 2558 2541 exsultantis
2594 2493 2704 2538 erat
2733 2483 2785 2537 in
2823 2500 2880 2536 ea
2924 2479 3064 2554 (sive
3107 2490 3153 2536 et
3196 2498 3314 2536 voce
3357 2497 3563 2554 compo-

1959 2581 2059 2637 sita
2103 2579 2482 2654 persultabat);
2529 2574 2592 2631 Et
2629 2577 2682 2630 in
2714 2577 2835 2630 ciris
2880 2575 3085 2646 quidem
3123 2571 3151 2611 ι’
3199 2571 3563 2628 multitudines

1959 2673 2228 2727 hominum
2261 2670 2674 2734 adducebantur,
2711 2677 2756 2722 et
2785 2667 3054 2722 ueniebant
3085 2666 3148 2719 de
3176 2657 3375 2720 deserto
3417 2665 3559 2736 (sive

1959 2765 2090 2823 ebrii
2112 2767 2176 2821 de
2199 2763 2455 2835 deserto):
2489 2771 2770 2838 posuerunt
2801 2760 3040 2815 armillas
3075 2760 3129 2813 in
3161 2757 3397 2814 manibus
3426 2759 3558 2827 suis,

1958 2870 2008 2916 et
2057 2875 2274 2914 coronas
2309 2857 2714 2927 speciosissimas
2754 2856 2807 2909 in
2865 2854 3118 2926 capitibus
3150 2851 3280 2907 suis.
3335 2849 3401 2905 Et
3449 2851 3560 2906 dixi

1961 2957 2006 3011 ei
2036 2971 2150 3025 qua?
2179 2953 2360 3007 attrita
2403 2961 2475 3006 est
2514 2951 2567 3005 in
2609 2947 3091 3004 adulterio:Nunc
3135 2944 3474 3016 fornicabitur
3506 2945 3562 3000 in

1960 3047 2304 3122 fornicatione
2333 3063 2430 3100 sua
2459 3045 2610 3099 etiam
2639 3043 2769 3098 lucc.
2800 3041 2869 3096 Et
2899 3041 3118 3113 ingressi
3147 3047 3270 3094 sunt
3304 3039 3371 3092 ad
3408 3054 3519 3094 eam
3539 3055 3558 3094 :

1959 3139 2112 3214 quasi
2156 3139 2224 3193 ad
2271 3137 2539 3193 mulierem
2573 3137 2910 3201 meretricem,
2941 3135 3016 3188 sic
3038 3129 3462 3206 ingrediebantur
3489 3131 3557 3184 ad

227 3243 381 3298 xxv,
419 3228 530 3300 l5).
576 3229 726 3286 Sicut
752 3229 896 3286 enim
926 3231 1173 3300 quasdam
1199 3231 1397 3288 dantur
1425 3235 1726 3290 cathartica
1749 3280 1763 3304 ,
1796 3245 1854 3292 ut
1879 3223 1924 3294 Ε
1963 3233 2170 3289 Oollam
2193 3242 2239 3288 et
2268 3231 2506 3288 Oolibam
2535 3231 2776 3284 mulieres
2800 3229 3028 3298 nefarias
3071 3227 3211 3300 (sive
3251 3236 3308 3280 ut
3331 3230 3562 3298 facerent

228 3322 460 3377 noxius
499 3322 697 3378 humor
733 3323 822 3395 qui
855 3325 999 3380 inest
1023 3325 1349 3395 corporibus
1373 3335 1653 3398 egeratur:
1692 3328 1767 3384 sit:
1800 3337 1853 3385 ct

231 3411 523 3468 Dominus
564 3415 656 3470 dat
685 3416 908 3471 calicem
951 3425 1350 3474 tormentorum
1396 3421 1846 3490 meracissimum,

227 3519 292 3563 ut
347 3509 624 3580 quidquid
672 3503 820 3566 fellis
868 3513 1364 3582 ainaﬁtudinisque
1411 3527 1516 3578 est,
1567 3514 1772 3570 auferat
1819 3533 1850 3572 a

227 3603 658 3674 peccatoribus,
708 3615 766 3660 "et
812 3604 1054 3676 pristina:
1086 3623 1182 3664 eos
1214 3611 1464 3663 restituat
1501 3611 1738 3666 sanitati.
1787 3611 1852 3667 Et

229 3693 362 3765 ipse
395 3693 539 3750 calix
572 3695 675 3751 erit
717 3695 1021 3767 profundus
1062 3711 1117 3754 et
1145 3699 1310 3754 latus.
1352 3699 1692 3772 Profundus,
1738 3719 1850 3772 pm-

228 3805 440 3843 narum
499 3791 904 3861 magnitudine:
972 3791 1114 3848 latus
1179 3793 1426 3863 tempore
1487 3797 1839 3866 captivitatis.

228 3879 478 3951 Quando
521 3893 698 3940 autem
723 3931 737 3954 ,
771 3885 882 3955 ait,
918 3885 1181 3942 inebriata
1210 3883 1376 3943 fueris
1405 3898 1460 3943 et
1485 3888 1677 3946 dolore
1701 3905 1852 3964 com-

227 3975 545 4048 prehensa,
579 3986 634 4033 et
673 3976 876 4034 biberis
907 3977 1130 4035 calicem
1165 3983 1336 4049 uSquc
1365 3980 1431 4036 ad
1461 3980 1642 4049 faeces,
1683 3992 1740 4037 et
1768 3981 1852 4038 in-

229 4080 463 4124 tantum
493 4067 768 4140 hauseris,
803 4075 860 4125 ut
893 4070 1191 4142 fragmenta
1218 4088 1434 4143 quinque
1465 4071 1634 4142 ipsius
1665 4073 1850 4129 calicis

227 4161 472 4216 devores
502 4179 514 4214 :
547 4169 678 4217 tunc
726 4159 949 4218 taedebit
984 4172 1035 4218 te
1068 4163 1444 4218 fornicationis
1475 4167 1718 4235 pristina:
1741 4211 1755 4235 ,
1793 4177 1849 4223 et

227 4253 516 4310 lacerabis
561 4255 730 4310 ubera
777 4273 899 4328 qua:
947 4255 1121 4312 lracta
1171 4253 1390 4312 fuerant
1420 4257 1470 4313 in
1506 4255 1764 4332 JEgypto,
1795 4270 1848 4316 et

229 4361 366 4420 qua:
388 4347 730 4406 amatoribus
755 4352 865 4407 tuis
887 4348 1110 4408 subacta
1144 4363 1308 4425 atque
1329 4351 1519 4410 collisa
1552 4365 1699 4411 sunt:
1733 4355 1848 4414 sive

229 4459 436 4499 omnes
477 4441 828 4513 festivitates,
873 4454 928 4501 et
957 4441 1276 4503 neomenias
1320 4457 1440 4505 tuas
1472 4443 1742 4520 auferam,
1788 4453 1846 4507 ut

231 4554 342 4608 pro
385 4535 742 4596 solemnitate
787 4549 951 4614 atque
994 4543 1203 4614 ltetitia,
1251 4554 1519 4602 aeternum
1565 4545 1840 4618 planctum

1955 3327 2332 3402 iniquitatem).
2386 3327 2501 3383 Viri
2535 3342 2668 3406 (ergo
2708 3325 2842 3395 justi
2888 3321 2902 3394 [
2933 3322 3097 3393 Vulg.
3127 3321 3406 3376 interserit
3435 3317 3559 3392 isti]

1956 3433 2076 3478 sunt
2100 3441 2117 3477 :
2139 3419 2518 3494 hijudicabunt
2545 3417 2854 3492 easjudicio
2877 3417 3258 3483 adulterarum,
3282 3423 3333 3468 et
3351 3415 3558 3488 judicio

1956 3515 2337 3584 o/fundentium
2369 3516 2697 3585 sanguinem,
2728 3511 2850 3583 quia
2881 3509 3135 3564 adultera:
3179 3517 3320 3577 sunt,
3353 3517 3399 3562 et
3432 3524 3556 3562 san-

1954 3615 2066 3684 guis
2115 3611 2168 3664 in
2221 3605 2460 3663 manibus
2509 3617 2712 3661 earum.
2763 3603 2893 3661 Haec
2935 3607 3072 3660 enim
3123 3605 3249 3658 dicit
3296 3601 3556 3658 Dominus

1956 3704 2096 3758 Deus
2136 3719 2152 3755 :
2196 3699 2379 3756 Adduc
2421 3695 2490 3754 ad
2531 3718 2617 3755 eas
2659 3697 3080 3764 multitudinem,
3129 3707 3176 3751 et
3205 3697 3350 3751 trade
3377 3714 3465 3750 eas
3495 3696 3551 3749 in

1955 3799 2230 3852 tumultum
2257 3805 2304 3851 et
2337 3797 2391 3850 in
2422 3797 2689 3868 rapinam,
2740 3803 2786 3847 et
2828 3791 3129 3866 lapidentur
3161 3789 3423 3863 lapidibus
3456 3806 3554 3862 po-

1955 3892 2222 3962 pulorum,
2251 3898 2298 3942 et
2323 3879 2695 3960 confudiantur
2721 3887 2914 3961 gladiis
2947 3881 3312 3952 eorum:ﬁlios
3343 3890 3389 3936 et
3415 3881 3556 3952 ﬁlias

1955 4003 2129 4040 eorum
2158 3985 2490 4053 interﬁcient,
2515 3992 2564 4038 et
2594 3981 2772 4036 domos
2802 3997 2980 4034 carum
3010 3976 3120 4054 igni
3143 3973 3480 4038 succenderit,
3508 3983 3555 4028 et

1954 4081 2184 4151 auferam
2213 4080 2380 4132 scelus
2411 4077 2566 4150 (sive
2597 4075 2915 4148 impietatem
2942 4074 2958 4142 )
2999 4069 3062 4126 de
3088 4082 3250 4134 terra,
3282 4077 3330 4125 et
3358 4068 3558 4122 discent

1955 4187 2129 4225 omnes
2150 4169 2393 4224 mulieres
2423 4185 2486 4223 ne
2507 4169 2700 4240 faciant
2725 4165 3012 4221 secundum
3035 4161 3203 4220 scelus
3238 4161 3345 4235 (vel
3373 4161 3557 4233 impie-

1949 4261 2136 4334 tatem)
2158 4279 2361 4317 earum.
2393 4257 2460 4315 Et
2491 4255 2687 4316 dabunt
2715 4255 2884 4316 scelus
2916 4257 3056 4331 (sive
3084 4255 3428 4327 impietatem)
3469 4270 3554 4308 ve-

1952 4367 2115 4413 strum
2142 4373 2297 4429 super
2327 4365 2507 4411 vos:et
2530 4363 2741 4428 peccata
2765 4355 3029 4408 idolorum
3061 4360 3349 4407 vestrorum
3372 4358 3556 4422 porta-

1952 4456 2091 4522 bilis,
2127 4464 2174 4508 et
2207 4455 2377 4509 scietis
2401 4453 2520 4522 quia
2542 4469 2634 4523 ego
2652 4451 2909 4505 Dominus
2935 4449 3096 4504 Deus.
3131 4439 3202 4503 Ut
3231 4461 3381 4517 saepe
3407 4455 3558 4500 cum-

1950 4549 2343 4618 monui,parva
2373 4547 2428 4602 in
2461 4547 2660 4618 quibus
2692 4544 3046 4614 Septuaginta
3077 4540 3248 4596 editio
3275 4539 3558 4608 discrepat

235 4632 447 4690 habeas
470 4644 525 4690 et
555 4651 870 4692 mterorem.
894 4637 1028 4706 Quia
1056 4639 1220 4710 igitur
1241 4640 1340 4696 ista
1371 4641 1566 4713 fecisti,
1592 4653 1645 4699 et
1672 4644 1845 4702 oblita
1873 4633 1926 4697 D
1951 4641 2020 4698 ab
2067 4640 2363 4708 llebraico,
2396 4647 2474 4694 "ex
2519 4640 2694 4694 latere
2739 4635 3034 4706 capulavi,
3080 4627 3302 4689 lectoris
3332 4628 3556 4686 fastidio

232 4742 294 4782 es
326 4719 431 4789 mei
453 4772 468 4794 ,
513 4737 570 4783 et
594 4730 871 4799 projecisti
899 4746 986 4788 me
1015 4742 1137 4803 post
1166 4749 1368 4804 corpus
1396 4745 1580 4806 tuum,
1615 4739 1730 4794 sive
1760 4755 1846 4796 re.

236 4829 505 4876 trorsum.
535 4830 760 4894 propter
805 4827 1052 4890 corporis
1079 4826 1234 4892 vitia,
1266 4828 1350 4884 vel
1393 4839 1516 4899 post
1561 4831 1842 4902 genitalia,

231 4913 435 4979 quibus
457 4915 808 4985 turpitudinis
829 4915 1334 4976 fmditasindicatur
1353 4939 1365 4975 :
1387 4929 1675 4992 pr0pterea
1693 4934 1847 4994 porta

232 5006 416 5062 scelus
442 5017 498 5062 et
539 5009 875 5080 impietatem
909 5021 1076 5081 tuam,
1111 5013 1368 5070 videlicet
1415 5017 1680 5086 supplicia
1726 5035 1848 5090 quae

235 5106 473 5167 prapter
510 5101 851 5170 impietatem
883 5111 937 5158 et
967 5103 1177 5159 scelera
1211 5105 1481 5164 meruiSti.
1523 5107 1711 5165 Potest
1746 5111 1849 5168 hoc

234 5191 383 5262 quod
399 5191 611 5248 dicitur
637 5212 651 5250 :
676 5185 745 5248 Et
767 5196 969 5266 potabis
991 5213 1154 5269 usque
1179 5199 1250 5252 ad
1277 5200 1447 5269 rietes,
1479 5209 1528 5254 et
1556 5201 1847 5272 fragmenta

237 5287 352 5355 ejus
394 5287 687 5356 deoarabis,
739 5290 1108 5362 significanter
1164 5285 1391 5364 intelligi
1432 5309 1598 5364 super
1627 5295 1848 5352 Jerusa-

313 5433 338 5461 "
366 5425 476 5480 Pro
499 5427 663 5482 unica
693 5441 827 5483 voce
854 5443 1047 5493 meum,
1075 5439 1238 5494 quam
1268 5425 1336 5484 ad
1365 5445 1500 5496 mss,
1528 5432 1689 5487 fidem
1713 5447 1836 5489 cum

1949 4733 2836 4807 providens.Consequensantem
2855 4741 2993 4796 erat,
3015 4740 3067 4782 ut
3098 4729 3188 4798 qui
3209 4725 3470 4786 Samaria:
3499 4733 3556 4780 et

1948 4829 2254 4887 Jerusalem
2278 4827 2547 4882 adulteria
2579 4825 2878 4896 separatim
2910 4823 3311 4892 descripserat,
3348 4819 3558 4890 pariter

1950 4938 2140 4979 earum
2163 4920 2430 4992 supplicia
2451 4921 2746 4975 nuntiaret.
2765 4918 2926 4991 271
2945 4917 3140 4971 Ontnia
3159 4923 3339 4968 autem
3360 4911 3554 4966 dicun-

1951 5025 2036 5071 tttr
2068 5016 2220 5086 quasi
2254 5013 2320 5068 ad
2347 5013 2648 5080 adulteras,
2683 5021 2734 5066 et
2769 5011 2907 5064 facta
2933 5006 3398 5079 anacephalteosi,
3424 5004 3551 5058 bre-

1951 5111 2094 5164 viter
2111 5123 2296 5164 earum
2328 5107 2535 5163 scelera
2569 5115 2978 5177 proponuntur:
3012 5115 3071 5158 ut
3101 5113 3253 5158 recte
3275 5097 3550 5172 juxtaLc-

1951 5205 2032 5276 gis
2060 5203 2348 5274 imperium
2391 5200 2446 5256 in
2479 5201 2758 5256 adulteras
2792 5199 2910 5273 [Αι.
2943 5196 3251 5268 adulteris]
3293 5190 3556 5264 lapidatio

1951 5297 2541 5368 populiconsequatur.
2561 5294 2697 5362 Quia
2719 5294 2884 5366 igitur
2905 5291 3168 5346 adulterae
3187 5287 3553 5357 sunt,justam

1949 5433 2262 5506 Thymiama
2287 5448 2476 5497 meum,
2501 5439 2545 5488 et
2575 5443 2920 5506 unguentum,
2943 5431 3082 5502 quod
3109 5427 3235 5482 mihi
3256 5425 3550 5496 specialiter

235 5494 468 5580 lia-barro
496 5497 915 5580 substituimus,
952 5499 1202 5580 Martinn.
1235 5512 1362 5580 post
1390 5494 1678 5580 lirasmum
1709 5506 1840 5580 reti-
1933 5494 2200 5580 jus§eram
2240 5506 2362 5580 ﬁeri
2379 5494 2549 5580 ,_e_tc_._
2571 5494 2673 5580 Sic,
2694 5516 2874 5559 autem
2904 5494 3121 5580 opinor,
3153 5494 3293 5552 cunt
3313 5513 3415 5568 pro
3445 5514 3548 5580 un-

235 5568 364 5644 nuit
403 5569 620 5623 duobus
664 5570 842 5644 verbis
882 5568 934 5644 et
983 5573 1188 5627 oleum.
1239 5568 1552 5644 Repositam
1604 5592 1635 5630 a
1680 5579 1836 5633 nobis

238 5640 540 5715 lectionem
572 5641 768 5708 probat
799 5642 1060 5715 Hebrtnus
1089 5640 1542 5715 quoque'textus,
1566 5659 1618 5702 et
1647 5647 1834 5705 Latina

238 5713 445 5787 [ει-δίο,
478 5727 616 5787 quae
631 5713 946 5787 testimonia
975 5713 1248 5787 Victorius
1274 5719 1598 5787 cumprimis
1626 5720 1834 5778 laudat.

237 5781 351 5837 Nec
382 5798 520 5837 sane
549 5783 708 5859 aliter
738 5801 805 5859 ex
843 5786 1072 5859 Hebrum
1101 5786 1297 5859 saltem
1327 5781 1567 5859 positum
1597 5789 1664 5846 ab
1695 5789 1827 5847 Ilie-

240 5867 508 5925 ronymo,
558 5855 673 5927 ipsa
723 5855 844 5927 eius
886 5858 1160 5929 expositio
1201 5855 1532 5934 persuadet,
1582 5862 1672 5920 ubi
1715 5863 1830 5921 ait:

1941 5570 2166 5648 'guenta,
2196 5578 2367 5631 oleum
2409 5576 2554 5631 LXX
2605 5570 2957 5648 interpretati
2979 5574 3122 5636 sint,
3147 5583 3434 5639 utramque
3469 5570 3547 5648 l_e-

1941 5642 2179 5704 ctionem
2205 5648 2374 5703 fuisse
2397 5661 2712 5702 anttmatum
2738 5642 2827 5708 eo,
2850 5647 2941 5714 qui
2973 5653 3080 5698 tam
3111 5658 3258 5712 sape
3279 5642 3544 5706 occurrit,

1939 5721 2104 5790 modo
2131 5739 2144 5774 :
2171 5731 2492 5790 unguentum
2520 5717 2881 5790 (siveoleunt)
2913 5732 3081 5770 meum
3109 5715 3361 5790 posuisti,
3392 5724 3504 5790 etc.

2012 5793 2038 5831 δ
2068 5785 2506 5862 Victorius,quid
2525 5808 2552 5844 e
2575 5785 3012 5862 multitudine:et
3041 5788 3204 5858 paulo
3231 5797 3354 5862 post
3379 5785 3533 5862 adul-

1938 5865 2100 5934 teriis,
2124 5879 2221 5935 pro
2244 5857 2524 5930 adulterio,
2548 5877 2614 5918 ex
2630 5859 2927 5933 Hebraico,‘
2947 5857 3245 5933 Graecoque
3267 5857 3524 5915 fontibus.
