4038 6328
494 250 603 309 9.25

1742 249 1802 308 S.
1844 247 2116 310 EUSEBII
2156 247 2546 309 HIEBONYMI

3685 246 3803 304 aet

493 367 756 442 deprome
781 371 1128 428 sententiam.
1171 369 1310 428 Sunt
1336 371 1482 428 enim
1503 368 1792 427 mcechata:
1821 371 1876 428 in
1907 369 2092 438 idolis,
2121 368 2178 432 Δ
2201 347 2612 429 concremarint
2647 390 2660 425 :
2698 369 2972 428 interfecti
3002 371 3111 427 sint
3141 369 3391 442 p0pulib,
3419 370 3508 442 qui
3540 385 3638 440 pro
3665 369 3805 428 Deo

497 472 553 520 et
579 465 797 536 sanguis
828 464 882 520 in
911 465 1161 522 manibus
1187 481 1410 535 earum,
1444 481 1636 522 eorum
1663 464 1928 522 videlicet
1957 479 2101 537 quos

497 554 659 611 idolis
690 556 1047 614 immolarunt
1089 575 1102 612 :
1145 569 1202 614 ut
1233 559 1382 615 filios
1414 573 1554 630 quos
1587 558 1721 613 mibi
1751 565 2098 630 genuerunt,

492 647 831 704 daemonibus
853 663 1270 707 consecrarent.
1302 650 1414 707 Nec
1447 651 1551 706 hoc
1601 651 1848 706 iecerunt
1881 651 2016 706 foris
2045 658 2101 706 et

497 741 553 797 in
586 742 882 810 montibus,
910 758 974 799 ac
999 743 1162 810 lucis,
1183 754 1243 799 ut
1270 759 1418 816 saepe
1451 743 1638 800 facere
1668 752 2098 807 consueverant;

497 833 594 889 sed
637 836 706 889 ad
749 845 1068 892 extremum
1117 837 1436 906 polluerunt
1482 836 1743 906 templum
1789 850 2008 900 meum,
2043 845 2100 890 ut

497 938 735 986 statuam
768 931 899 987 Baal
933 933 987 987 in
1015 947 1081 987 eo
1107 940 1395 1003 ponerent.
1431 931 1502 986 Et
1527 931 1755 1004 sabbata
1805 945 1928 986 mea
1976 943 2102 999 pro-

495 1021 824 1078 fanaverunt
851 1043 862 1079 :
894 1034 952 1079 ut
993 1039 1094 1079 nec
1129 1025 1266 1090 loci,
1301 1039 1402 1080 nec
1434 1024 1696 1095 temporis
1725 1022 2100 1079 custodiretur

498 1117 645 1185 apud
673 1134 769 1174 eos
798 1119 1013 1190 religio.
1039 1119 1150 1176 Sed
1175 1135 1272 1176 nec
1305 1119 1671 1190 prmsentibus
1703 1125 1912 1172 tantum
1942 1117 2101 1172 adul-

499 1211 657 1266 teriis
685 1221 961 1268 contentre
989 1221 1169 1279 erant,
1201 1226 1381 1282 neque
1407 1210 1622 1267 suffecit
1648 1209 1750 1274 eis,
1781 1209 1927 1281 quod
1959 1209 2102 1264 lilios

501 1321 659 1362 meos
691 1307 1124 1362 immolaverunt
1155 1307 1316 1362 idolis
1344 1306 1458 1361 suis
1491 1305 1574 1360 vel
1605 1305 1983 1370 daemonibus;
2004 1302 2100 1358 sed

502 1400 814 1470 peregrinis
845 1416 1062 1471 quoque
1093 1401 1464 1472 voluptatibus
1494 1399 1852 1456 lascivientes
1872 1440 1886 1463 ,
1924 1399 2098 1470 Assy-

500 1492 706 1548 riorum
736 1505 899 1564 atque
921 1492 1306 1550 Chaldteorum
1327 1494 1624 1548 simulacra
1651 1501 1924 1548 venerata:
1949 1498 2096 1546 sunt.

499 1583 602 1652 Qui
651 1599 772 1641 cum
821 1586 1133 1653 venissent,
1179 1585 1376 1642 Ooliba
1421 1594 1447 1623 ει
1493 1583 1835 1651 Jerusalem,
1881 1598 2100 1644 omnem

499 1677 766 1734 adultera;
812 1678 1054 1734 habitum
1106 1663 1346 1749 implesti
1391 1693 1558 1748 super
1603 1691 1730 1747 eos,
1783 1684 1842 1730 ut
1891 1675 2104 1730 lavares

2176 1484 2388 1549 'terant
2437 1511 2450 1548 :

2203 469 2512 524 daemonum
2544 468 2833 524 simulacra
2867 467 3115 523 venerati
3151 476 3299 522 sunt.
3329 466 3566 522 Possunt
3594 465 3714 520 iniec
3746 473 3807 521 et

2203 572 2328 634 post
2369 563 2661 619 adventum
2691 559 2897 617 ChriSti
2929 560 3203 630 intelligi,
3250 558 3396 628 quod
3433 559 3534 614 viri
3564 557 3696 630 justi
3730 556 3808 614 dc

2204 657 2420 729 populis
2447 657 2726 712 nationum
2763 655 2868 725 ipsi
2904 653 3285 711 Samaritanos
3309 663 3366 708 et
3393 652 3615 708 Judaaos
3645 666 3811 706 com—

2204 751 2487 819 paratione
2529 751 2612 804 sui
2649 748 2922 817 judicent,
2966 757 3020 802 et
3043 747 3264 802 tradant
3302 735 3398 802 eos
3428 745 3494 801 ad
3532 745 3810 800 devoran-

2202 843 2354 906 dum,
2394 841 2591 912 quibus
2639 841 2904 897 Dominus
2931 839 3145 895 dixerat
3185 839 3205 911 (
3234 838 3423 893 Matth.
3461 853 3614 894 χλιιι.
3646 837 3717 894 58
3742 836 3762 907 )
3791 854 3809 892 :

2201 933 2543 1004 Relinquetur
2574 934 2714 1008 vobis
2747 933 2933 988 domus
2960 940 3130 987 vestra
3157 933 3382 988 deserta.
3419 932 3484 986 Et
3521 947 3536 984 :
3576 931 3812 999 Quando

2201 1027 2435 1100 uideritis
2482 1027 2801 1080 circumdari
2847 1025 2911 1079 ab
2955 1025 3180 1080 exercitu
3236 1023 3564 1090 Jerusalem,
3621 1025 3814 1078 scitote

2201 1121 2327 1191 quia
2374 1120 2757 1192 apprOpinquat
2809 1118 3060 1173 desolatio
3107 1120 3218 1192 ejus
3266 1116 3448 1184 (Luc.
3496 1131 3612 1184 ut,
3665 1115 3806 1185 2‘2).

2205 1211 2386 1282 Usque
2415 1211 2579 1267 hodie
2607 1213 2752 1266 enim
2797 1211 3116 1266 adulterata:
3157 1218 3314 1273 sunt,
3365 1218 3421 1265 et
3450 1209 3618 1263 totius
3645 1206 3811 1288 orbis

2203 1304 2478 1372 lapidibus
2545 1305 2950 1375 Opprimuntur.
3025 1301 3610 1370 Quoniammiserunt
3665 1316 3817 1355 nun-

2203 1401 2312 1454 tios
2356 1400 2425 1456 ad
2473 1415 2568 1455 eos
2600 1400 2694 1470 qui
2736 1408 2892 1454 erant
2940 1398 3166 1469 procul,
3219 1405 3274 1453 et
3320 1396 3502 1452 dicere
3551 1411 3657 1450 non
3711 1409 3818 1465 po-

2501 1492 2616 1566 Ego
2640 1492 2782 1547 Deus
2815 1493 3267 1565 appropinquans,
3299 1499 3348 1544 et
3395 1505 3500 1543 non
3545 1486 3685 1542 Deus
3741 1487 3814 1542 de

2208 1585 2379 1658 longe,
2399 1586 2527 1640 dicit
2543 1584 2798 1640 Dominus
2817 1583 3030 1654 (Jerem.
3051 1597 3204 1650 χχιιι,
3221 1581 3314 1654 ‘25)
3337 1600 3351 1638 :
3371 1590 3428 1637 et
3457 1593 3813 1653 prmparave-

2203 1690 2331 1735 runt
2383 1696 2444 1735 se
2497 1679 2841 1734 amatoribus
2881 1677 3014 1733 suis'
3053 1675 3397 1731 daemonibus
3436 1692 3450 1730 :
3491 1682 3548 1729 et
3583 1687 3814 1729 omnem

501 1787 733 1842 corpus,
769 1771 962 1828 oculos
1000 1772 1170 1829 stibio
1199 1771 1389 1828 linires
1420 1790 1433 1826 :
1468 1782 1525 1826 ut
1552 1785 1867 1826 assumeres
1892 1769 2102 1824 cultum
2136 1769 2184 1828 B
2210 1773 2417 1828 cultum
2449 1782 2616 1843 atque
2653 1782 2908 1828 ornatum
2938 1785 3099 1840 quem
3129 1785 3159 1824 a
3192 1769 3304 1824 Deo
3345 1777 3675 1838 acceperant
3705 1781 3816 1820 lla-

503 1857 862 1930 muliebrem,
912 1863 1136 1934 sederes
1179 1865 1232 1919 in
1288 1863 1492 1920 lectulo
1535 1863 1750 1918 libidini
1799 1869 2103 1932 praeparata

501 1954 612 2030 [ΑΙ.
647 1955 1012 2028 prazparato],
1043 1957 1237 2027 epulas
1268 1971 1640 2028 proponeres,
1675 1955 1873 2025 quibus
1901 1953 2108 2009 fractas

502 2049 571 2104 ad
619 2048 903 2105 libidinem
952 2049 1100 2105 vires
1151 2064 1442 2120 reparares
1489 2057 1799 2104 amatorum
1852 2058 2105 2112 tuorum;

504 2142 802 2214 thymiama
846 2157 1025 2198 meum
1067 2151 1123 2198 et
1161 2150 1498 2214 unguentum
1537 2140 1685 2213 quod
1717 2139 1851 2196 mibi
1893 2140 2110 2210 specia-

502 2237 628 2293 liter
649 2238 922 2306 jusseram
953 2235 1073 2292 fieri
1110 2235 1312 2308 (Exod.
1347 2235 1501 2307 xxx),
1525 2246 1579 2290 et
1606 2233 1962 2290 exterminari
1992 2233 2104 2287 ani-

507 2345 649 2384 mam
697 2330 844 2384 illam
893 2328 962 2384 de
1011 2329 1243 2399 populo,
1277 2345 1398 2404 quae
1446 2329 1498 2383 in
1554 2328 1800 2398 privatos
1827 2341 1959 2382 usus
2004 2327 2106 2380 hoc

503 2420 688 2478 facere
722 2421 1016 2488 voluisset,
1062 2431 1117 2476 tu
1154 2420 1385 2477 oll‘erres
1414 2419 1613 2486 idolis;
1646 2429 1703 2474 ut
1735 2432 2105 2490 congregares

500 2512 866 2586 frequentiam
907 2515 1236 2586 populorum
1261 2556 1276 2580 ,
1309 2515 1427 2570 sive
1451 2513 1600 2570 omni
1635 2528 1836 2584 genere
1867 2511 2107 2566 musico-

503 2623 628 2664 rum
656 2621 886 2678 caneres
927 2625 941 2660 :
989 2616 1049 2662 ut
1079 2622 1187 2662 non
1221 2607 1396 2662 solum
1429 2606 1574 2674 visu,
1607 2604 1707 2660 sed
1739 2614 1795 2660 et
1820 2603 2007 2658 auditu
2046 2611 2104 2656 et

501 2701 764 2767 odoratu,
820 2709 874 2755 et
915 2701 1130 2756 cunctis
1172 2701 1427 2756 sensibus
1477 2701 1724 2768 placeres
1769 2697 2104 2753 amatoribus

501 2792 629 2856 tuis,
660 2793 750 2863 qui
779 2801 1057 2848 venerunt
1086 2791 1154 2847 ad
1189 2801 1241 2848 te
1270 2792 1406 2848 ebrii
1435 2808 1449 2846 :
1476 2807 1581 2846 non
1615 2791 1836 2845 urbana:
1868 2787 2102 2858 alicujus

501 2888 809 2958 elegantiaz,
839 2885 933 2942 sed
962 2886 1030 2942 de
1058 2887 1285 2943 deserto
1316 2901 1380 2941 ac
1405 2885 1733 2950 solitudine,
1769 2886 2100 2938 rusticorum

501 2993 567 3036 ac
611 2979 882 3034 latronum
932 2978 1171 3033 habitum
1231 2978 1610 3049 praeferentes.
1671 2979 1734 3031 Et
1786 2977 1838 3030 in
1895 2985 2099 3029 tantam

499 3073 805 3138 exarsistis,
827 3088 858 3126 o
887 3085 1108 3126 Sorores
1137 3071 1412 3142 μρεμὶιηω,
1432 3070 1700 3124 insaniam
1736 3069 2096 3140 voluptatum,

2213 1865 2375 1920 turali
2402 1865 2569 1930 bono,
2596 1871 2879 1919 verterunt
2901 1863 2955 1918 in
2977 1862 3186 1918 cultum
3212 1861 3545 1926 daamomtm,
3565 1869 3618 1914 et
3639 1872 3818 1928 Opera

2211 1974 2310 2014 sua
2336 1959 2736 2028 decoremque,
2768 1973 2930 2026 quem
2964 1956 3018 2011 in
3043 1955 3272 2010 armillis
3303 1963 3360 2009 et
3385 1951 3692 2009 diademate
3726 1952 3816 2005 in-

2213 2055 2538 2125 telligimus,
2568 2051 2840 2108 adulteris
2875 2048 3215 2106 amatoribus
3249 2047 3636 2119 praebuerunt,
3671 2058 3819 2116 quo—

2211 2164 2331 2203 rum
2367 2162 2526 2217 paena
2570 2145 2823 2217 gentibus
2873 2145 3034 2198 timor
3081 2150 3188 2210 est,
3244 2141 3412 2196 immo
3461 2139 3552 2195 his
3595 2139 3684 2210 qui
3739 2155 3814 2194 ex

2209 2239 2459 2310 gentibus
2501 2237 2886 2303 crediderunt,
2937 2251 3006 2292 ne
3036 2235 3238 2290 similia
3289 2233 3606 2304 patiantur,
3653 2231 3696 2284 si
3742 2245 3810 2286 ea

2209 2333 2440 2390 fecerint
2455 2348 2573 2404 qua:
2590 2331 2714 2386 fecit
2733 2329 2977 2386 Samaria
2995 2337 3046 2384 et
3061 2325 3387 2383 Jerusalem.
3407 2323 3664 2394 Aquibus
3678 2331 3816 2376 tunc

2207 2425 2531 2483 auferentur
2563 2424 2897 2494 impietates,
2930 2437 3053 2477 cum
3074 2418 3391 2490 receperint
3414 2416 3574 2490 273
3599 2417 3814 2470 scelera

2208 2534 2306 2576 sua
2328 2562 2344 2588 ,
2372 2527 2426 2575 et
2449 2519 2700 2572 velamen
2724 2515 2867 2587 quod
2893 2514 3130 2588 positum
3153 2520 3237 2569 est
3256 2521 3384 2567 ante
3403 2511 3610 2565 vultum
3634 2509 3813 2580 Moysi

2210 2611 2412 2686 (Exod.
2443 2609 2653 2681 xxxrv),
2682 2608 3010 2665 abstulerint
3039 2608 3110 2663 ab
3137 2607 3313 2662 oculis
3343 2604 3482 2668 suis,
3517 2613 3574 2659 ut
3603 2617 3814 2673 cogno—

2209 2713 2368 2762 scant
2400 2703 2544 2774 quod
2583 2704 2702 2774 ipse
2743 2705 2818 2756 sit
2853 2701 3114 2757 Dominus
3141 2699 3304 2756 Jesus
3334 2697 3608 2766 Christus,
3639 2711 3808 2766 quem

2208 2798 2304 2852 Dei
2332 2797 2532 2853 Filium
2565 2803 2900 2866 negaverunt
2933 2795 3002 2867 (ll
3035 2793 3154 2849 Cor.
3186 2791 3288 2863 ιιι).

2281 2891 2450 2964 (Cap.
2484 2889 2680 2946 XXIV.
2721 2889 2876 2944 Vers.
2913 2890 2934 2942 1
2967 2888 3125 2959 seq.)
3157 2887 3224 2940 Et
3263 2887 3460 2958 factum
3486 2892 3559 2939 est
3601 2881 3811 2937 verbum

2207 2983 2424 3038 Domini
2451 2986 2516 3038 ad
2533 3000 2610 3036 me
2639 2983 2690 3036 in
2713 2998 2850 3036 anno
2878 2996 3038 3044 nono,
3063 2965 3117 3033 in
3154 2995 3330 3033 mense
3344 2977 3570 3040 decimo,
3605 2975 3810 3038 decima

2206 3078 2417 3147 mensis,
2447 3061 2622 3130 dicens
2649 3073 3050 3134 :Filihominis,
3076 3071 3240 3127 scribe
3257 3071 3347 3125 tibi
3373 3085 3558 3124 nomen
3575 3067 3678 3122 diei
3698 3067 3809 3120 Im-

504 3173 564 3220 ιιι
615 3164 852 3220 armillas
911 3174 1121 3218 veslras
1179 3173 1234 3218 et
1283 3163 1670 3218 discriminaliﬂ
1740 3147 2098 3231 imponemus
2127 3165 2174 3230 C
2193 3172 2286 3241 jus
2305 3169 2468 3238 inqua
2496 3169 2832 3235 confirmatus
2857 3175 2928 3220 est
2960 3181 3051 3220 rex
3067 3157 3808 3234 BabylonisuduersumJeru-

504 3256 756 3310 manibns
806 3264 862 3311 et
895 3255 1169 3326 capitibus
1219 3263 1528 3308 amatorum
1583 3262 1926 3319 vestrorum,
1984 3252 2100 3306 sive

504 3349 660 3406 vobis
688 3349 854 3420 ipsis,
888 3356 946 3403 ut
976 3350 1379 3420 plenzeornatu
1411 3345 1792 3416 turparemini.
1824 3343 2101 3412 Quamob-

499 3458 615 3500 rem
645 3442 756 3498 dixi
801 3441 874 3509 ei,
909 3441 994 3497 vel
1033 3441 1368 3508 Jerusalem,
1399 3442 1488 3497 vel
1517 3440 1802 3505 Samarize,
1850 3437 1934 3493 vel
1969 3437 2102 3492 utri-

501 3552 606 3606 que
639 3552 653 3590 :
684 3535 773 3590 Sic
802 3534 1096 3590 attrivistis
1126 3533 1388 3602 frontem,
1433 3542 1490 3587 ut
1521 3547 1861 3602 nequaquam
1889 3541 2102 3585 secreto

503 3616 982 3696 polluaminifvel
1029 3625 1235 3694 mariti,
1269 3627 1354 3681 vel
1400 3625 1680 3680 hominum
1712 3623 1900 3678 vitetis
1945 3636 2101 3691 aSpe-

505 3727 651 3773 ctum
671 3735 686 3782 ;
703 3717 798 3772 sed
825 3719 998 3773 instar
1024 3720 1373 3776 meretricum
1406 3719 1622 3788 publice
1636 3719 1800 3790 272
1814 3717 2104 3787 prostitua-

505 3812 662 3878 mini,
693 3813 784 3882 qui
814 3813 1046 3882 ingressi
1079 3823 1206 3868 sunt
1233 3813 1299 3867 ad
1329 3829 1449 3879 vos,
1479 3813 1632 3880 quasi
1661 3811 1728 3865 ad
1757 3811 2103 3875 meretrices,

505 3903 753 3960 certatim
786 3919 880 3959 vos
912 3905 1160 3975 polluere
1189 3904 1496 3975 cupientes.
1537 3903 1772 3958 Tradam
1812 3903 1981 3972 igitur
2013 3917 2108 3956 vos

505 3997 575 4050 ad
607 3996 943 4066 puniendum
977 3997 1060 4052 bis
1088 3998 1289 4068 quibus
1319 3995 1464 4051 ultro
1503 3995 1722 4050 tradita:
1746 3995 1880 4049 estis
1909 3994 1976 4049 ad
2007 3995 2105 4049 dc-

502 4086 860 4160 turpandum.
905 4088 1048 4143 Jttsti
1093 4089 1235 4142 enim
1269 4087 1370 4142 viri
1401 4097 1563 4152 sunt,
1595 4087 1648 4141 in
1678 4101 1745 4141 eo
1771 4085 1915 4156 quod
1945 4086 2106 4140 adul-

407 4256 418 4266 η
499 4189 670 4237 teram
701 4193 754 4237 et
779 4181 1134 4252 parricidam,
1167 4197 1256 4238 me
1289 4182 1538 4253 jubente,
1569 4181 1927 4237 discruciant.
1985 4183 2108 4237 llzec

507 4273 652 4329 enim
691 4273 827 4328 dicit
859 4273 1120 4327 Dominus
1168 4274 1310 4328 Deus
1347 4291 1360 4328 :
1401 4273 1610 4329 Monitu
1638 4274 1793 4329 vocis
1837 4285 1940 4328 ture
1975 4289 2108 4329 con-

506 4382 670 4438 grega
701 4365 769 4421 ad
793 4382 909 4434 eas,
940 4381 972 4421 o
998 4366 1292 4438 propheta,
1321 4367 1727 4423 multitudinem
1763 4369 2109 4438 p0pulorum,
2143 4373 2146 4376 ‘

509 4471 562 4514 et
612 4460 842 4529 primum
889 4459 1184 4530 diripiatur
1231 4476 1417 4516 earum
1465 4466 1717 4517 universa
1765 4462 2107 4527 substantia;

2202 3265 2362 3318 salem
2381 3261 2553 3318 hodie.
2577 3259 2645 3314 Et
2661 3261 2800 3314 dices
2827 3277 2916 3329 per
2952 3258 3276 3328 proverbium
3309 3257 3376 3310 ad
3393 3256 3602 3331 domum
3627 3256 3813 3308 irrita-

2205 3358 2380 3412 tricem
2414 3353 2740 3429 parabolam,
2775 3363 2821 3408 et
2845 3353 3069 3422 loqueris
3109 3353 3177 3404 ad
3207 3367 3296 3405 eos
3325 3367 3350 3405 ε.
3376 3349 3505 3404 Hcce
3527 3349 3650 3404 dicit
3693 3346 3814 3401 Do-

2206 3449 2378 3503 minus
2404 3445 2543 3502 Deus
2573 3461 2589 3498 :
2621 3444 2764 3500 Pone
2786 3444 2988 3513 ollam,
3021 3459 3175 3516 pone,
3220 3443 3430 3512 inquam
3451 3484 3464 3506 ,
3495 3450 3542 3495 et
3583 3441 3728 3493 mitte
3759 3441 3814 3493 in

2206 3557 2318 3595 eam
2341 3536 2782 3612 aquam.Congere
2810 3538 2977 3606 frusta
2999 3537 3111 3608 ejus
3132 3533 3186 3590 in
3216 3552 3350 3604 eam,
3386 3550 3585 3588 omnem
3613 3542 3816 3605 partem

2207 3631 2415 3697 bonam,
2433 3633 2599 3703 femur
2621 3640 2667 3683 et
2681 3645 2910 3696 armum,
2926 3629 3085 3682 electa
3102 3627 3355 3682 etossibus
3370 3625 3545 3699 plena.
3565 3625 3812 3694 Pinguis-

2207 3724 2396 3776 simum
2436 3739 2591 3793 pecus
2629 3737 2874 3776 assume:
2905 3736 3152 3790 compone
3179 3736 3378 3789 quoque
3419 3729 3584 3772 strues
3623 3719 3818 3772 ossium

2209 3815 2302 3869 sub
2322 3831 2379 3867 ea
2410 3813 2685 3882 :e/ferbuit
2713 3813 2874 3866 coctio
2897 3815 3031 3885 ejus,
3063 3823 3110 3866 et
3139 3812 3369 3865 discocta
3401 3820 3516 3865 sunt
3534 3826 3653 3864 ossa
3673 3809 3821 3863 illius

2209 3909 2262 3961 in
2276 3906 2441 3960 medio
2456 3910 2586 3978 ejus.
2609 3904 2894 3977 Propterea
2907 3904 3017 3959 huic
3032 3904 3157 3958 dicit
3176 3905 3424 3958 Dominus
3439 3901 3613 3957 Deus:
3642 3901 3724 3956 Va:
3739 3902 3818 3955 ci-
3873 3913 3876 3915 ‘

2209 4000 2356 4054 uitnti
2387 3999 2716 4068 suuguiunm,
2748 3996 2870 4051 olla:
2897 4000 3043 4070 cujus
3069 3996 3255 4070 rubigo
3283 3997 3337 4050 in
3383 4013 3442 4049 ea
3468 4003 3566 4064 est,
3597 4004 3644 4048 et
3673 3994 3818 4061 rubi-

2211 4109 2278 4163 go
2307 4094 2421 4161 ejus
2453 4106 2554 4142 non
2575 4089 2730 4143 exivit
2763 4090 2826 4142 de
2849 4106 2909 4143 ea
2933 4105 2950 4142 :
2985 4105 3074 4158 per
3101 4099 3295 4160 partes,
3325 4098 3371 4142 et
3394 4104 3486 4160 per
3504 4097 3674 4158 partes
3700 4103 3822 4140 suas

2211 4186 2344 4258 ejice
2368 4201 2518 4239 eam:
2562 4201 2665 4238 non
2697 4184 2883 4240 cecidit
2913 4201 3069 4256 super
3096 4201 3212 4238 eam
3239 4199 3375 4238 sors.
3413 4173 3642 4256 Sanguis
3682 4183 3822 4237 enim

2213 4282 2326 4351 ejus
2354 4279 2407 4332 in
2429 4278 2596 4332 medio
2637 4281 2749 4350 ejus
2776 4287 2872 4344 est,
2901 4294 3055 4348 super
3080 4275 3496 4349 limpidissimam
3521 4283 3716 4346 petram
3747 4275 3826 4345 ef-

2215 4369 2351 4440 fudit
2372 4370 2543 4437 illum,
2583 4386 2684 4423 non
2713 4369 2898 4438 effudit
2942 4368 3090 4422 illum
3119 4386 3279 4442 super
3309 4379 3522 4436 terram,
3572 4379 3627 4423 ut
3662 4368 3824 4438 possit

2215 4463 2409 4534 aperiri
2433 4464 2660 4534 pulvere.
2699 4461 2765 4516 Ut
2795 4464 3193 4534 superducerem
3217 4461 3237 4534 [
3257 4461 3414 4533 Vulg.
3450 4461 3823 4535 superinduce-

511 4553 712 4608 deinde
754 4553 1070 4624 lapidentur
1111 4564 1165 4608 et
1217 4554 1602 4609 confodiantur
1640 4555 1886 4625 gladiis,
1929 4563 1986 4610 et
2017 4554 2111 4610 ﬁlii
2140 4564 2196 4625 1)
2218 4553 2367 4628 rem]
2399 4555 2818 4626 indignationem
2849 4572 3035 4624 meum,
3065 4565 3112 4608 et
3139 4556 3362 4609 vindicta
3388 4557 3661 4610 ulciscerer
3684 4569 3704 4608 :
3733 4554 3827 4610 de-

510 4659 702 4699 earum
748 4653 804 4698 et
843 4644 966 4698 lilia:
1015 4643 1379 4712 trucidentur,
1425 4655 1479 4700 et
1513 4646 1710 4700 domus
1751 4645 2003 4700 ardeant.
2046 4645 2113 4700 Et

511 4737 632 4792 huic
658 4737 839 4790 omnia
873 4739 1025 4806 fient,
1057 4746 1119 4791 ut
1148 4737 1428 4792 auferatur
1458 4738 1526 4793 de
1559 4748 1704 4794 terra
1746 4739 2026 4810 impietas;
2060 4747 2116 4794 et

511 4828 730 4884 discant
750 4843 942 4884 omnes
969 4828 1229 4884 mulieres
1251 4831 1640 4901 universasque
1664 4830 1963 4900 provincia:
1991 4845 2116 4900 pro-

512 4923 598 4978 cul
632 4923 821 4992 positae
841 4963 856 4988 ,
905 4921 1081 4992 pretiis
1109 4936 1296 4977 earum
1327 4923 1522 4976 similia
1549 4922 1797 4978 devitarc
1831 4940 1845 4976 :
1874 4931 1931 4976 ut
1960 4931 2114 4992 post-

516 5031 681 5087 quam
742 5015 1072 5085 receperitis
1125 5031 1247 5085 qum
1306 5015 1619 5081 meremini,
1663 5028 1715 5070 et
1769 5016 2118 5086 portaveritis

517 5110 728 5166 scelera
758 5108 1025 5163 idolorum
1057 5119 1397 5164 vestrorum:
1427 5114 1558 5162 tunc
1593 5107 1941 5177 cognoscatis
1971 5106 2119 5177 quod

516 5220 617 5275 ego
657 5204 757 5258 sim
806 5204 1089 5259 Dominus.
1145 5203 1274 5260 llmc
1319 5213 1500 5258 autem
1539 5203 1721 5258 omnia
1757 5201 2116 5272 tropologice,

517 5307 574 5354 et
605 5297 708 5353 sub
734 5308 862 5370 typo
888 5297 1254 5352 adulterarum
1287 5296 1434 5360 dicta
1456 5307 1585 5352 sunt
1605 5309 1798 5352 contra
1819 5296 2119 5352 Samariam

520 5399 575 5446 et
601 5389 924 5458 Jerusalem,
958 5390 1101 5460 quod
1124 5390 1368 5462 Assyriis
1397 5390 1616 5469 traditae
1637 5399 1802 5460 atque
1823 5387 2121 5455 Chaldaeis,

521 5482 701 5540 ductae
729 5485 836 5540 sint
868 5484 921 5539 in
947 5483 1346 5555 captivitatem,
1376 5494 1432 5540 et
1463 5483 1628 5539 urbes
1649 5496 1840 5538 earum
1869 5481 2124 5538 incendio

585 5718 612 5784 ξ
641 5711 822 5784 Penes
847 5711 1156 5784 Rabanum,
1195 5713 1406 5780 Ooliba,
1436 5712 1533 5768 hoc
1560 5718 1656 5780 est,
1685 5708 2005 5766 Jerusalem.

589 5780 618 5820 ι’
647 5783 977 5844 [iuravimus
1002 5780 1346 5845 hinc'vocem
1370 5789 1466 5858 tui,
1492 5799 1652 5856 quam
1682 5798 1814 5842 mss.
1843 5785 2122 5855 ignorant,

2218 4649 2274 4702 di
2322 4648 2631 4722 sanguinem
2679 4651 2790 4720 ejus
2835 4663 2992 4716 super
3035 4658 3238 4717 petram
3269 4648 3711 4719 linipidissimam,
3761 4662 3828 4702 ne

2220 4744 2528 4814 aperiretur.
2564 4738 2787 4812 Propter
2815 4739 2924 4795 lucc
2957 4741 3083 4794 dicit
3111 4739 3364 4795 Dominus
3394 4739 3535 4795 Deus
3559 4756 3578 4795 :
3635 4739 3723 4794 Va:
3749 4741 3832 4793 ci-

2216 4837 2362 4890 vitali
2411 4835 2746 4907 sanguinum,
2799 4837 2950 4906 cujus
2977 4850 3072 4905 ego
3100 4833 3355 4908 grandem
3395 4834 3590 4905 faciam
3621 4847 3832 4905 pyram.

2219 4923 2450 4996 Cougere
2495 4939 2610 4977 ossa
2644 4939 2761 4994 quae
2806 4923 2927 4995 igne
2956 4927 3284 4994 succendunt,
3317 4932 3688 4978 consumuntur
3715 4938 3840 4975 car-

2221 5034 2331 5083 nes,
2369 5026 2417 5070 et
2447 5028 2794 5087 concoquatur
2825 5019 3065 5072 universa
3096 5019 3414 5089 compositio,
3449 5028 3495 5072 et
3528 5035 3641 5072 ossa
3687 5017 3838 5070 tabe-

2219 5119 2385 5164 scent.
2419 5109 2566 5163 Pone
2592 5126 2794 5182 quoque
2815 5128 2932 5166 eam
2955 5127 3108 5181 super
3128 5128 3321 5184 prunas
3351 5125 3584 5178 vacuam,
3616 5119 3668 5162 ut
3688 5109 3841 5161 inca-

2221 5202 2380 5258 lescat
2406 5213 2452 5257 et
2482 5203 2714 5274 liqueﬁat
2737 5221 2805 5258 uas
2829 5209 2971 5278 ejus,
3004 5213 3050 5258 et
3079 5205 3332 5274 conﬂetur
3361 5202 3415 5255 in
3449 5200 3620 5256 medio
3641 5199 3837 5272 [Vulg.

2219 5299 2506 5355 interserit
2551 5299 2706 5372 eius]
2748 5301 3193 5370 inquinamentum
3226 5301 3359 5370 ejus,
3405 5306 3454 5350 et
3496 5305 3840 5349 consumatur

2223 5392 2405 5465 rubigo
2437 5396 2571 5465 ejus.
2615 5392 2785 5446 Multo
2814 5393 2988 5447 labore
3021 5392 3260 5447 sudatum
3301 5401 3377 5445 est
3403 5407 3421 5456 ;
3451 5398 3500 5443 et
3547 5404 3650 5443 non
3679 5387 3842 5441 exivit

2226 5484 2290 5538 de
2317 5499 2378 5538 ea
2407 5484 2569 5538 nimia
2593 5483 2776 5557 rubigo
2803 5485 2939 5556 ejus,
2972 5501 3134 5555 neque
3153 5499 3243 5556 per
3268 5483 3457 5556 ignem.
3492 5477 3841 5534 [inmunditia

2160 5759 2161 5762 η
2229 5724 2285 5773 et
2315 5724 2606 5774 contextus
2647 5712 2882 5786 respuit.
