4038 6328
210 236 313 293 2'25

856 236 1514 298 COMMENTARIORUM
1555 236 1622 298 IN
1662 238 2106 302 EZECHIELEM
2138 241 2269 302 LIB.
2313 244 2426 302 Vll.
2469 246 2626 305 CAP.
2666 245 2858 306 XXIV.

3402 246 3510 303 226

206 360 289 401 nm
327 345 693 421 exsecrabilis,
746 355 868 424 quia
914 352 1198 412 emundare
1228 368 1276 413 te
1306 360 1464 427 colui,
1517 370 1563 413 et
1614 378 1716 414 non
1763 377 1815 416 es
1843 366 1891 425 A
1922 364 2113 431 salem,
2146 372 2200 419 et
2229 365 2434 421 vallare
2466 382 2582 421 eam
2612 369 2891 435 exercitu;
2917 363 3326 423 etobsidionem
3353 364 3513 420 istam

204 442 444 495 mundata
485 463 518 497 a
548 446 799 501 sordibus
833 452 934 504 tuis
962 468 979 513 ;
1022 452 1112 505 sed
1140 469 1234 506 nec
1278 453 1612 508 mundaberis
1643 455 1809 526 prius,

202 536 353 587 donec
380 538 655 605 quiescere
688 542 881 611 faciam
907 543 1322 615 indignationem
1338 562 1503 599 nteam
1525 546 1581 598 in
1608 554 1675 600 te.
1701 544 1817 616 Ego

199 627 455 684 Dominus
487 634 703 689 locutus
733 654 851 690 sum
877 654 896 691 :
920 641 1073 706 venit,
1108 649 1154 693 et
1184 641 1373 710 faciam
1399 657 1415 694 :
1447 657 1552 695 non
1591 640 1818 695 transibo

203 722 389 795 [Vulg
425 729 759 801 transeam],
796 740 888 785 nec
929 748 1162 803 parcam,
1212 749 1304 787 nec
1345 733 1608 803 placabor.
1656 732 1820 788 Juxta

200 817 298 869 vias
327 828 451 872 tuas
472 829 521 872 et
541 824 709 893 juxta
736 825 1124 879 admventiones
1154 833 1270 879 tuas
1300 834 1326 862 α
1357 825 1590 893 iudicavi
1635 836 1706 894 te,
1738 826 1821 879 di-

204 912 263 963 cit
290 908 578 967 Dominus.
616 915 763 970 LXX
788 934 800 969 :
837 916 903 971 Et
934 918 1100 989 factus
1127 928 1201 972 est
1230 934 1397 973 sermo
1419 918 1628 974 Domini
1648 919 1718 972 ad
1742 935 1822 974 me

200 1006 247 1057 in
271 1022 411 1058 anno
437 1022 610 1073 nono,
632 1010 690 1063 in
713 1026 886 1065 mense
907 1011 1125 1077 decimo,
1147 1011 1345 1065 decima
1373 1014 1581 1081 mensis,
1603 1013 1780 1066 dicens
1800 1023 1821 1064 .‘

198 1095 243 1149 Γ
245 1100 295 1151 ili
320 1102 582 1171 hominis,
621 1104 791 1173 scribe
816 1104 908 1158 tibi
930 1105 1066 1159 diem
1098 1105 1160 1159 ab
1189 1106 1285 1160 hac
1315 1108 1418 1169 die,
1450 1124 1553 1178 qua
1578 1108 1821 1176 obfirma-

197 1204 272 1246 tus
301 1203 373 1247 est
398 1211 499 1249 rea:
526 1194 815 1273 Babylonis
846 1214 1000 1269 super
1028 1197 1318 1253 Jerusalem
1347 1200 1409 1253 ab
1438 1199 1690 1253 hodierna
1711 1200 1816 1269 die,

196 1297 239 1338 ct
266 1288 347 1340 dic
376 1288 448 1340 ad
469 1289 694 1343 domum
723 1301 1113 1362 exasperantem
1143 1292 1462 1363 parabolam,
1496 1302 1542 1345 et
1581 1293 1719 1346 dices
1752 1291 1821 1345 ad

193 1394 277 1432 eos
300 1395 317 1430 :
343 1377 481 1432 Haec
510 1381 645 1434 dicit
670 1380 928 1436 Dominus
959 1382 1104 1437 Deus
1127 1400 1144 1437 :
1177 1383 1342 1456 274
1365 1383 1513 1439 Pone
1541 1385 1750 1439 lebetem
1771 1394 1820 1439 et

192 1473 407 1542 infunde
430 1492 602 1546 super
632 1493 750 1529 eunt
779 1494 988 1547 a;uam,
1023 1488 1070 1531 et
1095 1480 1240 1532 mitte
1272 1480 1323 1532 in
1354 1496 1470 1533 eum
1501 1480 1818 1534 divisiones:

192 1580 397 1619 omnem
420 1566 723 1621 incisuram
752 1571 957 1637 bonam,
992 1584 1133 1633 crus,
1168 1578 1216 1623 et
1259 1570 1552 1637 humerum,
1579 1572 1819 1631 carnibus

192 1662 447 1732 separatis
479 1664 549 1716 ab
590 1663 791 1737 ossibus
840 1665 903 1718 de
928 1665 1101 1719 electis
1129 1666 1395 1734 pecoribus
1438 1676 1725 1735 assumpta,
1770 1675 1819 1720 et

1917 470 2019 526 per
2045 457 2356 527 parabolam
2401 459 2648 515 describe
2677 468 2838 531 atque
2884 458 3253 530 proverbium,
3297 472 3417 528 qure
3465 457 3517 511 in

1921 553 2175 621 praesenti
2201 552 2321 608 loco
2355 553 2733 624 metaphoram
2766 555 3287 626 translationemque
3316 551 3523 624 signiti-

1917 655 2023 699 cat.
2057 644 2225 712 Pone,
2255 647 2451 718 inquit,
2493 647 2658 703 ollam
2688 642 2914 715 amcam,
2950 648 3001 703 id
3032 658 3136 718 est,
3179 648 3432 714 lebetem,
3466 654 3523 701 et

1919 738 2075 793 mitte
2102 738 2157 793 in
2187 754 2304 793 eam
2329 755 2547 810 aquam,
2570 750 2623 796 et
2653 740 3131 811 pinguissimorum
3158 740 3518 796 animantium

1919 844 2080 886 omne
2128 846 2326 901 corpus
2358 832 2409 887 in
2441 832 2613 888 frusta
2666 833 2913 903 concide,
2969 844 3073 889 tam
3121 834 3313 899 femur,
3357 849 3519 907 quam

1920 938 2043 981 crus
2073 934 2126 979 ct
2152 941 2383 994 armum,
2416 942 2724 998 carnesque
2754 927 3048 1000 diligenter
3085 928 3153 983 ab
3182 929 3399 985 ossibus
3430 944 3521 985 se-

1922 1033 2071 1088 para,
2104 1030 2158 1075 et
2187 1022 2447 1075 carnibus
2479 1022 2660 1077 missis
2704 1022 2756 1077 in
2800 1023 3059 1088 lebetem,
3094 1038 3216 1079 ossa
3265 1038 3403 1093 pone
3437 1025 3523 1081 vel

1921 1125 2189 1180 compone
2227 1113 2330 1167 sub
2378 1113 2577 1182 lebete,
2612 1118 2691 1186 et}
2714 1115 2800 1172 fac
2829 1126 3031 1183 strues,
3064 1125 3120 1171 et
3162 1116 3407 1171 cumulos
3436 1131 3526 1172 os-

1920 1203 2080 1271 sium,
2104 1212 2162 1258 ut
2190 1204 2635 1264 ell'ervescatnon
2657 1209 2854 1275 semel,
2883 1208 2977 1265 sed
3007 1209 3318 1278 frequenter
3347 1210 3526 1265 Coctio

1921 1296 2140 1363 lebetis,
2174 1307 2229 1354 et
2259 1299 2649 1371 discoquantur
2681 1318 2873 1358 carnes
2925 1302 3276 1372 intrinsecus,
3311 1315 3366 1362 et
3403 1318 3527 1359 ossa

1921 1390 2113 1445 subter
2143 1391 2394 1449 incendio
2419 1406 2856 1450 concrementur.
2886 1395 2980 1451 Vis
3003 1405 3185 1451 autem
3210 1398 3370 1459 scire.
3404 1411 3534 1466 pro-

1923 1482 2108 1552 pheta,
2142 1486 2266 1555 quis
2294 1486 2365 1540 sit
2398 1486 2501 1541 iste
2530 1487 2701 1553 lebes,
2736 1486 2824 1542 vel
2853 1503 2975 1558 quae
3019 1502 3215 1544 carnes
3244 1497 3339 1544 aut
3364 1487 3534 1544 ossa?

1924 1573 2176 1642 Loquere
2207 1575 2343 1644 haec,
2375 1577 2505 1631 dicit
2536 1577 2799 1633 Dominus
2828 1578 3008 1635 Deus:
3044 1579 3133 1633 Va:
3163 1579 3375 1635 civitati
3405 1595 3532 1636 san-

1923 1668 2170 1737 guinum,
2203 1669 2253 1724 id
2300 1679 2383 1725 est
2419 1670 2747 1739 Jerusalem,
2780 1672 2969 1738 lebeti,
3013 1672 3168 1744 cujus
3215 1673 3433 1744 rubigo,
3477 1672 3531 1728 id

192 1756 402 1809 incende
425 1772 555 1811 ossa
581 1758 676 1812 sub
707 1759 814 1812 eis:
841 1758 1051 1827 ferbuit,
1076 1768 1125 1814 et
1157 1768 1277 1813 sunt
1304 1771 1450 1816 cocta
1481 1778 1599 1814 ossa
1629 1764 1739 1833 ejus
1761 1760 1817 1813 in
1846 1758 1895 1820 B
1921 1771 2002 1816 est
2034 1762 2238 1816 malitia
2291 1764 2458 1818 nimia
2493 1775 2601 1831 est,
2637 1774 2689 1820 et
2722 1767 2851 1820 licet
2899 1765 3041 1834 ignis
3092 1768 3410 1837 suppositus
3442 1766 3531 1832 sit,

190 1850 353 1903 medio
383 1852 553 1905 illius.
597 1850 880 1923 PrOpterea
909 1851 1020 1907 hac
1046 1853 1171 1906 dicit
1201 1854 1407 1907 Allonai
1437 1852 1691 1907 Dominus
1722 1865 1739 1906 .'
1772 1852 1816 1906 0

190 1944 365 1998 cis-itas
389 1947 741 2018 sanguinum,
771 1947 904 2001 lebes
941 1948 994 2000 in
1024 1963 1125 2018 quo
1154 1956 1226 2001 est
1249 1949 1433 2020 rubigo
1464 1950 1518 2002 in
1540 1965 1621 2016 eo,
1654 1959 1701 2002 et
1728 1965 1826 2017 ru;

190 2038 306 2108 biga
333 2056 442 2093 non
474 2048 557 2094 est
590 2056 800 2112 egressa
828 2058 890 2095 ea:
935 2057 1036 2095 eo:
1066 2058 1159 2113 per
1197 2050 1369 2113 partes
1415 2057 1535 2095 suas
1564 2038 1817 2112 protulit:

188 2149 291 2184 non
311 2134 505 2186 cecidit
539 2150 699 2203 super
728 2150 842 2188 eam
868 2150 999 2201 sors,
1028 2136 1149 2205 quia
1179 2135 1391 2205 sanguis
1417 2138 1530 2207 (jus
1570 2130 1624 2187 in
1650 2133 1820 2188 medio

188 2223 334 2278 illius
364 2236 467 2280 est.
524 2225 702 2297 Super
731 2227 1041 2281 levissimam
1081 2237 1285 2297 petram
1315 2227 1467 2297 posui
1496 2225 1647 2279 illum
1672 2240 1688 2277 :
1719 2241 1819 2278 non

189 2316 355 2385 (βαάὶ
374 2318 537 2371 illum
561 2336 719 2389 super
741 2329 953 2388 terram,
982 2329 1038 2373 ut
1060 2322 1346 2388 operiretur
1371 2329 1527 2373 terra.
1557 2317 1624 2372 Ut
1645 2334 1819 2371 ascen-

190 2409 337 2463 deret
371 2412 536 2480 furor
568 2413 619 2465 in
647 2411 898 2465 ultionem
930 2411 1172 2466 vindicta:
1199 2428 1215 2464 :
1246 2412 1365 2465 dedi
1388 2412 1691 2485 sanguinem
1713 2411 1824 2480 ejus

188 2521 351 2574 super
398 2506 828 2575 limpidissimam
858 2514 1077 2576 petram,
1110 2494 1175 2559 at
1217 2521 1321 2559 non
1351 2508 1657 2577 operiretur.
1692 2502 1825 2558 Pro-

188 2610 378 2671 pterea
414 2602 528 2654 hac
558 2600 682 2653 dicit
710 2600 915 2654 Δάοηαὶ
943 2599 1199 2655 Dominus
1226 2615 1244 2653 :
1273 2599 1386 2666 Vat,
1418 2598 1592 2653 civitas
1618 2598 1828 2667 sangui-

189 2712 348 2761 num,
384 2703 439 2749 et
471 2710 567 2766 ego
616 2693 957 2764 magniﬁcabo
989 2704 1255 2759 terrorem,
1307 2702 1354 2747 et
1384 2690 1735 2762 multiplicabo
1766 2689 1830 2743 li-

190 2806 325 2862 gna,
359 2800 413 2843 et
446 2790 751 2842 succendam
780 2789 972 2859 ignem,
1000 2797 1053 2842 ut
1083 2788 1343 2842 tabescaut
1379 2802 1557 2840 carnes
1582 2796 1630 2839 et
1659 2785 1831 2839 immi-

194 2891 407 2935 nuatur
432 2886 549 2953 jus,
582 2892 629 2937 et
658 2898 774 2936 ossa
796 2891 1187 2936 concrementur
1214 2890 1263 2935 et
1290 2889 1386 2935 stet
1404 2896 1562 2946 super
1585 2879 1832 2932 carbones

192 2992 347 3030 suos.
388 2975 616 3031 Incensa
636 2987 711 3030 est
732 2986 785 3030 ut
812 2986 1057 3031 exuratur
1078 2984 1123 3030 et
1145 2976 1366 3048 frigatur
1387 2990 1457 3029 ωε
1478 2976 1611 3045 ejus,
1636 2982 1681 3026 et
1705 2987 1830 3026 con-

198 3073 592 3132 crementurin
621 3073 789 3125 medio
828 3070 972 3143 illius
1013 3071 1342 3125 imntunditia
1372 3073 1506 3142 ejus,
1551 3076 1599 3121 et
1627 3067 1834 3135 deﬁciat

1921 1864 2099 1911 tamen
2136 1857 2326 1927 rubigo
2358 1857 2475 1927 ejus
2508 1873 2613 1912 non
2635 1859 2810 1913 exivit
2837 1858 2904 1914 de
2928 1875 3015 1913 ea.
3039 1857 3534 1913 Perseveraverunt

1920 1950 2067 2004 enim
2095 1949 2260 2005 etiam
2292 1949 2434 2019 capti
2467 1960 2628 2020 atque
2664 1949 2893 2005 cruciati
2927 1950 2980 2004 in
3032 1951 3264 2020 pristino
3295 1948 3526 2004 scelere.

1921 2042 2027 2097 Per
2058 2053 2260 2112 partes,
2296 2052 2347 2097 et
2377 2043 2691 2113 singillatim
2724 2043 3033 2099 consumite
3078 2058 3221 2109 eam,
3256 2057 3414 2098 nemo
3445 2056 3534 2097 re-

1923 2144 2143 2190 maneat
2176 2136 2227 2189 in
2260 2135 2511 2191 salutem.
2548 2135 2663 2191 Non
2711 2136 2910 2191 cecidit
2947 2150 3111 2207 super
3151 2151 3270 2192 eam
3319 2149 3439 2190 sors
3476 2140 3537 2189 ut

1923 2227 2015 2281 alii
2045 2226 2303 2296 perirent,
2333 2237 2389 2282 et
2419 2228 2505 2282 alii
2535 2228 2899 2296 salvarentur,
2933 2228 3027 2284 sed
3055 2229 3263 2283 cunctis
3291 2242 3534 2283 commu-

1925 2320 2009 2376 nis
2034 2322 2184 2377 venit
2211 2322 2483 2378 tnteritus.
2518 2322 2750 2393 Sanguis
2792 2325 2938 2379 enim
2966 2324 3109 2395 ejus,
3141 2324 3193 2379 id
3220 2332 3325 2390 est,
3362 2323 3537 2379 homi-

1925 2415 2086 2484 cidia,
2121 2426 2176 2470 et
2204 2415 2437 2471 ﬁliorum
2469 2431 2655 2484 neces,
2692 2417 2743 2471 in
2776 2417 2957 2472 medio
3004 2417 3148 2485 illius
3179 2424 3326 2471 sunt.
3360 2415 3533 2483 Quem

1928 2509 2247 2579 sanguinem
2291 2508 2481 2565 eliudit
2520 2523 2688 2579 super
2731 2509 3168 2581 limpidissimam
3211 2516 3446 2580 petram,
3479 2518 3541 2565 ut

1930 2611 2146 2673 pateret
2175 2602 2452 2668 omnibus,
2488 2618 2590 2658 nec
2619 2613 2761 2658 terra
2790 2604 3101 2673 operiretur
3128 2612 3221 2657 aut
3264 2601 3497 2673 pulvere
3521 2617 3535 2655 :

1932 2711 2000 2751 ne
2055 2696 2313 2751 transiret
2364 2695 2616 2751 videlicet
2672 2695 2974 2766 indignatio
3024 2711 3166 2765 mea,
3221 2696 3316 2752 sed
3374 2709 3540 2766 super

1932 2790 2339 2861 apertissimum
2390 2790 2707 2860 sanguinem
2764 2790 2896 2844 ultio
2927 2798 3268 2860 properaret.
3314 2788 3539 2844 Natura:

1935 2891 2018 2939 est
2043 2883 2213 2949 enim,
2239 2893 2299 2938 ut
2326 2883 2373 2938 si
2394 2884 2615 2953 sanguis
2644 2882 2905 2939 fundatur
2933 2884 2986 2939 in
3018 2895 3239 2950 terram,
3267 2882 3547 2939 combibat

1937 2979 2136 3032 humus
2165 2979 2449 3034 humorem
2482 2978 2783 3049 sanguinis,
2817 2979 2900 3033 vel
2934 2978 3191 3048 paulatim
3233 2986 3379 3034 terra
3408 2991 3543 3049 ope-

1938 3074 2112 3127 riatur
2137 3082 2189 3127 et
2221 3073 2465 3141 pulvere.
2499 3071 2633 3126 Cum
2664 3082 2845 3127 autem
2896 3087 3061 3143 super
3106 3071 3542 3141 limpidissimam

200 3167 402 3235 rubigo
445 3168 578 3236 ejus.
616 3165 988 3220 Humiliabitur
1013 3165 1216 3238 rubigo,
1260 3175 1309 3219 et
1350 3180 1451 3217 non
1482 3164 1616 3217 ea‘ict
1665 3162 1728 3216 de
1777 3178 1834 3215 ea
1863 3147 1909 3211 C
1942 3174 2149 3235 petram
2182 3173 2237 3220 et
2267 3165 2471 3219 nullam
2502 3164 2789 3220 habentem
2831 3164 3066 3233 foveam,
3110 3167 3331 3235 sanguis
3378 3163 3547 3220 fuerit

205 3262 383 3315 multa
420 3262 600 3331 rubigo
625 3265 736 3334 ejus
758 3278 776 3315 :
803 3260 1152 3331 confundetur
1188 3259 1368 3330 rubigo
1396 3259 1538 3312 illius
1561 3274 1579 3311 .'
1607 3259 1829 3310 immun-

206 3355 345 3407 ditia
376 3366 469 3408 tua
495 3369 695 3422 nun,
714 3356 717 3359 ’
734 3370 828 3424 pro
848 3372 907 3408 eo
932 3356 1069 3425 quod
1090 3355 1443 3408 contaminata
1468 3370 1520 3408 es
1550 3364 1625 3416 tu,
1659 3361 1705 3406 et
1732 3367 1834 3405 non

208 3450 575 3503 acmundata
592 3449 657 3501 ab
678 3448 1009 3501 immunditiu
1031 3458 1138 3501 tua.
1165 3447 1228 3501 Et
1243 3448 1364 3514 quid
1387 3448 1481 3501 erit
1499 3448 1541 3501 si
1556 3462 1654 3499 non
1673 3446 1834 3515 fueris

211 3542 504 3597 emundata
527 3542 661 3595 ultra
675 3542 1087 3612 donecimpleam
1101 3540 1325 3612 furorem
1340 3557 1505 3594 meum
1528 3540 1579 3592 in
1607 3547 1653 3593 te
1675 3540 1699 3591 ?
1724 3536 1836 3610 Ego

218 3632 490 3689 Dominus
504 3633 706 3688 locutus
725 3651 859 3700 sunt,
883 3645 928 3687 et
948 3635 1133 3700 veniet,
1148 3644 1194 3686 et
1208 3634 1400 3704 faciant
1419 3649 1437 3687 :
1454 3648 1555 3685 non
1570 3630 1833 3699 differam,

220 3747 313 3785 nec
332 3731 637 3794 miserebor,
655 3746 746 3784 nec
763 3729 1098 3800 deprecabilis
1119 3745 1228 3783 ero.
1253 3727 1552 3783 Secundum
1571 3726 1679 3780 uias
1698 3735 1832 3790 tuas,

225 3836 271 3878 et
291 3824 583 3879 secundum
600 3823 985 3877 adinventiones
1005 3832 1119 3875 tuas
1133 3820 1386 3893 judicabo
1405 3829 1472 3888 te,
1494 3820 1616 3872 dicit
1632 3817 1838 3871 Adonai

224 3914 516 3971 Dominus.
540 3945 607 3957 κ-
626 3914 912 3982 PrOpterea
936 3930 1029 3988 ego
1034 3913 1285 3987 judicabo
1302 3922 1349 3967 te
1354 3913 1512 3983 juxta
1534 3911 1838 3981 sanguinem

230 4020 409 4075 tuum,
459 4019 506 4063 et
530 4010 681 4078 iuxta
707 4008 1042 4079 cogitationes
1070 4015 1185 4061 tuas
1204 4004 1452 4077 judicubo
1480 4012 1546 4070 te,
1573 4000 1838 4055 immunda

226 4112 386 4172 atque
423 4104 655 4173 famosa,
698 4109 746 4153 et
801 4100 965 4153 nimia
1019 4097 1088 4151 ad
1144 4097 1465 4151 irritandam
1527 4100 1543 4161 ξ
1590 4095 1836 4163 Quorum

231 4198 500 4268 pleraque
557 4194 625 4249 de
686 4192 1073 4248 Theodotione
1146 4190 1337 4246 addita
1398 4198 1560 4257 sunt,
1622 4197 1677 4243 et
1718 4203 1841 4243 ver-

232 4291 368 4347 bum
438 4288 762 4344 Hebraicum
827 4302 1008 4341 zauuu
1088 4284 1305 4354 (nn'tz)
1341 4325 1355 4349 ,
1414 4297 1516 4352 pro
1577 4286 1843 4351 quo’jnos

234 4383 604 4439 exsecrabilem
661 4381 1042 4434 immunditiam
1114 4378 1459 4449 interpretati
1507 4390 1715 4432 sumus.
1775 4374 1843 4429 ll-

238 4478 443 4547 lndque
496 4476 565 4530 ab
615 4475 695 4530 eis
758 4474 1002 4529 additum
1050 4481 1174 4539 est,
1227 4471 1370 4540 quod
1446 4470 1500 4525 in
1572 4468 1842 4524 Hebraico

1936 3258 2164 3325 cﬂ'usus,
2208 3258 2408 3311 labitur
2438 3268 2491 3312 et
2521 3258 2688 3311 latam
2722 3257 2932 3313 obtinet
2975 3257 3183 3314 sedem.
3217 3257 3332 3312 Hoc
3362 3264 3543 3313 autem

1937 3352 2161 3419 indicat,
2195 3351 2340 3422 quod
2376 3367 2484 3406 non
2509 3352 2743 3417 occulta,
2771 3351 2867 3408 sed
2901 3351 3109 3420 publica
3141 3351 3332 3407 fecerit
3366 3350 3547 3405 homi-

1936 3444 2098 3507 cidia,
2129 3442 2426 3497 secundum
2453 3443 2588 3498 illud
2620 3442 2761 3514 quod
2786 3442 2986 3498 dicitur
3014 3442 3079 3498 ad
3109 3442 3242 3498 Cain
3267 3460 3279 3496 :
3316 3442 3548 3515 Sanguis

1939 3538 2116 3608 fratris
2149 3538 2225 3592 tui
2257 3537 2446 3591 clamat
2474 3537 2542 3590 ad
2591 3553 2670 3591 me
2701 3536 2926 3600 (Cenes.
2970 3552 3045 3601 ιν,
3080 3538 3186 3605 10)
3212 3552 3225 3590 :
3256 3544 3551 3607 propterea

1939 3631 2027 3686 dic
2077 3631 2306 3699 civitati,
2365 3646 2473 3686 non
2529 3632 2688 3687 unius
2736 3632 3034 3703 sanguinis,
3081 3632 3177 3687 sed
3227 3630 3548 3703 sanguinum

1940 3727 2282 3784 multorum:
2320 3726 2462 3781 Ecce
2505 3742 2608 3796 ego
2636 3725 2896 3797 grandem
2938 3726 2992 3781 in
3029 3734 3079 3780 te
3109 3740 3297 3797 pyram
3334 3724 3550 3793 iaciam,

1939 3822 2057 3877 sive
2106 3820 2333 3876 educam
2388 3827 2619 3886 torrem,
2667 3834 2828 3890 quem
2880 3818 3044 3891 276
3082 3818 3274 3889 vulgus
3302 3817 3550 3874 titionem

1941 3923 2121 3975 vocat,
2152 3920 2207 3967 et
2235 3927 2344 3966 non
2372 3911 2549 3966 solum
2579 3926 2777 3966 carnes
2810 3911 2865 3965 in
2902 3920 2953 3965 te
2999 3910 3191 3966 molles
3220 3919 3275 3964 et
3312 3919 3548 3980 teneras,

1941 4007 2039 4061 sed
2070 4004 2367 4060 durissima
2404 4018 2622 4076 quoque
2654 4018 2777 4058 ossa
2818 4004 2897 4058 sic
2942 4002 3289 4070 succendam,
3322 4011 3382 4058 ut
3420 4001 3555 4057 nihil

1942 4099 1993 4154 in
2027 4109 2080 4154 te
2117 4106 2397 4154 remaneat
2422 4098 2566 4169 quod
2613 4113 2723 4153 non
2764 4106 3042 4153 cremetur
3080 4097 3357 4153 incendio.
3390 4095 3551 4152 Cum-

1943 4208 2049 4262 que
2077 4201 2132 4248 et
2159 4206 2354 4247 carnes
2377 4200 2433 4246 et
2474 4206 2598 4247 ossa
2627 4199 2952 4261 consumpta
2974 4189 3181 4246 fuerint
3204 4198 3262 4245 et
3287 4199 3553 4258 cremata,
3638 4228 3643 4233 ~

1947 4286 2121 4355 ipsum
2152 4285 2386 4341 lebetem
2402 4299 2634 4339 vacuum
2654 4300 2794 4355 pone
2808 4298 2976 4354 super
3000 4299 3223 4354 prunas,
3249 4294 3302 4339 ut
3327 4298 3402 4339 aes
3422 4298 3557 4355 quo-

1946 4394 2051 4449 que
2084 4377 2233 4433 illius
2272 4377 2299 4417 δ
2348 4377 2645 4433 incalescat
2674 4386 2729 4433 et
2757 4386 3135 4445 consumatur,
3182 4386 3237 4433 et
3275 4393 3387 4434 aere
3425 4392 3559 4433 con-

1947 4480 2186 4543 sumpto,
2215 4472 2410 4543 rubigo
2436 4486 2652 4543 quoque
2683 4471 2829 4527 illius
2876 4481 3084 4542 pereat,
3118 4471 3170 4526 id
3199 4479 3303 4541 est,
3334 4471 3557 4528 civitate

240 4540 370 4625 non-
386 4569 639 4634 habetur,
670 4575 727 4623 et
752 4567 915 4622 obelo
938 4564 1354 4637 prtenotandum
1384 4560 1475 4619 est
1515 4580 1529 4616 :
1561 4561 1846 4633 Propterea
1874 4540 1926 4601 D
1953 4540 2202 4621 incendio
2247 4540 2619 4635 concremata,
2673 4540 3029 4622 malitiavcum
3079 4567 3215 4621 urbe
3259 4540 3553 4635 dispereat.

238 4683 335 4740 ego
375 4664 627 4735 judicabo
679 4672 728 4716 te
744 4664 903 4733 juxta
947 4661 1247 4732 sanguinem
1279 4669 1443 4725 tuum,
1474 4666 1520 4711 et
1556 4659 1715 4730 juxta
1762 4671 1848 4710 co-

242 4762 527 4834 gitationes
554 4768 670 4813 tuas
682 4757 935 4831 judicabo
964 4768 1030 4824 te,
1063 4757 1331 4811 immunda
1360 4763 1511 4824 atque
1540 4754 1759 4823 famosa,
1802 4759 1848 4805 et

244 4858 408 4911 nimia
428 4855 501 4908 ad
523 4852 862 4911 irritandam.
889 4851 1141 4905 Dicamus
1169 4863 1300 4919 ergo
1321 4849 1387 4903 de
1419 4846 1665 4917 singulis.
1698 4843 1852 4899 Nono

244 4962 393 5003 anno
418 4943 755 5016 captivitatis
786 4942 928 5012 regis
954 4940 1157 4997 Joacim
1187 4938 1420 5012 (quinto
1448 4938 1593 4993 enim
1625 4950 1851 4992 exorsus

247 5050 331 5096 est
364 5038 735 5110 prophetare)
766 5044 821 5091 et
845 5034 1057 5091 decimo
1085 5047 1274 5090 mense
1304 5032 1548 5102 ejusdem
1596 5031 1726 5086 noni
1757 5045 1853 5084 an-

249 5133 329 5196 ni,
379 5131 593 5185 decima
627 5129 717 5183 die
760 5131 962 5183 mensis
991 5127 1212 5191 decimi,
1262 5125 1465 5181 factum
1513 5136 1597 5181 est
1627 5125 1852 5181 verbum

252 5224 470 5279 Domini
501 5224 565 5277 ad
600 5220 851 5277 Ezechiel
888 5222 1233 5292 prophetam,
1275 5220 1327 5274 in
1360 5218 1519 5291 275
1566 5219 1857 5291 Babylonis

252 5320 481 5390 regione
507 5317 889 5383 constitutum,
924 5325 978 5371 et
1006 5315 1143 5370 dixit
1168 5315 1218 5369 ei
1246 5332 1257 5367 :
1290 5313 1389 5368 Fili
1423 5313 1676 5380 hominis,
1718 5313 1857 5368 scri-

253 5413 324 5468 be
353 5413 447 5469 tibi
481 5411 621 5467 hanc
648 5410 895 5467 eamdem
929 5410 1098 5475 diem,
1132 5419 1186 5464 et
1213 5409 1349 5464 scito
1378 5408 1522 5479 quod
1554 5423 1648 5463 rex
1678 5408 1858 5481 Baby-

256 5506 396 5561 lonis
422 5504 593 5560 hodie
621 5504 674 5559 in
704 5506 928 5574 regione
956 5501 1140 5558 Judcea
1168 5501 1423 5557 obsidere
1449 5501 1683 5572 coeperit
1708 5503 1866 5558 Jeru-

334 5652 359 5681 ³
401 5644 472 5724 ln_
513 5644 745 5699 Hebrmo
795 5650 879 5696 est
903 5650 1144 5724 T1993),
1184 5640 1546 5724 iudicaverunt
1594 5647 1663 5705 te,
1694 5640 1868 5724 “quod

262 5716 545 5772 Victorius
573 5726 889 5783 corruptum
911 5712 1239 5779 arbitratur,
1270 5712 1656 5783 substituitque
1694 5712 1871 5768 libere

249 5789 550 5866 judicabo,
601 5802 697 5858 pro
741 5782 1004 5857 iudicavi,
1055 5800 1120 5841 ex
1171 5784 1518 5842 versionibus
1573 5782 1762 5839 Latina
1820 5794 1871 5840 et

1954 4658 2062 4714 Sed
2108 4656 2233 4727 quid
2267 4656 2489 4727 prodest
2521 4657 2717 4713 iecisse
2747 4658 2892 4728 quod
2917 4657 3128 4728 jussum
3173 4657 3300 4714 est?
3338 4658 3416 4715 Ne
3461 4675 3559 4731 per

1959 4756 2136 4826 ignem
2169 4753 2386 4824 quidem
2413 4753 2605 4824 rubigo
2639 4763 2800 4823 atque
2827 4752 3032 4809 malitia
3072 4753 3292 4818 lebetis,
3324 4761 3378 4809 et
3409 4753 3558 4809 urbis
3604 4744 3607 4749 ’

1957 4847 2130 4918 potuit
2157 4846 2398 4912 auferri;
2428 4846 2523 4901 sed
2556 4853 2838 4916 permanet
2868 4846 2922 4901 iu
2964 4860 3029 4900 ea
3060 4846 3400 4902 immunditia
3431 4860 3558 4902 sce-

1958 4942 2097 4997 lesta
2122 4949 2177 4996 et
2201 4939 2550 4996 exsecrabilis
2578 4958 2589 4993 :
2621 4939 2726 4995 hoc
2747 4939 2890 4995 enim
2926 4955 3125 4993 zemma
3163 4938 3450 5010 signiﬁcat.
3492 4938 3564 4991 Et

1960 5032 2349 5105 apostropham
2405 5034 2473 5089 ad
2512 5034 2688 5103 ipsum
2736 5032 2993 5101 lebetem,
3046 5034 3099 5088 id
3142 5033 3339 5109 estad
3386 5032 3558 5101 ipsam

1960 5127 2176 5194 urbem,
2223 5125 2370 5182 facit.
2400 5126 2659 5181 Mundare
2690 5136 2741 5181 te
2768 5124 2941 5191 volui,
2987 5132 3044 5181 et
3079 5141 3186 5181 non
3215 5138 3276 5181 es
3306 5122 3562 5178 mundata

1963 5223 2219 5279 sordibus
2247 5222 2374 5291 tuis,
2405 5237 2507 5277 nec
2538 5223 2677 5277 ultra
2709 5221 2914 5292 poteris
2945 5221 3252 5287 emundari,
3284 5219 3460 5273 donec
3505 5216 3560 5272 in

1966 5330 2020 5374 te
2046 5317 2345 5388 compleam
2376 5314 2803 5387 indignationem
2834 5328 3034 5371 meam.
3059 5313 3173 5383 Ego
3203 5310 3459 5366 Dominus
3488 5308 3569 5364 lo-

1969 5420 2127 5467 cutus
2157 5425 2302 5478 sum,
2355 5418 2412 5466 et
2453 5409 2725 5465 sententia
2766 5423 2885 5463 mea
2917 5422 3025 5462 non
3056 5414 3234 5477 potest
3259 5403 3566 5474 praeterire.

1970 5506 2133 5563 Venit
2154 5506 2266 5577 jam
2293 5505 2447 5561 urbis
2474 5504 2710 5571 obsidio,
2742 5502 2935 5559 iaciam
2959 5501 3104 5573 quod
3133 5500 3375 5556 minatus
3401 5515 3521 5557 sum
3552 5535 3573 5578 ι

1977 5642 2328 5772 Graec\iitiose
2357 5714 2632 5787 legebatur
2656 5710 2954 5767 invalescal.
3000 5709 3278 5783 Rabauus,
3330 5709 3581 5767 tabescat:
