  <div class='ocr_page' id='page_1' title='image "/cluster/home/n/w/nwhite01/storage/ocr_20150623/25/hvd.32044015471394/121.png"; bbox 0 0 4038 6328; ppageno 0'>
   <div class='ocr_carea' id='block_1_1' title="bbox 527 219 633 291">
    <p class='ocr_par' dir='ltr' id='par_1_1' title="bbox 527 219 633 291">
     <span class='ocr_line' id='line_1_1' title="bbox 527 219 633 291; baseline 0 0"><span class='ocrx_word' id='word_1_1' title='bbox 527 219 633 291; x_wconf 69' lang='lat' dir='ltr'><strong>est</strong></span> 
     </span>
    </p>
   </div>
   <div class='ocr_carea' id='block_1_2' title="bbox 1783 224 2585 291">
    <p class='ocr_par' dir='ltr' id='par_1_2' title="bbox 1783 224 2585 291">
     <span class='ocr_line' id='line_1_2' title="bbox 1783 224 2585 291; baseline -0.004 -2"><span class='ocrx_word' id='word_1_2' title='bbox 1783 229 1839 289; x_wconf 81' lang='lat' dir='ltr'><strong>S.</strong></span> <span class='ocrx_word' id='word_1_3' title='bbox 1885 224 2159 291; x_wconf 81' lang='lat' dir='ltr'><strong>EUSEBll</strong></span> <span class='ocrx_word' id='word_1_4' title='bbox 2200 224 2585 289; x_wconf 62' lang='lat' dir='ltr'><strong>HIERONYMI</strong></span> 
     </span>
    </p>
   </div>
   <div class='ocr_carea' id='block_1_3' title="bbox 3725 221 3839 289">
    <p class='ocr_par' dir='ltr' id='par_1_3' title="bbox 3725 221 3839 289">
     <span class='ocr_line' id='line_1_3' title="bbox 3725 221 3839 289; baseline 0.009 -1"><span class='ocrx_word' id='word_1_5' title='bbox 3725 221 3839 289; x_wconf 64' lang='lat'><strong>228</strong></span> 
     </span>
    </p>
   </div>
   <div class='ocr_carea' id='block_1_4' title="bbox 522 343 3840 419">
    <p class='ocr_par' dir='ltr' id='par_1_4' title="bbox 522 343 3840 419">
     <span class='ocr_line' id='line_1_4' title="bbox 522 343 3840 419; baseline -0.006 -12"><span class='ocrx_word' id='word_1_6' title='bbox 522 368 623 409; x_wconf 91' lang='lat' dir='ltr'><strong>nec</strong></span> <span class='ocrx_word' id='word_1_7' title='bbox 653 352 913 419; x_wconf 98' lang='lat' dir='ltr'><strong>transibo,</strong></span> <span class='ocrx_word' id='word_1_8' title='bbox 944 350 1084 405; x_wconf 85' lang='lat' dir='ltr'><strong>sicut</strong></span> <span class='ocrx_word' id='word_1_9' title='bbox 1127 362 1274 416; x_wconf 74' lang='lat' dir='ltr'><strong>saepe</strong></span> <span class='ocrx_word' id='word_1_10' title='bbox 1320 346 1443 413; x_wconf 84' lang='lat' dir='ltr'><strong>ieci,</strong></span> <span class='ocrx_word' id='word_1_11' title='bbox 1484 345 1694 403; x_wconf 85' lang='lat' dir='ltr'><strong>scelera</strong></span> <span class='ocrx_word' id='word_1_12' title='bbox 1724 352 1853 409; x_wconf 89' lang='lat' dir='ltr'><strong>tua;</strong></span> <span class='ocrx_word' id='word_1_13' title='bbox 1899 353 1954 400; x_wconf 90' lang='lat' dir='ltr'><strong>et</strong></span> <span class='ocrx_word' id='word_1_14' title='bbox 1980 344 2118 398; x_wconf 83' lang='lat' dir='ltr'><strong>ultra</strong></span> <span class='ocrx_word' id='word_1_15' title='bbox 2148 347 2199 407; x_wconf 81' lang='grc' dir='ltr'>Α</span> <span class='ocrx_word' id='word_1_16' title='bbox 2226 346 2513 403; x_wconf 86' lang='lat' dir='ltr'><strong>dealbatis:</strong></span> <span class='ocrx_word' id='word_1_17' title='bbox 2535 360 2650 416; x_wconf 79' lang='lat' dir='ltr'><strong>qua’</strong></span> <span class='ocrx_word' id='word_1_18' title='bbox 2664 344 2803 401; x_wconf 88' lang='lat' dir='ltr'><strong>intus</strong></span> <span class='ocrx_word' id='word_1_19' title='bbox 2818 343 2971 417; x_wconf 79' lang='lat' dir='ltr'><strong>plena</strong></span> <span class='ocrx_word' id='word_1_20' title='bbox 2984 352 3103 405; x_wconf 80' lang='lat' dir='ltr'><strong>sunt</strong></span> <span class='ocrx_word' id='word_1_21' title='bbox 3124 343 3394 417; x_wconf 77' lang='lat' dir='ltr'><strong>spurcitia,</strong></span> <span class='ocrx_word' id='word_1_22' title='bbox 3419 344 3681 405; x_wconf 70' lang='grc' dir='ltr'><strong>σιοεδίιηιε</strong></span> <span class='ocrx_word' id='word_1_23' title='bbox 3700 361 3840 401; x_wconf 57' lang='lat' dir='ltr'><strong>mor.</strong></span> 
     </span>
    </p>
   </div>
   <div class='ocr_carea' id='block_1_5' title="bbox 519 435 2118 514">
    <p class='ocr_par' dir='ltr' id='par_1_5' title="bbox 519 435 2118 514">
     <span class='ocr_line' id='line_1_5' title="bbox 519 435 2118 514; baseline -0.006 -16"><span class='ocrx_word' id='word_1_24' title='bbox 519 458 628 500; x_wconf 89' lang='lat' dir='ltr'><strong>non</strong></span> <span class='ocrx_word' id='word_1_25' title='bbox 662 458 899 514; x_wconf 86' lang='lat' dir='ltr'><strong>parcam,</strong></span> <span class='ocrx_word' id='word_1_26' title='bbox 947 455 1048 496; x_wconf 93' lang='lat' dir='ltr'><strong>nec</strong></span> <span class='ocrx_word' id='word_1_27' title='bbox 1087 439 1345 510; x_wconf 86' lang='lat' dir='ltr'><strong>placabor</strong></span> <span class='ocrx_word' id='word_1_28' title='bbox 1397 438 1490 495; x_wconf 91' lang='lat' dir='ltr'><strong>tibi</strong></span> <span class='ocrx_word' id='word_1_29' title='bbox 1523 438 1685 494; x_wconf 85' lang='lat' dir='ltr'><strong>etiam</strong></span> <span class='ocrx_word' id='word_1_30' title='bbox 1718 438 1762 491; x_wconf 92' lang='lat' dir='ltr'><strong>si</strong></span> <span class='ocrx_word' id='word_1_31' title='bbox 1792 435 2118 509; x_wconf 86' lang='lat' dir='ltr'><strong>multiplica-</strong></span> 
     </span>
    </p>
   </div>
   <div class='ocr_carea' id='block_1_6' title="bbox 517 530 2119 607">
    <p class='ocr_par' dir='ltr' id='par_1_6' title="bbox 517 530 2119 607">
     <span class='ocr_line' id='line_1_6' title="bbox 517 530 2119 607; baseline -0.006 -14"><span class='ocrx_word' id='word_1_32' title='bbox 517 537 662 593; x_wconf 88' lang='lat' dir='ltr'><strong>veris</strong></span> <span class='ocrx_word' id='word_1_33' title='bbox 707 549 939 607; x_wconf 79' lang='lat' dir='ltr'><strong>preces;</strong></span> <span class='ocrx_word' id='word_1_34' title='bbox 987 533 1083 588; x_wconf 89' lang='lat' dir='ltr'><strong>sed</strong></span> <span class='ocrx_word' id='word_1_35' title='bbox 1134 533 1246 589; x_wconf 82' lang='lat' dir='ltr'><strong>vias</strong></span> <span class='ocrx_word' id='word_1_36' title='bbox 1278 542 1425 599; x_wconf 84' lang='lat' dir='ltr'><strong>tuas,</strong></span> <span class='ocrx_word' id='word_1_37' title='bbox 1458 543 1515 588; x_wconf 91' lang='lat' dir='ltr'><strong>et</strong></span> <span class='ocrx_word' id='word_1_38' title='bbox 1556 530 1972 585; x_wconf 90' lang='lat' dir='ltr'><strong>adinventiones</strong></span> <span class='ocrx_word' id='word_1_39' title='bbox 2001 539 2119 583; x_wconf 86' lang='lat' dir='ltr'><strong>tuas</strong></span> 
     </span>
    </p>
   </div>
   <div class='ocr_carea' id='block_1_7' title="bbox 516 624 2115 699">
    <p class='ocr_par' dir='ltr' id='par_1_7' title="bbox 516 624 2115 699">
     <span class='ocr_line' id='line_1_7' title="bbox 516 624 2115 699; baseline -0.009 -13"><span class='ocrx_word' id='word_1_40' title='bbox 516 630 739 687; x_wconf 81' lang='lat' dir='ltr'><strong>reddam</strong></span> <span class='ocrx_word' id='word_1_41' title='bbox 761 629 881 696; x_wconf 91' lang='lat' dir='ltr'><strong>tibi,</strong></span> <span class='ocrx_word' id='word_1_42' title='bbox 915 633 1080 685; x_wconf 87' lang='lat' dir='ltr'><strong>immo</strong></span> <span class='ocrx_word' id='word_1_43' title='bbox 1103 626 1355 699; x_wconf 84' lang='lat' dir='ltr'><strong>judicabo</strong></span> <span class='ocrx_word' id='word_1_44' title='bbox 1388 638 1438 683; x_wconf 92' lang='lat' dir='ltr'><strong>te</strong></span> <span class='ocrx_word' id='word_1_45' title='bbox 1464 626 1615 697; x_wconf 80' lang='lat' dir='ltr'><strong>juxta</strong></span> <span class='ocrx_word' id='word_1_46' title='bbox 1647 637 1814 696; x_wconf 87' lang='lat' dir='ltr'><strong>opera</strong></span> <span class='ocrx_word' id='word_1_47' title='bbox 1834 630 1888 681; x_wconf 90' lang='lat' dir='ltr'><strong>et</strong></span> <span class='ocrx_word' id='word_1_48' title='bbox 1912 624 2115 691; x_wconf 76' lang='lat' dir='ltr'><strong>cogita~</strong></span> 
     </span>
    </p>
   </div>
   <div class='ocr_carea' id='block_1_8' title="bbox 516 714 2118 793">
    <p class='ocr_par' dir='ltr' id='par_1_8' title="bbox 516 714 2118 793">
     <span class='ocr_line' id='line_1_8' title="bbox 516 714 2118 793; baseline -0.006 -14"><span class='ocrx_word' id='word_1_49' title='bbox 516 725 690 781; x_wconf 87' lang='lat' dir='ltr'><strong>ti0ues</strong></span> <span class='ocrx_word' id='word_1_50' title='bbox 722 736 865 788; x_wconf 87' lang='lat' dir='ltr'><strong>tuas,</strong></span> <span class='ocrx_word' id='word_1_51' title='bbox 894 733 954 779; x_wconf 90' lang='lat' dir='ltr'><strong>ut</strong></span> <span class='ocrx_word' id='word_1_52' title='bbox 979 722 1035 779; x_wconf 91' lang='lat' dir='ltr'><strong>in</strong></span> <span class='ocrx_word' id='word_1_53' title='bbox 1067 722 1169 779; x_wconf 86' lang='lat' dir='ltr'><strong>hoc</strong></span> <span class='ocrx_word' id='word_1_54' title='bbox 1211 736 1425 793; x_wconf 84' lang='lat' dir='ltr'><strong>quoque</strong></span> <span class='ocrx_word' id='word_1_55' title='bbox 1456 718 1737 777; x_wconf 78' lang='lat' dir='ltr'><strong>ostendam</strong></span> <span class='ocrx_word' id='word_1_56' title='bbox 1769 714 2118 772; x_wconf 81' lang='lat' dir='ltr'><strong>clementiam</strong></span> 
     </span>
    </p>
   </div>
   <div class='ocr_carea' id='block_1_9' title="bbox 516 807 2119 888">
    <p class='ocr_par' dir='ltr' id='par_1_9' title="bbox 516 807 2119 888">
     <span class='ocr_line' id='line_1_9' title="bbox 516 807 2119 888; baseline -0.008 -14"><span class='ocrx_word' id='word_1_57' title='bbox 516 833 693 874; x_wconf 82' lang='lat' dir='ltr'><strong>meam</strong></span> <span class='ocrx_word' id='word_1_58' title='bbox 726 819 897 874; x_wconf 87' lang='lat' dir='ltr'><strong>instar</strong></span> <span class='ocrx_word' id='word_1_59' title='bbox 943 816 1164 885; x_wconf 84' lang='lat' dir='ltr'><strong>medici,</strong></span> <span class='ocrx_word' id='word_1_60' title='bbox 1198 818 1291 888; x_wconf 87' lang='lat' dir='ltr'><strong>qui</strong></span> <span class='ocrx_word' id='word_1_61' title='bbox 1323 814 1555 885; x_wconf 76' lang='lat' dir='ltr'><strong>putridis</strong></span> <span class='ocrx_word' id='word_1_62' title='bbox 1602 828 1709 869; x_wconf 91' lang='lat' dir='ltr'><strong>non</strong></span> <span class='ocrx_word' id='word_1_63' title='bbox 1739 810 1911 884; x_wconf 84' lang='lat' dir='ltr'><strong>parcit</strong></span> <span class='ocrx_word' id='word_1_64' title='bbox 1944 807 2119 864; x_wconf 83' lang='lat' dir='ltr'><strong>carni-</strong></span> 
     </span>
    </p>
   </div>
   <div class='ocr_carea' id='block_1_10' title="bbox 516 903 2122 987">
    <p class='ocr_par' dir='ltr' id='par_1_10' title="bbox 516 903 2122 987">
     <span class='ocr_line' id='line_1_10' title="bbox 516 903 2122 987; baseline -0.007 -20"><span class='ocrx_word' id='word_1_65' title='bbox 516 912 639 978; x_wconf 86' lang='lat' dir='ltr'><strong>bus,</strong></span> <span class='ocrx_word' id='word_1_66' title='bbox 673 922 732 969; x_wconf 91' lang='lat' dir='ltr'><strong>ut</strong></span> <span class='ocrx_word' id='word_1_67' title='bbox 763 928 893 967; x_wconf 87' lang='lat' dir='ltr'><strong>sana</strong></span> <span class='ocrx_word' id='word_1_68' title='bbox 942 911 1184 968; x_wconf 87' lang='lat' dir='ltr'><strong>membra</strong></span> <span class='ocrx_word' id='word_1_69' title='bbox 1230 919 1256 947; x_wconf 71' lang='grc' dir='ltr'>α</span> <span class='ocrx_word' id='word_1_70' title='bbox 1288 910 1621 987; x_wconf 47' lang='lat' dir='ltr'><strong>solventur;</strong></span> <span class='ocrx_word' id='word_1_71' title='bbox 1664 923 1771 961; x_wconf 89' lang='lat' dir='ltr'><strong>non</strong></span> <span class='ocrx_word' id='word_1_72' title='bbox 1821 903 2013 976; x_wconf 91' lang='lat' dir='ltr'><strong>parcit,</strong></span> <span class='ocrx_word' id='word_1_73' title='bbox 2062 911 2122 957; x_wconf 90' lang='lat' dir='ltr'><strong>ut</strong></span> 
     </span>
    </p>
   </div>
   <div class='ocr_carea' id='block_1_11' title="bbox 514 996 2123 1077">
    <p class='ocr_par' dir='ltr' id='par_1_11' title="bbox 514 996 2123 1077">
     <span class='ocr_line' id='line_1_11' title="bbox 514 996 2123 1077; baseline -0.006 -18"><span class='ocrx_word' id='word_1_74' title='bbox 514 1014 701 1077; x_wconf 85' lang='lat' dir='ltr'><strong>parcat</strong></span> <span class='ocrx_word' id='word_1_75' title='bbox 728 1023 746 1073; x_wconf 85' lang='lat'><strong>;</strong></span> <span class='ocrx_word' id='word_1_76' title='bbox 773 1003 1011 1065; x_wconf 81' lang='lat' dir='ltr'><strong>crudelis</strong></span> <span class='ocrx_word' id='word_1_77' title='bbox 1036 1012 1235 1071; x_wconf 83' lang='lat' dir='ltr'><strong>est,ut</strong></span> <span class='ocrx_word' id='word_1_78' title='bbox 1281 1006 1640 1066; x_wconf 73' lang='lat' dir='ltr'><strong>misereatur;</strong></span> <span class='ocrx_word' id='word_1_79' title='bbox 1668 1015 1771 1055; x_wconf 88' lang='lat' dir='ltr'><strong>nec</strong></span> <span class='ocrx_word' id='word_1_80' title='bbox 1812 996 2123 1054; x_wconf 85' lang='lat' dir='ltr'><strong>considerat</strong></span> 
     </span>
    </p>
   </div>
   <div class='ocr_carea' id='block_1_12' title="bbox 513 1087 2119 1168">
    <p class='ocr_par' dir='ltr' id='par_1_12' title="bbox 513 1087 2119 1168">
     <span class='ocr_line' id='line_1_12' title="bbox 513 1087 2119 1168; baseline -0.007 -15"><span class='ocrx_word' id='word_1_81' title='bbox 513 1098 770 1168; x_wconf 85' lang='lat' dir='ltr'><strong>patientis</strong></span> <span class='ocrx_word' id='word_1_82' title='bbox 801 1097 1069 1163; x_wconf 84' lang='lat' dir='ltr'><strong>dolorem,</strong></span> <span class='ocrx_word' id='word_1_83' title='bbox 1115 1096 1214 1151; x_wconf 88' lang='lat' dir='ltr'><strong>sed</strong></span> <span class='ocrx_word' id='word_1_84' title='bbox 1241 1095 1481 1151; x_wconf 79' lang='lat' dir='ltr'><strong>vulneris</strong></span> <span class='ocrx_word' id='word_1_85' title='bbox 1511 1093 1826 1156; x_wconf 83' lang='lat' dir='ltr'><strong>sanitatem,</strong></span> <span class='ocrx_word' id='word_1_86' title='bbox 1856 1089 2009 1159; x_wconf 78' lang='lat' dir='ltr'><strong>juxta</strong></span> <span class='ocrx_word' id='word_1_87' title='bbox 2056 1087 2119 1142; x_wconf 81' lang='lat' dir='ltr'><strong>il-</strong></span> 
     </span>
    </p>
   </div>
   <div class='ocr_carea' id='block_1_13' title="bbox 512 1183 2121 1262">
    <p class='ocr_par' dir='ltr' id='par_1_13' title="bbox 512 1183 2121 1262">
     <span class='ocr_line' id='line_1_13' title="bbox 512 1183 2121 1262; baseline -0.006 -17"><span class='ocrx_word' id='word_1_88' title='bbox 512 1190 605 1247; x_wconf 90' lang='lat' dir='ltr'><strong>lud</strong></span> <span class='ocrx_word' id='word_1_89' title='bbox 654 1191 1040 1262; x_wconf 79' lang='lat' dir='ltr'><strong>Evangelieum</strong></span> <span class='ocrx_word' id='word_1_90' title='bbox 1072 1189 1241 1260; x_wconf 80' lang='lat' dir='ltr'><strong>magis</strong></span> <span class='ocrx_word' id='word_1_91' title='bbox 1274 1187 1468 1243; x_wconf 90' lang='lat' dir='ltr'><strong>volens</strong></span> <span class='ocrx_word' id='word_1_92' title='bbox 1513 1201 1680 1242; x_wconf 90' lang='lat' dir='ltr'><strong>unum</strong></span> <span class='ocrx_word' id='word_1_93' title='bbox 1725 1183 1907 1254; x_wconf 77' lang='lat' dir='ltr'><strong>perire</strong></span> <span class='ocrx_word' id='word_1_94' title='bbox 1954 1195 2121 1235; x_wconf 89' lang='lat' dir='ltr'><strong>mem-</strong></span> 
     </span>
    </p>
   </div>
   <div class='ocr_carea' id='block_1_14' title="bbox 512 1272 2121 1356">
    <p class='ocr_par' dir='ltr' id='par_1_14' title="bbox 512 1272 2121 1356">
     <span class='ocr_line' id='line_1_14' title="bbox 512 1272 2121 1356; baseline -0.007 -15"><span class='ocrx_word' id='word_1_95' title='bbox 512 1285 693 1350; x_wconf 91' lang='lat' dir='ltr'><strong>brum,</strong></span> <span class='ocrx_word' id='word_1_96' title='bbox 717 1299 878 1356; x_wconf 85' lang='lat' dir='ltr'><strong>quam</strong></span> <span class='ocrx_word' id='word_1_97' title='bbox 907 1291 1077 1339; x_wconf 88' lang='lat' dir='ltr'><strong>totum</strong></span> <span class='ocrx_word' id='word_1_98' title='bbox 1108 1298 1307 1353; x_wconf 86' lang='lat' dir='ltr'><strong>corpus</strong></span> <span class='ocrx_word' id='word_1_99' title='bbox 1340 1279 1574 1337; x_wconf 82' lang='lat' dir='ltr'><strong>interﬁci</strong></span> <span class='ocrx_word' id='word_1_100' title='bbox 1616 1281 1635 1348; x_wconf 87' lang='lat'><strong>(</strong></span> <span class='ocrx_word' id='word_1_101' title='bbox 1665 1277 1859 1339; x_wconf 77' lang='lat' dir='ltr'><strong>Matth.</strong></span> <span class='ocrx_word' id='word_1_102' title='bbox 1890 1291 1920 1329; x_wconf 93' lang='lat' dir='ltr'><strong>v</strong></span> <span class='ocrx_word' id='word_1_103' title='bbox 1943 1276 1987 1346; x_wconf 92' lang='lat'><strong>).</strong></span> <span class='ocrx_word' id='word_1_104' title='bbox 2015 1272 2121 1329; x_wconf 87' lang='lat' dir='ltr'><strong>No-</strong></span> 
     </span>
    </p>
   </div>
   <div class='ocr_carea' id='block_1_15' title="bbox 513 1371 2123 1449">
    <p class='ocr_par' dir='ltr' id='par_1_15' title="bbox 513 1371 2123 1449">
     <span class='ocr_line' id='line_1_15' title="bbox 513 1371 2123 1449; baseline -0.009 -13"><span class='ocrx_word' id='word_1_105' title='bbox 513 1380 734 1436; x_wconf 82' lang='lat' dir='ltr'><strong>tandum</strong></span> <span class='ocrx_word' id='word_1_106' title='bbox 765 1394 984 1449; x_wconf 85' lang='lat' dir='ltr'><strong>quoque</strong></span> <span class='ocrx_word' id='word_1_107' title='bbox 1014 1376 1288 1449; x_wconf 86' lang='lat' dir='ltr'><strong>quomodo</strong></span> <span class='ocrx_word' id='word_1_108' title='bbox 1324 1392 1354 1433; x_wconf 91' lang='lat' dir='ltr'><strong>a</strong></span> <span class='ocrx_word' id='word_1_109' title='bbox 1383 1375 1653 1448; x_wconf 84' lang='lat' dir='ltr'><strong>principio</strong></span> <span class='ocrx_word' id='word_1_110' title='bbox 1698 1371 1998 1445; x_wconf 70' lang='lat' dir='ltr'><strong>propttctim</strong></span> <span class='ocrx_word' id='word_1_111' title='bbox 2032 1385 2123 1423; x_wconf 82' lang='lat' dir='ltr'><strong>us-</strong></span> 
     </span>
    </p>
   </div>
   <div class='ocr_carea' id='block_1_16' title="bbox 511 1464 2122 1545">
    <p class='ocr_par' dir='ltr' id='par_1_16' title="bbox 511 1464 2122 1545">
     <span class='ocr_line' id='line_1_16' title="bbox 511 1464 2122 1545; baseline -0.007 -15"><span class='ocrx_word' id='word_1_112' title='bbox 511 1489 618 1545; x_wconf 86' lang='lat' dir='ltr'><strong>que</strong></span> <span class='ocrx_word' id='word_1_113' title='bbox 667 1473 733 1529; x_wconf 89' lang='lat' dir='ltr'><strong>ad</strong></span> <span class='ocrx_word' id='word_1_114' title='bbox 782 1481 1108 1543; x_wconf 79' lang='lat' dir='ltr'><strong>praesentem</strong></span> <span class='ocrx_word' id='word_1_115' title='bbox 1172 1470 1343 1539; x_wconf 90' lang='lat' dir='ltr'><strong>diem,</strong></span> <span class='ocrx_word' id='word_1_116' title='bbox 1397 1468 1613 1542; x_wconf 88' lang='lat' dir='ltr'><strong>quando</strong></span> <span class='ocrx_word' id='word_1_117' title='bbox 1662 1467 1902 1523; x_wconf 81' lang='lat' dir='ltr'><strong>obsideri</strong></span> <span class='ocrx_word' id='word_1_118' title='bbox 1956 1464 2122 1534; x_wconf 73' lang='lat' dir='ltr'><strong>erepit</strong></span> 
     </span>
    </p>
   </div>
   <div class='ocr_carea' id='block_1_17' title="bbox 509 1557 2120 1635">
    <p class='ocr_par' dir='ltr' id='par_1_17' title="bbox 509 1557 2120 1635">
     <span class='ocr_line' id='line_1_17' title="bbox 509 1557 2120 1635; baseline -0.006 -13"><span class='ocrx_word' id='word_1_119' title='bbox 509 1565 843 1632; x_wconf 77' lang='lat' dir='ltr'><strong>Jerusalem,</strong></span> <span class='ocrx_word' id='word_1_120' title='bbox 866 1562 983 1635; x_wconf 60' lang='lat' dir='ltr'><strong>&#39;per</strong></span> <span class='ocrx_word' id='word_1_121' title='bbox 1026 1563 1276 1621; x_wconf 88' lang='lat' dir='ltr'><strong>ordinem</strong></span> <span class='ocrx_word' id='word_1_122' title='bbox 1324 1562 1613 1632; x_wconf 81' lang='lat' dir='ltr'><strong>captivitas</strong></span> <span class='ocrx_word' id='word_1_123' title='bbox 1647 1561 1848 1616; x_wconf 84' lang='lat' dir='ltr'><strong>veniat.</strong></span> <span class='ocrx_word' id='word_1_124' title='bbox 1882 1557 2120 1615; x_wconf 86' lang='lat' dir='ltr'><strong>Primum</strong></span> 
     </span>
    </p>
   </div>
   <div class='ocr_carea' id='block_1_18' title="bbox 510 1650 2123 1734">
    <p class='ocr_par' dir='ltr' id='par_1_18' title="bbox 510 1650 2123 1734">
     <span class='ocr_line' id='line_1_18' title="bbox 510 1650 2123 1734; baseline -0.006 -19"><span class='ocrx_word' id='word_1_125' title='bbox 510 1661 721 1734; x_wconf 75' lang='lat' dir='ltr'><strong>gladius</strong></span> <span class='ocrx_word' id='word_1_126' title='bbox 748 1669 1077 1732; x_wconf 83' lang='lat' dir='ltr'><strong>provocatur</strong></span> <span class='ocrx_word' id='word_1_127' title='bbox 1103 1677 1118 1727; x_wconf 89' lang='lat'><strong>;</strong></span> <span class='ocrx_word' id='word_1_128' title='bbox 1150 1658 1353 1714; x_wconf 89' lang='lat' dir='ltr'><strong>deinde</strong></span> <span class='ocrx_word' id='word_1_129' title='bbox 1376 1658 1499 1713; x_wconf 76' lang='lat' dir='ltr'><strong>duae</strong></span> <span class='ocrx_word' id='word_1_130' title='bbox 1528 1657 1627 1711; x_wconf 70' lang='grc' dir='ltr'><strong>γίω</strong></span> <span class='ocrx_word' id='word_1_131' title='bbox 1661 1662 1956 1726; x_wconf 89' lang='lat' dir='ltr'><strong>ponuntur,</strong></span> <span class='ocrx_word' id='word_1_132' title='bbox 1992 1650 2123 1706; x_wconf 86' lang='lat' dir='ltr'><strong>Am-</strong></span> 
     </span>
    </p>
   </div>
   <div class='ocr_carea' id='block_1_19' title="bbox 2222 438 3840 511">
    <p class='ocr_par' dir='ltr' id='par_1_19' title="bbox 2222 438 3840 511">
     <span class='ocr_line' id='line_1_19' title="bbox 2222 438 3840 511; baseline 0 -16"><span class='ocrx_word' id='word_1_133' title='bbox 2222 451 2425 496; x_wconf 82' lang='lat' dir='ltr'><strong>tuorum</strong></span> <span class='ocrx_word' id='word_1_134' title='bbox 2444 441 2464 511; x_wconf 80' lang='lat'>(</span> <span class='ocrx_word' id='word_1_135' title='bbox 2482 438 2671 495; x_wconf 85' lang='lat' dir='ltr'><strong>.llatth.</strong></span> <span class='ocrx_word' id='word_1_136' title='bbox 2690 454 2842 505; x_wconf 68' lang='lat' dir='ltr'><strong>xum,</strong></span> <span class='ocrx_word' id='word_1_137' title='bbox 2856 439 2972 509; x_wconf 67' lang='lat'><strong>‘27),</strong></span> <span class='ocrx_word' id='word_1_138' title='bbox 2988 455 3131 499; x_wconf 87' lang='lat' dir='ltr'><strong>nunc</strong></span> <span class='ocrx_word' id='word_1_139' title='bbox 3144 439 3351 499; x_wconf 89' lang='lat' dir='ltr'><strong>dicatur</strong></span> <span class='ocrx_word' id='word_1_140' title='bbox 3362 439 3507 511; x_wconf 78' lang='lat' dir='ltr'><strong>quod</strong></span> <span class='ocrx_word' id='word_1_141' title='bbox 3525 440 3714 510; x_wconf 73' lang='lat' dir='ltr'><strong>rubigo</strong></span> <span class='ocrx_word' id='word_1_142' title='bbox 3724 448 3840 495; x_wconf 86' lang='lat' dir='ltr'><strong>sor&#39;</strong></span> 
     </span>
    </p>
   </div>
   <div class='ocr_carea' id='block_1_20' title="bbox 2222 530 3843 606">
    <p class='ocr_par' dir='ltr' id='par_1_20' title="bbox 2222 530 3843 606">
     <span class='ocr_line' id='line_1_20' title="bbox 2222 530 3843 606; baseline -0.004 -13"><span class='ocrx_word' id='word_1_143' title='bbox 2222 535 2424 606; x_wconf 84' lang='lat' dir='ltr'><strong>desque</strong></span> <span class='ocrx_word' id='word_1_144' title='bbox 2437 534 2622 595; x_wconf 87' lang='lat' dir='ltr'><strong>mundi</strong></span> <span class='ocrx_word' id='word_1_145' title='bbox 2642 542 2977 606; x_wconf 64' lang='lat' dir='ltr'><strong>consumptae</strong></span> <span class='ocrx_word' id='word_1_146' title='bbox 2996 551 3103 593; x_wconf 87' lang='lat' dir='ltr'><strong>non</strong></span> <span class='ocrx_word' id='word_1_147' title='bbox 3122 535 3252 599; x_wconf 82' lang='lat' dir='ltr'><strong>sint,</strong></span> <span class='ocrx_word' id='word_1_148' title='bbox 3271 534 3367 591; x_wconf 86' lang='lat' dir='ltr'><strong>sed</strong></span> <span class='ocrx_word' id='word_1_149' title='bbox 3381 535 3553 591; x_wconf 81' lang='lat' dir='ltr'><strong>etiam</strong></span> <span class='ocrx_word' id='word_1_150' title='bbox 3562 544 3681 605; x_wconf 82' lang='lat' dir='ltr'><strong>post</strong></span> <span class='ocrx_word' id='word_1_151' title='bbox 3690 530 3843 604; x_wconf 87' lang='lat' dir='ltr'><strong>judi-</strong></span> 
     </span>
    </p>
   </div>
   <div class='ocr_carea' id='block_1_21' title="bbox 2222 630 3840 700">
    <p class='ocr_par' dir='ltr' id='par_1_21' title="bbox 2222 630 3840 700">
     <span class='ocr_line' id='line_1_21' title="bbox 2222 630 3840 700; baseline -0.005 -9"><span class='ocrx_word' id='word_1_152' title='bbox 2222 633 2645 695; x_wconf 78' lang='lat' dir='ltr'><strong>ciiseveritatem</strong></span> <span class='ocrx_word' id='word_1_153' title='bbox 2665 633 2867 693; x_wconf 80' lang='lat' dir='ltr'><strong>rnalitia</strong></span> <span class='ocrx_word' id='word_1_154' title='bbox 2882 639 3186 691; x_wconf 82' lang='lat' dir='ltr'><strong>remaneat.</strong></span> <span class='ocrx_word' id='word_1_155' title='bbox 3217 631 3373 700; x_wconf 83' lang='lat' dir='ltr'><strong>Quod</strong></span> <span class='ocrx_word' id='word_1_156' title='bbox 3398 631 3556 688; x_wconf 75' lang='lat' dir='ltr'><strong>facile</strong></span> <span class='ocrx_word' id='word_1_157' title='bbox 3575 630 3840 695; x_wconf 77' lang='lat' dir='ltr'><strong>solvitur,</strong></span> 
     </span>
    </p>
   </div>
   <div class='ocr_carea' id='block_1_22' title="bbox 2222 722 3844 803">
    <p class='ocr_par' dir='ltr' id='par_1_22' title="bbox 2222 722 3844 803">
     <span class='ocr_line' id='line_1_22' title="bbox 2222 722 3844 803; baseline -0.004 -18"><span class='ocrx_word' id='word_1_158' title='bbox 2222 739 2265 785; x_wconf 78' lang='lat' dir='ltr'><strong>St</strong></span> <span class='ocrx_word' id='word_1_159' title='bbox 2286 726 2644 797; x_wconf 76' lang='lat' dir='ltr'><strong>intelligamus</strong></span> <span class='ocrx_word' id='word_1_160' title='bbox 2660 726 2795 783; x_wconf 89' lang='lat' dir='ltr'><strong>illud</strong></span> <span class='ocrx_word' id='word_1_161' title='bbox 2816 724 3064 803; x_wconf 81' lang='lat' dir='ltr'><strong>Apostoli</strong></span> <span class='ocrx_word' id='word_1_162' title='bbox 3083 743 3096 779; x_wconf 87' lang='lat'><strong>:</strong></span> <span class='ocrx_word' id='word_1_163' title='bbox 3117 724 3381 781; x_wconf 78' lang='lat' dir='ltr'><strong>Couclusit</strong></span> <span class='ocrx_word' id='word_1_164' title='bbox 3394 722 3538 781; x_wconf 87' lang='lat' dir='ltr'><strong>Deus</strong></span> <span class='ocrx_word' id='word_1_165' title='bbox 3555 725 3729 779; x_wconf 81' lang='lat' dir='ltr'><strong>omnia</strong></span> <span class='ocrx_word' id='word_1_166' title='bbox 3740 723 3844 803; x_wconf 52' lang='lat' dir='ltr'><strong>sub</strong></span> 
     </span>
    </p>
   </div>
   <div class='ocr_carea' id='block_1_23' title="bbox 2222 796 3847 893">
    <p class='ocr_par' dir='ltr' id='par_1_23' title="bbox 2222 796 3847 893">
     <span class='ocr_line' id='line_1_23' title="bbox 2222 796 3847 893; baseline -0.005 -14"><span class='ocrx_word' id='word_1_167' title='bbox 2222 830 2449 893; x_wconf 78' lang='lat' dir='ltr'><strong>peccato,</strong></span> <span class='ocrx_word' id='word_1_168' title='bbox 2471 796 2774 877; x_wconf 72' lang='lat' dir='ltr'><strong>utensilibus</strong></span> <span class='ocrx_word' id='word_1_169' title='bbox 2788 797 3090 878; x_wconf 76' lang='lat' dir='ltr'><strong>misereatur</strong></span> <span class='ocrx_word' id='word_1_170' title='bbox 3108 819 3129 891; x_wconf 93' lang='lat'><strong>(</strong></span> <span class='ocrx_word' id='word_1_171' title='bbox 3144 817 3320 877; x_wconf 83' lang='lat' dir='ltr'><strong>Galat.</strong></span> <span class='ocrx_word' id='word_1_172' title='bbox 3346 835 3425 884; x_wconf 87' lang='lat' dir='ltr'><strong>ut,</strong></span> <span class='ocrx_word' id='word_1_173' title='bbox 3439 818 3510 881; x_wconf 65' lang='lat'><strong>92</strong></span> <span class='ocrx_word' id='word_1_174' title='bbox 3534 823 3575 887; x_wconf 90' lang='lat'><strong>).</strong></span> <span class='ocrx_word' id='word_1_175' title='bbox 3605 796 3847 874; x_wconf 56' lang='lat' dir='ltr'><strong>VanitEi</strong></span> 
     </span>
    </p>
   </div>
   <div class='ocr_carea' id='block_1_24' title="bbox 2222 911 3845 988">
    <p class='ocr_par' dir='ltr' id='par_1_24' title="bbox 2222 911 3845 988">
     <span class='ocr_line' id='line_1_24' title="bbox 2222 911 3845 988; baseline -0.002 -17"><span class='ocrx_word' id='word_1_176' title='bbox 2222 916 2357 971; x_wconf 79' lang='lat' dir='ltr'><strong>enim</strong></span> <span class='ocrx_word' id='word_1_177' title='bbox 2378 926 2612 973; x_wconf 80' lang='lat' dir='ltr'><strong>creatura</strong></span> <span class='ocrx_word' id='word_1_178' title='bbox 2641 915 2871 988; x_wconf 84' lang='lat' dir='ltr'><strong>subjecta</strong></span> <span class='ocrx_word' id='word_1_179' title='bbox 2894 925 2969 971; x_wconf 85' lang='lat' dir='ltr'><strong>est</strong></span> <span class='ocrx_word' id='word_1_180' title='bbox 2988 916 3007 983; x_wconf 85' lang='lat'><strong>(</strong></span> <span class='ocrx_word' id='word_1_181' title='bbox 3027 913 3181 970; x_wconf 86' lang='lat' dir='ltr'><strong>Rom.</strong></span> <span class='ocrx_word' id='word_1_182' title='bbox 3212 928 3324 982; x_wconf 80' lang='lat' dir='ltr'><strong>vni,</strong></span> <span class='ocrx_word' id='word_1_183' title='bbox 3351 911 3425 969; x_wconf 73' lang='grc'><strong>28</strong></span> <span class='ocrx_word' id='word_1_184' title='bbox 3447 914 3486 983; x_wconf 92' lang='grc'><strong>).</strong></span> <span class='ocrx_word' id='word_1_185' title='bbox 3512 911 3582 967; x_wconf 82' lang='lat' dir='ltr'><strong>Et</strong></span> <span class='ocrx_word' id='word_1_186' title='bbox 3616 911 3845 982; x_wconf 85' lang='lat' dir='ltr'><strong>ponitur</strong></span> 
     </span>
    </p>
   </div>
   <div class='ocr_carea' id='block_1_25' title="bbox 2223 998 3838 1079">
    <p class='ocr_par' dir='ltr' id='par_1_25' title="bbox 2223 998 3838 1079">
     <span class='ocr_line' id='line_1_25' title="bbox 2223 998 3838 1079; baseline -0.003 -16"><span class='ocrx_word' id='word_1_187' title='bbox 2223 1007 2445 1077; x_wconf 76' lang='lat' dir='ltr'><strong>sanguis</strong></span> <span class='ocrx_word' id='word_1_188' title='bbox 2456 1008 2546 1079; x_wconf 86' lang='lat' dir='ltr'><strong>qui</strong></span> <span class='ocrx_word' id='word_1_189' title='bbox 2560 1005 2860 1063; x_wconf 71' lang='lat' dir='ltr'><strong>ellususeSt</strong></span> <span class='ocrx_word' id='word_1_190' title='bbox 2876 1006 2929 1063; x_wconf 88' lang='lat' dir='ltr'><strong>in</strong></span> <span class='ocrx_word' id='word_1_191' title='bbox 2952 998 3241 1075; x_wconf 80' lang='lat' dir='ltr'><strong>propatulo</strong></span> <span class='ocrx_word' id='word_1_192' title='bbox 3255 1016 3523 1060; x_wconf 68' lang='lat' dir='ltr'><strong>creaturae</strong></span> <span class='ocrx_word' id='word_1_193' title='bbox 3540 1004 3838 1066; x_wconf 67' lang='lat' dir='ltr'><strong>universa},</strong></span> 
     </span>
    </p>
   </div>
   <div class='ocr_carea' id='block_1_26' title="bbox 2223 1093 3846 1167">
    <p class='ocr_par' dir='ltr' id='par_1_26' title="bbox 2223 1093 3846 1167">
     <span class='ocr_line' id='line_1_26' title="bbox 2223 1093 3846 1167; baseline -0.002 -15"><span class='ocrx_word' id='word_1_194' title='bbox 2223 1107 2283 1157; x_wconf 92' lang='lat' dir='ltr'><strong>ut</strong></span> <span class='ocrx_word' id='word_1_195' title='bbox 2302 1098 2541 1157; x_wconf 90' lang='lat' dir='ltr'><strong>omnium</strong></span> <span class='ocrx_word' id='word_1_196' title='bbox 2568 1099 2774 1155; x_wconf 81' lang='lat' dir='ltr'><strong>scelera</strong></span> <span class='ocrx_word' id='word_1_197' title='bbox 2798 1104 3039 1167; x_wconf 81' lang='lat' dir='ltr'><strong>pateant.</strong></span> <span class='ocrx_word' id='word_1_198' title='bbox 3066 1096 3283 1153; x_wconf 82' lang='lat' dir='ltr'><strong>Petram</strong></span> <span class='ocrx_word' id='word_1_199' title='bbox 3307 1096 3491 1155; x_wconf 85' lang='lat' dir='ltr'><strong>autem</strong></span> <span class='ocrx_word' id='word_1_200' title='bbox 3518 1093 3846 1164; x_wconf 83' lang='lat' dir='ltr'><strong>limpidissi-</strong></span> 
     </span>
    </p>
   </div>
   <div class='ocr_carea' id='block_1_27' title="bbox 2224 1188 3845 1264">
    <p class='ocr_par' dir='ltr' id='par_1_27' title="bbox 2224 1188 3845 1264">
     <span class='ocr_line' id='line_1_27' title="bbox 2224 1188 3845 1264; baseline -0.004 -15"><span class='ocrx_word' id='word_1_201' title='bbox 2224 1209 2367 1249; x_wconf 86' lang='lat' dir='ltr'><strong>mam</strong></span> <span class='ocrx_word' id='word_1_202' title='bbox 2409 1209 2699 1264; x_wconf 84' lang='lat' dir='ltr'><strong>possumus</strong></span> <span class='ocrx_word' id='word_1_203' title='bbox 2731 1194 2895 1264; x_wconf 61' lang='lat'><strong>378</strong></span> <span class='ocrx_word' id='word_1_204' title='bbox 2916 1192 3187 1262; x_wconf 84' lang='lat' dir='ltr'><strong>accipere,</strong></span> <span class='ocrx_word' id='word_1_205' title='bbox 3223 1198 3279 1249; x_wconf 89' lang='lat' dir='ltr'><strong>et</strong></span> <span class='ocrx_word' id='word_1_206' title='bbox 3307 1190 3595 1249; x_wconf 80' lang='lat' dir='ltr'><strong>Dominum</strong></span> <span class='ocrx_word' id='word_1_207' title='bbox 3644 1188 3845 1246; x_wconf 72' lang='lat' dir='ltr'><strong>Salva-</strong></span> 
     </span>
    </p>
   </div>
   <div class='ocr_carea' id='block_1_28' title="bbox 2227 1281 3840 1356">
    <p class='ocr_par' dir='ltr' id='par_1_28' title="bbox 2227 1281 3840 1356">
     <span class='ocr_line' id='line_1_28' title="bbox 2227 1281 3840 1356; baseline -0.006 -13"><span class='ocrx_word' id='word_1_208' title='bbox 2227 1296 2422 1354; x_wconf 85' lang='lat' dir='ltr'><strong>torem,</strong></span> <span class='ocrx_word' id='word_1_209' title='bbox 2449 1302 2571 1356; x_wconf 83' lang='lat' dir='ltr'><strong>quae</strong></span> <span class='ocrx_word' id='word_1_210' title='bbox 2594 1288 2925 1355; x_wconf 77' lang='lat' dir='ltr'><strong>sequebatur</strong></span> <span class='ocrx_word' id='word_1_211' title='bbox 2949 1287 3002 1340; x_wconf 90' lang='lat' dir='ltr'><strong>in</strong></span> <span class='ocrx_word' id='word_1_212' title='bbox 3029 1283 3330 1341; x_wconf 81' lang='lat' dir='ltr'><strong>solitudine</strong></span> <span class='ocrx_word' id='word_1_213' title='bbox 3354 1283 3613 1353; x_wconf 81' lang='lat' dir='ltr'><strong>populum</strong></span> <span class='ocrx_word' id='word_1_214' title='bbox 3637 1281 3840 1346; x_wconf 76' lang='lat' dir='ltr'><strong>lsrael,</strong></span> 
     </span>
    </p>
   </div>
   <div class='ocr_carea' id='block_1_29' title="bbox 2226 1375 3849 1450">
    <p class='ocr_par' dir='ltr' id='par_1_29' title="bbox 2226 1375 3849 1450">
     <span class='ocr_line' id='line_1_29' title="bbox 2226 1375 3849 1450; baseline -0.006 -13"><span class='ocrx_word' id='word_1_215' title='bbox 2226 1380 2294 1437; x_wconf 84' lang='lat' dir='ltr'><strong>de</strong></span> <span class='ocrx_word' id='word_1_216' title='bbox 2315 1395 2422 1450; x_wconf 86' lang='lat' dir='ltr'><strong>qua</strong></span> <span class='ocrx_word' id='word_1_217' title='bbox 2446 1380 2709 1448; x_wconf 82' lang='lat' dir='ltr'><strong>scriptum</strong></span> <span class='ocrx_word' id='word_1_218' title='bbox 2733 1389 2815 1434; x_wconf 89' lang='lat' dir='ltr'><strong>est</strong></span> <span class='ocrx_word' id='word_1_219' title='bbox 2837 1394 2851 1433; x_wconf 89' lang='lat'><strong>:</strong></span> <span class='ocrx_word' id='word_1_220' title='bbox 2885 1377 3138 1435; x_wconf 81' lang='lat' dir='ltr'><strong>Bibebant</strong></span> <span class='ocrx_word' id='word_1_221' title='bbox 3164 1386 3336 1432; x_wconf 72' lang='lat' dir='ltr'><strong>autem</strong></span> <span class='ocrx_word' id='word_1_222' title='bbox 3364 1375 3430 1433; x_wconf 75' lang='lat' dir='ltr'><strong>de</strong></span> <span class='ocrx_word' id='word_1_223' title='bbox 3456 1375 3681 1445; x_wconf 77' lang='lat' dir='ltr'><strong>spiritali</strong></span> <span class='ocrx_word' id='word_1_224' title='bbox 3711 1390 3849 1429; x_wconf 76' lang='lat' dir='ltr'><strong>cors-</strong></span> 
     </span>
    </p>
   </div>
   <div class='ocr_carea' id='block_1_30' title="bbox 2225 1467 3839 1543">
    <p class='ocr_par' dir='ltr' id='par_1_30' title="bbox 2225 1467 3839 1543">
     <span class='ocr_line' id='line_1_30' title="bbox 2225 1467 3839 1543; baseline -0.003 -16"><span class='ocrx_word' id='word_1_225' title='bbox 2225 1481 2462 1543; x_wconf 78' lang='lat' dir='ltr'><strong>sequente</strong></span> <span class='ocrx_word' id='word_1_226' title='bbox 2499 1488 2587 1527; x_wconf 86' lang='lat' dir='ltr'><strong>eos</strong></span> <span class='ocrx_word' id='word_1_227' title='bbox 2616 1481 2761 1541; x_wconf 89' lang='lat' dir='ltr'><strong>petra</strong></span> <span class='ocrx_word' id='word_1_228' title='bbox 2788 1488 2807 1527; x_wconf 88' lang='lat'><strong><em>:</em></strong></span> <span class='ocrx_word' id='word_1_229' title='bbox 2837 1480 2985 1540; x_wconf 80' lang='lat' dir='ltr'><strong>petra</strong></span> <span class='ocrx_word' id='word_1_230' title='bbox 3007 1483 3182 1527; x_wconf 77' lang='lat' dir='ltr'><strong>autem</strong></span> <span class='ocrx_word' id='word_1_231' title='bbox 3213 1478 3322 1525; x_wconf 87' lang='lat' dir='ltr'><strong>erat</strong></span> <span class='ocrx_word' id='word_1_232' title='bbox 3362 1467 3597 1527; x_wconf 73' lang='lat' dir='ltr'><strong>Christus</strong></span> <span class='ocrx_word' id='word_1_233' title='bbox 3625 1468 3676 1541; x_wconf 92' lang='lat' dir='ltr'><strong>(l</strong></span> <span class='ocrx_word' id='word_1_234' title='bbox 3710 1467 3839 1523; x_wconf 81' lang='lat' dir='ltr'><strong>Car.</strong></span> 
     </span>
    </p>
   </div>
   <div class='ocr_carea' id='block_1_31' title="bbox 2228 1561 3849 1637">
    <p class='ocr_par' dir='ltr' id='par_1_31' title="bbox 2228 1561 3849 1637">
     <span class='ocr_line' id='line_1_31' title="bbox 2228 1561 3849 1637; baseline 0 -16"><span class='ocrx_word' id='word_1_235' title='bbox 2228 1582 2281 1630; x_wconf 73' lang='grc' dir='ltr'><strong><em>ι,</em></strong></span> <span class='ocrx_word' id='word_1_236' title='bbox 2322 1564 2357 1619; x_wconf 72' lang='grc'><strong>4</strong></span> <span class='ocrx_word' id='word_1_237' title='bbox 2384 1565 2400 1637; x_wconf 85' lang='grc'>)</span> <span class='ocrx_word' id='word_1_238' title='bbox 2428 1584 2441 1621; x_wconf 87' lang='lat'>:</span> <span class='ocrx_word' id='word_1_239' title='bbox 2474 1564 2618 1632; x_wconf 84' lang='lat' dir='ltr'><strong>quod</strong></span> <span class='ocrx_word' id='word_1_240' title='bbox 2648 1565 2701 1620; x_wconf 91' lang='lat' dir='ltr'><strong>in</strong></span> <span class='ocrx_word' id='word_1_241' title='bbox 2730 1564 2827 1619; x_wconf 92' lang='lat' dir='ltr'><strong>illo</strong></span> <span class='ocrx_word' id='word_1_242' title='bbox 2851 1563 3163 1619; x_wconf 85' lang='lat' dir='ltr'><strong>rcvelentur</strong></span> <span class='ocrx_word' id='word_1_243' title='bbox 3187 1563 3371 1619; x_wconf 85' lang='lat' dir='ltr'><strong>omnia</strong></span> <span class='ocrx_word' id='word_1_244' title='bbox 3399 1578 3415 1628; x_wconf 89' lang='lat'><strong>;</strong></span> <span class='ocrx_word' id='word_1_245' title='bbox 3456 1572 3512 1617; x_wconf 84' lang='lat' dir='ltr'><strong>et</strong></span> <span class='ocrx_word' id='word_1_246' title='bbox 3544 1561 3849 1632; x_wconf 79' lang='lat' dir='ltr'><strong>implealtu’</strong></span> 
     </span>
    </p>
   </div>
   <div class='ocr_carea' id='block_1_32' title="bbox 2226 1654 3844 1729">
    <p class='ocr_par' dir='ltr' id='par_1_32' title="bbox 2226 1654 3844 1729">
     <span class='ocr_line' id='line_1_32' title="bbox 2226 1654 3844 1729; baseline 0 -20"><span class='ocrx_word' id='word_1_247' title='bbox 2226 1659 2367 1729; x_wconf 84' lang='lat' dir='ltr'><strong>quod</strong></span> <span class='ocrx_word' id='word_1_248' title='bbox 2393 1657 2655 1726; x_wconf 86' lang='lat' dir='ltr'><strong>scriptum</strong></span> <span class='ocrx_word' id='word_1_249' title='bbox 2679 1666 2764 1714; x_wconf 87' lang='lat' dir='ltr'><strong>est</strong></span> <span class='ocrx_word' id='word_1_250' title='bbox 2789 1676 2803 1714; x_wconf 87' lang='lat'><strong>:</strong></span> <span class='ocrx_word' id='word_1_251' title='bbox 2831 1656 2982 1713; x_wconf 84' lang='lat' dir='ltr'><strong>Nihil</strong></span> <span class='ocrx_word' id='word_1_252' title='bbox 2999 1654 3254 1713; x_wconf 77' lang='lat' dir='ltr'><strong>occultum</strong></span> <span class='ocrx_word' id='word_1_253' title='bbox 3273 1655 3414 1726; x_wconf 89' lang='lat' dir='ltr'><strong>quod</strong></span> <span class='ocrx_word' id='word_1_254' title='bbox 3435 1672 3542 1710; x_wconf 85' lang='lat' dir='ltr'><strong>non</strong></span> <span class='ocrx_word' id='word_1_255' title='bbox 3561 1655 3844 1711; x_wconf 77' lang='lat' dir='ltr'><strong>reveletur.</strong></span> 
     </span>
    </p>
   </div>
   <div class='ocr_carea' id='block_1_33' title="bbox 513 1749 3845 1825">
    <p class='ocr_par' dir='ltr' id='par_1_33' title="bbox 513 1749 3845 1825">
     <span class='ocr_line' id='line_1_33' title="bbox 513 1749 3845 1825; baseline -0.005 -18"><span class='ocrx_word' id='word_1_256' title='bbox 513 1770 639 1809; x_wconf 87' lang='lat' dir='ltr'><strong>mon</strong></span> <span class='ocrx_word' id='word_1_257' title='bbox 667 1763 723 1808; x_wconf 90' lang='lat' dir='ltr'><strong>et</strong></span> <span class='ocrx_word' id='word_1_258' title='bbox 746 1752 1073 1819; x_wconf 81' lang='lat' dir='ltr'><strong>Jerusalem,</strong></span> <span class='ocrx_word' id='word_1_259' title='bbox 1103 1766 1334 1823; x_wconf 82' lang='lat' dir='ltr'><strong>quarum</strong></span> <span class='ocrx_word' id='word_1_260' title='bbox 1365 1750 1431 1805; x_wconf 88' lang='lat' dir='ltr'><strong>ad</strong></span> <span class='ocrx_word' id='word_1_261' title='bbox 1450 1749 1730 1804; x_wconf 77' lang='lat' dir='ltr'><strong>dexteram</strong></span> <span class='ocrx_word' id='word_1_262' title='bbox 1757 1757 1968 1816; x_wconf 87' lang='lat' dir='ltr'><strong>partem</strong></span> <span class='ocrx_word' id='word_1_263' title='bbox 1999 1760 2119 1799; x_wconf 84' lang='lat' dir='ltr'><strong>sors</strong></span> <span class='ocrx_word' id='word_1_264' title='bbox 2151 1753 2195 1817; x_wconf 73' lang='grc' dir='ltr'><strong>Β</strong></span> <span class='ocrx_word' id='word_1_265' title='bbox 2225 1753 2474 1825; x_wconf 66' lang='lat' dir='ltr'><strong>Dicitque</strong></span> <span class='ocrx_word' id='word_1_266' title='bbox 2500 1767 2559 1808; x_wconf 72' lang='lat' dir='ltr'><strong>se</strong></span> <span class='ocrx_word' id='word_1_267' title='bbox 2592 1752 2856 1809; x_wconf 75' lang='lat' dir='ltr'><strong>Dominus</strong></span> <span class='ocrx_word' id='word_1_268' title='bbox 2887 1767 2996 1807; x_wconf 79' lang='lat' dir='ltr'><strong>non</strong></span> <span class='ocrx_word' id='word_1_269' title='bbox 3026 1750 3298 1817; x_wconf 60' lang='lat' dir='ltr'><strong>misereri,</strong></span> <span class='ocrx_word' id='word_1_270' title='bbox 3333 1766 3434 1807; x_wconf 69' lang='lat' dir='ltr'><strong>nec</strong></span> <span class='ocrx_word' id='word_1_271' title='bbox 3463 1749 3646 1807; x_wconf 76' lang='lat' dir='ltr'><strong>mundi</strong></span> <span class='ocrx_word' id='word_1_272' title='bbox 3696 1765 3845 1819; x_wconf 58' lang='lat' dir='ltr'><strong>pra-</strong></span> 
     </span>
    </p>
   </div>
   <div class='ocr_carea' id='block_1_34' title="bbox 508 1835 2118 1912">
    <p class='ocr_par' dir='ltr' id='par_1_34' title="bbox 508 1835 2118 1912">
     <span class='ocr_line' id='line_1_34' title="bbox 508 1835 2118 1912; baseline -0.007 -11"><span class='ocrx_word' id='word_1_273' title='bbox 508 1845 655 1901; x_wconf 87' lang='lat' dir='ltr'><strong>cadit</strong></span> <span class='ocrx_word' id='word_1_274' title='bbox 690 1844 1229 1908; x_wconf 76' lang='lat' dir='ltr'><strong>Nabuchodonosor;</strong></span> <span class='ocrx_word' id='word_1_275' title='bbox 1274 1842 1543 1898; x_wconf 82' lang='lat' dir='ltr'><strong>conﬂatur</strong></span> <span class='ocrx_word' id='word_1_276' title='bbox 1585 1847 1873 1912; x_wconf 76' lang='lat' dir='ltr'><strong>argentum</strong></span> <span class='ocrx_word' id='word_1_277' title='bbox 1906 1838 1959 1893; x_wconf 91' lang='lat' dir='ltr'><strong>in</strong></span> <span class='ocrx_word' id='word_1_278' title='bbox 1990 1835 2118 1891; x_wconf 71' lang='lat' dir='ltr'><strong>civi-</strong></span> 
     </span>
    </p>
   </div>
   <div class='ocr_carea' id='block_1_35' title="bbox 511 1937 2120 2009">
    <p class='ocr_par' dir='ltr' id='par_1_35' title="bbox 511 1937 2120 2009">
     <span class='ocr_line' id='line_1_35' title="bbox 511 1937 2120 2009; baseline -0.006 -15"><span class='ocrx_word' id='word_1_279' title='bbox 511 1948 644 2005; x_wconf 84' lang='lat' dir='ltr'><strong>tate,</strong></span> <span class='ocrx_word' id='word_1_280' title='bbox 675 1954 769 2005; x_wconf 69' lang='lat' dir='ltr'><strong>uis,</strong></span> <span class='ocrx_word' id='word_1_281' title='bbox 805 1949 1078 2009; x_wconf 79' lang='lat' dir='ltr'><strong>stagnum,</strong></span> <span class='ocrx_word' id='word_1_282' title='bbox 1123 1937 1403 2007; x_wconf 86' lang='lat' dir='ltr'><strong>plumbum</strong></span> <span class='ocrx_word' id='word_1_283' title='bbox 1436 1946 1491 1991; x_wconf 91' lang='lat' dir='ltr'><strong>et</strong></span> <span class='ocrx_word' id='word_1_284' title='bbox 1521 1937 1762 2001; x_wconf 76' lang='lat' dir='ltr'><strong>ferrum;</strong></span> <span class='ocrx_word' id='word_1_285' title='bbox 1812 1943 1954 1989; x_wconf 86' lang='lat' dir='ltr'><strong>terra</strong></span> <span class='ocrx_word' id='word_1_286' title='bbox 1986 1944 2120 2002; x_wconf 89' lang='lat' dir='ltr'><strong>quo-</strong></span> 
     </span>
    </p>
   </div>
   <div class='ocr_carea' id='block_1_36' title="bbox 510 2030 2116 2104">
    <p class='ocr_par' dir='ltr' id='par_1_36' title="bbox 510 2030 2116 2104">
     <span class='ocr_line' id='line_1_36' title="bbox 510 2030 2116 2104; baseline -0.006 -16"><span class='ocrx_word' id='word_1_287' title='bbox 510 2049 617 2104; x_wconf 92' lang='lat' dir='ltr'><strong>que</strong></span> <span class='ocrx_word' id='word_1_288' title='bbox 646 2048 754 2091; x_wconf 89' lang='lat' dir='ltr'><strong>non</strong></span> <span class='ocrx_word' id='word_1_289' title='bbox 780 2033 1131 2102; x_wconf 87' lang='lat' dir='ltr'><strong>compluitur,</strong></span> <span class='ocrx_word' id='word_1_290' title='bbox 1165 2031 1260 2087; x_wconf 88' lang='lat' dir='ltr'><strong>sed</strong></span> <span class='ocrx_word' id='word_1_291' title='bbox 1290 2030 1539 2085; x_wconf 60' lang='lat' dir='ltr'><strong>sentibus</strong></span> <span class='ocrx_word' id='word_1_292' title='bbox 1569 2036 1900 2099; x_wconf 87' lang='lat' dir='ltr'><strong>occupatur:</strong></span> <span class='ocrx_word' id='word_1_293' title='bbox 1931 2034 2116 2096; x_wconf 86' lang='lat' dir='ltr'><strong>postea</strong></span> 
     </span>
    </p>
   </div>
   <div class='ocr_carea' id='block_1_37' title="bbox 507 2116 2111 2187">
    <p class='ocr_par' dir='ltr' id='par_1_37' title="bbox 507 2116 2111 2187">
     <span class='ocr_line' id='line_1_37' title="bbox 507 2116 2111 2187; baseline -0.006 -5"><span class='ocrx_word' id='word_1_294' title='bbox 507 2126 609 2182; x_wconf 85' lang='lat' dir='ltr'><strong>sub</strong></span> <span class='ocrx_word' id='word_1_295' title='bbox 651 2126 872 2181; x_wconf 87' lang='lat' dir='ltr'><strong>nomine</strong></span> <span class='ocrx_word' id='word_1_296' title='bbox 901 2125 1127 2179; x_wconf 85' lang='lat' dir='ltr'><strong>duarum</strong></span> <span class='ocrx_word' id='word_1_297' title='bbox 1156 2138 1407 2179; x_wconf 85' lang='lat' dir='ltr'><strong>sororum</strong></span> <span class='ocrx_word' id='word_1_298' title='bbox 1439 2122 1612 2177; x_wconf 73' lang='lat' dir='ltr'><strong>Oollte</strong></span> <span class='ocrx_word' id='word_1_299' title='bbox 1655 2130 1707 2174; x_wconf 87' lang='lat' dir='ltr'><strong>et</strong></span> <span class='ocrx_word' id='word_1_300' title='bbox 1739 2119 1967 2187; x_wconf 72' lang='lat' dir='ltr'><strong>Oolibte,</strong></span> <span class='ocrx_word' id='word_1_301' title='bbox 2015 2116 2111 2173; x_wconf 85' lang='lat' dir='ltr'><strong>Sa-</strong></span> 
     </span>
    </p>
   </div>
   <div class='ocr_carea' id='block_1_38' title="bbox 508 2208 2115 2285">
    <p class='ocr_par' dir='ltr' id='par_1_38' title="bbox 508 2208 2115 2285">
     <span class='ocr_line' id='line_1_38' title="bbox 508 2208 2115 2285; baseline -0.009 -10"><span class='ocrx_word' id='word_1_302' title='bbox 508 2220 696 2279; x_wconf 73' lang='lat' dir='ltr'><strong>marim</strong></span> <span class='ocrx_word' id='word_1_303' title='bbox 721 2232 772 2274; x_wconf 84' lang='lat' dir='ltr'><strong>et</strong></span> <span class='ocrx_word' id='word_1_304' title='bbox 802 2218 1105 2275; x_wconf 85' lang='lat' dir='ltr'><strong>Jerusalem</strong></span> <span class='ocrx_word' id='word_1_305' title='bbox 1134 2224 1354 2285; x_wconf 62' lang='lat' dir='ltr'><strong>permota</strong></span> <span class='ocrx_word' id='word_1_306' title='bbox 1382 2222 1689 2281; x_wconf 81' lang='lat' dir='ltr'><strong>narrantur,</strong></span> <span class='ocrx_word' id='word_1_307' title='bbox 1722 2210 1995 2282; x_wconf 86' lang='lat' dir='ltr'><strong>quomodo</strong></span> <span class='ocrx_word' id='word_1_308' title='bbox 2027 2208 2115 2263; x_wconf 87' lang='lat' dir='ltr'><strong>illa</strong></span> 
     </span>
    </p>
   </div>
   <div class='ocr_carea' id='block_1_39' title="bbox 504 2304 2113 2381">
    <p class='ocr_par' dir='ltr' id='par_1_39' title="bbox 504 2304 2113 2381">
     <span class='ocr_line' id='line_1_39' title="bbox 504 2304 2113 2381; baseline -0.007 -15"><span class='ocrx_word' id='word_1_309' title='bbox 504 2312 578 2367; x_wconf 85' lang='lat' dir='ltr'><strong>sit</strong></span> <span class='ocrx_word' id='word_1_310' title='bbox 608 2319 786 2381; x_wconf 84' lang='lat' dir='ltr'><strong>capta,</strong></span> <span class='ocrx_word' id='word_1_311' title='bbox 814 2318 868 2365; x_wconf 94' lang='lat' dir='ltr'><strong>et</strong></span> <span class='ocrx_word' id='word_1_312' title='bbox 898 2310 1001 2365; x_wconf 76' lang='lat' dir='ltr'><strong>ista</strong></span> <span class='ocrx_word' id='word_1_313' title='bbox 1021 2307 1309 2379; x_wconf 81' lang='lat' dir='ltr'><strong>eapienda.</strong></span> <span class='ocrx_word' id='word_1_314' title='bbox 1342 2304 1425 2360; x_wconf 84' lang='lat' dir='ltr'><strong>Ad</strong></span> <span class='ocrx_word' id='word_1_315' title='bbox 1449 2315 1753 2361; x_wconf 78' lang='lat' dir='ltr'><strong>extremum</strong></span> <span class='ocrx_word' id='word_1_316' title='bbox 1774 2316 1918 2358; x_wconf 88' lang='lat' dir='ltr'><strong>nono</strong></span> <span class='ocrx_word' id='word_1_317' title='bbox 1946 2315 2113 2369; x_wconf 88' lang='lat' dir='ltr'><strong>anno,</strong></span> 
     </span>
    </p>
   </div>
   <div class='ocr_carea' id='block_1_40' title="bbox 504 2393 2113 2475">
    <p class='ocr_par' dir='ltr' id='par_1_40' title="bbox 504 2393 2113 2475">
     <span class='ocr_line' id='line_1_40' title="bbox 504 2393 2113 2475; baseline -0.006 -16"><span class='ocrx_word' id='word_1_318' title='bbox 504 2404 723 2461; x_wconf 86' lang='lat' dir='ltr'><strong>decimo</strong></span> <span class='ocrx_word' id='word_1_319' title='bbox 750 2418 961 2468; x_wconf 88' lang='lat' dir='ltr'><strong>mense,</strong></span> <span class='ocrx_word' id='word_1_320' title='bbox 994 2402 1150 2475; x_wconf 68' lang='grc'><strong>277</strong></span> <span class='ocrx_word' id='word_1_321' title='bbox 1184 2400 1394 2457; x_wconf 87' lang='lat' dir='ltr'><strong>decima</strong></span> <span class='ocrx_word' id='word_1_322' title='bbox 1420 2398 1510 2455; x_wconf 87' lang='lat' dir='ltr'><strong>die</strong></span> <span class='ocrx_word' id='word_1_323' title='bbox 1535 2399 1763 2475; x_wconf 89' lang='lat' dir='ltr'><strong>mensis,</strong></span> <span class='ocrx_word' id='word_1_324' title='bbox 1796 2396 1850 2451; x_wconf 92' lang='lat' dir='ltr'><strong>in</strong></span> <span class='ocrx_word' id='word_1_325' title='bbox 1881 2393 2113 2465; x_wconf 81' lang='lat' dir='ltr'><strong>captivi-</strong></span> 
     </span>
    </p>
   </div>
   <div class='ocr_carea' id='block_1_41' title="bbox 506 2474 2115 2568">
    <p class='ocr_par' dir='ltr' id='par_1_41' title="bbox 506 2474 2115 2568">
     <span class='ocr_line' id='line_1_41' title="bbox 506 2474 2115 2568; baseline -0.004 -18"><span class='ocrx_word' id='word_1_326' title='bbox 506 2506 615 2551; x_wconf 87' lang='lat' dir='ltr'><strong>tate</strong></span> <span class='ocrx_word' id='word_1_327' title='bbox 647 2496 825 2568; x_wconf 83' lang='lat' dir='ltr'><strong>posito</strong></span> <span class='ocrx_word' id='word_1_328' title='bbox 855 2474 1104 2553; x_wconf 78' lang='lat' dir='ltr'><strong>Ezeelnel</strong></span> <span class='ocrx_word' id='word_1_329' title='bbox 1134 2504 1187 2550; x_wconf 91' lang='lat' dir='ltr'><strong>et</strong></span> <span class='ocrx_word' id='word_1_330' title='bbox 1216 2493 1306 2551; x_wconf 91' lang='lat' dir='ltr'><strong>bis</strong></span> <span class='ocrx_word' id='word_1_331' title='bbox 1340 2493 1432 2563; x_wconf 89' lang='lat' dir='ltr'><strong>qui</strong></span> <span class='ocrx_word' id='word_1_332' title='bbox 1463 2474 1587 2547; x_wconf 84' lang='lat' dir='ltr'><strong>cum</strong></span> <span class='ocrx_word' id='word_1_333' title='bbox 1618 2506 1686 2546; x_wconf 89' lang='lat' dir='ltr'><strong>eo</strong></span> <span class='ocrx_word' id='word_1_334' title='bbox 1713 2497 1894 2558; x_wconf 85' lang='lat' dir='ltr'><strong>erant,</strong></span> <span class='ocrx_word' id='word_1_335' title='bbox 1920 2498 1977 2544; x_wconf 89' lang='lat' dir='ltr'><strong>et</strong></span> <span class='ocrx_word' id='word_1_336' title='bbox 2008 2499 2115 2545; x_wconf 91' lang='lat' dir='ltr'><strong>tra-</strong></span> 
     </span>
    </p>
   </div>
   <div class='ocr_carea' id='block_1_42' title="bbox 502 2583 2114 2659">
    <p class='ocr_par' dir='ltr' id='par_1_42' title="bbox 502 2583 2114 2659">
     <span class='ocr_line' id='line_1_42' title="bbox 502 2583 2114 2659; baseline -0.002 -14"><span class='ocrx_word' id='word_1_337' title='bbox 502 2588 758 2647; x_wconf 78' lang='lat' dir='ltr'><strong>diderant</strong></span> <span class='ocrx_word' id='word_1_338' title='bbox 800 2605 859 2646; x_wconf 90' lang='lat' dir='ltr'><strong>se</strong></span> <span class='ocrx_word' id='word_1_339' title='bbox 893 2605 1016 2645; x_wconf 89' lang='lat' dir='ltr'><strong>cum</strong></span> <span class='ocrx_word' id='word_1_340' title='bbox 1063 2603 1192 2659; x_wconf 81' lang='lat' dir='ltr'><strong>rege</strong></span> <span class='ocrx_word' id='word_1_341' title='bbox 1220 2586 1503 2655; x_wconf 85' lang='lat' dir='ltr'><strong>Jechonia,</strong></span> <span class='ocrx_word' id='word_1_342' title='bbox 1550 2586 1860 2641; x_wconf 89' lang='lat' dir='ltr'><strong>ostenditur</strong></span> <span class='ocrx_word' id='word_1_343' title='bbox 1888 2599 1993 2656; x_wconf 90' lang='lat' dir='ltr'><strong>qua</strong></span> <span class='ocrx_word' id='word_1_344' title='bbox 2027 2583 2114 2641; x_wconf 87' lang='lat' dir='ltr'><strong>die</strong></span> 
     </span>
    </p>
   </div>
   <div class='ocr_carea' id='block_1_43' title="bbox 503 2678 2111 2756">
    <p class='ocr_par' dir='ltr' id='par_1_43' title="bbox 503 2678 2111 2756">
     <span class='ocr_line' id='line_1_43' title="bbox 503 2678 2111 2756; baseline -0.005 -16"><span class='ocrx_word' id='word_1_345' title='bbox 503 2684 635 2740; x_wconf 86' lang='lat' dir='ltr'><strong>urbs</strong></span> <span class='ocrx_word' id='word_1_346' title='bbox 662 2684 893 2756; x_wconf 73' lang='lat' dir='ltr'><strong>eruperit</strong></span> <span class='ocrx_word' id='word_1_347' title='bbox 924 2682 1191 2749; x_wconf 85' lang='lat' dir='ltr'><strong>obsideri,</strong></span> <span class='ocrx_word' id='word_1_348' title='bbox 1220 2694 1276 2737; x_wconf 92' lang='lat' dir='ltr'><strong>et</strong></span> <span class='ocrx_word' id='word_1_349' title='bbox 1301 2680 1602 2738; x_wconf 87' lang='lat' dir='ltr'><strong>similitudo</strong></span> <span class='ocrx_word' id='word_1_350' title='bbox 1631 2680 1827 2735; x_wconf 83' lang='lat' dir='ltr'><strong>lebetis</strong></span> <span class='ocrx_word' id='word_1_351' title='bbox 1843 2678 2068 2749; x_wconf 89' lang='lat' dir='ltr'><strong>ponitur</strong></span> <span class='ocrx_word' id='word_1_352' title='bbox 2096 2695 2111 2746; x_wconf 86' lang='lat'><strong>;</strong></span> 
     </span>
    </p>
   </div>
   <div class='ocr_carea' id='block_1_44' title="bbox 503 2774 2112 2849">
    <p class='ocr_par' dir='ltr' id='par_1_44' title="bbox 503 2774 2112 2849">
     <span class='ocr_line' id='line_1_44' title="bbox 503 2774 2112 2849; baseline -0.001 -16"><span class='ocrx_word' id='word_1_353' title='bbox 503 2786 560 2833; x_wconf 90' lang='lat' dir='ltr'><strong>ut</strong></span> <span class='ocrx_word' id='word_1_354' title='bbox 587 2778 864 2849; x_wconf 86' lang='lat' dir='ltr'><strong>quomodo</strong></span> <span class='ocrx_word' id='word_1_355' title='bbox 906 2794 1102 2835; x_wconf 86' lang='lat' dir='ltr'><strong>carnes</strong></span> <span class='ocrx_word' id='word_1_356' title='bbox 1131 2785 1187 2831; x_wconf 90' lang='lat' dir='ltr'><strong>et</strong></span> <span class='ocrx_word' id='word_1_357' title='bbox 1212 2791 1333 2832; x_wconf 83' lang='lat' dir='ltr'><strong>ossa</strong></span> <span class='ocrx_word' id='word_1_358' title='bbox 1369 2786 1630 2845; x_wconf 81' lang='lat' dir='ltr'><strong>congesta</strong></span> <span class='ocrx_word' id='word_1_359' title='bbox 1658 2774 1712 2829; x_wconf 91' lang='lat' dir='ltr'><strong>in</strong></span> <span class='ocrx_word' id='word_1_360' title='bbox 1741 2774 1995 2842; x_wconf 81' lang='lat' dir='ltr'><strong>lebeteni,</strong></span> <span class='ocrx_word' id='word_1_361' title='bbox 2034 2774 2112 2831; x_wconf 92' lang='lat' dir='ltr'><strong>in-</strong></span> 
     </span>
    </p>
   </div>
   <div class='ocr_carea' id='block_1_45' title="bbox 499 2865 2112 2934">
    <p class='ocr_par' dir='ltr' id='par_1_45' title="bbox 499 2865 2112 2934">
     <span class='ocr_line' id='line_1_45' title="bbox 499 2865 2112 2934; baseline -0.006 -3"><span class='ocrx_word' id='word_1_362' title='bbox 499 2869 693 2931; x_wconf 77' lang='lat' dir='ltr'><strong>cendio</strong></span> <span class='ocrx_word' id='word_1_363' title='bbox 721 2879 1164 2934; x_wconf 82' lang='lat' dir='ltr'><strong>concrctnantur,</strong></span> <span class='ocrx_word' id='word_1_364' title='bbox 1194 2867 1272 2923; x_wconf 91' lang='lat' dir='ltr'><strong>sic</strong></span> <span class='ocrx_word' id='word_1_365' title='bbox 1298 2876 1491 2925; x_wconf 88' lang='lat' dir='ltr'><strong>cuncta</strong></span> <span class='ocrx_word' id='word_1_366' title='bbox 1516 2867 1709 2925; x_wconf 83' lang='lat' dir='ltr'><strong>civitas</strong></span> <span class='ocrx_word' id='word_1_367' title='bbox 1736 2880 1857 2925; x_wconf 83' lang='lat' dir='ltr'><strong>cum</strong></span> <span class='ocrx_word' id='word_1_368' title='bbox 1888 2867 2001 2921; x_wconf 89' lang='lat' dir='ltr'><strong>suis</strong></span> <span class='ocrx_word' id='word_1_369' title='bbox 2030 2865 2112 2921; x_wconf 88' lang='lat' dir='ltr'><strong>in-</strong></span> 
     </span>
    </p>
   </div>
   <div class='ocr_carea' id='block_1_46' title="bbox 499 2961 2108 3032">
    <p class='ocr_par' dir='ltr' id='par_1_46' title="bbox 499 2961 2108 3032">
     <span class='ocr_line' id='line_1_46' title="bbox 499 2961 2108 3032; baseline -0.004 -11"><span class='ocrx_word' id='word_1_370' title='bbox 499 2968 729 3024; x_wconf 74' lang='lat' dir='ltr'><strong>teritura</strong></span> <span class='ocrx_word' id='word_1_371' title='bbox 776 2968 849 3024; x_wconf 89' lang='lat' dir='ltr'><strong>sit</strong></span> <span class='ocrx_word' id='word_1_372' title='bbox 882 2967 1114 3032; x_wconf 80' lang='lat' dir='ltr'><strong>civibus,</strong></span> <span class='ocrx_word' id='word_1_373' title='bbox 1146 2975 1200 3021; x_wconf 86' lang='lat' dir='ltr'><strong>et</strong></span> <span class='ocrx_word' id='word_1_374' title='bbox 1249 2964 1429 3020; x_wconf 86' lang='lat' dir='ltr'><strong>nullus</strong></span> <span class='ocrx_word' id='word_1_375' title='bbox 1479 2972 1758 3019; x_wconf 86' lang='lat' dir='ltr'><strong>remaneat</strong></span> <span class='ocrx_word' id='word_1_376' title='bbox 1791 2977 1977 3016; x_wconf 85' lang='lat' dir='ltr'><strong>eorum</strong></span> <span class='ocrx_word' id='word_1_377' title='bbox 2017 2961 2108 3028; x_wconf 87' lang='lat' dir='ltr'><strong>qui</strong></span> 
     </span>
    </p>
   </div>
   <div class='ocr_carea' id='block_1_47' title="bbox 497 3058 2108 3133">
    <p class='ocr_par' dir='ltr' id='par_1_47' title="bbox 497 3058 2108 3133">
     <span class='ocr_line' id='line_1_47' title="bbox 497 3058 2108 3133; baseline -0.007 -12"><span class='ocrx_word' id='word_1_378' title='bbox 497 3062 711 3125; x_wconf 81' lang='lat' dir='ltr'><strong>obsessi</strong></span> <span class='ocrx_word' id='word_1_379' title='bbox 748 3070 899 3129; x_wconf 89' lang='lat' dir='ltr'><strong>sunt,</strong></span> <span class='ocrx_word' id='word_1_380' title='bbox 932 3062 1061 3133; x_wconf 91' lang='lat' dir='ltr'><strong>quin</strong></span> <span class='ocrx_word' id='word_1_381' title='bbox 1114 3060 1279 3127; x_wconf 83' lang='lat' dir='ltr'><strong>fame,</strong></span> <span class='ocrx_word' id='word_1_382' title='bbox 1310 3058 1517 3129; x_wconf 79' lang='lat' dir='ltr'><strong>gladio,</strong></span> <span class='ocrx_word' id='word_1_383' title='bbox 1559 3060 1866 3128; x_wconf 87' lang='lat' dir='ltr'><strong>pestilentia</strong></span> <span class='ocrx_word' id='word_1_384' title='bbox 1909 3071 2108 3111; x_wconf 90' lang='lat' dir='ltr'><strong>consu-</strong></span> 
     </span>
    </p>
   </div>
   <div class='ocr_carea' id='block_1_48' title="bbox 2225 1844 3841 1918">
    <p class='ocr_par' dir='ltr' id='par_1_48' title="bbox 2225 1844 3841 1918">
     <span class='ocr_line' id='line_1_48' title="bbox 2225 1844 3841 1918; baseline -0.002 -16"><span class='ocrx_word' id='word_1_385' title='bbox 2225 1848 2393 1905; x_wconf 88' lang='lat' dir='ltr'><strong>terire</strong></span> <span class='ocrx_word' id='word_1_386' title='bbox 2426 1857 2690 1918; x_wconf 76' lang='lat' dir='ltr'><strong>peccata;</strong></span> <span class='ocrx_word' id='word_1_387' title='bbox 2731 1863 2909 1917; x_wconf 88' lang='lat' dir='ltr'><strong>neque</strong></span> <span class='ocrx_word' id='word_1_388' title='bbox 2941 1860 3164 1917; x_wconf 85' lang='lat' dir='ltr'><strong>parcere</strong></span> <span class='ocrx_word' id='word_1_389' title='bbox 3208 1846 3414 1915; x_wconf 77' lang='lat' dir='ltr'><strong>impiis,</strong></span> <span class='ocrx_word' id='word_1_390' title='bbox 3460 1860 3564 1901; x_wconf 83' lang='lat' dir='ltr'><strong>nec</strong></span> <span class='ocrx_word' id='word_1_391' title='bbox 3604 1844 3841 1915; x_wconf 79' lang='lat' dir='ltr'><strong>placari,</strong></span> 
     </span>
    </p>
   </div>
   <div class='ocr_carea' id='block_1_49' title="bbox 2221 1936 3839 2012">
    <p class='ocr_par' dir='ltr' id='par_1_49' title="bbox 2221 1936 3839 2012">
     <span class='ocr_line' id='line_1_49' title="bbox 2221 1936 3839 2012; baseline -0.001 -17"><span class='ocrx_word' id='word_1_392' title='bbox 2221 1951 2280 1997; x_wconf 92' lang='lat' dir='ltr'><strong>ut</strong></span> <span class='ocrx_word' id='word_1_393' title='bbox 2324 1942 2422 1997; x_wconf 72' lang='lat' dir='ltr'><strong>via:</strong></span> <span class='ocrx_word' id='word_1_394' title='bbox 2466 1942 3039 2012; x_wconf 66' lang='lat' dir='ltr'><strong>pereant‘irnpiorum,</strong></span> <span class='ocrx_word' id='word_1_395' title='bbox 3084 1937 3385 1997; x_wconf 86' lang='lat' dir='ltr'><strong>secundum</strong></span> <span class='ocrx_word' id='word_1_396' title='bbox 3430 1936 3561 1995; x_wconf 85' lang='lat' dir='ltr'><strong>illud</strong></span> <span class='ocrx_word' id='word_1_397' title='bbox 3596 1936 3839 2008; x_wconf 77' lang='lat' dir='ltr'><strong>quodin</strong></span> 
     </span>
    </p>
   </div>
   <div class='ocr_carea' id='block_1_50' title="bbox 2220 2031 3757 2107">
    <p class='ocr_par' dir='ltr' id='par_1_50' title="bbox 2220 2031 3757 2107">
     <span class='ocr_line' id='line_1_50' title="bbox 2220 2031 3757 2107; baseline -0.004 -16"><span class='ocrx_word' id='word_1_398' title='bbox 2220 2037 2378 2107; x_wconf 87' lang='lat' dir='ltr'><strong>primi</strong></span> <span class='ocrx_word' id='word_1_399' title='bbox 2406 2036 2597 2106; x_wconf 84' lang='lat' dir='ltr'><strong>psalmi</strong></span> <span class='ocrx_word' id='word_1_400' title='bbox 2628 2035 2735 2093; x_wconf 83' lang='lat' dir='ltr'><strong>line</strong></span> <span class='ocrx_word' id='word_1_401' title='bbox 2756 2037 2975 2105; x_wconf 82' lang='lat' dir='ltr'><strong>ponitur</strong></span> <span class='ocrx_word' id='word_1_402' title='bbox 3000 2052 3013 2089; x_wconf 91' lang='lat'><strong>:</strong></span> <span class='ocrx_word' id='word_1_403' title='bbox 3045 2034 3112 2088; x_wconf 82' lang='lat' dir='ltr'><strong>Et</strong></span> <span class='ocrx_word' id='word_1_404' title='bbox 3139 2034 3233 2090; x_wconf 84' lang='lat' dir='ltr'><strong>iter</strong></span> <span class='ocrx_word' id='word_1_405' title='bbox 3252 2033 3528 2101; x_wconf 77' lang='lat' dir='ltr'><strong>impiorum</strong></span> <span class='ocrx_word' id='word_1_406' title='bbox 3551 2031 3757 2103; x_wconf 75' lang='lat' dir='ltr'><strong>peribit.</strong></span> 
     </span>
    </p>
   </div>
   <div class='ocr_carea' id='block_1_51' title="bbox 2292 2122 3840 2200">
    <p class='ocr_par' dir='ltr' id='par_1_51' title="bbox 2292 2122 3840 2200">
     <span class='ocr_line' id='line_1_51' title="bbox 2292 2122 3840 2200; baseline -0.004 -15"><span class='ocrx_word' id='word_1_407' title='bbox 2292 2128 2474 2200; x_wconf 81' lang='lat' dir='ltr'><strong>(Vers.</strong></span> <span class='ocrx_word' id='word_1_408' title='bbox 2512 2130 2574 2185; x_wconf 84' lang='grc'><strong>15</strong></span> <span class='ocrx_word' id='word_1_409' title='bbox 2602 2132 2784 2198; x_wconf 83' lang='lat' dir='ltr'><strong>seqq.)</strong></span> <span class='ocrx_word' id='word_1_410' title='bbox 2833 2126 2902 2180; x_wconf 85' lang='lat' dir='ltr'><strong>Et</strong></span> <span class='ocrx_word' id='word_1_411' title='bbox 2949 2127 3146 2197; x_wconf 82' lang='lat' dir='ltr'><strong>factum</strong></span> <span class='ocrx_word' id='word_1_412' title='bbox 3186 2136 3260 2181; x_wconf 87' lang='lat' dir='ltr'><strong>est</strong></span> <span class='ocrx_word' id='word_1_413' title='bbox 3286 2126 3495 2180; x_wconf 80' lang='lat' dir='ltr'><strong>verbum</strong></span> <span class='ocrx_word' id='word_1_414' title='bbox 3521 2122 3728 2180; x_wconf 79' lang='lat' dir='ltr'><strong>Domini</strong></span> <span class='ocrx_word' id='word_1_415' title='bbox 3761 2122 3840 2179; x_wconf 83' lang='lat' dir='ltr'><strong>ad</strong></span> 
     </span>
    </p>
   </div>
   <div class='ocr_carea' id='block_1_52' title="bbox 2219 2216 3840 2290">
    <p class='ocr_par' dir='ltr' id='par_1_52' title="bbox 2219 2216 3840 2290">
     <span class='ocr_line' id='line_1_52' title="bbox 2219 2216 3840 2290; baseline -0.005 -11"><span class='ocrx_word' id='word_1_416' title='bbox 2219 2239 2319 2290; x_wconf 83' lang='lat' dir='ltr'><strong>me,</strong></span> <span class='ocrx_word' id='word_1_417' title='bbox 2354 2222 2530 2276; x_wconf 86' lang='lat' dir='ltr'><strong>dicens</strong></span> <span class='ocrx_word' id='word_1_418' title='bbox 2563 2239 2580 2275; x_wconf 92' lang='lat'><em>:</em></span> <span class='ocrx_word' id='word_1_419' title='bbox 2612 2220 2723 2277; x_wconf 78' lang='lat' dir='ltr'><strong>Fili</strong></span> <span class='ocrx_word' id='word_1_420' title='bbox 2744 2220 2990 2288; x_wconf 83' lang='lat' dir='ltr'><strong>hominis,</strong></span> <span class='ocrx_word' id='word_1_421' title='bbox 3022 2236 3137 2277; x_wconf 83' lang='lat' dir='ltr'><strong>ecce</strong></span> <span class='ocrx_word' id='word_1_422' title='bbox 3158 2235 3253 2289; x_wconf 85' lang='lat' dir='ltr'><strong>ego</strong></span> <span class='ocrx_word' id='word_1_423' title='bbox 3282 2216 3407 2273; x_wconf 85' lang='lat' dir='ltr'><strong>tollo</strong></span> <span class='ocrx_word' id='word_1_424' title='bbox 3428 2235 3461 2277; x_wconf 75' lang='grc' dir='ltr'><em>α</em></span> <span class='ocrx_word' id='word_1_425' title='bbox 3487 2226 3535 2279; x_wconf 86' lang='lat' dir='ltr'><strong>te</strong></span> <span class='ocrx_word' id='word_1_426' title='bbox 3560 2216 3840 2275; x_wconf 75' lang='lat' dir='ltr'><strong>desidera-</strong></span> 
     </span>
    </p>
   </div>
   <div class='ocr_carea' id='block_1_53' title="bbox 2219 2310 3836 2387">
    <p class='ocr_par' dir='ltr' id='par_1_53' title="bbox 2219 2310 3836 2387">
     <span class='ocr_line' id='line_1_53' title="bbox 2219 2310 3836 2387; baseline -0.004 -16"><span class='ocrx_word' id='word_1_427' title='bbox 2219 2316 2318 2371; x_wconf 82' lang='lat' dir='ltr'><strong>bile</strong></span> <span class='ocrx_word' id='word_1_428' title='bbox 2349 2317 2616 2371; x_wconf 84' lang='lat' dir='ltr'><strong>oculorum</strong></span> <span class='ocrx_word' id='word_1_429' title='bbox 2642 2326 2848 2371; x_wconf 83' lang='lat' dir='ltr'><strong>tuorum</strong></span> <span class='ocrx_word' id='word_1_430' title='bbox 2876 2316 2931 2370; x_wconf 90' lang='lat' dir='ltr'><strong>in</strong></span> <span class='ocrx_word' id='word_1_431' title='bbox 2954 2315 3135 2387; x_wconf 76' lang='lat' dir='ltr'><strong>plaga,</strong></span> <span class='ocrx_word' id='word_1_432' title='bbox 3163 2322 3212 2370; x_wconf 85' lang='lat' dir='ltr'><strong>et</strong></span> <span class='ocrx_word' id='word_1_433' title='bbox 3241 2329 3342 2369; x_wconf 77' lang='lat' dir='ltr'><strong>non</strong></span> <span class='ocrx_word' id='word_1_434' title='bbox 3374 2310 3589 2383; x_wconf 68' lang='lat' dir='ltr'><strong>plangas</strong></span> <span class='ocrx_word' id='word_1_435' title='bbox 3614 2353 3630 2377; x_wconf 92' lang='lat'><strong>,</strong></span> <span class='ocrx_word' id='word_1_436' title='bbox 3662 2328 3836 2381; x_wconf 84' lang='lat' dir='ltr'><strong>neque</strong></span> 
     </span>
    </p>
   </div>
   <div class='ocr_carea' id='block_1_54' title="bbox 2218 2400 3829 2481">
    <p class='ocr_par' dir='ltr' id='par_1_54' title="bbox 2218 2400 3829 2481">
     <span class='ocr_line' id='line_1_54' title="bbox 2218 2400 3829 2481; baseline -0.002 -18"><span class='ocrx_word' id='word_1_437' title='bbox 2218 2411 2461 2481; x_wconf 84' lang='lat' dir='ltr'><strong>plorabis,</strong></span> <span class='ocrx_word' id='word_1_438' title='bbox 2496 2426 2656 2481; x_wconf 79' lang='lat' dir='ltr'><strong>neque</strong></span> <span class='ocrx_word' id='word_1_439' title='bbox 2676 2412 2840 2479; x_wconf 75' lang='lat' dir='ltr'><strong>ﬂuent</strong></span> <span class='ocrx_word' id='word_1_440' title='bbox 2867 2411 3111 2479; x_wconf 77' lang='lat' dir='ltr'><strong>lacrgsuce</strong></span> <span class='ocrx_word' id='word_1_441' title='bbox 3141 2418 3262 2464; x_wconf 74' lang='lat' dir='ltr'><strong>tua.</strong></span> <span class='ocrx_word' id='word_1_442' title='bbox 3308 2400 3598 2478; x_wconf 76' lang='lat' dir='ltr'><strong>Ingemiscc</strong></span> <span class='ocrx_word' id='word_1_443' title='bbox 3624 2415 3829 2470; x_wconf 84' lang='lat' dir='ltr'><strong>tacens,</strong></span> 
     </span>
    </p>
   </div>
   <div class='ocr_carea' id='block_1_55' title="bbox 2215 2499 3833 2572">
    <p class='ocr_par' dir='ltr' id='par_1_55' title="bbox 2215 2499 3833 2572">
     <span class='ocr_line' id='line_1_55' title="bbox 2215 2499 3833 2572; baseline -0.001 -16"><span class='ocrx_word' id='word_1_444' title='bbox 2215 2513 2534 2559; x_wconf 85' lang='lat' dir='ltr'><strong>mortuorum</strong></span> <span class='ocrx_word' id='word_1_445' title='bbox 2564 2504 2760 2561; x_wconf 82' lang='lat' dir='ltr'><strong>luctum</strong></span> <span class='ocrx_word' id='word_1_446' title='bbox 2784 2519 2887 2558; x_wconf 88' lang='lat' dir='ltr'><strong>non</strong></span> <span class='ocrx_word' id='word_1_447' title='bbox 2919 2502 3100 2572; x_wconf 83' lang='lat' dir='ltr'><strong>facies.</strong></span> <span class='ocrx_word' id='word_1_448' title='bbox 3128 2500 3331 2559; x_wconf 78' lang='lat' dir='ltr'><strong>Corona</strong></span> <span class='ocrx_word' id='word_1_449' title='bbox 3353 2510 3441 2558; x_wconf 83' lang='lat' dir='ltr'><strong>tua</strong></span> <span class='ocrx_word' id='word_1_450' title='bbox 3462 2499 3833 2570; x_wconf 73' lang='lat' dir='ltr'><strong>circumligata</strong></span> 
     </span>
    </p>
   </div>
   <div class='ocr_carea' id='block_1_56' title="bbox 2216 2594 3831 2665">
    <p class='ocr_par' dir='ltr' id='par_1_56' title="bbox 2216 2594 3831 2665">
     <span class='ocr_line' id='line_1_56' title="bbox 2216 2594 3831 2665; baseline -0.001 -15"><span class='ocrx_word' id='word_1_451' title='bbox 2216 2599 2281 2651; x_wconf 86' lang='lat' dir='ltr'><strong>sit</strong></span> <span class='ocrx_word' id='word_1_452' title='bbox 2310 2599 2420 2665; x_wconf 84' lang='lat' dir='ltr'><strong>tibi,</strong></span> <span class='ocrx_word' id='word_1_453' title='bbox 2466 2608 2512 2653; x_wconf 87' lang='lat' dir='ltr'><strong>et</strong></span> <span class='ocrx_word' id='word_1_454' title='bbox 2540 2596 2876 2652; x_wconf 86' lang='lat' dir='ltr'><strong>calciamenta</strong></span> <span class='ocrx_word' id='word_1_455' title='bbox 2908 2606 2998 2652; x_wconf 84' lang='lat' dir='ltr'><strong>tua</strong></span> <span class='ocrx_word' id='word_1_456' title='bbox 3032 2607 3181 2652; x_wconf 81' lang='lat' dir='ltr'><strong>erunt</strong></span> <span class='ocrx_word' id='word_1_457' title='bbox 3225 2596 3281 2651; x_wconf 80' lang='lat' dir='ltr'><strong>iu</strong></span> <span class='ocrx_word' id='word_1_458' title='bbox 3308 2594 3522 2662; x_wconf 77' lang='lat' dir='ltr'><strong>pedibus</strong></span> <span class='ocrx_word' id='word_1_459' title='bbox 3550 2596 3653 2650; x_wconf 81' lang='lat' dir='ltr'><strong>tuis</strong></span> <span class='ocrx_word' id='word_1_460' title='bbox 3680 2609 3699 2647; x_wconf 87' lang='lat'><strong><em>:</em></strong></span> <span class='ocrx_word' id='word_1_461' title='bbox 3730 2609 3831 2649; x_wconf 64' lang='lat' dir='ltr'><strong>nec</strong></span> 
     </span>
    </p>
   </div>
   <div class='ocr_carea' id='block_1_57' title="bbox 2214 2684 3830 2757">
    <p class='ocr_par' dir='ltr' id='par_1_57' title="bbox 2214 2684 3830 2757">
     <span class='ocr_line' id='line_1_57' title="bbox 2214 2684 3830 2757; baseline -0.002 -12"><span class='ocrx_word' id='word_1_462' title='bbox 2214 2691 2404 2745; x_wconf 78' lang='lat' dir='ltr'><strong>amictu</strong></span> <span class='ocrx_word' id='word_1_463' title='bbox 2451 2706 2545 2745; x_wconf 87' lang='lat' dir='ltr'><strong>ora</strong></span> <span class='ocrx_word' id='word_1_464' title='bbox 2586 2690 2797 2756; x_wconf 84' lang='lat' dir='ltr'><strong>velabis,</strong></span> <span class='ocrx_word' id='word_1_465' title='bbox 2829 2705 2922 2744; x_wconf 82' lang='lat' dir='ltr'><strong>nec</strong></span> <span class='ocrx_word' id='word_1_466' title='bbox 2950 2688 3087 2747; x_wconf 83' lang='lat' dir='ltr'><strong>cibos</strong></span> <span class='ocrx_word' id='word_1_467' title='bbox 3118 2689 3404 2757; x_wconf 69' lang='lat' dir='ltr'><strong>lugentium</strong></span> <span class='ocrx_word' id='word_1_468' title='bbox 3432 2687 3683 2743; x_wconf 67' lang='lat' dir='ltr'><strong>conlades.</strong></span> <span class='ocrx_word' id='word_1_469' title='bbox 3713 2684 3830 2742; x_wconf 79' lang='lat' dir='ltr'><strong>Lo-</strong></span> 
     </span>
    </p>
   </div>
   <div class='ocr_carea' id='block_1_58' title="bbox 2216 2782 3825 2853">
    <p class='ocr_par' dir='ltr' id='par_1_58' title="bbox 2216 2782 3825 2853">
     <span class='ocr_line' id='line_1_58' title="bbox 2216 2782 3825 2853; baseline -0.001 -17"><span class='ocrx_word' id='word_1_470' title='bbox 2216 2793 2363 2839; x_wconf 84' lang='lat' dir='ltr'><strong>cutus</strong></span> <span class='ocrx_word' id='word_1_471' title='bbox 2390 2799 2508 2839; x_wconf 81' lang='lat' dir='ltr'><strong>sum</strong></span> <span class='ocrx_word' id='word_1_472' title='bbox 2533 2798 2656 2852; x_wconf 82' lang='lat' dir='ltr'><strong>ergo</strong></span> <span class='ocrx_word' id='word_1_473' title='bbox 2684 2782 2753 2837; x_wconf 84' lang='lat' dir='ltr'><strong>ad</strong></span> <span class='ocrx_word' id='word_1_474' title='bbox 2788 2784 3040 2853; x_wconf 81' lang='lat' dir='ltr'><strong>populum</strong></span> <span class='ocrx_word' id='word_1_475' title='bbox 3067 2798 3237 2846; x_wconf 82' lang='lat' dir='ltr'><strong>mane,</strong></span> <span class='ocrx_word' id='word_1_476' title='bbox 3270 2793 3320 2836; x_wconf 88' lang='lat' dir='ltr'><strong>et</strong></span> <span class='ocrx_word' id='word_1_477' title='bbox 3356 2791 3558 2839; x_wconf 75' lang='lat' dir='ltr'><strong>mortua</strong></span> <span class='ocrx_word' id='word_1_478' title='bbox 3582 2788 3655 2834; x_wconf 85' lang='lat' dir='ltr'><strong>est</strong></span> <span class='ocrx_word' id='word_1_479' title='bbox 3686 2794 3825 2835; x_wconf 68' lang='lat' dir='ltr'><strong>uxor</strong></span> 
     </span>
    </p>
   </div>
   <div class='ocr_carea' id='block_1_59' title="bbox 2215 2874 3824 2949">
    <p class='ocr_par' dir='ltr' id='par_1_59' title="bbox 2215 2874 3824 2949">
     <span class='ocr_line' id='line_1_59' title="bbox 2215 2874 3824 2949; baseline -0.001 -19"><span class='ocrx_word' id='word_1_480' title='bbox 2215 2893 2326 2931; x_wconf 85' lang='lat' dir='ltr'><strong>mea</strong></span> <span class='ocrx_word' id='word_1_481' title='bbox 2351 2877 2579 2948; x_wconf 78' lang='lat' dir='ltr'><strong>vesperi,</strong></span> <span class='ocrx_word' id='word_1_482' title='bbox 2624 2877 2822 2947; x_wconf 77' lang='lat' dir='ltr'><strong>fecique</strong></span> <span class='ocrx_word' id='word_1_483' title='bbox 2852 2876 3036 2948; x_wconf 77' lang='lat' dir='ltr'><strong>[Vulg.</strong></span> <span class='ocrx_word' id='word_1_484' title='bbox 3067 2875 3312 2949; x_wconf 73' lang='lat' dir='ltr'><strong>fecitque}</strong></span> <span class='ocrx_word' id='word_1_485' title='bbox 3348 2890 3500 2933; x_wconf 79' lang='lat' dir='ltr'><strong>tuane</strong></span> <span class='ocrx_word' id='word_1_486' title='bbox 3524 2874 3656 2931; x_wconf 80' lang='lat' dir='ltr'><strong>sicut</strong></span> <span class='ocrx_word' id='word_1_487' title='bbox 3682 2888 3824 2944; x_wconf 72' lang='lat' dir='ltr'><strong>pra-</strong></span> 
     </span>
    </p>
   </div>
   <div class='ocr_carea' id='block_1_60' title="bbox 2213 2959 3821 3042">
    <p class='ocr_par' dir='ltr' id='par_1_60' title="bbox 2213 2959 3821 3042">
     <span class='ocr_line' id='line_1_60' title="bbox 2213 2959 3821 3042; baseline 0 -18"><span class='ocrx_word' id='word_1_488' title='bbox 2213 2981 2416 3039; x_wconf 84' lang='lat' dir='ltr'><strong>ceperat</strong></span> <span class='ocrx_word' id='word_1_489' title='bbox 2446 2971 2592 3025; x_wconf 87' lang='lat' dir='ltr'><strong>mihi.</strong></span> <span class='ocrx_word' id='word_1_490' title='bbox 2626 2969 2691 3025; x_wconf 81' lang='lat' dir='ltr'><strong>Et</strong></span> <span class='ocrx_word' id='word_1_491' title='bbox 2719 2971 2848 3025; x_wconf 69' lang='lat' dir='ltr'><strong>dixit</strong></span> <span class='ocrx_word' id='word_1_492' title='bbox 2878 2972 2949 3027; x_wconf 88' lang='lat' dir='ltr'><strong>ad</strong></span> <span class='ocrx_word' id='word_1_493' title='bbox 2980 2988 3057 3027; x_wconf 86' lang='lat' dir='ltr'><strong>me</strong></span> <span class='ocrx_word' id='word_1_494' title='bbox 3079 2959 3309 3042; x_wconf 73' lang='lat' dir='ltr'><strong>papulas</strong></span> <span class='ocrx_word' id='word_1_495' title='bbox 3337 2986 3356 3024; x_wconf 90' lang='lat'><strong><em>:</em></strong></span> <span class='ocrx_word' id='word_1_496' title='bbox 3387 2970 3561 3035; x_wconf 75' lang='lat' dir='ltr'><strong>Quare</strong></span> <span class='ocrx_word' id='word_1_497' title='bbox 3605 2985 3707 3025; x_wconf 79' lang='lat' dir='ltr'><strong>non</strong></span> <span class='ocrx_word' id='word_1_498' title='bbox 3732 2968 3821 3024; x_wconf 76' lang='lat' dir='ltr'><strong>itu—</strong></span> 
     </span>
    </p>
   </div>
   <div class='ocr_carea' id='block_1_61' title="bbox 2213 3059 3821 3133">
    <p class='ocr_par' dir='ltr' id='par_1_61' title="bbox 2213 3059 3821 3133">
     <span class='ocr_line' id='line_1_61' title="bbox 2213 3059 3821 3133; baseline -0.001 -17"><span class='ocrx_word' id='word_1_499' title='bbox 2213 3063 2354 3118; x_wconf 80' lang='lat' dir='ltr'><strong>dicas</strong></span> <span class='ocrx_word' id='word_1_500' title='bbox 2396 3062 2539 3117; x_wconf 83' lang='lat' dir='ltr'><strong>nobis</strong></span> <span class='ocrx_word' id='word_1_501' title='bbox 2561 3062 2686 3133; x_wconf 83' lang='lat' dir='ltr'><strong>quid</strong></span> <span class='ocrx_word' id='word_1_502' title='bbox 2712 3063 2809 3118; x_wconf 86' lang='lat' dir='ltr'><strong>ista</strong></span> <span class='ocrx_word' id='word_1_503' title='bbox 2836 3064 3150 3133; x_wconf 69' lang='lat' dir='ltr'><strong>signiﬁcent,</strong></span> <span class='ocrx_word' id='word_1_504' title='bbox 3190 3078 3305 3133; x_wconf 76' lang='lat' dir='ltr'><strong>qua:</strong></span> <span class='ocrx_word' id='word_1_505' title='bbox 3326 3073 3379 3117; x_wconf 80' lang='lat' dir='ltr'><strong>tu</strong></span> <span class='ocrx_word' id='word_1_506' title='bbox 3409 3062 3536 3133; x_wconf 80' lang='lat' dir='ltr'><strong>facis</strong></span> <span class='ocrx_word' id='word_1_507' title='bbox 3558 3064 3584 3117; x_wconf 79' lang='lat'><strong><em>?</em></strong></span> <span class='ocrx_word' id='word_1_508' title='bbox 3610 3059 3680 3115; x_wconf 83' lang='lat' dir='ltr'><strong>Et</strong></span> <span class='ocrx_word' id='word_1_509' title='bbox 3704 3060 3821 3115; x_wconf 67' lang='lat' dir='ltr'><strong>dixi</strong></span> 
     </span>
    </p>
   </div>
   <div class='ocr_carea' id='block_1_62' title="bbox 496 3148 3822 3227">
    <p class='ocr_par' dir='ltr' id='par_1_62' title="bbox 496 3148 3822 3227">
     <span class='ocr_line' id='line_1_62' title="bbox 496 3148 3822 3227; baseline -0.001 -15"><span class='ocrx_word' id='word_1_510' title='bbox 496 3166 739 3221; x_wconf 84' lang='lat' dir='ltr'><strong>mantur,</strong></span> <span class='ocrx_word' id='word_1_511' title='bbox 767 3166 822 3212; x_wconf 87' lang='lat' dir='ltr'><strong>et</strong></span> <span class='ocrx_word' id='word_1_512' title='bbox 851 3171 977 3227; x_wconf 84' lang='lat' dir='ltr'><strong>pars</strong></span> <span class='ocrx_word' id='word_1_513' title='bbox 1008 3156 1214 3225; x_wconf 88' lang='lat' dir='ltr'><strong>reliqua</strong></span> <span class='ocrx_word' id='word_1_514' title='bbox 1246 3156 1461 3224; x_wconf 78' lang='lat' dir='ltr'><strong>captiva</strong></span> <span class='ocrx_word' id='word_1_515' title='bbox 1510 3152 1741 3207; x_wconf 87' lang='lat' dir='ltr'><strong>ducatur</strong></span> <span class='ocrx_word' id='word_1_516' title='bbox 1785 3154 1839 3206; x_wconf 90' lang='lat' dir='ltr'><strong>in</strong></span> <span class='ocrx_word' id='word_1_517' title='bbox 1870 3152 2100 3222; x_wconf 81' lang='lat' dir='ltr'><strong>Babylo-</strong></span> <span class='ocrx_word' id='word_1_518' title='bbox 2126 3148 2172 3212; x_wconf 89' lang='lat' dir='ltr'>C</span> <span class='ocrx_word' id='word_1_519' title='bbox 2205 3153 2274 3209; x_wconf 88' lang='lat' dir='ltr'><strong>ad</strong></span> <span class='ocrx_word' id='word_1_520' title='bbox 2303 3170 2387 3209; x_wconf 88' lang='lat' dir='ltr'><strong>eos</strong></span> <span class='ocrx_word' id='word_1_521' title='bbox 2414 3169 2432 3207; x_wconf 91' lang='lat'><em>:</em></span> <span class='ocrx_word' id='word_1_522' title='bbox 2462 3152 2649 3209; x_wconf 83' lang='lat' dir='ltr'><strong>Sermo</strong></span> <span class='ocrx_word' id='word_1_523' title='bbox 2680 3153 2889 3207; x_wconf 81' lang='lat' dir='ltr'><strong>Domini</strong></span> <span class='ocrx_word' id='word_1_524' title='bbox 2929 3156 3098 3225; x_wconf 82' lang='lat' dir='ltr'><strong>factus</strong></span> <span class='ocrx_word' id='word_1_525' title='bbox 3124 3165 3198 3213; x_wconf 83' lang='lat' dir='ltr'><strong>est</strong></span> <span class='ocrx_word' id='word_1_526' title='bbox 3224 3154 3294 3209; x_wconf 85' lang='lat' dir='ltr'><strong>ad</strong></span> <span class='ocrx_word' id='word_1_527' title='bbox 3320 3170 3399 3211; x_wconf 90' lang='lat' dir='ltr'><strong>me</strong></span> <span class='ocrx_word' id='word_1_528' title='bbox 3424 3154 3598 3213; x_wconf 68' lang='lat' dir='ltr'><strong>dicetis</strong></span> <span class='ocrx_word' id='word_1_529' title='bbox 3646 3168 3663 3205; x_wconf 89' lang='lat'><strong><em>:</em></strong></span> <span class='ocrx_word' id='word_1_530' title='bbox 3708 3150 3822 3208; x_wconf 82' lang='lat' dir='ltr'><strong>Lo-</strong></span> 
     </span>
    </p>
   </div>
   <div class='ocr_carea' id='block_1_63' title="bbox 493 3240 2104 3319">
    <p class='ocr_par' dir='ltr' id='par_1_63' title="bbox 493 3240 2104 3319">
     <span class='ocr_line' id='line_1_63' title="bbox 493 3240 2104 3319; baseline -0.004 -11"><span class='ocrx_word' id='word_1_531' title='bbox 493 3267 637 3308; x_wconf 83' lang='lat' dir='ltr'><strong>nem.</strong></span> <span class='ocrx_word' id='word_1_532' title='bbox 662 3240 852 3306; x_wconf 86' lang='lat' dir='ltr'><strong>Potest</strong></span> <span class='ocrx_word' id='word_1_533' title='bbox 884 3251 998 3313; x_wconf 70' lang='lat' dir='ltr'><strong>limo</strong></span> <span class='ocrx_word' id='word_1_534' title='bbox 1024 3250 1220 3311; x_wconf 87' lang='lat' dir='ltr'><strong>eadem</strong></span> <span class='ocrx_word' id='word_1_535' title='bbox 1251 3248 1533 3319; x_wconf 80' lang='lat' dir='ltr'><strong>prophetia</strong></span> <span class='ocrx_word' id='word_1_536' title='bbox 1561 3257 1615 3302; x_wconf 89' lang='lat' dir='ltr'><strong>et</strong></span> <span class='ocrx_word' id='word_1_537' title='bbox 1642 3246 1709 3303; x_wconf 89' lang='lat' dir='ltr'><strong>ad</strong></span> <span class='ocrx_word' id='word_1_538' title='bbox 1732 3258 1951 3316; x_wconf 89' lang='lat' dir='ltr'><strong>tempus</strong></span> <span class='ocrx_word' id='word_1_539' title='bbox 1983 3260 2104 3314; x_wconf 87' lang='lat' dir='ltr'><strong>per-</strong></span> 
     </span>
    </p>
   </div>
   <div class='ocr_carea' id='block_1_64' title="bbox 496 3337 2100 3413">
    <p class='ocr_par' dir='ltr' id='par_1_64' title="bbox 496 3337 2100 3413">
     <span class='ocr_line' id='line_1_64' title="bbox 496 3337 2100 3413; baseline -0.004 -13"><span class='ocrx_word' id='word_1_540' title='bbox 496 3344 669 3401; x_wconf 86' lang='lat' dir='ltr'><strong>tinere</strong></span> <span class='ocrx_word' id='word_1_541' title='bbox 713 3344 1011 3399; x_wconf 73' lang='lat' dir='ltr'><strong>Dominica:</strong></span> <span class='ocrx_word' id='word_1_542' title='bbox 1063 3342 1356 3413; x_wconf 85' lang='lat' dir='ltr'><strong>passionis,</strong></span> <span class='ocrx_word' id='word_1_543' title='bbox 1396 3350 1619 3411; x_wconf 87' lang='lat' dir='ltr'><strong>propter</strong></span> <span class='ocrx_word' id='word_1_544' title='bbox 1660 3356 1822 3409; x_wconf 84' lang='lat' dir='ltr'><strong>quam</strong></span> <span class='ocrx_word' id='word_1_545' title='bbox 1862 3337 2100 3393; x_wconf 81' lang='lat' dir='ltr'><strong>exercitu</strong></span> 
     </span>
    </p>
   </div>
   <div class='ocr_carea' id='block_1_65' title="bbox 488 3433 2102 3503">
    <p class='ocr_par' dir='ltr' id='par_1_65' title="bbox 488 3433 2102 3503">
     <span class='ocr_line' id='line_1_65' title="bbox 488 3433 2102 3503; baseline -0.004 -8"><span class='ocrx_word' id='word_1_546' title='bbox 488 3438 822 3495; x_wconf 82' lang='lat' dir='ltr'><strong>circumdata</strong></span> <span class='ocrx_word' id='word_1_547' title='bbox 850 3447 937 3495; x_wconf 85' lang='lat' dir='ltr'><strong>est</strong></span> <span class='ocrx_word' id='word_1_548' title='bbox 981 3438 1311 3499; x_wconf 78' lang='lat' dir='ltr'><strong>Jerusalem,</strong></span> <span class='ocrx_word' id='word_1_549' title='bbox 1356 3443 1413 3491; x_wconf 88' lang='lat' dir='ltr'><strong>et</strong></span> <span class='ocrx_word' id='word_1_550' title='bbox 1443 3434 1716 3490; x_wconf 82' lang='lat' dir='ltr'><strong>interiecti</strong></span> <span class='ocrx_word' id='word_1_551' title='bbox 1752 3434 1845 3488; x_wconf 86' lang='lat' dir='ltr'><strong>lilii</strong></span> <span class='ocrx_word' id='word_1_552' title='bbox 1878 3433 2016 3503; x_wconf 82' lang='lat' dir='ltr'><strong>ejus,</strong></span> <span class='ocrx_word' id='word_1_553' title='bbox 2045 3442 2102 3489; x_wconf 84' lang='lat' dir='ltr'><strong>et</strong></span> 
     </span>
    </p>
   </div>
   <div class='ocr_carea' id='block_1_66' title="bbox 487 3526 2100 3600">
    <p class='ocr_par' dir='ltr' id='par_1_66' title="bbox 487 3526 2100 3600">
     <span class='ocr_line' id='line_1_66' title="bbox 487 3526 2100 3600; baseline -0.005 -9"><span class='ocrx_word' id='word_1_554' title='bbox 487 3536 779 3595; x_wconf 76' lang='lat' dir='ltr'><strong>obsidente</strong></span> <span class='ocrx_word' id='word_1_555' title='bbox 827 3535 949 3591; x_wconf 85' lang='lat' dir='ltr'><strong>’l‘ito</strong></span> <span class='ocrx_word' id='word_1_556' title='bbox 992 3533 1104 3587; x_wconf 83' lang='lat' dir='ltr'><strong>ﬁlio</strong></span> <span class='ocrx_word' id='word_1_557' title='bbox 1148 3530 1493 3600; x_wconf 65' lang='lat' dir='ltr'><strong>Vespasiani,</strong></span> <span class='ocrx_word' id='word_1_558' title='bbox 1526 3528 1593 3584; x_wconf 90' lang='lat' dir='ltr'><strong>ad</strong></span> <span class='ocrx_word' id='word_1_559' title='bbox 1643 3528 1874 3583; x_wconf 85' lang='lat' dir='ltr'><strong>salutem</strong></span> <span class='ocrx_word' id='word_1_560' title='bbox 1921 3526 2100 3583; x_wconf 85' lang='lat' dir='ltr'><strong>nullus</strong></span> 
     </span>
    </p>
   </div>
   <div class='ocr_carea' id='block_1_67' title="bbox 487 3623 2101 3695">
    <p class='ocr_par' dir='ltr' id='par_1_67' title="bbox 487 3623 2101 3695">
     <span class='ocr_line' id='line_1_67' title="bbox 487 3623 2101 3695; baseline -0.008 -8"><span class='ocrx_word' id='word_1_561' title='bbox 487 3632 681 3693; x_wconf 87' lang='lat' dir='ltr'><strong>evasit,</strong></span> <span class='ocrx_word' id='word_1_562' title='bbox 712 3629 1086 3695; x_wconf 81' lang='lat' dir='ltr'><strong>templumque</strong></span> <span class='ocrx_word' id='word_1_563' title='bbox 1112 3626 1431 3680; x_wconf 77' lang='lat' dir='ltr'><strong>subversum</strong></span> <span class='ocrx_word' id='word_1_564' title='bbox 1455 3633 1539 3679; x_wconf 88' lang='lat' dir='ltr'><strong>est</strong></span> <span class='ocrx_word' id='word_1_565' title='bbox 1564 3640 1577 3689; x_wconf 91' lang='lat'><strong>;</strong></span> <span class='ocrx_word' id='word_1_566' title='bbox 1602 3633 1657 3679; x_wconf 91' lang='lat' dir='ltr'><strong>et</strong></span> <span class='ocrx_word' id='word_1_567' title='bbox 1688 3632 1808 3692; x_wconf 71' lang='lat' dir='ltr'><strong>1:0st</strong></span> <span class='ocrx_word' id='word_1_568' title='bbox 1836 3623 2101 3693; x_wconf 77' lang='lat' dir='ltr'><strong>quinqua-</strong></span> 
     </span>
    </p>
   </div>
   <div class='ocr_carea' id='block_1_68' title="bbox 485 3718 2096 3794">
    <p class='ocr_par' dir='ltr' id='par_1_68' title="bbox 485 3718 2096 3794">
     <span class='ocr_line' id='line_1_68' title="bbox 485 3718 2096 3794; baseline -0.004 -18"><span class='ocrx_word' id='word_1_569' title='bbox 485 3726 635 3794; x_wconf 79' lang='lat' dir='ltr'><strong>ginta</strong></span> <span class='ocrx_word' id='word_1_570' title='bbox 666 3736 843 3777; x_wconf 78' lang='lat' dir='ltr'><strong>annos</strong></span> <span class='ocrx_word' id='word_1_571' title='bbox 860 3721 969 3777; x_wconf 81' lang='lat' dir='ltr'><strong>sub</strong></span> <span class='ocrx_word' id='word_1_572' title='bbox 998 3718 1296 3784; x_wconf 79' lang='lat' dir='ltr'><strong>Hadriano,</strong></span> <span class='ocrx_word' id='word_1_573' title='bbox 1327 3718 1521 3772; x_wconf 83' lang='lat' dir='ltr'><strong>civitas</strong></span> <span class='ocrx_word' id='word_1_574' title='bbox 1563 3726 1767 3772; x_wconf 80' lang='lat' dir='ltr'><strong>aeterno</strong></span> <span class='ocrx_word' id='word_1_575' title='bbox 1798 3719 1922 3786; x_wconf 79' lang='lat' dir='ltr'><strong>igne</strong></span> <span class='ocrx_word' id='word_1_576' title='bbox 1965 3730 2096 3771; x_wconf 84' lang='lat' dir='ltr'><strong>con-</strong></span> 
     </span>
    </p>
   </div>
   <div class='ocr_carea' id='block_1_69' title="bbox 487 3806 2097 3883">
    <p class='ocr_par' dir='ltr' id='par_1_69' title="bbox 487 3806 2097 3883">
     <span class='ocr_line' id='line_1_69' title="bbox 487 3806 2097 3883; baseline -0.004 -13"><span class='ocrx_word' id='word_1_577' title='bbox 487 3825 703 3883; x_wconf 83' lang='lat' dir='ltr'><strong>sumpta</strong></span> <span class='ocrx_word' id='word_1_578' title='bbox 735 3822 838 3870; x_wconf 90' lang='lat' dir='ltr'><strong>est.</strong></span> <span class='ocrx_word' id='word_1_579' title='bbox 891 3814 1227 3868; x_wconf 67' lang='lat' dir='ltr'><strong>Prmsentem</strong></span> <span class='ocrx_word' id='word_1_580' title='bbox 1271 3820 1449 3867; x_wconf 87' lang='lat' dir='ltr'><strong>autem</strong></span> <span class='ocrx_word' id='word_1_581' title='bbox 1482 3810 1848 3878; x_wconf 69' lang='lat' dir='ltr'><strong>captivitatem</strong></span> <span class='ocrx_word' id='word_1_582' title='bbox 1878 3806 2097 3878; x_wconf 78' lang='lat' dir='ltr'><strong>quando</strong></span> 
     </span>
    </p>
   </div>
   <div class='ocr_carea' id='block_1_70' title="bbox 482 3900 2093 3977">
    <p class='ocr_par' dir='ltr' id='par_1_70' title="bbox 482 3900 2093 3977">
     <span class='ocr_line' id='line_1_70' title="bbox 482 3900 2093 3977; baseline -0.006 -14"><span class='ocrx_word' id='word_1_583' title='bbox 482 3907 736 3963; x_wconf 82' lang='lat' dir='ltr'><strong>Ezechiel</strong></span> <span class='ocrx_word' id='word_1_584' title='bbox 782 3908 833 3962; x_wconf 88' lang='lat' dir='ltr'><strong>in</strong></span> <span class='ocrx_word' id='word_1_585' title='bbox 865 3906 1146 3977; x_wconf 80' lang='lat' dir='ltr'><strong>Babylone</strong></span> <span class='ocrx_word' id='word_1_586' title='bbox 1194 3905 1294 3960; x_wconf 75' lang='lat' dir='ltr'><strong>iSta</strong></span> <span class='ocrx_word' id='word_1_587' title='bbox 1350 3902 1626 3967; x_wconf 84' lang='lat' dir='ltr'><strong>cernebat,</strong></span> <span class='ocrx_word' id='word_1_588' title='bbox 1658 3910 1713 3957; x_wconf 89' lang='lat' dir='ltr'><strong>et</strong></span> <span class='ocrx_word' id='word_1_589' title='bbox 1742 3901 2009 3959; x_wconf 87' lang='lat' dir='ltr'><strong>.leremias</strong></span> <span class='ocrx_word' id='word_1_590' title='bbox 2041 3900 2093 3954; x_wconf 91' lang='lat' dir='ltr'><strong>in</strong></span> 
     </span>
    </p>
   </div>
   <div class='ocr_carea' id='block_1_71' title="bbox 482 3990 2092 4072">
    <p class='ocr_par' dir='ltr' id='par_1_71' title="bbox 482 3990 2092 4072">
     <span class='ocr_line' id='line_1_71' title="bbox 482 3990 2092 4072; baseline -0.005 -17"><span class='ocrx_word' id='word_1_591' title='bbox 482 4001 754 4072; x_wconf 89' lang='lat' dir='ltr'><strong>principio</strong></span> <span class='ocrx_word' id='word_1_592' title='bbox 786 3999 941 4070; x_wconf 85' lang='lat' dir='ltr'><strong>ponit</strong></span> <span class='ocrx_word' id='word_1_593' title='bbox 992 3996 1287 4053; x_wconf 84' lang='lat' dir='ltr'><strong>voluminis</strong></span> <span class='ocrx_word' id='word_1_594' title='bbox 1316 3995 1439 4052; x_wconf 86' lang='lat' dir='ltr'><strong>sui:</strong></span> <span class='ocrx_word' id='word_1_595' title='bbox 1478 3995 1614 4062; x_wconf 83' lang='lat' dir='ltr'><strong>Quid</strong></span> <span class='ocrx_word' id='word_1_596' title='bbox 1645 4003 1699 4050; x_wconf 90' lang='lat' dir='ltr'><strong>tu</strong></span> <span class='ocrx_word' id='word_1_597' title='bbox 1732 3995 1891 4059; x_wconf 80' lang='lat' dir='ltr'><strong>vides,</strong></span> <span class='ocrx_word' id='word_1_598' title='bbox 1939 3990 2092 4047; x_wconf 75' lang='lat' dir='ltr'><strong>Iere-</strong></span> 
     </span>
    </p>
   </div>
   <div class='ocr_carea' id='block_1_72' title="bbox 481 4086 2093 4163">
    <p class='ocr_par' dir='ltr' id='par_1_72' title="bbox 481 4086 2093 4163">
     <span class='ocr_line' id='line_1_72' title="bbox 481 4086 2093 4163; baseline -0.005 -16"><span class='ocrx_word' id='word_1_599' title='bbox 481 4096 633 4149; x_wconf 85' lang='lat' dir='ltr'><strong>mia?</strong></span> <span class='ocrx_word' id='word_1_600' title='bbox 675 4092 775 4161; x_wconf 85' lang='lat' dir='ltr'><strong>Qui</strong></span> <span class='ocrx_word' id='word_1_601' title='bbox 800 4091 1139 4163; x_wconf 84' lang='lat' dir='ltr'><strong>respondens,</strong></span> <span class='ocrx_word' id='word_1_602' title='bbox 1160 4092 1255 4157; x_wconf 89' lang='lat' dir='ltr'><strong>ait,</strong></span> <span class='ocrx_word' id='word_1_603' title='bbox 1290 4088 1465 4147; x_wconf 80' lang='lat' dir='ltr'><strong>Ullam</strong></span> <span class='ocrx_word' id='word_1_604' title='bbox 1487 4104 1802 4155; x_wconf 72' lang='lat' dir='ltr'><strong>succensum,</strong></span> <span class='ocrx_word' id='word_1_605' title='bbox 1832 4093 1878 4141; x_wconf 88' lang='lat' dir='ltr'><strong>et</strong></span> <span class='ocrx_word' id='word_1_606' title='bbox 1908 4086 2093 4157; x_wconf 84' lang='lat' dir='ltr'><strong>faciem</strong></span> 
     </span>
    </p>
   </div>
   <div class='ocr_carea' id='block_1_73' title="bbox 479 4177 2092 4258">
    <p class='ocr_par' dir='ltr' id='par_1_73' title="bbox 479 4177 2092 4258">
     <span class='ocr_line' id='line_1_73' title="bbox 479 4177 2092 4258; baseline -0.005 -18"><span class='ocrx_word' id='word_1_607' title='bbox 479 4189 594 4258; x_wconf 88' lang='lat' dir='ltr'><strong>ejus</strong></span> <span class='ocrx_word' id='word_1_608' title='bbox 629 4203 663 4239; x_wconf 89' lang='lat' dir='ltr'><strong>a</strong></span> <span class='ocrx_word' id='word_1_609' title='bbox 695 4185 827 4256; x_wconf 84' lang='lat' dir='ltr'><strong>facie</strong></span> <span class='ocrx_word' id='word_1_610' title='bbox 862 4183 1134 4255; x_wconf 78' lang='lat' dir='ltr'><strong>Aquilonis</strong></span> <span class='ocrx_word' id='word_1_611' title='bbox 1170 4180 1393 4251; x_wconf 64' lang='lat' dir='ltr'><strong>(larem,</strong></span> <span class='ocrx_word' id='word_1_612' title='bbox 1426 4196 1468 4245; x_wconf 83' lang='lat'><strong>1,</strong></span> <span class='ocrx_word' id='word_1_613' title='bbox 1501 4179 1626 4249; x_wconf 77' lang='grc'><strong>15).</strong></span> <span class='ocrx_word' id='word_1_614' title='bbox 1653 4178 1795 4235; x_wconf 87' lang='lat' dir='ltr'><strong>Sunt</strong></span> <span class='ocrx_word' id='word_1_615' title='bbox 1819 4181 1908 4247; x_wconf 84' lang='lat' dir='ltr'><strong>qui</strong></span> <span class='ocrx_word' id='word_1_616' title='bbox 1936 4177 2092 4247; x_wconf 80' lang='lat' dir='ltr'><strong>juxta</strong></span> 
     </span>
    </p>
   </div>
   <div class='ocr_carea' id='block_1_74' title="bbox 477 4274 2089 4351">
    <p class='ocr_par' dir='ltr' id='par_1_74' title="bbox 477 4274 2089 4351">
     <span class='ocr_line' id='line_1_74' title="bbox 477 4274 2089 4351; baseline -0.006 -15"><span class='ocrx_word' id='word_1_617' title='bbox 477 4282 855 4351; x_wconf 72' lang='lat' dir='ltr'><strong>trepologiam,</strong></span> <span class='ocrx_word' id='word_1_618' title='bbox 880 4288 1055 4337; x_wconf 85' lang='lat' dir='ltr'><strong>totum</strong></span> <span class='ocrx_word' id='word_1_619' title='bbox 1085 4279 1264 4333; x_wconf 79' lang='lat' dir='ltr'><strong>locum</strong></span> <span class='ocrx_word' id='word_1_620' title='bbox 1288 4278 1450 4333; x_wconf 87' lang='lat' dir='ltr'><strong>istum</strong></span> <span class='ocrx_word' id='word_1_621' title='bbox 1472 4274 1540 4331; x_wconf 86' lang='lat' dir='ltr'><strong>ad</strong></span> <span class='ocrx_word' id='word_1_622' title='bbox 1563 4274 2089 4331; x_wconf 87' lang='lat' dir='ltr'><strong>consummationem</strong></span> 
     </span>
    </p>
   </div>
   <div class='ocr_carea' id='block_1_75' title="bbox 479 4372 2090 4449">
    <p class='ocr_par' dir='ltr' id='par_1_75' title="bbox 479 4372 2090 4449">
     <span class='ocr_line' id='line_1_75' title="bbox 479 4372 2090 4449; baseline -0.005 -18"><span class='ocrx_word' id='word_1_623' title='bbox 479 4376 664 4433; x_wconf 88' lang='lat' dir='ltr'><strong>mundi</strong></span> <span class='ocrx_word' id='word_1_624' title='bbox 698 4376 821 4449; x_wconf 74' lang='lat' dir='ltr'><strong>[AL</strong></span> <span class='ocrx_word' id='word_1_625' title='bbox 853 4374 1084 4447; x_wconf 72' lang='lat' dir='ltr'><strong>smculi]</strong></span> <span class='ocrx_word' id='word_1_626' title='bbox 1138 4372 1498 4437; x_wconf 80' lang='lat' dir='ltr'><strong>transferant,</strong></span> <span class='ocrx_word' id='word_1_627' title='bbox 1547 4382 1863 4439; x_wconf 88' lang='lat' dir='ltr'><strong>nonumque</strong></span> <span class='ocrx_word' id='word_1_628' title='bbox 1899 4382 2090 4423; x_wconf 90' lang='lat' dir='ltr'><strong>nume-</strong></span> 
     </span>
    </p>
   </div>
   <div class='ocr_carea' id='block_1_76' title="bbox 474 4459 2085 4541">
    <p class='ocr_par' dir='ltr' id='par_1_76' title="bbox 474 4459 2085 4541">
     <span class='ocr_line' id='line_1_76' title="bbox 474 4459 2085 4541; baseline -0.007 -13"><span class='ocrx_word' id='word_1_629' title='bbox 474 4487 617 4539; x_wconf 88' lang='lat' dir='ltr'><strong>rum,</strong></span> <span class='ocrx_word' id='word_1_630' title='bbox 649 4470 741 4541; x_wconf 77' lang='lat' dir='ltr'><strong>qui</strong></span> <span class='ocrx_word' id='word_1_631' title='bbox 774 4472 826 4526; x_wconf 87' lang='lat' dir='ltr'><strong>in</strong></span> <span class='ocrx_word' id='word_1_632' title='bbox 856 4468 1160 4539; x_wconf 86' lang='lat' dir='ltr'><strong>Scripturis</strong></span> <span class='ocrx_word' id='word_1_633' title='bbox 1191 4466 1397 4521; x_wconf 85' lang='lat' dir='ltr'><strong>sanetis</strong></span> <span class='ocrx_word' id='word_1_634' title='bbox 1426 4476 1713 4533; x_wconf 67' lang='lat' dir='ltr'><strong>pinnarum</strong></span> <span class='ocrx_word' id='word_1_635' title='bbox 1751 4469 1807 4517; x_wconf 89' lang='lat' dir='ltr'><strong>et</strong></span> <span class='ocrx_word' id='word_1_636' title='bbox 1833 4459 2085 4516; x_wconf 86' lang='lat' dir='ltr'><strong>dolorum</strong></span> 
     </span>
    </p>
   </div>
   <div class='ocr_carea' id='block_1_77' title="bbox 2207 3246 3812 3317">
    <p class='ocr_par' dir='ltr' id='par_1_77' title="bbox 2207 3246 3812 3317">
     <span class='ocr_line' id='line_1_77' title="bbox 2207 3246 3812 3317; baseline -0.003 -14"><span class='ocrx_word' id='word_1_637' title='bbox 2207 3265 2361 3317; x_wconf 84' lang='lat' dir='ltr'><strong>quere</strong></span> <span class='ocrx_word' id='word_1_638' title='bbox 2408 3248 2589 3302; x_wconf 87' lang='lat' dir='ltr'><strong>domui</strong></span> <span class='ocrx_word' id='word_1_639' title='bbox 2636 3246 2807 3303; x_wconf 81' lang='lat' dir='ltr'><strong>Israel</strong></span> <span class='ocrx_word' id='word_1_640' title='bbox 2854 3264 2870 3301; x_wconf 90' lang='lat'><strong><em>:</em></strong></span> <span class='ocrx_word' id='word_1_641' title='bbox 2926 3246 3056 3303; x_wconf 71' lang='lat' dir='ltr'><strong>Hier:</strong></span> <span class='ocrx_word' id='word_1_642' title='bbox 3120 3248 3245 3307; x_wconf 77' lang='lat' dir='ltr'><strong>dicit</strong></span> <span class='ocrx_word' id='word_1_643' title='bbox 3298 3248 3552 3304; x_wconf 81' lang='lat' dir='ltr'><strong>Dominus</strong></span> <span class='ocrx_word' id='word_1_644' title='bbox 3600 3246 3743 3305; x_wconf 64' lang='lat' dir='ltr'><strong>Deus</strong></span> <span class='ocrx_word' id='word_1_645' title='bbox 3792 3263 3812 3298; x_wconf 90' lang='lat'><strong><em>:</em></strong></span> 
     </span>
    </p>
   </div>
   <div class='ocr_carea' id='block_1_78' title="bbox 2206 3339 3813 3413">
    <p class='ocr_par' dir='ltr' id='par_1_78' title="bbox 2206 3339 3813 3413">
     <span class='ocr_line' id='line_1_78' title="bbox 2206 3339 3813 3413; baseline 0.001 -18"><span class='ocrx_word' id='word_1_646' title='bbox 2206 3341 2342 3397; x_wconf 85' lang='lat' dir='ltr'><strong>Ecce</strong></span> <span class='ocrx_word' id='word_1_647' title='bbox 2372 3357 2463 3413; x_wconf 86' lang='lat' dir='ltr'><strong>ego</strong></span> <span class='ocrx_word' id='word_1_648' title='bbox 2504 3339 2736 3411; x_wconf 78' lang='lat' dir='ltr'><strong>polluant</strong></span> <span class='ocrx_word' id='word_1_649' title='bbox 2774 3341 3127 3399; x_wconf 82' lang='lat' dir='ltr'><strong>sanctuarium</strong></span> <span class='ocrx_word' id='word_1_650' title='bbox 3166 3357 3356 3408; x_wconf 79' lang='lat' dir='ltr'><strong>uicum,</strong></span> <span class='ocrx_word' id='word_1_651' title='bbox 3386 3339 3677 3409; x_wconf 74' lang='lat' dir='ltr'><strong>superbiam</strong></span> <span class='ocrx_word' id='word_1_652' title='bbox 3708 3339 3813 3397; x_wconf 73' lang='lat' dir='ltr'><strong>int-</strong></span> 
     </span>
    </p>
   </div>
   <div class='ocr_carea' id='block_1_79' title="bbox 2204 3434 3811 3506">
    <p class='ocr_par' dir='ltr' id='par_1_79' title="bbox 2204 3434 3811 3506">
     <span class='ocr_line' id='line_1_79' title="bbox 2204 3434 3811 3506; baseline 0 -15"><span class='ocrx_word' id='word_1_653' title='bbox 2204 3435 2335 3506; x_wconf 83' lang='lat' dir='ltr'><strong>perii</strong></span> <span class='ocrx_word' id='word_1_654' title='bbox 2386 3436 2538 3490; x_wconf 83' lang='lat' dir='ltr'><strong>uestri</strong></span> <span class='ocrx_word' id='word_1_655' title='bbox 2565 3476 2579 3500; x_wconf 93' lang='lat'><strong>,</strong></span> <span class='ocrx_word' id='word_1_656' title='bbox 2629 3444 2676 3491; x_wconf 87' lang='lat' dir='ltr'><strong>et</strong></span> <span class='ocrx_word' id='word_1_657' title='bbox 2726 3434 3066 3489; x_wconf 75' lang='lat' dir='ltr'><strong>desiderabile</strong></span> <span class='ocrx_word' id='word_1_658' title='bbox 3112 3436 3381 3495; x_wconf 68' lang='lat' dir='ltr'><strong>caularum</strong></span> <span class='ocrx_word' id='word_1_659' title='bbox 3406 3444 3714 3501; x_wconf 71' lang='lat' dir='ltr'><strong>vestrarum,</strong></span> <span class='ocrx_word' id='word_1_660' title='bbox 3760 3440 3811 3491; x_wconf 76' lang='lat' dir='ltr'><strong>et</strong></span> 
     </span>
    </p>
   </div>
   <div class='ocr_carea' id='block_1_80' title="bbox 2203 3527 3810 3604">
    <p class='ocr_par' dir='ltr' id='par_1_80' title="bbox 2203 3527 3810 3604">
     <span class='ocr_line' id='line_1_80' title="bbox 2203 3527 3810 3604; baseline -0.002 -18"><span class='ocrx_word' id='word_1_661' title='bbox 2203 3548 2357 3604; x_wconf 85' lang='lat' dir='ltr'><strong>super</strong></span> <span class='ocrx_word' id='word_1_662' title='bbox 2394 3549 2494 3601; x_wconf 82' lang='lat' dir='ltr'><strong>quo</strong></span> <span class='ocrx_word' id='word_1_663' title='bbox 2535 3538 2680 3602; x_wconf 85' lang='lat' dir='ltr'><strong>pavet</strong></span> <span class='ocrx_word' id='word_1_664' title='bbox 2720 3532 2899 3586; x_wconf 73' lang='lat' dir='ltr'><strong>anima</strong></span> <span class='ocrx_word' id='word_1_665' title='bbox 2927 3541 3114 3598; x_wconf 83' lang='lat' dir='ltr'><strong>vestra,</strong></span> <span class='ocrx_word' id='word_1_666' title='bbox 3158 3539 3205 3584; x_wconf 88' lang='lat' dir='ltr'><strong>et</strong></span> <span class='ocrx_word' id='word_1_667' title='bbox 3237 3530 3336 3596; x_wconf 73' lang='lat' dir='ltr'><strong>ﬁlii</strong></span> <span class='ocrx_word' id='word_1_668' title='bbox 3384 3528 3560 3595; x_wconf 74' lang='lat' dir='ltr'><strong>vestri,</strong></span> <span class='ocrx_word' id='word_1_669' title='bbox 3609 3539 3656 3583; x_wconf 85' lang='lat' dir='ltr'><strong>ct</strong></span> <span class='ocrx_word' id='word_1_670' title='bbox 3680 3527 3810 3597; x_wconf 63' lang='lat' dir='ltr'><strong>ﬁlice</strong></span> 
     </span>
    </p>
   </div>
   <div class='ocr_carea' id='block_1_81' title="bbox 2202 3622 3812 3695">
    <p class='ocr_par' dir='ltr' id='par_1_81' title="bbox 2202 3622 3812 3695">
     <span class='ocr_line' id='line_1_81' title="bbox 2202 3622 3812 3695; baseline 0.001 -16"><span class='ocrx_word' id='word_1_671' title='bbox 2202 3641 2329 3695; x_wconf 83' lang='lat' dir='ltr'><strong>quas</strong></span> <span class='ocrx_word' id='word_1_672' title='bbox 2350 3625 2650 3694; x_wconf 82' lang='lat' dir='ltr'><strong>reliquistis,</strong></span> <span class='ocrx_word' id='word_1_673' title='bbox 2684 3623 2861 3695; x_wconf 81' lang='lat' dir='ltr'><strong>gladio</strong></span> <span class='ocrx_word' id='word_1_674' title='bbox 2891 3623 3094 3679; x_wconf 87' lang='lat' dir='ltr'><strong>cadent.</strong></span> <span class='ocrx_word' id='word_1_675' title='bbox 3157 3622 3223 3678; x_wconf 82' lang='lat' dir='ltr'><strong>Et</strong></span> <span class='ocrx_word' id='word_1_676' title='bbox 3253 3623 3454 3695; x_wconf 83' lang='lat' dir='ltr'><strong>facietis</strong></span> <span class='ocrx_word' id='word_1_677' title='bbox 3494 3623 3629 3681; x_wconf 77' lang='lat' dir='ltr'><strong>sicut</strong></span> <span class='ocrx_word' id='word_1_678' title='bbox 3658 3622 3760 3692; x_wconf 84' lang='lat' dir='ltr'><strong>feci</strong></span> <span class='ocrx_word' id='word_1_679' title='bbox 3787 3635 3812 3681; x_wconf 65' lang='grc' dir='ltr'><em>ἕ</em></span> 
     </span>
    </p>
   </div>
   <div class='ocr_carea' id='block_1_82' title="bbox 2204 3713 3809 3784">
    <p class='ocr_par' dir='ltr' id='par_1_82' title="bbox 2204 3713 3809 3784">
     <span class='ocr_line' id='line_1_82' title="bbox 2204 3713 3809 3784; baseline -0.001 -13"><span class='ocrx_word' id='word_1_680' title='bbox 2204 3734 2295 3773; x_wconf 88' lang='lat' dir='ltr'><strong>ora</strong></span> <span class='ocrx_word' id='word_1_681' title='bbox 2329 3719 2521 3772; x_wconf 83' lang='lat' dir='ltr'><strong>amictu</strong></span> <span class='ocrx_word' id='word_1_682' title='bbox 2560 3734 2661 3772; x_wconf 84' lang='lat' dir='ltr'><strong>non</strong></span> <span class='ocrx_word' id='word_1_683' title='bbox 2702 3716 2935 3771; x_wconf 63' lang='lat' dir='ltr'><strong>valebitis</strong></span> <span class='ocrx_word' id='word_1_684' title='bbox 2960 3758 2975 3783; x_wconf 93' lang='lat'><strong>,</strong></span> <span class='ocrx_word' id='word_1_685' title='bbox 3022 3726 3069 3772; x_wconf 80' lang='lat' dir='ltr'><strong>et</strong></span> <span class='ocrx_word' id='word_1_686' title='bbox 3098 3714 3236 3771; x_wconf 84' lang='lat' dir='ltr'><strong>cibos</strong></span> <span class='ocrx_word' id='word_1_687' title='bbox 3259 3713 3544 3784; x_wconf 76' lang='lat' dir='ltr'><strong>lugentium</strong></span> <span class='ocrx_word' id='word_1_688' title='bbox 3572 3730 3673 3773; x_wconf 81' lang='lat' dir='ltr'><strong>nou</strong></span> <span class='ocrx_word' id='word_1_689' title='bbox 3714 3730 3809 3769; x_wconf 78' lang='lat' dir='ltr'><strong>co-</strong></span> 
     </span>
    </p>
   </div>
   <div class='ocr_carea' id='block_1_83' title="bbox 2200 3806 3805 3878">
    <p class='ocr_par' dir='ltr' id='par_1_83' title="bbox 2200 3806 3805 3878">
     <span class='ocr_line' id='line_1_83' title="bbox 2200 3806 3805 3878; baseline -0.003 -16"><span class='ocrx_word' id='word_1_690' title='bbox 2200 3809 2432 3865; x_wconf 83' lang='lat' dir='ltr'><strong>medetis.</strong></span> <span class='ocrx_word' id='word_1_691' title='bbox 2465 3806 2697 3863; x_wconf 74' lang='lat' dir='ltr'><strong>Coronos</strong></span> <span class='ocrx_word' id='word_1_692' title='bbox 2722 3806 2975 3863; x_wconf 81' lang='lat' dir='ltr'><strong>habebitis</strong></span> <span class='ocrx_word' id='word_1_693' title='bbox 3006 3808 3059 3863; x_wconf 81' lang='lat' dir='ltr'><strong>in</strong></span> <span class='ocrx_word' id='word_1_694' title='bbox 3088 3806 3348 3878; x_wconf 81' lang='lat' dir='ltr'><strong>capitibus</strong></span> <span class='ocrx_word' id='word_1_695' title='bbox 3376 3808 3577 3871; x_wconf 76' lang='lat' dir='ltr'><strong>vestris,</strong></span> <span class='ocrx_word' id='word_1_696' title='bbox 3618 3815 3669 3861; x_wconf 88' lang='lat' dir='ltr'><strong>et</strong></span> <span class='ocrx_word' id='word_1_697' title='bbox 3694 3807 3805 3858; x_wconf 71' lang='lat' dir='ltr'><strong>cal.</strong></span> 
     </span>
    </p>
   </div>
   <div class='ocr_carea' id='block_1_84' title="bbox 2200 3898 3807 3972">
    <p class='ocr_par' dir='ltr' id='par_1_84' title="bbox 2200 3898 3807 3972">
     <span class='ocr_line' id='line_1_84' title="bbox 2200 3898 3807 3972; baseline -0.002 -17"><span class='ocrx_word' id='word_1_698' title='bbox 2200 3904 2451 3957; x_wconf 82' lang='lat' dir='ltr'><strong>ciamc‘nta</strong></span> <span class='ocrx_word' id='word_1_699' title='bbox 2473 3902 2523 3955; x_wconf 87' lang='lat' dir='ltr'><strong>in</strong></span> <span class='ocrx_word' id='word_1_700' title='bbox 2558 3901 2771 3970; x_wconf 83' lang='lat' dir='ltr'><strong>pedibus</strong></span> <span class='ocrx_word' id='word_1_701' title='bbox 2802 3917 2820 3954; x_wconf 90' lang='lat'><strong><em>:</em></strong></span> <span class='ocrx_word' id='word_1_702' title='bbox 2845 3917 2948 3957; x_wconf 79' lang='lat' dir='ltr'><strong>non</strong></span> <span class='ocrx_word' id='word_1_703' title='bbox 2974 3900 3255 3972; x_wconf 83' lang='lat' dir='ltr'><strong>plaugetis,</strong></span> <span class='ocrx_word' id='word_1_704' title='bbox 3274 3916 3432 3971; x_wconf 78' lang='lat' dir='ltr'><strong>neque</strong></span> <span class='ocrx_word' id='word_1_705' title='bbox 3459 3899 3647 3970; x_wconf 83' lang='lat' dir='ltr'><strong>ﬂebitis</strong></span> <span class='ocrx_word' id='word_1_706' title='bbox 3670 3916 3687 3953; x_wconf 89' lang='lat'><strong><em>:</em></strong></span> <span class='ocrx_word' id='word_1_707' title='bbox 3710 3898 3807 3959; x_wconf 67' lang='lat' dir='ltr'><strong>sed</strong></span> 
     </span>
    </p>
   </div>
   <div class='ocr_carea' id='block_1_85' title="bbox 2198 3995 3805 4067">
    <p class='ocr_par' dir='ltr' id='par_1_85' title="bbox 2198 3995 3805 4067">
     <span class='ocr_line' id='line_1_85' title="bbox 2198 3995 3805 4067; baseline -0.001 -18"><span class='ocrx_word' id='word_1_708' title='bbox 2198 3995 2463 4051; x_wconf 87' lang='lat' dir='ltr'><strong>tabescetis</strong></span> <span class='ocrx_word' id='word_1_709' title='bbox 2492 3996 2543 4049; x_wconf 88' lang='lat' dir='ltr'><strong>in</strong></span> <span class='ocrx_word' id='word_1_710' title='bbox 2571 3995 2933 4065; x_wconf 80' lang='lat' dir='ltr'><strong>iniquitatibus</strong></span> <span class='ocrx_word' id='word_1_711' title='bbox 2950 3995 3150 4058; x_wconf 67' lang='lat' dir='ltr'><strong>vestris,</strong></span> <span class='ocrx_word' id='word_1_712' title='bbox 3180 4004 3231 4051; x_wconf 79' lang='lat' dir='ltr'><strong>et</strong></span> <span class='ocrx_word' id='word_1_713' title='bbox 3250 3995 3605 4067; x_wconf 76' lang='lat' dir='ltr'><strong>unusquisque</strong></span> <span class='ocrx_word' id='word_1_714' title='bbox 3637 4002 3805 4067; x_wconf 64' lang='lat' dir='ltr'><strong>gestiet</strong></span> 
     </span>
    </p>
   </div>
   <div class='ocr_carea' id='block_1_86' title="bbox 2197 4085 3800 4160">
    <p class='ocr_par' dir='ltr' id='par_1_86' title="bbox 2197 4085 3800 4160">
     <span class='ocr_line' id='line_1_86' title="bbox 2197 4085 3800 4160; baseline 0.001 -17"><span class='ocrx_word' id='word_1_715' title='bbox 2197 4089 2266 4143; x_wconf 85' lang='lat' dir='ltr'><strong>ad</strong></span> <span class='ocrx_word' id='word_1_716' title='bbox 2297 4090 2512 4160; x_wconf 76' lang='lat' dir='ltr'><strong>fratrem</strong></span> <span class='ocrx_word' id='word_1_717' title='bbox 2544 4104 2715 4142; x_wconf 84' lang='lat' dir='ltr'><strong>suum.</strong></span> <span class='ocrx_word' id='word_1_718' title='bbox 2747 4086 2959 4157; x_wconf 83' lang='lat' dir='ltr'><strong>Eritque</strong></span> <span class='ocrx_word' id='word_1_719' title='bbox 2980 4085 3223 4143; x_wconf 79' lang='lat' dir='ltr'><strong>Ezechiel</strong></span> <span class='ocrx_word' id='word_1_720' title='bbox 3243 4086 3384 4141; x_wconf 78' lang='lat' dir='ltr'><strong>vobis</strong></span> <span class='ocrx_word' id='word_1_721' title='bbox 3406 4088 3459 4141; x_wconf 87' lang='lat' dir='ltr'><strong>in</strong></span> <span class='ocrx_word' id='word_1_722' title='bbox 3480 4096 3800 4156; x_wconf 65' lang='lat' dir='ltr'><strong>portentum,</strong></span> 
     </span>
    </p>
   </div>
   <div class='ocr_carea' id='block_1_87' title="bbox 2187 4179 3800 4253">
    <p class='ocr_par' dir='ltr' id='par_1_87' title="bbox 2187 4179 3800 4253">
     <span class='ocr_line' id='line_1_87' title="bbox 2187 4179 3800 4253; baseline 0.001 -20"><span class='ocrx_word' id='word_1_723' title='bbox 2187 4183 2349 4253; x_wconf 77' lang='lat' dir='ltr'><strong>juazta</strong></span> <span class='ocrx_word' id='word_1_724' title='bbox 2374 4179 2551 4233; x_wconf 85' lang='lat' dir='ltr'><strong>omnia</strong></span> <span class='ocrx_word' id='word_1_725' title='bbox 2572 4194 2688 4249; x_wconf 79' lang='lat' dir='ltr'><strong>qua:</strong></span> <span class='ocrx_word' id='word_1_726' title='bbox 2714 4180 2854 4250; x_wconf 85' lang='lat' dir='ltr'><strong>fecit,</strong></span> <span class='ocrx_word' id='word_1_727' title='bbox 2878 4180 3073 4250; x_wconf 77' lang='lat' dir='ltr'><strong>facietis</strong></span> <span class='ocrx_word' id='word_1_728' title='bbox 3089 4195 3206 4235; x_wconf 74' lang='lat' dir='ltr'><strong>cum</strong></span> <span class='ocrx_word' id='word_1_729' title='bbox 3220 4179 3411 4235; x_wconf 78' lang='lat' dir='ltr'><strong>venerit</strong></span> <span class='ocrx_word' id='word_1_730' title='bbox 3431 4179 3591 4246; x_wconf 84' lang='lat' dir='ltr'><strong>istud,</strong></span> <span class='ocrx_word' id='word_1_731' title='bbox 3604 4187 3653 4234; x_wconf 81' lang='lat' dir='ltr'><strong>et</strong></span> <span class='ocrx_word' id='word_1_732' title='bbox 3669 4180 3800 4235; x_wconf 65' lang='lat' dir='ltr'><strong>scie-</strong></span> 
     </span>
    </p>
   </div>
   <div class='ocr_carea' id='block_1_88' title="bbox 2195 4268 3804 4342">
    <p class='ocr_par' dir='ltr' id='par_1_88' title="bbox 2195 4268 3804 4342">
     <span class='ocr_line' id='line_1_88' title="bbox 2195 4268 3804 4342; baseline 0.001 -17"><span class='ocrx_word' id='word_1_733' title='bbox 2195 4272 2259 4327; x_wconf 87' lang='lat' dir='ltr'><strong>tis</strong></span> <span class='ocrx_word' id='word_1_734' title='bbox 2289 4272 2409 4342; x_wconf 88' lang='lat' dir='ltr'><strong>quia</strong></span> <span class='ocrx_word' id='word_1_735' title='bbox 2437 4288 2532 4341; x_wconf 87' lang='lat' dir='ltr'><strong>ego</strong></span> <span class='ocrx_word' id='word_1_736' title='bbox 2557 4270 2809 4326; x_wconf 84' lang='lat' dir='ltr'><strong>Dominus</strong></span> <span class='ocrx_word' id='word_1_737' title='bbox 2838 4268 3000 4327; x_wconf 83' lang='lat' dir='ltr'><strong>Deus.</strong></span> <span class='ocrx_word' id='word_1_738' title='bbox 3033 4271 3099 4325; x_wconf 77' lang='lat' dir='ltr'><strong>Et</strong></span> <span class='ocrx_word' id='word_1_739' title='bbox 3126 4280 3204 4339; x_wconf 87' lang='lat' dir='ltr'><strong>tu,</strong></span> <span class='ocrx_word' id='word_1_740' title='bbox 3226 4272 3306 4341; x_wconf 79' lang='lat' dir='ltr'><strong>ﬁli</strong></span> <span class='ocrx_word' id='word_1_741' title='bbox 3332 4272 3574 4341; x_wconf 78' lang='lat' dir='ltr'><strong>ltcminis,</strong></span> <span class='ocrx_word' id='word_1_742' title='bbox 3605 4288 3718 4328; x_wconf 87' lang='lat' dir='ltr'><strong>ecce</strong></span> <span class='ocrx_word' id='word_1_743' title='bbox 3745 4271 3804 4335; x_wconf 79' lang='lat' dir='ltr'><strong>in</strong></span> 
     </span>
    </p>
   </div>
   <div class='ocr_carea' id='block_1_89' title="bbox 2194 4366 3803 4440">
    <p class='ocr_par' dir='ltr' id='par_1_89' title="bbox 2194 4366 3803 4440">
     <span class='ocr_line' id='line_1_89' title="bbox 2194 4366 3803 4440; baseline 0.002 -21"><span class='ocrx_word' id='word_1_744' title='bbox 2194 4367 2279 4423; x_wconf 83' lang='lat' dir='ltr'><strong>die</strong></span> <span class='ocrx_word' id='word_1_745' title='bbox 2308 4385 2410 4438; x_wconf 87' lang='lat' dir='ltr'><strong>quo</strong></span> <span class='ocrx_word' id='word_1_746' title='bbox 2432 4366 2612 4423; x_wconf 88' lang='lat' dir='ltr'><strong>tollam</strong></span> <span class='ocrx_word' id='word_1_747' title='bbox 2641 4367 2703 4423; x_wconf 86' lang='lat' dir='ltr'><strong>ab</strong></span> <span class='ocrx_word' id='word_1_748' title='bbox 2736 4367 2807 4423; x_wconf 86' lang='lat' dir='ltr'><strong>eis</strong></span> <span class='ocrx_word' id='word_1_749' title='bbox 2838 4366 3196 4437; x_wconf 78' lang='lat' dir='ltr'><strong>fortitudinem</strong></span> <span class='ocrx_word' id='word_1_750' title='bbox 3243 4382 3443 4429; x_wconf 74' lang='lat' dir='ltr'><strong>serunt,</strong></span> <span class='ocrx_word' id='word_1_751' title='bbox 3472 4378 3519 4423; x_wconf 86' lang='lat' dir='ltr'><strong>et</strong></span> <span class='ocrx_word' id='word_1_752' title='bbox 3546 4367 3803 4440; x_wconf 75' lang='lat' dir='ltr'><strong>gcmliusu</strong></span> 
     </span>
    </p>
   </div>
   <div class='ocr_carea' id='block_1_90' title="bbox 2193 4461 3800 4534">
    <p class='ocr_par' dir='ltr' id='par_1_90' title="bbox 2193 4461 3800 4534">
     <span class='ocr_line' id='line_1_90' title="bbox 2193 4461 3800 4534; baseline 0.001 -19"><span class='ocrx_word' id='word_1_753' title='bbox 2193 4462 2485 4534; x_wconf 84' lang='lat' dir='ltr'><strong>dignitatis,</strong></span> <span class='ocrx_word' id='word_1_754' title='bbox 2512 4471 2560 4515; x_wconf 87' lang='lat' dir='ltr'><strong>et</strong></span> <span class='ocrx_word' id='word_1_755' title='bbox 2581 4461 2895 4517; x_wconf 84' lang='lat' dir='ltr'><strong>desiderium</strong></span> <span class='ocrx_word' id='word_1_756' title='bbox 2917 4462 3187 4516; x_wconf 85' lang='lat' dir='ltr'><strong>oculorum</strong></span> <span class='ocrx_word' id='word_1_757' title='bbox 3208 4476 3387 4517; x_wconf 87' lang='lat' dir='ltr'><strong>eorum</strong></span> <span class='ocrx_word' id='word_1_758' title='bbox 3409 4477 3565 4532; x_wconf 80' lang='lat' dir='ltr'><strong>super</strong></span> <span class='ocrx_word' id='word_1_759' title='bbox 3587 4476 3687 4531; x_wconf 82' lang='lat' dir='ltr'><strong>quo</strong></span> <span class='ocrx_word' id='word_1_760' title='bbox 3707 4476 3800 4516; x_wconf 80' lang='lat' dir='ltr'><strong>re—</strong></span> 
     </span>
    </p>
   </div>
   <div class='ocr_carea' id='block_1_91' title="bbox 474 4549 3807 4632">
    <p class='ocr_par' dir='ltr' id='par_1_91' title="bbox 474 4549 3807 4632">
     <span class='ocr_line' id='line_1_91' title="bbox 474 4549 3807 4632; baseline -0.004 -12"><span class='ocrx_word' id='word_1_761' title='bbox 474 4575 585 4629; x_wconf 86' lang='lat' dir='ltr'><strong>est,</strong></span> <span class='ocrx_word' id='word_1_762' title='bbox 620 4572 676 4620; x_wconf 89' lang='lat' dir='ltr'><strong>et</strong></span> <span class='ocrx_word' id='word_1_763' title='bbox 697 4577 916 4632; x_wconf 85' lang='lat' dir='ltr'><strong>semper</strong></span> <span class='ocrx_word' id='word_1_764' title='bbox 947 4562 1194 4631; x_wconf 88' lang='lat' dir='ltr'><strong>sequitur</strong></span> <span class='ocrx_word' id='word_1_765' title='bbox 1220 4560 1517 4629; x_wconf 83' lang='lat' dir='ltr'><strong>justitiam,</strong></span> <span class='ocrx_word' id='word_1_766' title='bbox 1561 4556 1763 4613; x_wconf 87' lang='lat' dir='ltr'><strong>decimi</strong></span> <span class='ocrx_word' id='word_1_767' title='bbox 1793 4554 1998 4610; x_wconf 84' lang='lat' dir='ltr'><strong>mensis</strong></span> <span class='ocrx_word' id='word_1_768' title='bbox 2027 4564 2083 4610; x_wconf 90' lang='lat' dir='ltr'><strong>et</strong></span> <span class='ocrx_word' id='word_1_769' title='bbox 2110 4549 2158 4609; x_wconf 78' lang='lat' dir='ltr'><strong>D</strong></span> <span class='ocrx_word' id='word_1_770' title='bbox 2184 4558 2456 4627; x_wconf 83' lang='lat' dir='ltr'><strong>quiescunt</strong></span> <span class='ocrx_word' id='word_1_771' title='bbox 2477 4556 2665 4611; x_wconf 59' lang='lat' dir='ltr'><strong>animle</strong></span> <span class='ocrx_word' id='word_1_772' title='bbox 2685 4555 3101 4625; x_wconf 75' lang='lat' dir='ltr'><strong>eorum,ﬁlioset</strong></span> <span class='ocrx_word' id='word_1_773' title='bbox 3126 4554 3264 4623; x_wconf 83' lang='lat' dir='ltr'><strong>filias</strong></span> <span class='ocrx_word' id='word_1_774' title='bbox 3284 4570 3484 4610; x_wconf 81' lang='lat' dir='ltr'><strong>eorum.</strong></span> <span class='ocrx_word' id='word_1_775' title='bbox 3510 4551 3577 4609; x_wconf 81' lang='lat' dir='ltr'><strong>lu</strong></span> <span class='ocrx_word' id='word_1_776' title='bbox 3592 4553 3679 4608; x_wconf 78' lang='lat' dir='ltr'><strong>die</strong></span> <span class='ocrx_word' id='word_1_777' title='bbox 3698 4551 3807 4613; x_wconf 80' lang='lat' dir='ltr'><strong>illa</strong></span> 
     </span>
    </p>
   </div>
   <div class='ocr_carea' id='block_1_92' title="bbox 474 4648 2079 4724">
    <p class='ocr_par' dir='ltr' id='par_1_92' title="bbox 474 4648 2079 4724">
     <span class='ocr_line' id='line_1_92' title="bbox 474 4648 2079 4724; baseline -0.006 -10"><span class='ocrx_word' id='word_1_778' title='bbox 474 4657 582 4714; x_wconf 89' lang='lat' dir='ltr'><strong>diei</strong></span> <span class='ocrx_word' id='word_1_779' title='bbox 611 4658 836 4714; x_wconf 77' lang='lat' dir='ltr'><strong>decimze</strong></span> <span class='ocrx_word' id='word_1_780' title='bbox 862 4655 1156 4711; x_wconf 82' lang='lat' dir='ltr'><strong>clementia</strong></span> <span class='ocrx_word' id='word_1_781' title='bbox 1187 4660 1514 4724; x_wconf 85' lang='lat' dir='ltr'><strong>temperant.</strong></span> <span class='ocrx_word' id='word_1_782' title='bbox 1559 4650 1773 4708; x_wconf 84' lang='lat' dir='ltr'><strong>Idcirco</strong></span> <span class='ocrx_word' id='word_1_783' title='bbox 1797 4650 1941 4706; x_wconf 86' lang='lat' dir='ltr'><strong>enim</strong></span> <span class='ocrx_word' id='word_1_784' title='bbox 1983 4648 2079 4705; x_wconf 87' lang='lat' dir='ltr'><strong>ad—</strong></span> 
     </span>
    </p>
   </div>
   <div class='ocr_carea' id='block_1_93' title="bbox 472 4734 2081 4823">
    <p class='ocr_par' dir='ltr' id='par_1_93' title="bbox 472 4734 2081 4823">
     <span class='ocr_line' id='line_1_93' title="bbox 472 4734 2081 4823; baseline -0.004 -16"><span class='ocrx_word' id='word_1_785' title='bbox 472 4751 730 4808; x_wconf 79' lang='lat' dir='ltr'><strong>hibentur</strong></span> <span class='ocrx_word' id='word_1_786' title='bbox 778 4734 1167 4823; x_wconf 60' lang='lat' dir='ltr'><strong>aegrotantibus</strong></span> <span class='ocrx_word' id='word_1_787' title='bbox 1218 4763 1414 4818; x_wconf 69' lang='lat' dir='ltr'><strong>pronae,</strong></span> <span class='ocrx_word' id='word_1_788' title='bbox 1472 4753 1533 4807; x_wconf 85' lang='lat' dir='ltr'><strong>ut</strong></span> <span class='ocrx_word' id='word_1_789' title='bbox 1583 4747 1832 4803; x_wconf 84' lang='lat' dir='ltr'><strong>dolorem</strong></span> <span class='ocrx_word' id='word_1_790' title='bbox 1875 4744 2081 4801; x_wconf 84' lang='lat' dir='ltr'><strong>sanitas</strong></span> 
     </span>
    </p>
   </div>
   <div class='ocr_carea' id='block_1_94' title="bbox 472 4839 2079 4916">
    <p class='ocr_par' dir='ltr' id='par_1_94' title="bbox 472 4839 2079 4916">
     <span class='ocr_line' id='line_1_94' title="bbox 472 4839 2079 4916; baseline -0.008 -13"><span class='ocrx_word' id='word_1_791' title='bbox 472 4856 862 4916; x_wconf 81' lang='lat' dir='ltr'><strong>consequatur.</strong></span> <span class='ocrx_word' id='word_1_792' title='bbox 897 4842 1131 4899; x_wconf 73' lang='lat' dir='ltr'><strong>Mundus</strong></span> <span class='ocrx_word' id='word_1_793' title='bbox 1157 4858 1277 4914; x_wconf 79' lang='lat' dir='ltr'><strong>ergo</strong></span> <span class='ocrx_word' id='word_1_794' title='bbox 1302 4842 1390 4914; x_wconf 85' lang='lat' dir='ltr'><strong>qui</strong></span> <span class='ocrx_word' id='word_1_795' title='bbox 1418 4841 1474 4897; x_wconf 84' lang='lat' dir='ltr'><strong>in</strong></span> <span class='ocrx_word' id='word_1_796' title='bbox 1502 4840 1728 4912; x_wconf 84' lang='lat' dir='ltr'><strong>maligno</strong></span> <span class='ocrx_word' id='word_1_797' title='bbox 1759 4839 1959 4909; x_wconf 85' lang='lat' dir='ltr'><strong>positus</strong></span> <span class='ocrx_word' id='word_1_798' title='bbox 2000 4845 2079 4891; x_wconf 87' lang='lat' dir='ltr'><strong>est</strong></span> 
     </span>
    </p>
   </div>
   <div class='ocr_carea' id='block_1_95' title="bbox 469 4928 2071 5013">
    <p class='ocr_par' dir='ltr' id='par_1_95' title="bbox 469 4928 2071 5013">
     <span class='ocr_line' id='line_1_95' title="bbox 469 4928 2071 5013; baseline -0.006 -19"><span class='ocrx_word' id='word_1_799' title='bbox 469 4939 534 5011; x_wconf 94' lang='lat' dir='ltr'><strong>(l</strong></span> <span class='ocrx_word' id='word_1_800' title='bbox 562 4936 723 4993; x_wconf 81' lang='lat' dir='ltr'><strong>Joan.</strong></span> <span class='ocrx_word' id='word_1_801' title='bbox 749 4953 803 5005; x_wconf 72' lang='grc' dir='ltr'><strong>ν,</strong></span> <span class='ocrx_word' id='word_1_802' title='bbox 837 4937 902 4991; x_wconf 87' lang='lat' dir='ltr'><strong>l9</strong></span> <span class='ocrx_word' id='word_1_803' title='bbox 929 4935 972 5007; x_wconf 87' lang='lat'><strong>),</strong></span> <span class='ocrx_word' id='word_1_804' title='bbox 1005 4934 1302 5013; x_wconf 80' lang='lat' dir='ltr'><strong>diejudicii</strong></span> <span class='ocrx_word' id='word_1_805' title='bbox 1332 4934 1517 4991; x_wconf 86' lang='lat' dir='ltr'><strong>divino</strong></span> <span class='ocrx_word' id='word_1_806' title='bbox 1538 4932 1662 5001; x_wconf 80' lang='lat' dir='ltr'><strong>igne</strong></span> <span class='ocrx_word' id='word_1_807' title='bbox 1681 4928 2071 4995; x_wconf 83' lang='lat' dir='ltr'><strong>succenditur;</strong></span> 
     </span>
    </p>
   </div>
   <div class='ocr_carea' id='block_1_96' title="bbox 465 5019 2070 5099">
    <p class='ocr_par' dir='ltr' id='par_1_96' title="bbox 465 5019 2070 5099">
     <span class='ocr_line' id='line_1_96' title="bbox 465 5019 2070 5099; baseline -0.007 -12"><span class='ocrx_word' id='word_1_808' title='bbox 465 5040 520 5087; x_wconf 90' lang='lat' dir='ltr'><strong>et</strong></span> <span class='ocrx_word' id='word_1_809' title='bbox 548 5032 746 5087; x_wconf 78' lang='lat' dir='ltr'><strong>civitas</strong></span> <span class='ocrx_word' id='word_1_810' title='bbox 776 5030 1100 5099; x_wconf 78' lang='lat' dir='ltr'><strong>sanguinum</strong></span> <span class='ocrx_word' id='word_1_811' title='bbox 1144 5028 1361 5097; x_wconf 84' lang='lat' dir='ltr'><strong>ponitur</strong></span> <span class='ocrx_word' id='word_1_812' title='bbox 1405 5038 1569 5094; x_wconf 84' lang='lat' dir='ltr'><strong>super</strong></span> <span class='ocrx_word' id='word_1_813' title='bbox 1606 5022 1879 5079; x_wconf 86' lang='lat' dir='ltr'><strong>carbones</strong></span> <span class='ocrx_word' id='word_1_814' title='bbox 1908 5019 2070 5091; x_wconf 81' lang='lat' dir='ltr'><strong>ignis,</strong></span> 
     </span>
    </p>
   </div>
   <div class='ocr_carea' id='block_1_97' title="bbox 463 5112 2066 5197">
    <p class='ocr_par' dir='ltr' id='par_1_97' title="bbox 463 5112 2066 5197">
     <span class='ocr_line' id='line_1_97' title="bbox 463 5112 2066 5197; baseline -0.009 -14"><span class='ocrx_word' id='word_1_815' title='bbox 463 5136 523 5183; x_wconf 87' lang='lat' dir='ltr'><strong>ut</strong></span> <span class='ocrx_word' id='word_1_816' title='bbox 548 5126 836 5197; x_wconf 82' lang='lat' dir='ltr'><strong>impleatur</strong></span> <span class='ocrx_word' id='word_1_817' title='bbox 862 5124 989 5181; x_wconf 88' lang='lat' dir='ltr'><strong>illud</strong></span> <span class='ocrx_word' id='word_1_818' title='bbox 1019 5122 1163 5193; x_wconf 84' lang='lat' dir='ltr'><strong>quod</strong></span> <span class='ocrx_word' id='word_1_819' title='bbox 1193 5120 1461 5190; x_wconf 83' lang='lat' dir='ltr'><strong>scriptum</strong></span> <span class='ocrx_word' id='word_1_820' title='bbox 1488 5124 1573 5174; x_wconf 87' lang='lat' dir='ltr'><strong>est</strong></span> <span class='ocrx_word' id='word_1_821' title='bbox 1599 5118 1651 5173; x_wconf 92' lang='lat' dir='ltr'><strong>in</strong></span> <span class='ocrx_word' id='word_1_822' title='bbox 1676 5115 1815 5177; x_wconf 86' lang='lat' dir='ltr'><strong>Isaia</strong></span> <span class='ocrx_word' id='word_1_823' title='bbox 1843 5132 1855 5170; x_wconf 90' lang='lat'><strong>:</strong></span> <span class='ocrx_word' id='word_1_824' title='bbox 1895 5112 2066 5170; x_wconf 84' lang='lat' dir='ltr'><strong>Habes</strong></span> 
     </span>
    </p>
   </div>
   <div class='ocr_carea' id='block_1_98' title="bbox 460 5208 2065 5291">
    <p class='ocr_par' dir='ltr' id='par_1_98' title="bbox 460 5208 2065 5291">
     <span class='ocr_line' id='line_1_98' title="bbox 460 5208 2065 5291; baseline -0.012 -15"><span class='ocrx_word' id='word_1_825' title='bbox 460 5221 705 5276; x_wconf 85' lang='lat' dir='ltr'><strong>carbones</strong></span> <span class='ocrx_word' id='word_1_826' title='bbox 734 5219 895 5291; x_wconf 78' lang='lat' dir='ltr'><strong>ignis,</strong></span> <span class='ocrx_word' id='word_1_827' title='bbox 923 5216 1129 5283; x_wconf 81' lang='lat' dir='ltr'><strong>sedibus</strong></span> <span class='ocrx_word' id='word_1_828' title='bbox 1152 5230 1306 5283; x_wconf 84' lang='lat' dir='ltr'><strong>super</strong></span> <span class='ocrx_word' id='word_1_829' title='bbox 1326 5229 1412 5267; x_wconf 82' lang='lat' dir='ltr'><strong>eos</strong></span> <span class='ocrx_word' id='word_1_830' title='bbox 1436 5228 1452 5264; x_wconf 87' lang='lat'><em>:</em></span> <span class='ocrx_word' id='word_1_831' title='bbox 1480 5219 1630 5265; x_wconf 74' lang='lat' dir='ltr'><strong>erum</strong></span> <span class='ocrx_word' id='word_1_832' title='bbox 1663 5208 1751 5262; x_wconf 88' lang='lat' dir='ltr'><strong>tibi</strong></span> <span class='ocrx_word' id='word_1_833' title='bbox 1779 5209 1830 5263; x_wconf 89' lang='lat' dir='ltr'><strong>in</strong></span> <span class='ocrx_word' id='word_1_834' title='bbox 1856 5208 2065 5280; x_wconf 68' lang='lat' dir='ltr'><strong>adjuto.</strong></span> 
     </span>
    </p>
   </div>
   <div class='ocr_carea' id='block_1_99' title="bbox 455 5299 2066 5385">
    <p class='ocr_par' dir='ltr' id='par_1_99' title="bbox 455 5299 2066 5385">
     <span class='ocr_line' id='line_1_99' title="bbox 455 5299 2066 5385; baseline -0.009 -16"><span class='ocrx_word' id='word_1_835' title='bbox 455 5315 590 5369; x_wconf 83' lang='lat' dir='ltr'><strong>rium</strong></span> <span class='ocrx_word' id='word_1_836' title='bbox 608 5315 628 5385; x_wconf 93' lang='lat'><strong>(</strong></span> <span class='ocrx_word' id='word_1_837' title='bbox 648 5312 782 5370; x_wconf 77' lang='grc' dir='ltr'><strong>1εαὶ.</strong></span> <span class='ocrx_word' id='word_1_838' title='bbox 802 5326 968 5379; x_wconf 74' lang='grc' dir='ltr'><strong><em>ιινιι,</em></strong></span> <span class='ocrx_word' id='word_1_839' title='bbox 992 5310 1058 5366; x_wconf 73' lang='lat' dir='ltr'><strong>li</strong></span> <span class='ocrx_word' id='word_1_840' title='bbox 1084 5311 1124 5381; x_wconf 89' lang='lat'><strong>).</strong></span> <span class='ocrx_word' id='word_1_841' title='bbox 1148 5308 1396 5377; x_wconf 82' lang='lat' dir='ltr'><strong>lllndque</strong></span> <span class='ocrx_word' id='word_1_842' title='bbox 1421 5303 1641 5361; x_wconf 78' lang='lat' dir='ltr'><strong>difﬁcile</strong></span> <span class='ocrx_word' id='word_1_843' title='bbox 1658 5313 1763 5369; x_wconf 84' lang='lat' dir='ltr'><strong>est,</strong></span> <span class='ocrx_word' id='word_1_844' title='bbox 1791 5299 2066 5373; x_wconf 85' lang='lat' dir='ltr'><strong>quomodo</strong></span> 
     </span>
    </p>
   </div>
   <div class='ocr_carea' id='block_1_100' title="bbox 454 5395 2069 5467">
    <p class='ocr_par' dir='ltr' id='par_1_100' title="bbox 454 5395 2069 5467">
     <span class='ocr_line' id='line_1_100' title="bbox 454 5395 2069 5467; baseline -0.01 -4"><span class='ocrx_word' id='word_1_845' title='bbox 454 5421 579 5463; x_wconf 81' lang='lat' dir='ltr'><strong>cum</strong></span> <span class='ocrx_word' id='word_1_846' title='bbox 602 5409 868 5464; x_wconf 85' lang='lat' dir='ltr'><strong>carbones</strong></span> <span class='ocrx_word' id='word_1_847' title='bbox 885 5416 940 5462; x_wconf 88' lang='lat' dir='ltr'><strong>et</strong></span> <span class='ocrx_word' id='word_1_848' title='bbox 963 5420 1082 5458; x_wconf 84' lang='lat' dir='ltr'><strong>ossa</strong></span> <span class='ocrx_word' id='word_1_849' title='bbox 1108 5410 1522 5461; x_wconf 83' lang='lat' dir='ltr'><strong>consumantur,</strong></span> <span class='ocrx_word' id='word_1_850' title='bbox 1544 5396 1741 5467; x_wconf 88' lang='lat' dir='ltr'><strong>quibus</strong></span> <span class='ocrx_word' id='word_1_851' title='bbox 1762 5395 1907 5467; x_wconf 87' lang='lat' dir='ltr'><strong>pleni</strong></span> <span class='ocrx_word' id='word_1_852' title='bbox 1941 5400 2069 5449; x_wconf 88' lang='lat' dir='ltr'><strong>sunt</strong></span> 
     </span>
    </p>
   </div>
   <div class='ocr_carea' id='block_1_101' title="bbox 451 5488 2065 5569">
    <p class='ocr_par' dir='ltr' id='par_1_101' title="bbox 451 5488 2065 5569">
     <span class='ocr_line' id='line_1_101' title="bbox 451 5488 2065 5569; baseline -0.009 -12"><span class='ocrx_word' id='word_1_853' title='bbox 451 5502 615 5559; x_wconf 86' lang='lat' dir='ltr'><strong>etiam</strong></span> <span class='ocrx_word' id='word_1_854' title='bbox 630 5501 912 5567; x_wconf 67' lang='lat' dir='ltr'><strong>Pharisaei,</strong></span> <span class='ocrx_word' id='word_1_855' title='bbox 926 5499 1122 5569; x_wconf 87' lang='lat' dir='ltr'><strong>quibus</strong></span> <span class='ocrx_word' id='word_1_856' title='bbox 1134 5496 1398 5551; x_wconf 77' lang='lat' dir='ltr'><strong>Dominus</strong></span> <span class='ocrx_word' id='word_1_857' title='bbox 1410 5490 1714 5560; x_wconf 83' lang='lat' dir='ltr'><strong>loquitnrin</strong></span> <span class='ocrx_word' id='word_1_858' title='bbox 1735 5488 2029 5560; x_wconf 74' lang='lat' dir='ltr'><strong>Evangelio</strong></span> <span class='ocrx_word' id='word_1_859' title='bbox 2051 5505 2065 5542; x_wconf 87' lang='lat'><strong>:</strong></span> 
     </span>
    </p>
   </div>
   <div class='ocr_carea' id='block_1_102' title="bbox 457 5582 2063 5661">
    <p class='ocr_par' dir='ltr' id='par_1_102' title="bbox 457 5582 2063 5661">
     <span class='ocr_line' id='line_1_102' title="bbox 457 5582 2063 5661; baseline -0.008 -13"><span class='ocrx_word' id='word_1_860' title='bbox 457 5593 719 5661; x_wconf 68' lang='lat' dir='ltr'><strong>Vasvobis,</strong></span> <span class='ocrx_word' id='word_1_861' title='bbox 738 5592 991 5649; x_wconf 72' lang='lat' dir='ltr'><strong>Scriberet</strong></span> <span class='ocrx_word' id='word_1_862' title='bbox 1023 5588 1309 5654; x_wconf 69' lang='lat' dir='ltr'><strong>Pharisaei,</strong></span> <span class='ocrx_word' id='word_1_863' title='bbox 1342 5586 1428 5654; x_wconf 88' lang='lat' dir='ltr'><strong>qui</strong></span> <span class='ocrx_word' id='word_1_864' title='bbox 1452 5583 1643 5637; x_wconf 85' lang='lat' dir='ltr'><strong>similes</strong></span> <span class='ocrx_word' id='word_1_865' title='bbox 1666 5583 1786 5637; x_wconf 86' lang='lat' dir='ltr'><strong>estis</strong></span> <span class='ocrx_word' id='word_1_866' title='bbox 1812 5582 2063 5651; x_wconf 71' lang='lat' dir='ltr'><strong>sepulcris</strong></span> 
     </span>
    </p>
   </div>
   <div class='ocr_carea' id='block_1_103' title="bbox 518 5701 2051 5784">
    <p class='ocr_par' dir='ltr' id='par_1_103' title="bbox 518 5701 2051 5784">
     <span class='ocr_line' id='line_1_103' title="bbox 518 5701 2051 5784; baseline -0.012 -11"><span class='ocrx_word' id='word_1_867' title='bbox 518 5727 544 5755; x_wconf 77' lang='grc' dir='ltr'><strong><em>οι</em></strong></span> <span class='ocrx_word' id='word_1_868' title='bbox 582 5714 929 5784; x_wconf 74' lang='lat' dir='ltr'><strong>Erutsupino</strong></span> <span class='ocrx_word' id='word_1_869' title='bbox 950 5709 1169 5782; x_wconf 76' lang='lat' dir='ltr'><strong>quidem</strong></span> <span class='ocrx_word' id='word_1_870' title='bbox 1198 5718 1423 5784; x_wconf 70' lang='lat' dir='ltr'><strong>errore,</strong></span> <span class='ocrx_word' id='word_1_871' title='bbox 1460 5717 1734 5774; x_wconf 74' lang='lat' dir='ltr'><strong>sensuth</strong></span> <span class='ocrx_word' id='word_1_872' title='bbox 1771 5701 2051 5784; x_wconf 74' lang='lat' dir='ltr'><strong>contextui</strong></span> 
     </span>
    </p>
   </div>
   <div class='ocr_carea' id='block_1_104' title="bbox 442 5776 2048 5857">
    <p class='ocr_par' dir='ltr' id='par_1_104' title="bbox 442 5776 2048 5857">
     <span class='ocr_line' id='line_1_104' title="bbox 442 5776 2048 5857; baseline -0.012 -11"><span class='ocrx_word' id='word_1_873' title='bbox 442 5800 504 5846; x_wconf 85' lang='lat' dir='ltr'><strong>ac</strong></span> <span class='ocrx_word' id='word_1_874' title='bbox 535 5776 850 5857; x_wconf 78' lang='lat' dir='ltr'><strong>Hieronymi</strong></span> <span class='ocrx_word' id='word_1_875' title='bbox 895 5776 1063 5839; x_wconf 79' lang='lat' dir='ltr'><strong>menti</strong></span> <span class='ocrx_word' id='word_1_876' title='bbox 1090 5776 1391 5842; x_wconf 88' lang='lat' dir='ltr'><strong>contrario,</strong></span> <span class='ocrx_word' id='word_1_877' title='bbox 1422 5784 1475 5830; x_wconf 87' lang='lat' dir='ltr'><strong>ut</strong></span> <span class='ocrx_word' id='word_1_878' title='bbox 1523 5790 1650 5830; x_wconf 90' lang='lat' dir='ltr'><strong>sana</strong></span> <span class='ocrx_word' id='word_1_879' title='bbox 1688 5776 1914 5829; x_wconf 88' lang='lat' dir='ltr'><strong>membra</strong></span> <span class='ocrx_word' id='word_1_880' title='bbox 1944 5788 2048 5828; x_wconf 88' lang='lat' dir='ltr'><strong>non</strong></span> 
     </span>
    </p>
   </div>
   <div class='ocr_carea' id='block_1_105' title="bbox 2188 4646 3808 4720">
    <p class='ocr_par' dir='ltr' id='par_1_105' title="bbox 2188 4646 3808 4720">
     <span class='ocr_line' id='line_1_105' title="bbox 2188 4646 3808 4720; baseline -0.001 -16"><span class='ocrx_word' id='word_1_881' title='bbox 2188 4667 2304 4705; x_wconf 81' lang='lat' dir='ltr'><strong>cum</strong></span> <span class='ocrx_word' id='word_1_882' title='bbox 2326 4651 2517 4707; x_wconf 79' lang='lat' dir='ltr'><strong>uerterit</strong></span> <span class='ocrx_word' id='word_1_883' title='bbox 2546 4650 2750 4720; x_wconf 81' lang='lat' dir='ltr'><strong>fugiens</strong></span> <span class='ocrx_word' id='word_1_884' title='bbox 2769 4651 2837 4705; x_wconf 88' lang='lat' dir='ltr'><strong>ad</strong></span> <span class='ocrx_word' id='word_1_885' title='bbox 2863 4660 2931 4713; x_wconf 87' lang='lat' dir='ltr'><strong>te,</strong></span> <span class='ocrx_word' id='word_1_886' title='bbox 2960 4659 3015 4703; x_wconf 86' lang='lat' dir='ltr'><strong>ut</strong></span> <span class='ocrx_word' id='word_1_887' title='bbox 3040 4649 3310 4705; x_wconf 76' lang='lat' dir='ltr'><strong>aununtiet</strong></span> <span class='ocrx_word' id='word_1_888' title='bbox 3334 4647 3425 4705; x_wconf 82' lang='lat' dir='ltr'><strong>tibi</strong></span> <span class='ocrx_word' id='word_1_889' title='bbox 3450 4663 3471 4704; x_wconf 87' lang='lat'><strong><em>:</em></strong></span> <span class='ocrx_word' id='word_1_890' title='bbox 3499 4648 3553 4705; x_wconf 74' lang='lat' dir='ltr'><strong>in</strong></span> <span class='ocrx_word' id='word_1_891' title='bbox 3577 4647 3681 4713; x_wconf 79' lang='lat' dir='ltr'><strong>die,</strong></span> <span class='ocrx_word' id='word_1_892' title='bbox 3711 4646 3808 4703; x_wconf 82' lang='lat' dir='ltr'><strong>iu-</strong></span> 
     </span>
    </p>
   </div>
   <div class='ocr_carea' id='block_1_106' title="bbox 2185 4739 3805 4815">
    <p class='ocr_par' dir='ltr' id='par_1_106' title="bbox 2185 4739 3805 4815">
     <span class='ocr_line' id='line_1_106' title="bbox 2185 4739 3805 4815; baseline -0.002 -18"><span class='ocrx_word' id='word_1_893' title='bbox 2185 4760 2340 4815; x_wconf 85' lang='lat' dir='ltr'><strong>quam</strong></span> <span class='ocrx_word' id='word_1_894' title='bbox 2362 4786 2377 4811; x_wconf 90' lang='lat'><strong>,</strong></span> <span class='ocrx_word' id='word_1_895' title='bbox 2408 4743 2523 4813; x_wconf 84' lang='lat' dir='ltr'><strong>illa,</strong></span> <span class='ocrx_word' id='word_1_896' title='bbox 2543 4744 2802 4811; x_wconf 76' lang='lat' dir='ltr'><strong>aperietur</strong></span> <span class='ocrx_word' id='word_1_897' title='bbox 2828 4758 2887 4798; x_wconf 76' lang='lat' dir='ltr'><strong>os</strong></span> <span class='ocrx_word' id='word_1_898' title='bbox 2918 4753 3063 4799; x_wconf 78' lang='lat' dir='ltr'><strong>tuum</strong></span> <span class='ocrx_word' id='word_1_899' title='bbox 3086 4758 3206 4797; x_wconf 83' lang='lat' dir='ltr'><strong>cum</strong></span> <span class='ocrx_word' id='word_1_900' title='bbox 3238 4758 3299 4797; x_wconf 81' lang='lat' dir='ltr'><strong>eo</strong></span> <span class='ocrx_word' id='word_1_901' title='bbox 3320 4741 3414 4813; x_wconf 76' lang='lat' dir='ltr'><strong>qui</strong></span> <span class='ocrx_word' id='word_1_902' title='bbox 3452 4741 3610 4813; x_wconf 69' lang='lat' dir='ltr'><strong>fugit,</strong></span> <span class='ocrx_word' id='word_1_903' title='bbox 3638 4748 3689 4796; x_wconf 82' lang='lat' dir='ltr'><strong>el</strong></span> <span class='ocrx_word' id='word_1_904' title='bbox 3710 4739 3805 4794; x_wconf 85' lang='lat' dir='ltr'><strong>Io-</strong></span> 
     </span>
    </p>
   </div>
   <div class='ocr_carea' id='block_1_107' title="bbox 2184 4834 3797 4905">
    <p class='ocr_par' dir='ltr' id='par_1_107' title="bbox 2184 4834 3797 4905">
     <span class='ocr_line' id='line_1_107' title="bbox 2184 4834 3797 4905; baseline 0 -14"><span class='ocrx_word' id='word_1_905' title='bbox 2184 4836 2378 4905; x_wconf 84' lang='lat' dir='ltr'><strong>queris,</strong></span> <span class='ocrx_word' id='word_1_906' title='bbox 2418 4846 2464 4889; x_wconf 91' lang='lat' dir='ltr'><strong>et</strong></span> <span class='ocrx_word' id='word_1_907' title='bbox 2500 4851 2604 4889; x_wconf 89' lang='lat' dir='ltr'><strong>non</strong></span> <span class='ocrx_word' id='word_1_908' title='bbox 2631 4835 2806 4890; x_wconf 74' lang='lat' dir='ltr'><strong>silebis</strong></span> <span class='ocrx_word' id='word_1_909' title='bbox 2835 4834 2995 4903; x_wconf 85' lang='lat' dir='ltr'><strong>ultra,</strong></span> <span class='ocrx_word' id='word_1_910' title='bbox 3025 4835 3225 4905; x_wconf 80' lang='lat' dir='ltr'><strong>erisque</strong></span> <span class='ocrx_word' id='word_1_911' title='bbox 3253 4834 3327 4888; x_wconf 81' lang='lat' dir='ltr'><strong>eis</strong></span> <span class='ocrx_word' id='word_1_912' title='bbox 3366 4834 3421 4890; x_wconf 83' lang='lat' dir='ltr'><strong>in</strong></span> <span class='ocrx_word' id='word_1_913' title='bbox 3468 4843 3797 4905; x_wconf 74' lang='lat' dir='ltr'><strong>portentum,</strong></span> 
     </span>
    </p>
   </div>
   <div class='ocr_carea' id='block_1_108' title="bbox 2182 4926 3798 5001">
    <p class='ocr_par' dir='ltr' id='par_1_108' title="bbox 2182 4926 3798 5001">
     <span class='ocr_line' id='line_1_108' title="bbox 2182 4926 3798 5001; baseline 0 -18"><span class='ocrx_word' id='word_1_914' title='bbox 2182 4938 2228 4983; x_wconf 86' lang='lat' dir='ltr'><strong>et</strong></span> <span class='ocrx_word' id='word_1_915' title='bbox 2254 4929 2423 4984; x_wconf 87' lang='lat' dir='ltr'><strong>scietis</strong></span> <span class='ocrx_word' id='word_1_916' title='bbox 2454 4929 2577 4998; x_wconf 87' lang='lat' dir='ltr'><strong>quia</strong></span> <span class='ocrx_word' id='word_1_917' title='bbox 2601 4945 2693 5001; x_wconf 85' lang='lat' dir='ltr'><strong>ego</strong></span> <span class='ocrx_word' id='word_1_918' title='bbox 2713 4927 2990 4985; x_wconf 84' lang='lat' dir='ltr'><strong>Dominus.</strong></span> <span class='ocrx_word' id='word_1_919' title='bbox 3016 4928 3163 4987; x_wconf 76' lang='lat' dir='ltr'><strong>LXX</strong></span> <span class='ocrx_word' id='word_1_920' title='bbox 3194 4946 3207 4981; x_wconf 88' lang='lat'>:</span> <span class='ocrx_word' id='word_1_921' title='bbox 3240 4926 3309 4983; x_wconf 84' lang='lat' dir='ltr'><strong>Et</strong></span> <span class='ocrx_word' id='word_1_922' title='bbox 3330 4927 3502 4998; x_wconf 74' lang='lat' dir='ltr'><strong>factus</strong></span> <span class='ocrx_word' id='word_1_923' title='bbox 3529 4936 3602 4985; x_wconf 85' lang='lat' dir='ltr'><strong>est</strong></span> <span class='ocrx_word' id='word_1_924' title='bbox 3621 4944 3798 4983; x_wconf 73' lang='lat' dir='ltr'><strong>sermo</strong></span> 
     </span>
    </p>
   </div>
   <div class='ocr_carea' id='block_1_109' title="bbox 2182 5019 3798 5092">
    <p class='ocr_par' dir='ltr' id='par_1_109' title="bbox 2182 5019 3798 5092">
     <span class='ocr_line' id='line_1_109' title="bbox 2182 5019 3798 5092; baseline 0.002 -18"><span class='ocrx_word' id='word_1_925' title='bbox 2182 5020 2397 5076; x_wconf 85' lang='lat' dir='ltr'><strong>Domini</strong></span> <span class='ocrx_word' id='word_1_926' title='bbox 2423 5020 2491 5074; x_wconf 88' lang='lat' dir='ltr'><strong>ad</strong></span> <span class='ocrx_word' id='word_1_927' title='bbox 2520 5036 2599 5074; x_wconf 72' lang='lat' dir='ltr'><strong>nte</strong></span> <span class='ocrx_word' id='word_1_928' title='bbox 2625 5021 2801 5076; x_wconf 84' lang='lat' dir='ltr'><strong>dicens</strong></span> <span class='ocrx_word' id='word_1_929' title='bbox 2824 5038 2843 5077; x_wconf 88' lang='lat'><strong><em>:</em></strong></span> <span class='ocrx_word' id='word_1_930' title='bbox 2868 5019 2979 5077; x_wconf 86' lang='lat' dir='ltr'><strong>Fili</strong></span> <span class='ocrx_word' id='word_1_931' title='bbox 3005 5020 3255 5087; x_wconf 80' lang='lat' dir='ltr'><strong>hominis,</strong></span> <span class='ocrx_word' id='word_1_932' title='bbox 3284 5035 3401 5076; x_wconf 86' lang='lat' dir='ltr'><strong>ecce</strong></span> <span class='ocrx_word' id='word_1_933' title='bbox 3428 5036 3522 5092; x_wconf 80' lang='lat' dir='ltr'><strong>ego</strong></span> <span class='ocrx_word' id='word_1_934' title='bbox 3548 5022 3798 5091; x_wconf 76' lang='lat' dir='ltr'><strong>auferam</strong></span> 
     </span>
    </p>
   </div>
   <div class='ocr_carea' id='block_1_110' title="bbox 2173 5113 3795 5185">
    <p class='ocr_par' dir='ltr' id='par_1_110' title="bbox 2173 5113 3795 5185">
     <span class='ocr_line' id='line_1_110' title="bbox 2173 5113 3795 5185; baseline 0.001 -17"><span class='ocrx_word' id='word_1_935' title='bbox 2173 5130 2205 5168; x_wconf 91' lang='lat' dir='ltr'><strong>a</strong></span> <span class='ocrx_word' id='word_1_936' title='bbox 2250 5123 2299 5169; x_wconf 86' lang='lat' dir='ltr'><strong>te</strong></span> <span class='ocrx_word' id='word_1_937' title='bbox 2332 5113 2704 5171; x_wconf 85' lang='lat' dir='ltr'><strong>desiderabilia</strong></span> <span class='ocrx_word' id='word_1_938' title='bbox 2751 5114 3021 5173; x_wconf 84' lang='lat' dir='ltr'><strong>oculorum</strong></span> <span class='ocrx_word' id='word_1_939' title='bbox 3063 5124 3276 5171; x_wconf 77' lang='lat' dir='ltr'><strong>tuorum</strong></span> <span class='ocrx_word' id='word_1_940' title='bbox 3315 5115 3368 5168; x_wconf 84' lang='lat' dir='ltr'><strong>iu</strong></span> <span class='ocrx_word' id='word_1_941' title='bbox 3398 5116 3511 5171; x_wconf 79' lang='lat' dir='ltr'><strong>acie</strong></span> <span class='ocrx_word' id='word_1_942' title='bbox 3546 5114 3704 5185; x_wconf 72' lang='lat' dir='ltr'><strong>(sive</strong></span> <span class='ocrx_word' id='word_1_943' title='bbox 3734 5114 3795 5170; x_wconf 86' lang='lat' dir='ltr'><strong>in</strong></span> 
     </span>
    </p>
   </div>
   <div class='ocr_carea' id='block_1_111' title="bbox 2173 5206 3797 5283">
    <p class='ocr_par' dir='ltr' id='par_1_111' title="bbox 2173 5206 3797 5283">
     <span class='ocr_line' id='line_1_111' title="bbox 2173 5206 3797 5283; baseline 0 -23"><span class='ocrx_word' id='word_1_944' title='bbox 2173 5209 2552 5278; x_wconf 69' lang='lat' dir='ltr'><strong>praaparatione</strong></span> <span class='ocrx_word' id='word_1_945' title='bbox 2573 5208 2592 5283; x_wconf 89' lang='lat'><strong>)</strong></span> <span class='ocrx_word' id='word_1_946' title='bbox 2614 5226 2636 5279; x_wconf 86' lang='lat'><strong><em>;</em></strong></span> <span class='ocrx_word' id='word_1_947' title='bbox 2658 5226 2760 5265; x_wconf 78' lang='lat' dir='ltr'><strong>non</strong></span> <span class='ocrx_word' id='word_1_948' title='bbox 2793 5210 3026 5279; x_wconf 72' lang='lat' dir='ltr'><strong>plangas,</strong></span> <span class='ocrx_word' id='word_1_949' title='bbox 3058 5223 3221 5279; x_wconf 84' lang='lat' dir='ltr'><strong>neque</strong></span> <span class='ocrx_word' id='word_1_950' title='bbox 3244 5206 3391 5275; x_wconf 81' lang='lat' dir='ltr'><strong>ﬂebis</strong></span> <span class='ocrx_word' id='word_1_951' title='bbox 3410 5248 3431 5274; x_wconf 90' lang='lat'><strong>,</strong></span> <span class='ocrx_word' id='word_1_952' title='bbox 3462 5223 3554 5262; x_wconf 78' lang='lat' dir='ltr'><strong>nec</strong></span> <span class='ocrx_word' id='word_1_953' title='bbox 3584 5206 3797 5262; x_wconf 76' lang='lat' dir='ltr'><strong>venient</strong></span> 
     </span>
    </p>
   </div>
   <div class='ocr_carea' id='block_1_112' title="bbox 2176 5299 3790 5374">
    <p class='ocr_par' dir='ltr' id='par_1_112' title="bbox 2176 5299 3790 5374">
     <span class='ocr_line' id='line_1_112' title="bbox 2176 5299 3790 5374; baseline 0.001 -21"><span class='ocrx_word' id='word_1_954' title='bbox 2176 5299 2417 5371; x_wconf 80' lang='lat' dir='ltr'><strong>lacrynue</strong></span> <span class='ocrx_word' id='word_1_955' title='bbox 2458 5302 2569 5366; x_wconf 85' lang='lat' dir='ltr'><strong>tibi,</strong></span> <span class='ocrx_word' id='word_1_956' title='bbox 2632 5303 2851 5373; x_wconf 85' lang='lat' dir='ltr'><strong>gemitus</strong></span> <span class='ocrx_word' id='word_1_957' title='bbox 2899 5302 3187 5374; x_wconf 82' lang='lat' dir='ltr'><strong>sanguinis,</strong></span> <span class='ocrx_word' id='word_1_958' title='bbox 3230 5317 3414 5357; x_wconf 85' lang='lat' dir='ltr'><strong>renum</strong></span> <span class='ocrx_word' id='word_1_959' title='bbox 3460 5300 3632 5357; x_wconf 80' lang='lat' dir='ltr'><strong>luctus</strong></span> <span class='ocrx_word' id='word_1_960' title='bbox 3684 5310 3790 5355; x_wconf 86' lang='lat' dir='ltr'><strong>est.</strong></span> 
     </span>
    </p>
   </div>
   <div class='ocr_carea' id='block_1_113' title="bbox 2174 5391 3791 5467">
    <p class='ocr_par' dir='ltr' id='par_1_113' title="bbox 2174 5391 3791 5467">
     <span class='ocr_line' id='line_1_113' title="bbox 2174 5391 3791 5467; baseline 0 -20"><span class='ocrx_word' id='word_1_961' title='bbox 2174 5391 2347 5449; x_wconf 86' lang='lat' dir='ltr'><strong>Erunt</strong></span> <span class='ocrx_word' id='word_1_962' title='bbox 2373 5395 2538 5448; x_wconf 88' lang='lat' dir='ltr'><strong>crines</strong></span> <span class='ocrx_word' id='word_1_963' title='bbox 2561 5396 2635 5448; x_wconf 76' lang='lat' dir='ltr'><strong>tui</strong></span> <span class='ocrx_word' id='word_1_964' title='bbox 2658 5395 2824 5467; x_wconf 65' lang='grc'><strong>279</strong></span> <span class='ocrx_word' id='word_1_965' title='bbox 2847 5393 3079 5467; x_wconf 85' lang='lat' dir='ltr'><strong>colligati</strong></span> <span class='ocrx_word' id='word_1_966' title='bbox 3101 5410 3257 5463; x_wconf 83' lang='lat' dir='ltr'><strong>super</strong></span> <span class='ocrx_word' id='word_1_967' title='bbox 3277 5403 3347 5462; x_wconf 78' lang='lat' dir='ltr'><strong>te,</strong></span> <span class='ocrx_word' id='word_1_968' title='bbox 3370 5402 3420 5448; x_wconf 76' lang='lat' dir='ltr'><strong>et</strong></span> <span class='ocrx_word' id='word_1_969' title='bbox 3438 5394 3791 5455; x_wconf 80' lang='lat' dir='ltr'><strong>calciamenta</strong></span> 
     </span>
    </p>
   </div>
   <div class='ocr_carea' id='block_1_114' title="bbox 2175 5488 3784 5560">
    <p class='ocr_par' dir='ltr' id='par_1_114' title="bbox 2175 5488 3784 5560">
     <span class='ocr_line' id='line_1_114' title="bbox 2175 5488 3784 5560; baseline 0 -20"><span class='ocrx_word' id='word_1_970' title='bbox 2175 5495 2266 5543; x_wconf 87' lang='lat' dir='ltr'><strong>tua</strong></span> <span class='ocrx_word' id='word_1_971' title='bbox 2291 5489 2344 5544; x_wconf 85' lang='lat' dir='ltr'><strong>in</strong></span> <span class='ocrx_word' id='word_1_972' title='bbox 2374 5490 2589 5560; x_wconf 82' lang='lat' dir='ltr'><strong>pedibus</strong></span> <span class='ocrx_word' id='word_1_973' title='bbox 2629 5490 2755 5557; x_wconf 84' lang='lat' dir='ltr'><strong>tuis,</strong></span> <span class='ocrx_word' id='word_1_974' title='bbox 2788 5506 2880 5545; x_wconf 90' lang='lat' dir='ltr'><strong>nec</strong></span> <span class='ocrx_word' id='word_1_975' title='bbox 2906 5489 3254 5545; x_wconf 76' lang='lat' dir='ltr'><strong>consolabaris</strong></span> <span class='ocrx_word' id='word_1_976' title='bbox 3299 5489 3355 5545; x_wconf 80' lang='lat' dir='ltr'><strong>iu</strong></span> <span class='ocrx_word' id='word_1_977' title='bbox 3392 5488 3546 5545; x_wconf 74' lang='lat' dir='ltr'><strong>labiis</strong></span> <span class='ocrx_word' id='word_1_978' title='bbox 3575 5503 3784 5558; x_wconf 79' lang='lat' dir='ltr'><strong>eorum,</strong></span> 
     </span>
    </p>
   </div>
   <div class='ocr_carea' id='block_1_115' title="bbox 2172 5583 3786 5654">
    <p class='ocr_par' dir='ltr' id='par_1_115' title="bbox 2172 5583 3786 5654">
     <span class='ocr_line' id='line_1_115' title="bbox 2172 5583 3786 5654; baseline 0 -18"><span class='ocrx_word' id='word_1_979' title='bbox 2172 5592 2219 5637; x_wconf 85' lang='lat' dir='ltr'><strong>et</strong></span> <span class='ocrx_word' id='word_1_980' title='bbox 2244 5601 2425 5654; x_wconf 85' lang='lat' dir='ltr'><strong>panem</strong></span> <span class='ocrx_word' id='word_1_981' title='bbox 2448 5585 2715 5639; x_wconf 86' lang='lat' dir='ltr'><strong>hominum</strong></span> <span class='ocrx_word' id='word_1_982' title='bbox 2745 5601 2848 5637; x_wconf 86' lang='lat' dir='ltr'><strong>non</strong></span> <span class='ocrx_word' id='word_1_983' title='bbox 2870 5583 3125 5639; x_wconf 82' lang='lat' dir='ltr'><strong>comedes.</strong></span> <span class='ocrx_word' id='word_1_984' title='bbox 3173 5584 3399 5639; x_wconf 84' lang='lat' dir='ltr'><strong>Locutus</strong></span> <span class='ocrx_word' id='word_1_985' title='bbox 3426 5601 3537 5649; x_wconf 80' lang='lat' dir='ltr'><strong>sum</strong></span> <span class='ocrx_word' id='word_1_986' title='bbox 3568 5584 3638 5638; x_wconf 86' lang='lat' dir='ltr'><strong>ad</strong></span> <span class='ocrx_word' id='word_1_987' title='bbox 3683 5599 3786 5653; x_wconf 84' lang='lat' dir='ltr'><strong>po-</strong></span> 
     </span>
    </p>
   </div>
   <div class='ocr_carea' id='block_1_116' title="bbox 2159 5697 3780 5771">
    <p class='ocr_par' dir='ltr' id='par_1_116' title="bbox 2159 5697 3780 5771">
     <span class='ocr_line' id='line_1_116' title="bbox 2159 5697 3780 5771; baseline -0.001 -16"><span class='ocrx_word' id='word_1_988' title='bbox 2159 5700 2437 5757; x_wconf 81' lang='lat' dir='ltr'><strong>saluentur.</strong></span> <span class='ocrx_word' id='word_1_989' title='bbox 2472 5699 2585 5759; x_wconf 77' lang='lat' dir='ltr'><strong>Nos</strong></span> <span class='ocrx_word' id='word_1_990' title='bbox 2624 5699 2857 5771; x_wconf 72' lang='lat' dir='ltr'><strong>negandi</strong></span> <span class='ocrx_word' id='word_1_991' title='bbox 2911 5699 3232 5767; x_wconf 58' lang='lat' dir='ltr'><strong>particulam</strong></span> <span class='ocrx_word' id='word_1_992' title='bbox 3279 5698 3349 5763; x_wconf 80' lang='lat' dir='ltr'><strong>ad</strong></span> <span class='ocrx_word' id='word_1_993' title='bbox 3396 5714 3533 5759; x_wconf 81' lang='lat' dir='ltr'><strong>mss.</strong></span> <span class='ocrx_word' id='word_1_994' title='bbox 3587 5697 3780 5766; x_wconf 77' lang='lat' dir='ltr'><strong>fidem,</strong></span> 
     </span>
    </p>
   </div>
   <div class='ocr_carea' id='block_1_117' title="bbox 2155 5771 3225 5842">
    <p class='ocr_par' dir='ltr' id='par_1_117' title="bbox 2155 5771 3225 5842">
     <span class='ocr_line' id='line_1_117' title="bbox 2155 5771 3225 5842; baseline -0.003 -13"><span class='ocrx_word' id='word_1_995' title='bbox 2155 5773 2426 5831; x_wconf 81' lang='lat' dir='ltr'><strong>clamabat</strong></span> <span class='ocrx_word' id='word_1_996' title='bbox 2455 5787 2586 5831; x_wconf 79' lang='lat' dir='ltr'><strong>vero</strong></span> <span class='ocrx_word' id='word_1_997' title='bbox 2612 5787 2703 5833; x_wconf 76' lang='lat' dir='ltr'><strong>nos</strong></span> <span class='ocrx_word' id='word_1_998' title='bbox 2734 5773 2875 5842; x_wconf 84' lang='lat' dir='ltr'><strong>ipsa,</strong></span> <span class='ocrx_word' id='word_1_999' title='bbox 2902 5771 3225 5835; x_wconf 56' lang='lat' dir='ltr'><strong>delevimut</strong></span> 
     </span>
    </p>
   </div>
  </div>
