4038 6328
191 224 295 282 ω

834 192 1484 274 COMMENTARIORUM
1524 208 1590 269 lN
1630 205 2078 269 EZECHIELEM
2115 207 2245 267 un.
2288 208 2403 264 vn.
2447 206 2603 265 CAP.
2650 206 2840 265 xxw.

3387 205 3498 263 330

192 341 361 408 γαιιυι
382 350 560 404 mane,
589 336 724 391 sicut
754 342 1067 407 prazceperat
1096 332 1247 402 mihi,
1269 340 1315 387 et
1340 341 1544 385 mortua
1567 336 1640 383 est
1664 341 1796 381 uxor
1824 331 1872 393 Α
1901 326 2052 382 salon
2083 325 2253 381 lilium
2285 324 2517 394 fugiens,
2560 334 2615 381 et
2660 324 2933 394 pmnitens
2977 336 3142 392 super
3170 334 3303 376 nece
3338 320 3507 387 Uriar,

191 448 295 485 mea
324 430 521 501 uesperi
542 472 557 495 ,
595 429 798 501 fecique
824 444 975 482 mane
1020 428 1152 483 sicut
1183 431 1495 498 prwceptum
1525 430 1597 477 est
1646 418 1792 473 mihi.

192 523 254 578 Et
288 522 421 577 dixit
466 520 540 576 ad
579 538 660 576 me
701 521 972 590 populus:
1007 536 1111 577 non
1157 517 1441 573 annuntias
1486 514 1627 570 nobis
1676 510 1800 583 quid

192 632 300 677 sum
319 620 434 673 hac
460 635 586 690 qum
613 631 668 674 tu
693 620 826 691 facis
857 620 881 674 ?
912 615 977 672 Et
999 617 1109 671 dixi
1137 615 1205 669 ad
1234 630 1342 683 eos,
1379 611 1562 668 Sermo
1592 606 1802 664 Domini

193 718 349 786 factus
372 724 450 769 est
474 714 550 767 ad
580 731 682 781 me,
712 712 886 768 dicens
919 728 935 765 .·
966 708 1067 764 Dic
1091 712 1159 764 ad
1182 710 1391 764 domum
1416 704 1585 760 Israel
1623 720 1638 756 :
1678 701 1804 758 lith

194 808 304 863 seu
334 808 553 862 Adonei
586 806 844 862 Dominus
874 822 891 859 :
922 803 1058 859 Ecce
1098 820 1194 876 ego
1231 800 1592 858 contaminabo
1623 805 1806 853 sancta

192 918 318 967 mea,
345 900 656 970 superbiam
689 898 1011 972 fortitudinis
1042 906 1242 965 l‘83ll‘tB,
1295 891 1658 949 desiderabilia
1686 908 1808 945 ocu-

192 994 353 1047 lorum
375 1001 698 1060 vestrorum,
718 1002 775 1047 et
800 991 983 1063 quibus
1011 1000 1228 1062 parcunt
1252 989 1440 1044 animae
1478 997 1674 1040 vestrm.
1709 981 1806 1038 Fi-

191 1087 245 1139 lii
270 1086 424 1140 uestri
449 1094 501 1138 et
533 1081 666 1156 ﬁlia!
706 1094 886 1140 vestrm
913 1100 1037 1155 quos
1065 1082 1368 1154 reliquistis,
1418 1081 1471 1133 in
1516 1078 1691 1151 gladio
1719 1092 1808 1145 ca-

194 1181 327 1243 dent,
368 1190 421 1233 et
453 1179 673 1248 facietis
697 1179 833 1233 sicut
862 1177 978 1248 feci.
1033 1176 1134 1230 Ore
1179 1190 1356 1229 eorum
1388 1190 1488 1228 non
1517 1168 1809 1225 consolabi-

195 1273 333 1339 αἰεί,
362 1283 415 1326 et
441 1289 642 1343 panem
670 1272 896 1326 virorum
920 1286 1021 1324 non
1049 1268 1352 1333 comedetis,
1384 1275 1432 1321 et
1460 1280 1617 1319 como:
1638 1271 1816 1317 reslra:

196 1385 338 1439 super
374 1368 567 1437 capita
597 1376 799 1434 vestra,
823 1374 871 1419 et
916 1366 1254 1419 calciamenta
1294 1372 1467 1418 vestra
1507 1361 1559 1414 in
1601 1357 1817 1429 pedibus

196 1462 391 1516 uestris.
454 1460 508 1515 Ν
518 1478 589 1515 οη
632 1460 892 1532 plangetis
921 1473 1014 1511 nec
1042 1457 1261 1527 flebitis,
1292 1464 1337 1509 et
1368 1450 1733 1508 consumamini
1763 1450 1817 1504 in

195 1557 566 1627 iniquitatibus
596 1556 800 1621 vestris,
852 1563 898 1607 et
939 1551 1294 1608 consolabitur
1329 1548 1677 1617 unusquisque
1706 1548 1815 1617 fra-

196 1660 319 1704 trem
366 1667 560 1715 suane,
612 1658 661 1704 et
693 1650 787 1702 erit
817 1646 1076 1703 Jezechiel
1108 1645 1248 1699 vobis
1280 1645 1332 1698 in
1362 1652 1675 1713 portentum.
1724 1639 1824 1694 Se-

1902 420 2065 476 nudis
2104 418 2330 489 pedibus
2367 418 2571 475 incedit
2598 418 2661 489 (ι
2694 419 2823 491 Reg.
2853 435 2948 484 xu,
2982 434 3067 482 xv,
3099 432 3230 472 xvtn
3254 416 3297 485 ).
3340 417 3508 468 Aiunt

1905 509 2123 567 Hebrazi
2153 509 2432 580 hucusque
2462 509 2788 579 Babylonios
2821 510 3129 579 magistros,
3174 506 3334 576 Legis
3368 518 3510 574 prce-

1904 614 2059 674 cepta
2100 611 2404 669 servantes,
2443 603 2761 673 decalogum
2792 611 2817 639 ει
2847 605 3106 673 scriptum
3137 604 3191 658 in
3236 601 3512 658 tnembra-

1908 698 2051 753 nulis
2094 696 2432 752 circunnlare
2470 695 2635 765 capiti
2683 710 2804 762 suo,
2853 704 2908 750 et
2956 694 3070 748 ha'c
3117 710 3239 750 esse
3268 710 3391 764 qua:
3422 694 3512 764 ju-

1910 790 2139 846 beantur
2169 790 2296 844 ante
2319 789 2505 843 oculos
2530 797 2582 843 et
2613 787 2666 844 in
2700 786 2879 842 fronte
2911 787 3170 857 pendere,
3205 800 3262 843 ut
3288 804 3508 858 semper

1911 883 2128 938 videant
2153 899 2273 953 quze
2308 893 2573 952 pt'tecepta
2605 890 2750 937 sunt.
2790 879 2859 936 Et
2889 882 3011 951 quia
3047 881 3302 937 Ezechiel
3329 898 3512 937 sacer-

1913 978 2011 1033 dos
2041 986 2181 1048 erat,
2208 993 2550 1051 nequaquam
2581 993 2703 1033 eum
2727 976 2931 1033 debere
2954 977 3228 1046 deponere
3252 990 3511 1032 coronam

1914 1072 2270 1145 gloriationis,
2312 1073 2407 1127 sed
2440 1073 2654 1142 ligatam
2696 1072 2897 1128 habere
2938 1073 2989 1127 in
3034 1073 3233 1140 capite.
3287 1074 3400 1127 lloc
3441 1073 3516 1128 illi

1915 1167 2181 1225 dixerint.
2214 1162 2333 1223 Nos
2363 1177 2545 1223 autem
2573 1209 2587 1232 ,
2616 1168 2769 1237 juxta
2798 1166 2963 1232 LXX,
3000 1182 3257 1224 coronam
3288 1167 3517 1236 capillo-

1916 1278 2037 1316 rum
2073 1260 2438 1331 intelligamus
2469 1263 2746 1318 cazsariem
2780 1281 2793 1316 ι
2837 1264 3043 1325 licetat
3073 1265 3315 1332 ipsorum
3354 1264 3523 1317 inter-

1919 1355 2151 1425 pretatio
2191 1369 2530 1426 nequaquam
2563 1356 2670 1408 vim
2712 1354 2965 1410 Hebraici
2987 1354 3259 1410 sermonis
3294 1368 3522 1425 expres-

1921 1449 2073 1503 serit.
2121 1447 2232 1503 Nec
2260 1447 2485 1515 amictu,
2526 1447 2717 1519 inquit,
2747 1462 2844 1503 ora
2870 1449 3098 1516 velabis,
3129 1463 3231 1503 nec
3256 1448 3408 1503 cibos
3438 1449 3522 1501 lu~

1920 1540 2161 1611 gentium
2190 1540 2397 1610 capies,
2427 1556 2546 1610 qua:
2577 1540 2761 1595 solent
2784 1540 2836 1595 iu
2862 1540 3008 1595 luetu
3033 1541 3172 1605 fieri,
3198 1550 3255 1595 ut
3277 1542 3528 1611 aperiant

1924 1634 2155 1698 vultum,
2189 1644 2243 1688 et
2275 1648 2396 1702 quin
2428 1631 2600 1689 Graeci
2630 1632 2928 1708 περίδειπνα
2951 1642 3184 1699 vocant,
3216 1649 3244 1686 a
3277 1636 3531 1687 consola-

198 1745 427 1799 cundum
467 1744 653 1798 omnia
690 1757 805 1814 quae
853 1740 994 1812 fecit,
1042 1740 1267 1809 facietis.
1325 1736 1554 1806 Cumque
1599 1733 1822 1788 venerint
1856 1738 1899 1803 Β
1931 1726 2137 1783 toribus
2166 1728 2453 1797 accipiant.
2487 1728 2723 1785 Locutus
2752 1745 2894 1794 sum,
2930 1730 3125 1798 inquit,
3167 1729 3233 1783 ad
3270 1730 3527 1799 populum

200 1836 327 1903 hac,
355 1836 697 1909 cegnoscetis
727 1833 975 1907 quoniam
1002 1847 1094 1903 ego
1118 1828 1325 1883 Adonai
1352 1828 1631 1883 Dominus.
1662 1824 1723 1879 Et
1743 1832 1822 1892 tu,

198 1932 272 1999 ﬁli
312 1932 581 1996 hominis,
613 1945 787 1985 nonne
814 1929 867 1981 in
893 1927 976 1980 die
1015 1926 1226 1996 quando
1257 1921 1524 1977 abstulero
1564 1916 1827 1990 fortitudi-

199 2043 311 2081 nem
340 2026 413 2079 ab
437 2026 539 2091 eis,
566 2025 843 2080 elationem
870 2020 1197 2093 gloriationis
1227 2034 1427 2083 eorum,
1466 2012 1857 2075 desiderabilia

200 2119 485 2174 oculorum
532 2133 740 2182 eorum,
768 2124 814 2170 et
851 2113 1123 2170 elationem
1150 2113 1339 2165 animo:
1366 2124 1566 2174 eorum,
1617 2107 1755 2176 ﬁlios
1782 2113 1831 2158 et

202 2212 344 2280 filias
372 2226 589 2265 eorum.
635 2207 701 2263 In
732 2209 816 2264 die
842 2206 936 2262 illa
966 2205 1129 2260 reniet
1154 2205 1245 2275 qui
1268 2202 1443 2258 salvus
1484 2202 1649 2273 factus
1678 2199 1832 2271 fuerit

203 2304 271 2355 ad
302 2315 352 2356 te
380 2320 400 2354 :
435 2313 491 2356 ut
524 2301 799 2355 annuntiet
822 2301 874 2353 in
905 2297 1117 2353 auribus
1146 2299 1266 2351 tuis.
1301 2294 1369 2349 In
1404 2295 1486 2349 die
1513 2292 1608 2349 illa
1635 2293 1834 2364 aperie-

205 2406 289 2448 tur
321 2412 387 2448 os
427 2404 581 2447 tuum
600 2394 669 2447 ad
697 2410 811 2446 eum
840 2395 929 2459 qui
953 2391 1177 2464 fugerit,
1209 2398 1260 2444 et
1291 2387 1534 2460 loqueris,
1569 2396 1615 2441 et
1639 2403 1831 2457 nequa-

203 2503 367 2553 quam
398 2485 548 2539 ultra
571 2484 825 2553 relicebis,
856 2492 901 2537 et
927 2484 1027 2536 cris
1054 2483 1125 2535 eis
1156 2483 1208 2534 in
1227 2490 1538 2551 portentum,
1570 2488 1619 2532 et
1638 2495 1832 2549 cogno-

206 2593 356 2635 scent
412 2580 667 2649 quoniam
714 2595 806 2649 ego
840 2578 1116 2631 Dominus.
1161 2577 1335 2645 Supra
1373 2576 1497 2628 ulla:
1535 2572 1838 2645 lebetisque

206 2675 544 2742 succensio,
587 2674 924 2730 obsidionem
971 2673 1123 2728 urbis
1176 2671 1529 2737 ostenderat,
1563 2686 1707 2727 ncnc
1749 2686 1839 2725 ca-

208 2777 367 2837 ptam
394 2782 524 2823 eam
545 2776 705 2838 atque
727 2767 983 2831 deletam,
1012 2775 1065 2820 et
1088 2780 1307 2819 omnem
1341 2764 1619 2833 populum,
1651 2762 1732 2817 vel
1762 2763 1841 2815 in-

209 2861 520 2918 tarfectum
568 2861 769 2932 gladio,
808 2861 889 2914 vel
938 2860 1160 2914 ductum
1196 2860 1247 2913 in
1279 2858 1675 2928 captivitatem,
1709 2872 1841 2925 pro-

208 2956 471 3027 phetalis
498 2969 683 3017 sermo
716 2961 965 3008 testatur.
999 2952 1064 3007 Et
1103 2953 1339 3023 primum
1375 2951 1527 3021 juxta
1553 2961 1845 3007 consuetu-

211 3049 419 3106 dinem
455 3056 724 3112 nostram,
758 3047 996 3103 historia:
1028 3047 1378 3115 fundamenta
1396 3046 1681 3117 jaciamus.
1716 3045 1841 3114 Fili,

1930 1838 2112 1890 mane,
2144 1838 2265 1892 qua:
2295 1823 2427 1877 mihi
2449 1823 2704 1877 Dominus
2727 1824 3044 1891 imperaret,
3069 1833 3118 1877 et
3145 1826 3359 1893 vesperi
3388 1840 3530 1876 mor-

1932 1924 2021 1970 tua
2048 1924 2131 1970 est
2162 1930 2296 1971 uxor
2325 1931 2445 1973 mea
2474 1958 2488 1982 ,
2529 1917 2809 1972 oculorum
2860 1917 3227 1971 desiderabile
3254 1960 3266 1978 ,
3322 1917 3533 1971 lumbo-

1932 2024 2163 2079 rumque
2212 2018 2264 2064 et
2312 2010 2592 2080 sanguinis
2642 2009 2842 2065 luctus.
2893 2010 3197 2079 Statimque
3241 2009 3330 2066 die
3369 2011 3536 2064 altera

1937 2121 2096 2162 mane
2123 2106 2229 2161 feci
2258 2106 2438 2163 omnia
2469 2122 2591 2174 quae
2618 2106 2748 2163 mihi
2783 2106 3000 2161 fuerant
3034 2107 3341 2175 imperata:
3372 2106 3541 2160 inter-

1938 2201 2255 2270 rogavitque
2282 2215 2369 2255 me
2403 2201 2653 2269 populus,
2683 2215 2781 2256 cur
2808 2208 2999 2256 contra
3043 2216 3249 2257 surirem
3297 2200 3540 2253 oninium

1940 2293 2182 2351 fecerim.
2233 2293 2548 2365 Causasque
2594 2295 2968 2364 quaerentibus
3014 2303 3183 2349 tanta:
3228 2296 3498 2364 patientia:
3531 2335 3545 2359 ,

1940 2388 2199 2459 respondi
2230 2408 2240 2442 :
2274 2389 2465 2445 Sermo
2492 2391 2703 2445 Domini
2731 2392 2820 2461 qui
2853 2390 2920 2445 ad
2966 2406 3052 2445 me
3101 2390 3272 2445 factus
3321 2400 3434 2457 est,
3488 2402 3547 2447 ut

1943 2485 2009 2539 ad
2031 2487 2281 2554 pupulum
2316 2485 2479 2540 Israel
2512 2487 2784 2557 loquerer,
2816 2489 2913 2541 ista
2948 2490 3204 2557 pramepit
3232 2504 3244 2541 :
3274 2486 3408 2541 Ecce
3429 2506 3544 2560 ego,

1944 2581 2106 2654 281
2141 2579 2190 2635 id
2220 2589 2324 2647 est,
2376 2583 2481 2648 jam
2530 2599 2665 2635 nunc
2713 2582 2942 2653 polluant
2971 2585 3326 2636 sanctuarium
3355 2598 3545 2645 meum,

1947 2685 2003 2727 ut
2034 2674 2353 2731 incendatur
2382 2676 2643 2745 templum
2672 2686 2725 2730 et
2763 2676 2971 2730 cum-tis
3016 2676 3336 2746 alienigenis
3372 2684 3554 2746 pateat

1949 2785 2012 2825 ac
2041 2769 2299 2840 profanis,
2329 2771 2460 2824 etin
2503 2786 2612 2840 quo
2658 2770 2939 2825 habebatis
2981 2771 3326 2841 superbiam,
3371 2770 3422 2824 id
3467 2781 3552 2825 est

1949 2862 2331 2916 confidentiam
2363 2872 2413 2915 et
2446 2878 2596 2932 spem
2623 2879 2684 2917 ac
2710 2854 3042 2921 desiderium
3086 2864 3279 2917 salutis
3312 2874 3507 2917 vestra:
3532 2907 3545 2929 ,

1950 2964 2007 3011 et
2035 2955 2100 3010 ad
2126 2957 2283 3025 cujus
2309 2955 2650 3011 obsidionem
2678 2964 2877 3010 vestrm
2906 2957 3101 3009 anima:
3130 2954 3500 3011 formidabant
3534 2972 3546 3008 :

1951 3060 2007 3103 et
2047 3049 2186 3103 tilios
2212 3064 2427 3118 quoque
2453 3056 2508 3101 et
2552 3047 2688 3103 ﬁlias
2714 3063 2852 3118 quos
2883 3046 3037 3102 vobis
3070 3048 3240 3101 fames
3282 3062 3345 3101 ac
3379 3048 3549 3117 pesti-

210 3144 437 3215 inquit,
475 3143 734 3210 hominis,
764 3156 893 3199 ecce
937 3140 1184 3197 auferam
1231 3141 1302 3199 de
1331 3147 1629 3210 conspectu
1658 3140 1847 3194 oculo-
1875 3139 1921 3202 C
1955 3142 2119 3196 lentia
2148 3142 2388 3211 reliquos
2413 3140 2676 3209 fecerant,
2711 3156 3023 3197 consumam
3053 3141 3252 3210 gladio.
3279 3140 3556 3211 Quidquid

216 3253 345 3292 runt
382 3244 608 3292 tuorum
638 3235 902 3306 quidquid
933 3234 1030 3289 tibi
1060 3233 1427 3290 desiderabile
1457 3241 1539 3288 est
1565 3273 1580 3299 ,
1612 3242 1666 3288 et
1691 3232 1844 3287 aufe-

218 3347 341 3385 ram
392 3330 455 3385 in
486 3331 641 3401 plaga
666 3372 681 3396 ,
716 3329 857 3394 sive,
893 3336 951 3382 ut
976 3327 1119 3383 LXX
1147 3336 1449 3393 verterunt,
1494 3328 1549 3379 in
1582 3342 1845 3395 praepara-

221 3426 372 3479 tione
422 3440 441 3476 :
476 3431 537 3478 ut
564 3422 815 3477 videlicet
836 3438 1110 3491 prmpares
1138 3429 1192 3476 te
1215 3419 1284 3474 ad
1325 3436 1386 3476 ea
1420 3435 1528 3474 non
1561 3418 1806 3473 facienda
1829 3457 1845 3482 ,

222 3532 357 3586 qua:
385 3515 571 3569 solent
603 3515 654 3568 in
685 3514 833 3568 luctu
867 3512 1005 3566 ﬁeri.
1034 3512 1150 3567 Non
1181 3513 1428 3583 plangas,
1458 3526 1636 3579 neque
1665 3510 1852 3579 plora-

222 3610 337 3673 bis,
416 3623 523 3662 nec
568 3606 794 3662 fluemes
852 3606 1107 3677 lacrymm
1155 3606 1399 3660 dolorem
1448 3604 1630 3659 cordis
1688 3605 1854 3675 280

228 3702 538 3758 ostendent
570 3719 582 3754 :
615 3700 709 3756 sed
740 3701 784 3756 si
828 3701 969 3755 torte
1010 3700 1177 3757 nimio
1228 3700 1396 3756 fueris
1428 3714 1665 3755 mmrore
1692 3714 1855 3769 supe-

230 3808 421 3864 ratus,
470 3796 687 3852 tacitum
719 3795 920 3851 habeto
961 3796 1241 3866 gemitum,
1295 3811 1398 3851 nec
1437 3801 1758 3863 prorumpat
1798 3794 1854 3851 in

232 3893 435 3949 verba.
464 3892 802 3946 Mortuorum
833 3890 1040 3945 luctum
1069 3906 1178 3945 non
1199 3888 1389 3955 facies,
1420 3889 1525 3954 vel,
1556 3897 1614 3942 ut
1640 3896 1855 3942 vertere

234 3988 419 4050 LXX,
450 3987 671 4059 gemitus
698 3977 990 4057 sanguinis,
1024 4000 1207 4038 renum
1245 3984 1418 4036 luctus
1445 3990 1537 4035 est.
1567 3982 1673 4038 Per
1710 3980 1855 4050 quod

236 4082 487 4138 ostendit
518 4094 743 4136 uxorem
772 4078 894 4149 ejus
918 4092 1041 4133 esse
1080 4078 1423 4133 morituram.
1471 4076 1664 4132 Statim
1707 4077 1856 4131 enim

236 4177 498 4248 sequitur
531 4193 545 4227 :
574 4174 640 4227 Et
668 4182 871 4229 mortua
894 4180 967 4228 est
1000 4188 1131 4227 uxor
1154 4188 1264 4227 mea
1286 4172 1479 4243 vesperi
1501 4170 1686 4243 (Prov.
1711 4169 1855 4242 nx);

241 4268 395 4340 quod
427 4268 650 4338 proprie
672 4266 740 4321 ad
767 4265 1207 4335 conjunctionem
1238 4272 1427 4319 renum
1459 4265 1718 4334 pertinet.
1764 4263 1860 4319 Ni-

242 4367 317 4422 bil
348 4366 501 4421 enim
534 4365 650 4421 viro
676 4380 845 4420 uxore
873 4365 1010 4419 bona
1045 4362 1355 4428 amabilius,
1396 4376 1516 4432 quas
1554 4375 1584 4414 a
1616 4359 1731 4416 Deo
1758 4358 1855 4413 bo-

244 4461 385 4518 ιιίυί
417 4460 759 4530 providetur,
784 4470 841 4516 ct
868 4460 953 4516 cui
985 4458 1202 4514 Domini
1246 4458 1366 4529 lege
1408 4457 1777 4529 conjungitur,
1806 4466 1865 4511 et

1954 3252 2057 3308 ego
2091 3238 2213 3303 feci,
2242 3249 2297 3292 et
2326 3253 2421 3292 vos
2452 3238 2683 3294 facietis.
2735 3239 2961 3305 Quando
3002 3238 3345 3293 consuetudo
3372 3255 3557 3293 scrva-

1958 3340 2046 3385 tur
2073 3332 2125 3386 in
2164 3331 2332 3394 luctu,
2368 3330 2581 3386 inedius
2613 3331 2769 3386 dolor
2798 3342 2915 3397 est;
2947 3332 3166 3401 quando
3198 3342 3379 3386 autem
3414 3341 3563 3387 tanta

1958 3424 2225 3480 titulorum
2257 3425 2520 3480 incumbit
2545 3427 2863 3495 necessitas,
2896 3439 2955 3481 ut
2975 3427 3123 3481 omni
3152 3428 3362 3497 ploratu
3393 3428 3567 3496 major

1958 3518 2066 3583 sit,
2100 3520 2469 3587 unusquisque
2517 3519 2587 3571 de
2627 3533 2724 3573 sua
2772 3518 3095 3574 necessitate
3140 3519 3441 3587 sollicitus,
3494 3518 3585 3573 ad

1961 3610 2188 3666 aliorum
2215 3613 2463 3681 quamvis
2493 3610 2606 3665 sint
2638 3614 2867 3681 proximi
2901 3613 3150 3668 miserias
3181 3629 3285 3668 non
3336 3614 3567 3683 ingemi-

1962 3701 2085 3757 scit.
2116 3702 2282 3767 ΝιΙιίΙ,
2314 3702 2511 3772 inquit,
2545 3700 2755 3756 facietis
2782 3703 2927 3773 quod
2956 3704 3098 3759 solet
3142 3705 3197 3757 in
3230 3704 3374 3758 luctu
3405 3704 3523 3758 fieri
3552 3720 3564 3757 :

1964 3795 2061 3852 sed
2102 3795 2238 3851 urbe
2267 3796 2581 3865 temploque
2610 3798 2918 3861 succensis,
2949 3797 3245 3866 stupebitis
3294 3797 3359 3851 ad
3393 3796 3573 3850 malo-

1966 3905 2087 3945 rum
2113 3888 2560 3959 magnitudinem.
2612 3887 2728 3942 Non
2759 3889 3132 3955 attondebitis,
3169 3904 3270 3945 nec
3302 3889 3461 3943 nudis
3491 3890 3570 3943 in-

1965 3984 2172 4040 cedetis
2206 3983 2455 4053 pedibus,
2483 3998 2584 4039 nec
2610 3982 2899 4053 plangetis,
2937 3999 3035 4039 nec
3065 3984 3267 4039 amictu
3294 4000 3390 4038 ora
3420 3984 3568 4041 vela-

1969 4078 2116 4146 bitis,
2136 4095 2238 4135 nec
2263 4079 2413 4134 cibos
2436 4081 2659 4148 capietis
2683 4097 2711 4134 a
2732 4082 3149 4136 consolantibus
3172 4100 3186 4135 :
3214 4082 3306 4136 sed
3328 4083 3575 4138 tabesce-

1971 4176 2062 4237 tis,
2095 4182 2151 4227 et
2194 4172 2594 4228 consumemini
2629 4173 2681 4227 in
2715 4174 3088 4243 iniquitatibus
3111 4177 3306 4230 vestris
3336 4218 3349 4242 ,
3397 4187 3452 4231 et
3481 4177 3574 4232 vix

1970 4264 2199 4320 liberum
2224 4266 2495 4322 habebitis
2521 4267 2808 4336 gemitum,
2860 4283 2926 4323 ne
2977 4268 3266 4323 attendatis
3310 4270 3575 4323 victomm

1970 4363 2309 4432 superbiam,
2335 4362 2380 4417 si
2408 4362 2624 4433 publice
2648 4362 2781 4417 flere
2800 4363 3121 4428 videamini;
3150 4364 3219 4417 ita
3245 4371 3301 4417 ut
3324 4363 3580 4419 Ezechiel

1973 4457 2241 4526 prepbela
2271 4457 2342 4512 sit
2382 4456 2539 4511 vobis
2571 4456 2622 4511 iu
2658 4465 2992 4525 portentum,
3028 4468 3081 4511 et
3104 4458 3309 4517 omnia.
3340 4474 3459 4528 qua:
3489 4458 3581 4514 ille

249 4569 421 4608 unum
452 4567 578 4607 cum
608 4568 672 4609 ea
702 4568 900 4621 corpus
950 4552 1208 4609 efficitur.
1256 4550 1519 4619 Quodque
1567 4549 1813 4619 sequitur
1846 4566 1861 4603 :
1897 4534 1952 4595 Ῑ)
1977 4565 2085 4605 non
2116 4549 2246 4605 fecit
2277 4551 2330 4603 in
2364 4560 2540 4605 morte
2562 4550 2747 4604 uxoris
2777 4566 2911 4615 sure,
2948 4562 3043 4604 vos
3084 4551 3135 4604 in
3180 4552 3466 4607 eversione
3494 4567 3583 4607 ur-

249 4644 460 4700 Corona
502 4653 592 4698 tua
624 4644 981 4715 circumligata
1019 4644 1086 4698 sit
1132 4642 1243 4708 tibi,
1289 4651 1336 4697 et
1383 4642 1725 4696 calciamenta
1771 4648 1867 4696 tua

251 4749 403 4794 enim
428 4740 484 4793 in
504 4738 726 4811 pedibus
752 4738 876 4804 tuis,
908 4736 1009 4793 hoc
1038 4736 1309 4807 significat
1336 4752 1348 4791 :
1395 4735 1629 4801 Habebis
1653 4750 1865 4790 comam

253 4850 377 4906 qua:
421 4833 680 4890 tondetur
724 4833 777 4887 in
823 4832 993 4898 luctu,
1043 4839 1101 4885 et
1140 4830 1493 4887 calciamenta
1531 4830 1583 4884 in
1619 4828 1868 4897 pedibus,

257 4944 377 5000 quae
409 4928 667 5001 lugentes
692 4926 874 4983 solent
901 4924 1161 4996 abjicere.
1218 4923 1371 4981 Unde
1402 4931 1459 4980 et
1490 4921 1657 4979 David
1699 4923 1871 4979 Abes-

330 5130 357 5156 ⁸·
411 5117 575 5175 Paria
618 5116 786 5172 habet
828 5116 931 5169 sub
971 5113 1183 5169 initium
1235 5111 1360 5169 libri
1400 5110 1574 5179 quarti
1623 5110 1679 5165 in
1734 5109 1873 5165 Mat-

262 5190 465 5244 thrnum
501 5204 622 5258 cap.
653 5202 810 5250 mn,
833 5186 896 5240 ad
928 5185 1060 5239 illud
1084 5183 1870 5258 Denteronomiipraeceptum,

261 5261 475 5331 Ligabis
507 5250 651 5313 ea'in
683 5275 839 5312 manu
870 5266 991 5331 tua,
1021 5266 1131 5331 etc.
1180 5252 1315 5331 Hoc,
1358 5250 1528 5331 inquii
1548 5294 1580 5331 ,_
1616 5250 1879 5331 Pliartsrci

261 5323 399 5387 mile
426 5334 823 5402 interpretantes
870 5328 1155 5402 scribebant
1187 5330 1245 5402 in
1286 5325 1607 5402 membranis
1657 5323 1873 5402 Decalo'

264 5422 389 5475 gain
436 5396 639 5475 Moysi,
684 5403 738 5475 id
765 5412 865 5475 est,
898 5401 1070 5454 decent
1094 5399 1242 5475 verba
1273 5396 1425 5469 Legis
1452 5438 1465 5461 ,
1509 5396 1879 5475 corriplicuntes

265 5468 349 5542 ca,
384 5486 430 5530 et
460 5468 680 5547 Lgantes
706 5474 755 5526 in
788 5473 976 5547 fronte,
996 5471 1206 5543 etquasi
1225 5468 1469 5523 coronam
1499 5468 1656 5547 capiti
1687 5469 1881 5547 facien—

268 5538 368 5610 tes,
396 5558 450 5600 ut
478 5538 678 5614 siemper
708 5538 827 5598 ante
856 5543 1029 5614 oculos
1052 5538 1395 5614 moverentur.
1428 5538 1566 5609 quod
1583 5555 1741 5614 usque
1772 5541 1867 5614 Ito-

266 5609 361 5671 die
382 5618 533 5677 Indi.
564 5609 608 5670 cl
633 5615 828 5681 Persen,
857 5624 901 5668 et
925 5613 1199 5685 Babylonii
1229 5613 1447 5685 faciunt,
1472 5620 1518 5665 et
1548 5612 1635 5685 qui
1660 5609 1875 5685 hoc/ta—

265 5690 456 5755 buerit,
481 5689 631 5759 quasi
658 5686 1017 5759 religiosusin
1032 5681 1239 5759 populis
1254 5683 1547 5751 iudicatur.
1574 5681 1879 5759 Eatendum

267 5752 705 5829 nihilosécius,si
726 5752 831 5831 qua
849 5752 1111 5814 ltabbiuis'
1128 5770 1215 5813 res
1229 5770 1355 5813 suas
1379 5752 1726 5811 narrantibus
1744 5753 1881 5809 ﬁdes

1980 4642 2066 4696 bis
2094 4650 2148 4697 et
2177 4641 2360 4711 templi
2394 4655 2500 4696 non
2536 4640 2767 4696 faciatis.
2800 4643 2866 4696 Et
2888 4641 3065 4697 adhuc
3094 4646 3338 4714 apertius
3366 4662 3378 4698 :
3411 4646 3476 4714 Ο,
3503 4646 3586 4699 in-

1978 4737 2118 4806 quit,
2173 4736 2244 4789 lili
2274 4735 2531 4802 hominis,
2568 4736 2619 4790 in
2652 4746 2897 4806 tempore
2927 4737 3145 4808 quando
3186 4736 3477 4795 abstulero
3519 4741 3586 4797 ab

1978 4831 2062 4886 eis
2094 4828 2466 4885 fortitudinem
2496 4845 2707 4896 eorum,
2758 4832 2965 4900 templi,
3019 4840 3081 4886 ut
3129 4832 3387 4901 diximus,
3417 4834 3587 4889 conti-

1979 4924 2224 4981 dentiam
2250 4932 2308 4979 et
2333 4923 2585 4994 gaudium
2620 4924 2921 4994 dignitatis,
2947 4935 3000 4981 et
3025 4926 3076 4981 in
3100 4941 3208 4997 quo
3238 4943 3387 5000 spem
3418 4929 3586 4982 solam

1982 5117 2092 5175 est,
2118 5108 2235 5183 etsi
2252 5108 2379 5180 quid
2402 5109 2559 5164 habet
2583 5110 2947 5183 auctoritatis,
2965 5128 3086 5182 qua»,
3104 5112 3424 5169 hodiernum
3450 5113 3592 5183 apud

1988 5195 2087 5235 eos
2115 5181 2319 5255 obtinet
2354 5182 2861 5255 Consuelttdo,rnon
2898 5181 3221 5253 Dec:tlogum
3252 5227 3264 5249 ,
3294 5185 3435 5255 quod
3471 5181 3596 5241 Hie-
3680 5192 3683 5195 λ

1990 5268 2112 5326 ron.
2149 5253 2331 5326 tradit,
2364 5254 2457 5308 sed
2490 5255 2695 5323 aliquot
2721 5254 3024 5326 Scriptura:
3055 5266 3255 5319 textus,
3280 5253 3416 5309 duos
3447 5260 3597 5315 vide-

1994 5323 2119 5379 licet
2170 5324 2367 5391 Exodi,
2420 5326 2753 5393 totidemque
2781 5323 3210 5394 Denteronomii,
3255 5329 3445 5383 solitos
3493 5330 3599 5387 lle-

1992 5395 2171 5450 braeos
2201 5396 2253 5449 in
2288 5397 2620 5453 membranis
2645 5397 2974 5461 describere,
3006 5411 3166 5467 atque
3212 5401 3380 5452 instar
3411 5401 3600 5457 diade-

1998 5470 2159 5525 matis
2184 5467 2350 5523 fronti
2398 5468 2658 5536 obligare,
2698 5471 2842 5524 vittis
2884 5472 3137 5539 utrinque
3165 5469 3541 5529 difﬂuentibus
3583 5493 3595 5530 :

1992 5554 2115 5606 qua:
2162 5547 2305 5593 tanta
2335 5547 2417 5592 est
2444 5539 2761 5608 ineptientis
2796 5541 2977 5611 populi
3024 5541 3360 5611 superstitio.
3402 5545 3606 5603 Vocant

2000 5625 2129 5686 vero
2151 5618 2342 5686 narro,
2366 5612 2633 5686 frontalia,
2658 5627 2890 5686 quorum
2919 5628 3083 5686 unum
3114 5614 3602 5686 elegantissimum,

1996 5689 2055 5738 et
2080 5683 2123 5738 si
2152 5682 2296 5752 quod
2324 5682 2532 5752 uspiam
2559 5683 2865 5752 antiquum,
2892 5684 3037 5754 apud
3061 5699 3150 5743 me
3178 5682 3281 5744 est.
