3928 6322
478 289 585 347 251

1743 288 1803 347 S.
1846 287 2121 349 EUSEBII
2161 286 2542 346 HIERONYMI

3664 280 3770 343 ιω

478 405 771 472 habebant,
805 421 868 463 ac
898 406 1226 463 desiderium
1278 406 1332 462 in
1362 420 1469 477 quo
1512 407 1926 478 requiescebant
1961 409 2078 461 ani—
2106 433 2149 491 Α
2184 423 2362 473 mane,
2396 421 2516 477 quae
2541 402 2808 473 completa
2842 406 2969 457 sunt
2995 399 3230 470 vesperi,
3279 407 3335 455 et
3374 411 3589 455 rursum
3618 414 3775 455 mane

482 514 586 554 mm
617 516 825 567 eorum,
861 501 1083 569 insuper
1106 500 1245 555 ﬁlios
1274 516 1461 557 eorum
1486 511 1536 556 et
1568 487 1727 567 ﬁlias,
1758 499 2074 555 subauditur

480 608 546 649 ex
576 593 967 662 superioribus,
997 593 1274 650 abstulero
1322 611 1335 646 :
1371 610 1435 649 eo
1464 637 1477 660 ,
1524 593 1735 664 inquit,
1784 603 2032 662 tempore
2062 635 2075 658 ,

480 701 601 741 cum
648 689 861 742 venerit
900 688 967 743 ad
1015 697 1067 743 te
1113 688 1181 744 de
1225 672 1526 744 Jerusalem
1568 688 1807 757 fugiens,
1861 689 1944 742 vel
1987 688 2075 758 qui

481 781 739 847 evaserit,
792 779 982 837 dicens
1033 782 1219 837 urbem
1265 796 1389 837 esse
1434 782 1772 849 subversam,
1826 789 1953 835 tunc
1987 781 2078 851 qui

482 873 629 942 prius
670 882 918 930 tacueras
943 884 995 930 et
1025 875 1281 945 gemitum
1311 874 1543 929 liberum
1578 889 1683 929 non
1729 873 1981 939 habebas,
2025 883 2079 928 et

481 972 644 1020 tanta:
676 981 801 1021 eras
830 968 1122 1037 patientiae,
1151 977 1206 1023 ut
1237 969 1293 1023 in
1322 967 1510 1023 uxoris
1540 982 1671 1023 nece
1697 978 1751 1023 et
1774 968 2077 1023 lumborum

481 1059 691 1129 dolore,
722 1062 1019 1135 lactymam
1063 1078 1169 1119 non
1213 1067 1511 1129 emitteres,
1557 1064 1769 1135 aperies
1813 1078 1874 1119 os
1905 1072 2076 1131 tuum,

478 1161 535 1207 et
558 1151 816 1223 loqueris,
850 1169 956 1209 non
989 1154 1056 1210 ad
1086 1171 1210 1210 eum
1239 1157 1331 1226 qui
1374 1156 1605 1222 venerit,
1654 1155 1749 1211 sed
1793 1171 1914 1211 cum
1966 1171 2031 1212 eo
2065 1173 2076 1208 :

483 1253 541 1299 ut
570 1259 922 1316 quzecumque
975 1255 1028 1301 tu
1082 1257 1310 1303 ventura
1359 1248 1733 1319 prazdixeras,
1787 1250 1949 1321 282
1989 1249 2081 1304 ille

487 1338 698 1392 nuntiet
739 1339 849 1408 jam
883 1340 1142 1409 perfecta,
1189 1351 1243 1396 et
1275 1341 1412 1395 ultra
1444 1357 1551 1396 non
1584 1340 1822 1407 tacebis;
1871 1341 1963 1396 sed
1995 1355 2079 1394 ar—

484 1446 616 1501 gues
648 1446 763 1501 eos,
793 1443 847 1488 et
876 1433 1025 1488 dices
1050 1443 1243 1489 cuncta
1276 1434 1379 1489 illis
1412 1436 1604 1490 merito
1636 1434 1982 1505 provenisse:
2008 1433 2081 1489 ita

485 1533 541 1579 nt
571 1524 647 1581 sis
676 1527 782 1582 illis
814 1528 865 1582 in
908 1538 1241 1599 portentum,
1267 1529 1419 1601 juxta
1448 1530 1579 1585 illud
1611 1530 1757 1601 quod
1791 1531 1842 1584 in
1874 1530 2078 1584 Zacha-

484 1618 563 1673 ria
595 1621 852 1689 scriptum
880 1631 964 1678 est
1000 1639 1013 1676 :
1049 1622 1340 1695 PrOphetas
1388 1624 1525 1678 uiros
1570 1640 1680 1679 esse
1730 1623 2082 1694 portendentes

484 1709 673 1780 (Zach.
702 1727 781 1778 Ill,
814 1711 894 1783 8).
925 1712 995 1767 Et
1027 1713 1285 1769 Dominus
1308 1714 1434 1769 alibi
1468 1714 1740 1786 loquitur:
1766 1717 1821 1769 in
1849 1715 2083 1770 manibus

484 1803 853 1875 prophetarum
884 1806 1215 1861 assimulatus
1243 1824 1354 1861 sum
1383 1807 1538 1880 (Osee
1552 1825 1647 1874 xn,
1680 1808 1789 1880 lO).
1825 1808 2079 1879 Hazcjux-

484 1904 536 1951 ta
566 1897 845 1953 historiam
876 1900 1017 1954 dicta
1056 1900 1184 1956 sint.
1232 1901 1527 1958 Veniamus
1575 1902 1643 1959 ad
1684 1919 1960 1976 anagogen
1994 1905 2077 1975 (si

483 1998 663 2046 tamen
701 1990 942 2048 violenta
970 2008 1078 2049 non
1126 1994 1286 2050 fuerit
1331 1996 1443 2050 visa
1493 1997 1635 2051 cauti
1680 1997 1905 2052 lectoris
1951 2013 2077 2066 pru-

483 2083 682 2140 dentiae
705 2084 746 2156 ).
778 2086 970 2141 Filium
1002 2087 1232 2143 hominis
1261 2088 1363 2144 dici
1394 2090 1679 2161 Dominum
1710 2090 2078 2156 Salvatorem,

483 2178 612 2232 nulli
642 2178 885 2246 dubium,
918 2180 1012 2250 qui
1042 2190 1281 2236 extrema
1327 2182 1482 2247 hora,
1517 2182 1619 2238 hoc
1647 2192 1752 2250 est,
1787 2185 1853 2237 ad
1884 2199 2076 2254 vespe-

483 2284 600 2325 ram
645 2271 830 2325 mundi
862 2271 1043 2342 hujus,
1092 2288 1319 2329 uxorem
1366 2277 1651 2345 pristinam
1684 2275 1937 2345 perdidit,
1984 2291 2084 2332 nec

484 2362 629 2418 ﬂevit
658 2380 798 2434 eam,
833 2381 934 2420 nec
960 2366 1159 2421 amictu
1183 2382 1276 2421 ora
1309 2368 1524 2437 velavit,
1554 2384 1655 2423 nec
1679 2369 1888 2438 recepit
1917 2368 2081 2422 ullam

484 2456 763 2512 hominum
791 2457 1247 2529 consolationem,
1299 2468 1353 2516 et
1401 2462 1515 2516 haec
1564 2469 1789 2517 ventura
1836 2460 2089 2531 praedixit

2183 1452 2281 1490 suo
2311 1436 2681 1489 consolabitur
2728 1452 2739 1487 :

2180 504 2233 556 in
2268 500 2506 557 secundo
2535 498 2769 554 adventu
2800 497 2936 551 facta
2958 495 3203 566 probavit
3229 509 3350 564 quae
3380 501 3609 549 ventura
3633 508 3775 562 prac-

2180 595 2410 659 dixcrat,
2432 590 2802 649 sanctuarium
2820 589 3153 656 Jndzeorum,
3177 596 3231 643 et
3256 586 3394 657 quod
3418 586 3779 643 desiderabile

2179 688 2481 742 habuerant
2512 688 2565 741 in
2592 685 2789 753 oculis,
2819 692 2875 740 et
2916 699 3078 754 super
3105 697 3211 754 quo
3242 681 3549 738 tremebant
3587 682 3781 735 animze

2179 800 2398 851 eorum,
2447 799 2569 839 esse
2613 783 2819 853 polluta
2855 799 2867 836 :
2901 780 3039 835 filios
3077 794 3292 850 quoque
3321 794 3509 834 eorum
3560 785 3615 831 et
3646 775 3783 831 tilias

2180 878 2424 932 Romano
2452 875 2630 946 gladio
2661 874 2986 930 concidisse.
3014 873 3167 943 Quod
3196 882 3376 928 autem
3404 871 3604 926 dicitur
3637 888 3651 924 :
3686 871 3785 924 Co-

2178 987 2359 1025 ronam
2378 969 2624 1024 habebitis
2646 970 2694 1022 iu
2712 968 2964 1038 capitibus
2988 967 3191 1031 vestris,
3217 976 3260 1020 et
3281 966 3619 1020 calciamenta
3637 972 3787 1017 erunt

2179 1066 2232 1119 in
2259 1065 2497 1135 pedibus,
2518 1064 2591 1117 .atl
2621 1064 2767 1117 illam
2801 1071 3008 1129 partem
3039 1061 3361 1126 referemus,
3406 1056 3551 1129 quod
3582 1071 3787 1127 nequa-

2182 1172 2340 1228 quam
2385 1156 2574 1227 lugere
2614 1154 2870 1220 debeant,
2922 1168 3022 1209 nec
3067 1153 3216 1224 signa
3267 1152 3442 1206 luctus
3479 1165 3783 1217 assumere,

2185 1260 2465 1321 postquam
2498 1263 2595 1319 pro
2622 1248 2813 1303 umbra
2844 1245 3149 1317 receperint
3181 1244 3457 1299 veritatem
3485 1284 3499 1309 ,
3528 1252 3584 1297 et
3617 1241 3788 1297 Naza-

2185 1341 2277 1396 ιτεεί
2305 1341 2521 1411 quidam
2553 1341 2678 1395 facti
2704 1338 2926 1404 fuerint,
2953 1347 3007 1393 et
3030 1337 3399 1406 unusquisque
3428 1349 3592 1404 super
3619 1333 3787 1388 fratre

2782 1435 2853 1487 ita
2888 1441 2945 1487 ut
2977 1430 3224 1486 Ezechiel
3269 1444 3428 1500 quem
3460 1426 3791 1483 confortavit

2187 1532 2326 1585 Deus
2357 1529 2541 1597 Pater,
2575 1530 2645 1583 sit
2684 1529 2763 1583 eis
2794 1530 2845 1582 in
2890 1535 3223 1598 portentum,
3253 1534 3477 1580 ventura
3526 1537 3789 1595 praenun-

2186 1623 2344 1690 tians,
2392 1631 2447 1677 et
2484 1633 2767 1691 postquam
2800 1620 3064 1675 subversa
3109 1617 3270 1673 fuerit
3296 1616 3619 1684 Jerusalem,
3654 1624 3793 1671 tem-

2188 1714 2441 1784 plumque
2470 1728 2814 1781 succensum,
2867 1721 2923 1767 et
2962 1712 3065 1767 hoc
3096 1720 3244 1766 totus
3271 1709 3507 1764 mundus
3528 1709 3788 1777 audierit,

2112 1808 2534 1900 BetdiSpersio
2564 1808 2753 1871 lsrael,
2802 1823 2921 1877 qua:
2966 1805 3114 1860 orbis
3163 1804 3423 1860 terminos
3471 1804 3621 1871 colit,
3670 1811 3796 1858 tunc

2186 1901 2347 1957 verba
2383 1900 2593 1957 Domini
2626 1915 2790 1970 opere
2819 1898 3086 1969 completa
3115 1942 3128 1965 ,
3177 1897 3414 1953 habeant
3460 1896 3792 1962 libertatem,

2189 2005 2243 2049 et
2294 1995 2499 2063 polluto
2531 1992 2839 2048 sanctuario
2881 1991 3021 2061 ejus,
3071 1990 3213 2060 Lege
3240 1990 3532 2059 completa,
3573 1988 3662 2042 vel
3708 1988 3798 2042 de-

2188 2098 2391 2143 structa
2438 2087 2736 2143 secundum
2787 2084 3130 2141 occidentem
3184 2084 3443 2149 litteram,
3487 2090 3679 2151 aperta
3733 2080 3799 2135 sit

2190 2178 2468 2248 Evangelii
2510 2179 2704 2248 gloria,
2736 2186 2791 2233 et
2817 2184 3110 2245 cognoscat
3154 2175 3337 2242 Israel,
3375 2175 3517 2246 quod
3567 2175 3691 2244 ipse
3732 2173 3800 2228 sit

2191 2274 2451 2329 Dominus
2479 2284 2530 2329 et
2553 2273 2717 2338 Deus,
2749 2273 2839 2342 qui
2866 2271 2983 2327 haec
3005 2286 3163 2325 mane
3192 2279 3418 2325 ventura
3460 2268 3797 2337 przrdixerit,

2192 2378 2247 2424 et
2274 2369 2489 2438 vesperi
2518 2378 2681 2438 atque
2711 2367 2763 2421 in
2793 2366 3257 2422 consummatione
3281 2362 3467 2418 mundi
3494 2376 3619 2418 esse
3648 2376 3802 2419 com-

2195 2461 2363 2532 pleta,
2393 2476 2493 2520 suo
2520 2459 2764 2531 probarit
2793 2458 3052 2514 adventu.
3828 2450 3832 2453 ’

1462 2690 1937 2799 LIBER
2024 2688 2798 2863 OCTAVUS.

1971 2887 2299 2900 _

485 3030 490 3051 ’
556 3018 911 3092 283-284
950 3019 1091 3089 Quid
1122 3020 1244 3076 aliis
1270 3021 1445 3091 prosit
1481 3022 1536 3075 in
1574 3021 1867 3092 prOphetas
1900 3031 2086 3077 nostra

485 3109 730 3179 dictatio,
761 3111 853 3166 Dei
896 3111 1086 3180 judicii
1129 3120 1550 3183 est,eorumqne
1575 3113 1947 3174 conscientiae,
1974 3113 2085 3182 qui,

485 3202 713 3273 omissis
750 3202 1235 3260 declamationibus
1266 3220 1327 3260 ac
1364 3206 1555 3276 plausu
1596 3216 1651 3261 et
1697 3208 2091 3279 compositione

2194 3018 2445 3089 proprios
2470 3019 2796 3075 vertentium
2829 3032 2949 3088 quac
2986 3016 3223 3086 peritura
3254 3013 3618 3070 conservant!
3658 3014 3806 3069 llam

2197 3111 2348 3181 virgo
2389 3111 2590 3167 Christi
2648 3109 3028 3174 Eustochium,
3058 3126 3123 3163 ex
3152 3107 3333 3165 cordis
3362 3107 3706 3161 abundantia
3750 3122 3810 3160 os

2195 3204 2431 3258 locutum
2460 3202 2550 3267 sit,
2573 3212 2627 3257 et
2654 3206 2817 3272 paulo
2838 3202 3066 3257 liberius
3087 3216 3247 3271 quam
3274 3199 3563 3255 humilitati
3596 3209 3810 3254 nostrai

486 3293 803 3361 verborum,
838 3295 1065 3366 cupiunt
1087 3298 1229 3353 scire
1251 3298 1378 3368 quid
1403 3314 1592 3353 eorum
1621 3313 1827 3365 sermo,
1858 3302 1943 3355 vel
1967 3316 2089 3355 nar—
2118 3336 2163 3399 ρ
2196 3297 2477 3363 convenit,
2508 3295 2826 3350 dixerimus.
2864 3296 3135 3351 Ceterum
3189 3304 3414 3349 octavus
3443 3294 3495 3347 in
3541 3292 3813 3348 Ezechie-

485 3397 568 3443 ret
591 3389 947 3457 praeteritum,
965 3391 1051 3445 vel
1077 3406 1316 3459 praesens
1340 3403 1552 3464 arguat,
1577 3395 1661 3449 vel
1682 3394 1944 3465 praedicat
1969 3410 2090 3450 esse

488 3492 798 3537 venturum.
832 3482 1000 3539 Nobis
1042 3483 1261 3540 interim
1288 3495 1313 3525 ι
1340 3487 1601 3556 prodest:
1634 3487 1765 3541 dum
1809 3490 1952 3543 enim
1987 3487 2091 3543 hoc

485 3576 737 3643 facimus,
783 3588 839 3635 et
884 3578 1015 3633 nihil
1050 3580 1193 3634 aliud
1233 3581 1556 3652 cogitamus,
1601 3582 1653 3635 in
1698 3582 1916 3637 modum
1963 3583 2089 3637 furti

485 3670 897 3741 explanationes
927 3672 1292 3743 aggredimur,
1325 3682 1383 3727 et
1410 3674 1621 3729 dierum
1658 3676 1927 3739 miserias,
1965 3690 2090 3729 noc-

488 3761 621 3817 tium
654 3762 840 3817 studio
870 3778 1287 3833 compensamus
1313 3782 1325 3818 :
1351 3767 1593 3835 pascitur
1614 3768 1847 3835 animus,
1880 3781 1936 3823 et
1962 3768 2091 3824 obli-

490 3856 719 3911 viscitur
756 3858 949 3912 saeculi
991 3857 1362 3914 calamitatum
1384 3900 1398 3922 ,
1446 3859 1591 3930 quod
1622 3860 1677 3914 in
1708 3869 1952 3917 extremo
1986 3864 2091 3917 line

485 3947 598 4017 jam
645 3949 881 4018 positum
922 3953 1282 4021 congemiscit
1324 3961 1379 4006 et
1425 3952 1657 4022 parturit
1684 3954 1749 4027 (ll
1780 3954 1959 4011 Thess.
2002 3959 2087 4026 ll),

490 4042 667 4099 donec
698 4044 789 4111 qui
823 4052 969 4098 tenet
995 4044 1064 4099 de
1087 4044 1267 4100 medio
1297 4045 1410 4115 fiat,
1434 4056 1489 4101 et
1514 4047 1678 4117 pedes
1706 4057 1897 4103 statuae
1919 4065 2090 4120 quon-

491 4134 616 4190 dam
648 4134 841 4205 ferrei,
878 4136 1171 4207 fragilitate
1208 4138 1495 4208 digitorum
1529 4140 1771 4195 ﬁctilium
1803 4152 2085 4198 conteran-

489 4236 598 4283 tur.
648 4226 807 4283 Cadit
851 4228 1103 4297 mundus,
1149 4238 1205 4285 et
1252 4232 1433 4287 eervix
1481 4241 1668 4288 erecta
1697 4248 1801 4290 non
1830 4234 2087 4291 ﬂectitur.

492 4320 726 4377 Pereunt
755 4322 977 4391 divitiae,
1009 4333 1063 4380 et
1093 4339 1432 4395 nequaquam
1463 4336 1645 4382 cessat
1669 4328 1918 4383 avaritia.
1950 4328 2090 4384 Con-

493 4428 717 4485 gregare
741 4414 1022 4483 festinant,
1056 4432 1181 4488 qua:
1209 4433 1423 4473 rursum
1465 4418 1534 4473 ab
1574 4418 1692 4474 aliis
1735 4433 2087 4493 occupentur.

495 4507 775 4563 Aruerunt
803 4508 1090 4580 lacryrnte,
1123 4511 1296 4580 pietas
1344 4513 1522 4567 omnis
1564 4512 1741 4568 ablata
1788 4524 1892 4569 est.
1938 4514 2089 4569 Multi

496 4598 586 4668 qui
644 4608 847 4668 petant,
904 4602 1059 4670 pauci
1108 4604 1199 4673 qtti
1244 4604 1502 4660 tribuant.
1538 4605 1648 4661 Nec
1694 4607 2086 4676 erubescimus,

495 4701 865 4759 paupertatem
899 4694 989 4747 vili
1020 4694 1241 4762 palliolo
1274 4696 1645 4765 praeferentes,
1681 4698 1851 4756 Crassi
1899 4700 2091 4771 opibus

492 4782 787 4853 incubare;
814 4784 842 4824 ι)
868 4786 1175 4859 famemque
1209 4800 1261 4845 et
1292 4789 1567 4847 interitum
1592 4792 1945 4862 plurimorqu
1997 4810 2096 4850 no-

494 4876 623 4931 stris
638 4878 915 4934 custodire
931 4878 1223 4945 thesauris,
1241 4884 1541 4938 secundum
1564 4885 1711 4940 illum
1734 4885 1957 4941 divitem
1973 4902 2097 4955 pur-

492 4978 769 5040 puratum,
792 4973 882 5040 qui
906 4983 967 5026 ut
991 4972 1128 5029 nihil
1158 4973 1301 5029 aliud
1336 4973 1548 5041 fecerit,
1580 4992 1753 5049 neque
1778 4979 1923 5033 enim
1955 4980 2097 5049 rapi-

494 5080 594 5121 nas
623 5065 741 5135 ejus
761 5075 817 5122 et
842 5066 1155 5137 iniquitates
1194 5068 1474 5139 Scriptura
1504 5080 1727 5126 testatur
1765 5070 1919 5141 (Luc.
1962 5073 2096 5147 xvr),

492 5159 796 5215 crudelitas
816 5159 935 5230 ejus
964 5171 1127 5232 atque
1156 5164 1413 5233 superbia
1441 5181 1547 5219 non
1577 5165 1808 5222 habebat
1834 5166 2055 5222 modum
2083 5185 2097 5220 :

496 5252 704 5310 Lazaro
730 5263 862 5331 ante
890 5255 1036 5311 fores
1060 5255 1265 5326 jacenti
1297 5267 1457 5329 atque
1484 5261 1767 5325 semineci,
1799 5277 1866 5315 ne
1892 5277 1954 5316 ea
1980 5261 2099 5333 qui-

495 5346 619 5403 dem
665 5348 831 5420 juSsit
878 5349 996 5404 dari
1047 5365 1168 5421 qua:
1217 5352 1443 5407 canibus
1484 5353 1869 5424 projiciuntur.
1902 5354 2099 5421 Quanti

494 5444 638 5495 nunc
660 5439 851 5498 Lazari
877 5441 1085 5513 jacent,
1116 5451 1170 5499 et
1199 5454 1220 5482 ο
1244 5453 1569 5514 quantorum
1600 5460 1849 5515 purpurae
1871 5445 2100 5501 diversis

494 5532 727 5587 vestium
771 5534 1049 5590 coloribus
1077 5543 1460 5606 proteguntur,
1510 5551 1578 5592 ne
1618 5538 1669 5591 in
1720 5552 1853 5592 usus
1881 5537 2097 5609 quidem

570 5682 597 5749 β
635 5675 809 5749 ἒβηθε
845 5675 1150 5742 Rabanum,
1186 5675 1352 5733 Nobis
1376 5678 1578 5733 interim
1610 5679 1833 5748 primum
1867 5680 2092 5749 prodest.

567 5742 596 5784 ιι
636 5746 845 5804 Placuit
871 5748 1114 5822 Ῡίοιοτὶο
1150 5762 1219 5804 ex
1247 5749 1523 5822 Brixianis
1575 5742 1884 5817 codicibus,
1930 5752 1983 5806 in
2012 5753 2096 5822 fa-

491 5834 723 5889 memque
765 5829 815 5875 et
864 5820 1132 5877 interitum
1198 5820 1544 5890 plurimorum
1592 5834 1794 5880 nostros
1834 5820 2097 5880 custodire

2194 3390 2300 3444 lem
2331 3388 2491 3455 liber,
2534 3389 2625 3459 qui
2674 3388 2908 3443 ﬁliorum
2942 3389 3175 3444 Ammon
3205 3396 3261 3443 et
3286 3388 3528 3457 gentium
3577 3394 3814 3442 caetera-

2195 3498 2314 3537 rnm
2346 3482 2774 3552 increpationem
2822 3482 3087 3550 continet,
3120 3490 3174 3536 et
3222 3480 3537 3536 vaticinium
3594 3479 3814 3535 futuro-

2196 3590 2337 3640 rum,
2369 3573 2473 3630 hoc
2503 3574 2726 3629 habebit
2757 3573 3067 3630 exordium.

2196 3796 2197 3799 η
2265 3761 2420 3832 (Cap.
2453 3760 2651 3833 XXV.)
2696 3761 2763 3814 Et
2811 3764 2978 3833 factus
3023 3770 3097 3815 est
3145 3776 3311 3815 sermo
3362 3758 3572 3813 Domini
3599 3759 3680 3811 ad
3710 3774 3813 3819 me,

2194 3856 2368 3909 dicens
2400 3874 2417 3910 :
2449 3854 2559 3911 Fili
2585 3856 2829 3923 hominis,
2853 3874 2987 3929 pone
3015 3858 3154 3927 (sive
3177 3857 3416 3929 obﬁrma)
3449 3857 3639 3929 faciem
3671 3865 3817 3911 tuam

2194 3960 2370 4004 contra
2394 3952 2533 4017 ﬁlios
2560 3953 2803 4020 Ammon,
2847 3962 2896 4007 et
2931 3951 3269 4025 praphetabis
3290 3952 3353 4005 de
3372 3953 3468 4018 eis,
3499 3960 3544 4006 et
3571 3951 3724 4007 dices
3756 3953 3821 4021 ﬁ-

2194 4045 2278 4099 liis
2322 4046 2543 4101 Ammon
2591 4047 2829 4101 :Audite
2877 4047 3081 4101 verbum
3119 4046 3330 4101 Domini
3373 4044 3493 4114 Dei,
3526 4045 3640 4100 lucc
3693 4047 3820 4100 dicit

2196 4135 2453 4193 Dominus
2483 4138 2623 4193 Deus
2655 4157 2672 4193 :
2706 4139 2812 4195 Pro
2844 4157 2903 4195 eo
2932 4141 3071 4212 quod
3103 4141 3332 4206 dixistis,
3366 4157 3517 4213 euge,
3560 4155 3699 4211 cuge
3731 4156 3821 4191 stt-

2193 4249 2283 4302 per
2326 4234 2683 4287 sanctuarium
2729 4250 2893 4288 meum
2934 4233 3070 4305 (sive
3115 4236 3239 4305 quia
3278 4234 3443 4307 gavisi
3487 4232 3607 4286 estis
3659 4249 3822 4303 super

2192 4328 2547 4382 sanctuarium
2575 4328 2788 4399 meum),
2816 4330 2941 4400 quia
2964 4328 3219 4400 pollutum
3243 4340 3341 4395 est,
3367 4337 3416 4383 et
3438 4343 3593 4395 super
3614 4336 3819 4382 terram

2194 4417 2392 4489 Israel,
2424 4421 2544 4490 quia
2576 4421 2806 4476 desolata
2836 4431 2931 4488 est,
2965 4433 3012 4476 et
3048 4439 3201 4493 super
3239 4422 3450 4475 domum
3478 4416 3647 4484 Iuda,
3697 4420 3823 4489 quia

2194 4512 2335 4567 ducti
2365 4523 2483 4568 sunt
2526 4514 2580 4567 in
2620 4516 2968 4585 captivitatem
2992 4530 3010 4568 :
3033 4514 3231 4568 idcirco
3257 4530 3350 4587 ego
3375 4514 3578 4567 tradam
3611 4520 3667 4564 te
3690 4512 3825 4581 ﬁliis

2198 4605 2549 4662 Orientalibus
2578 4608 2718 4679 (sive
2748 4608 2959 4681 Caesar)
2991 4610 3044 4663 in
3084 4609 3456 4674 hwreditatem,
3492 4616 3538 4662 et
3580 4608 3823 4661 colloca-

2196 4701 2318 4757 bunt
2364 4705 2543 4758 caulas
2590 4721 2713 4759 suas
2757 4706 2813 4758 in
2858 4716 2925 4771 te,
2959 4714 3005 4760 et
3032 4714 3221 4776 ponent
3255 4705 3309 4757 in
3345 4712 3394 4756 te
3420 4702 3641 4756 tentoria
3673 4720 3780 4756 sua
3804 4718 3822 4755 :

2198 4796 2300 4867 ipsi
2331 4797 2596 4853 comedent
2628 4801 2805 4869 fruges
2836 4815 2980 4863 suas,
3010 4807 3059 4852 et
3086 4797 3186 4868 ipsi
3214 4795 3381 4850 bibent
3410 4794 3491 4847 lac
3517 4792 3623 4866 [ΑΙ.
3660 4794 3823 4849 addi-

2198 4898 2286 4943 tur
2316 4889 2483 4962 tuum]
2526 4889 2666 4961 (sive
2696 4889 2978 4944 ubertatem
3009 4888 3200 4959 tuam),
3229 4887 3463 4958 daboque
3493 4885 3740 4942 Rabbath
3767 4887 3823 4940 in

2201 4983 2557 5036 habitaculum
2580 4985 2901 5037 camelorum
2926 4983 3062 5054 (sive
3092 4982 3350 5037 civitatem
3374 4983 3591 5036 Ammon
3634 4982 3693 5036 in
3728 4999 3826 5051 pa-

2200 5091 2326 5130 scua
2357 5074 2697 5146 camelorum)
2724 5093 2736 5128 :
2771 5086 2817 5131 et
2847 5077 2985 5144 ﬁlios
3012 5076 3231 5130 Ammon
3260 5078 3314 5129 in
3344 5076 3513 5129 cubile
3538 5091 3822 5145 pecorum,

2199 5179 2247 5223 et
2284 5169 2456 5223 scietis
2483 5152 2606 5239 quia
2645 5186 2736 5242 ego
2767 5167 3045 5222 Dominus.
3084 5167 3221 5236 Quia
3248 5167 3358 5221 ἠως
3396 5167 3524 5221 dicit
3554 5166 3825 5223 Dominus

2200 5260 2338 5315 Deus
2373 5278 2389 5315 :
2421 5260 2529 5316 Pro
2572 5279 2630 5316 eo
2683 5261 2820 5332 quod
2868 5261 3110 5333 plausisti
3165 5277 3347 5326 manu,
3403 5270 3451 5313 et
3510 5262 3829 5330 percussisti

2200 5353 2336 5425 (sive
2364 5354 2659 5425 insonuisti)
2688 5354 2836 5427 pede,
2870 5362 2919 5408 et
2941 5354 3119 5424 gavisa
3147 5370 3199 5408 es
3226 5369 3291 5408 ex
3321 5362 3426 5406 toto
3449 5350 3643 5419 aﬂ'ectu
3674 5353 3826 5417 (sive

2201 5449 2467 5503 insultasti
2512 5466 2577 5505 ea:
2633 5450 2808 5504 animo
2841 5446 3163 5519 tuo)-super
3218 5458 3410 5502 terram
3467 5444 3639 5502 Israel
3675 5448 3825 5501 :‘id-

2205 5540 2341 5594 circo
2380 5537 2563 5613 [Vulg.
2598 5539 2752 5595 addit
2777 5538 2919 5613 ecce]
2953 5556 3045 5614 cgo
3085 5538 3362 5596 extendam
3400 5554 3611 5594 manum
3641 5554 3827 5592 meam

2204 5679 2496 5734 thesauros.

2204 5695 2257 5732 ιη
2481 5719 2496 5734 .

2194 5766 2199 5767 ί
2260 5695 2573 5806 εοεαὲιὲΐθη
2598 5749 2742 5806 idem
2788 5764 2852 5805 ex
2884 5749 3077 5806 iisdem
3120 5763 3253 5805 mss.
3286 5767 3299 5804 :
3329 5758 3376 5804 et
3409 5747 3586 5820 quanti
3605 5762 3828 5819 purpu-

2204 5824 2398 5878 rati....
2429 5824 2482 5876 in
2510 5839 2632 5877 usus
2658 5822 2861 5892 quidem
2891 5823 3130 5892 proprios
3154 5830 3419 5876 vertentes.
