4038 6328
246 268 326 335 ιω
833 258 1493 323 COMMENTARIORUM
1534 260 1604 323 IN
1643 260 2087 324 EZECHIELEM
2124 263 2254 325 LIB.
2297 262 2437 323 VIII.
2477 263 2635 323 CAP.
2677 263 2846 324 XXV.

3387 262 3495 323 254

240 386 437 454 “parte,
465 375 628 449 285
653 385 698 431 et
735 377 940 436 tradam
972 388 1019 435 te
1046 380 1099 433 in
1136 379 1484 449 direptionem
1522 380 1773 450 gentium,
1807 383 1855 443 Α
1884 383 2062 436 futura
2119 381 2391 451 praedixit,
2449 391 2503 436 et
2556 390 2612 435 ιιι
2665 382 2858 435 ﬁerent
2909 377 3217 448 imperavit.
3250 378 3362 435 Nec
3391 380 3498 435 hoc

240 486 276 531 et
313 472 595 538 inter/icium
641 482 687 528 te
725 472 788 526 de
836 471 1078 544 populis,
1127 482 1173 526 et
1229 473 1444 542 perdam
1492 474 1555 527 de
1594 474 1782 540 terris,

239 580 272 625 ll
299 577 567 626 conteram,
613 575 660 619 et
696 567 827 620 scies
864 567 989 638 quia
1029 582 1121 636 ego
1162 564 1438 620 Dominus.
1487 567 1657 636 Capta
1701 564 1783 620 vel

237 663 413 718 obsessa
444 657 766 724 JerUSalem,
814 670 1097 729 postquam
1141 659 1289 714 venit
1336 660 1390 712 in
1426 658 1782 729 Babylonem,

234 756 299 827 qui
339 760 533 821 poterat
580 750 701 822 [ΑΙ.
757 750 1042 823 potuerat]
1088 751 1322 807 evadere
1351 793 1365 817 ,
1414 759 1470 806 et
1517 752 1787 806 nuntiavit

236 848 381 903 urbem
396 845 503 914 jam
526 845 753 915 jamque
779 845 1097 915 capiendam
1121 885 1135 911 ,
1173 846 1259 900 vel
1283 862 1405 899 cum
1434 845 1635 915 templo
1665 860 1788 900 esse

232 940 499 998 subversam
520 980 537 1002 ,
590 937 745 1007 juxta
790 936 1244 993 consuetudinem
1277 938 1522 993 omnium
1554 936 1791 1006 prophe-

233 1046 365 1091 tarum
430 1032 720 1087 adversum
782 1043 1011 1088 creteras
1074 1032 1126 1087 in
1194 1033 1429 1088 circuitu
1492 1034 1788 1098 nationes,

231 1144 318 1200 qum
353 1126 743 1180 insultaverant
786 1125 956 1180 ruinae
1002 1123 1338 1192 Jerusalem,
1373 1126 1669 1195 templique
1710 1124 1793 1178 in-

230 1222 397 1285 cendia,
428 1234 616 1276 sermo
659 1220 997 1276 convertitur
1039 1220 1400 1290 propltetalis,
1452 1218 1794 1290 primumque

229 1326 368 1372 contra
397 1314 535 1367 ﬁlios
566 1317 825 1375 Ammon.
874 1314 963 1383 qui
995 1313 1273 1370 habebant
1321 1315 1662 1383 tnctrOpolim
1698 1329 1791 1367 no-

227 1411 336 1465 mine
360 1406 626 1467 Rabbath.
664 1424 785 1478 qua:
820 1407 983 1463 hodie
1014 1423 1041 1460 a
1092 1424 1218 1478 rege
1248 1408 1463 1480 .‘Egypti
1497 1407 1795 1463 Ptolemaeo

227 1507 541 1571 cognomento
593 1498 980 1569 Philadelpho,
1029 1498 1417 1567 quiArabiam
1465 1499 1641 1554 tenuit
1670 1514 1791 1552 cum

225 1580 797 1662 Judaa,Philadelpbia
821 1604 1130 1658 nuncupata
1164 1603 1267 1647 est.
1301 1592 1429 1653 Fili.
1464 1591 1662 1663 inquit,
1692 1592 1792 1646 ho-

226 1686 364 1752 minis,
393 1699 552 1753 pone,
593 1685 713 1739 sive
757 1685 989 1740 obﬁrma
1023 1684 1220 1742 faciem
1254 1695 1398 1740 tuam
1432 1698 1622 1741 contra
1658 1685 1796 1740 lilios

1888 475 2104 531 suffecit
2138 475 2260 530 ﬁliis
2301 476 2556 539 Ammon,
2607 484 2662 529 ut
2705 474 3066 540 insultarent,
3120 487 3172 530 et
3205 473 3494 530 dicerent:

1889 569 2060 639 Euge,
2090 584 2229 641 euge
2254 584 2420 639 super
2443 570 2645 638 templo
2673 578 2727 623 et
2751 570 3061 623 sanctuario
3086 568 3325 635 Domini,
3354 569 3496 640 quod

1891 666 2157 734 pollutum
2206 675 2325 719 erat
2364 663 2699 718 diversarum
2748 663 2977 718 introitu
3034 664 3351 728 nationum;
3401 664 3497 719 sed

1850 818 1857 821 γ
1892 767 2037 813 tanta
2067 758 2167 813 fuit
2196 757 2489 813 insultandi
2524 758 2763 826 lascivia,
2796 767 2851 812 ut
2879 766 3107 813 cunctus
3138 758 3297 812 simul
3331 772 3503 827 popu-

1892 849 1976 906 lus
2017 850 2267 905 manibus
2298 860 2352 905 et
2378 849 2605 920 pedibus
2632 860 3012 919 concreparet,
3047 859 3102 904 et
3132 865 3195 902 ex
3233 856 3346 903 toto
3376 865 3503 905 cor-

1892 943 1974 999 dis
2005 945 2267 1001 clamaret
2295 944 2491 999 affectu
2528 962 2539 997 :
2573 961 2639 999 eo
2675 944 2821 1015 quod
2852 957 2997 1000 terra
3026 944 3192 1000 Israel
3223 953 3372 1000 esset
3402 946 3499 1001 de-

1892 1038 2091 1092 solata.
2120 1037 2418 1107 Propterea
2459 1052 2565 1091 non
2597 1052 2699 1106 per
2742 1038 2993 1108 Angelos,
3046 1053 3223 1105 neque
3270 1053 3366 1107 per
3397 1037 3503 1091 alia

1894 1128 2224 1192 ministeria,
2288 1128 2383 1183 sed
2427 1130 2546 1197 ipse
2590 1129 2875 1191 Dominus,
2917 1130 3221 1185 extendens
3278 1146 3497 1185 manum

1895 1234 2049 1274 suam
2080 1221 2146 1273 ad
2179 1220 2619 1289 percutiendum,
2660 1220 2837 1275 tradet
2868 1236 2986 1276 eam
3023 1222 3076 1274 in
3108 1222 3505 1291 direptionem,

1898 1328 2240 1381 nequaquam
2273 1312 2497 1366 camelis
2525 1323 2577 1366 et
2605 1312 2786 1366 ovium
2819 1312 3074 1382 gregibus
3098 1357 3110 1377 ,
3146 1313 3239 1365 sed
3272 1313 3505 1367 mauil'co

1898 1405 2029 1460 stius
2052 1406 2329 1475 gentibus,
2358 1415 2414 1458 nt
2436 1404 2505 1459 de
2522 1405 2852 1473 papulorum
2878 1420 3106 1461 numero
3132 1405 3347 1475 penitus
3377 1420 3504 1459 era-

1899 1501 2134 1566 dicetur,
2166 1509 2222 1555 et
2253 1508 2456 1569 pereat,
2493 1507 2547 1553 et
2574 1498 2850 1569 redigatur
2875 1498 2942 1554 ad
2978 1500 3203 1554 nihilum
3234 1518 3246 1554 :
3282 1509 3338 1554 et
3363 1508 3515 1569 post-

1899 1611 2058 1663 quam
2106 1597 2339 1653 contrita
2376 1596 2562 1663 fuerit,
2609 1609 2737 1653 tunc
2778 1599 3046 1668 intelligat
3090 1599 3232 1669 quod
3283 1600 3400 1667 ipse
3440 1599 3513 1652 sit

1903 1689 2166 1745 Dominus
2195 1692 2287 1759 qui
2331 1701 2524 1746 cuncta
2572 1691 2867 1761 dijudieet,
2902 1705 2955 1745 et
2989 1693 3042 1747 in
3092 1707 3285 1747 omnes
3335 1700 3511 1746 terras

225 1781 429 1843 Ammon,
462 1779 556 1849 qui
592 1779 661 1835 de
691 1780 793 1834 Lot
822 1781 990 1849 stirpe
1019 1781 1264 1851 generati
1287 1790 1434 1847 sunt,
1467 1788 1523 1835 et
1552 1780 1702 1836 dices
1728 1778 1795 1833 ad
1827 1782 1872 1842 B
1902 1781 2100 1837 habeat
2130 1793 2481 1853 potestatem.
2527 1784 2828 1839 Possumus
2870 1786 3027 1855 juxta
3060 1786 3418 1856 tropologiam
3453 1784 3516 1838 ﬁo

225 1890 327 1930 eos:
356 1872 472 1928 Hmc
500 1874 642 1929 dicit
677 1874 938 1929 Dominus
972 1874 1114 1930 Deus
1146 1876 1276 1944 (non
1306 1882 1432 1928 sunt
1474 1875 1618 1929 enim
1663 1888 1792 1942 pro-

224 1968 357 2038 pheta:
386 1967 573 2029 verba,
625 1967 725 2024 sed
768 1968 1008 2022 Domini.
1046 1969 1119 2022 De
1160 1968 1553 2022 obﬁrmatione
1588 1968 1791 2029 vultus,

224 2063 261 2115 in
285 2060 369 2115 hoc
388 2060 582 2115 eodem
618 2059 895 2131 propheta
929 2059 1143 2130 plenius
1187 2059 1613 2130 disputavimus)
1645 2076 1657 2111 :
1691 2059 1795 2115 Pro

222 2169 271 2207 eo
290 2154 410 2222 quod
439 2154 710 2209 dixistis:
759 2152 926 2225 Euge,
976 2154 1145 2225 Euge,
1204 2156 1320 2211 sive
1367 2154 1689 2220 insultaStis,
1742 2163 1799 2209 et

224 2248 355 2320 gavisi
383 2250 535 2314 estis,
569 2250 697 2319 quia
729 2249 994 2319 templum
1018 2260 1072 2305 et
1094 2250 1464 2304 sanctuarium
1492 2265 1670 2304 meum
1696 2248 1799 2303 ho-

222 2343 347 2397 stium
385 2341 739 2411 ingressione
793 2343 1065 2413 pollutum
1123 2351 1230 2409 est,
1287 2352 1341 2398 et
1389 2358 1553 2410 super
1600 2352 1798 2398 terram

222 2433 379 2497 Israel,
428 2436 696 2506 quoniam
746 2436 996 2491 desolata
1044 2446 1148 2505 est,
1182 2447 1241 2493 et
1290 2436 1606 2506 Specialiter
1635 2451 1801 2508 super

221 2530 393 2583 domum
442 2530 611 2599 Juda,
672 2529 725 2585 id
772 2540 877 2593 est,
910 2530 1142 2587 duarum
1176 2531 1440 2597 tribuum,
1489 2546 1610 2602 qua:
1656 2544 1802 2585 nunc

221 2623 358 2679 ducta:
386 2632 509 2679 sunt
533 2625 589 2679 in
618 2624 994 2692 captivitatem
1024 2642 1037 2678 :
1064 2635 1354 2695 pr0pterea
1378 2634 1432 2679 et
1458 2640 1561 2695 ego
1591 2624 1800 2679 tradam

222 2728 260 2773 te
281 2718 387 2773 ﬁliis
414 2720 603 2774 Cenem
635 2717 747 2791 [AL
781 2718 997 2791 Edem],
1032 2734 1170 2789 quos
1192 2718 1503 2774 Orientales
1535 2721 1805 2787 interpre-

222 2798 293 2866 ‘ati
319 2827 514 2867 sumus.
544 2812 815 2883 Nullique
838 2812 1063 2867 dubium
1100 2822 1207 2880 est,
1251 2813 1591 2881 Madianitas,
1630 2822 1685 2868 et
1718 2823 1803 2867 to-

222 2916 302 2961 tam
346 2906 504 2960 eremi
553 2906 874 2960 vastitatem
924 2905 1177 2975 adjacere
1227 2916 1393 2961 terrae
1439 2907 1678 2970 Arabiae,
1711 2907 1806 2977 qui

222 2995 386 3053 habent
411 2999 756 3054 camelorum
797 3013 1020 3069 greges,
1068 2998 1363 3068 oviumque
1407 3008 1461 3053 et
1520 3013 1806 3068 caprarum

224 3093 586 3159 multitudines,
619 3103 679 3149 et
707 3094 791 3148 his
822 3094 1019 3163 opibus
1050 3094 1324 3149 victitant.
1358 3093 1517 3161 Quod
1555 3104 1609 3150 et
1646 3106 1807 3149 terra:

1899 1877 1999 1932 lios
2028 1876 2262 1932 Ammon
2306 1878 2639 1948 intelligere,
2693 1878 2784 1948 qui
2829 1878 2897 1934 de
2924 1879 3028 1934 Lot
3058 1882 3108 1933 in
3139 1881 3395 1948 Spelunca
3419 1893 3512 1949 ge-

1899 1971 2070 2025 nerati
2120 1972 2533 2034 sunt‘semine,
2582 1980 2636 2025 et
2682 1973 2927 2041 generati
2960 1975 3010 2027 in
3050 1973 3315 2029 ebrietate
3342 1986 3397 2030 et
3429 1979 3514 2032 in-

1898 2073 2075 2131 cestu,
2112 2080 2301 2120 omnes
2344 2065 2668 2131 haereticos,
2710 2066 2777 2120 de
2806 2067 3005 2136 quibus
3054 2070 3333 2139 Scriptura
3382 2072 3519 2127 dicit

1899 2165 1953 2212 et
1986 2156 2277 2226 Apostolus
2321 2155 2562 2212 Joannes
2607 2174 2620 2209 :
2668 2156 2749 2210 Ex
2791 2157 2936 2212 nobis
2983 2161 3239 2227 exierunt,
3284 2164 3373 2216 sed
3416 2182 3518 2219 non

1900 2249 2109 2316 [uerunt
2146 2264 2211 2302 ex
2244 2248 2407 2302 nobis.
2444 2248 2506 2303 Si
2549 2248 2684 2302 enim
2722 2249 2944 2319 fuissent
2976 2267 3038 2304 ea:
3067 2252 3236 2321 nobis,
3270 2271 3517 2323 perman—

1901 2342 2085 2396 sissent
2110 2343 2291 2413 utique
2320 2341 2590 2395 nobiscum
2618 2339 2801 2411 (Joan.
2823 2357 2882 2411 ll,
2911 2344 3021 2413 19).
3052 2344 3144 2399 l~ti
3173 2350 3316 2400 enim
3340 2348 3409 2404 de
3432 2351 3511 2403 in-

1903 2434 2183 2489 clinatione
2204 2434 2312 2488 orti
2344 2442 2488 2496 sunt,
2514 2432 2619 2487 hoc
2632 2435 2776 2488 enim
2801 2433 2897 2487 Lot
2927 2436 2979 2488 in
3004 2436 3241 2507 linguam
3266 2453 3508 2496 nostram

1903 2526 2163 2580 vertitur:
2212 2525 2349 2591 Quia
2391 2540 2569 2579 omnes
2626 2525 3014 2585 declinayerunt
3049 2569 3063 2594 ,
3103 2530 3261 2583 simul
3301 2532 3518 2587 inutiles

1908 2617 2034 2679 facti
2060 2625 2180 2671 sunt
2206 2632 2224 2671 :
2247 2633 2351 2670 non
2377 2626 2452 2670 est
2476 2617 2567 2688 qui
2593 2617 2753 2686 faciat
2781 2618 2995 2685 bonum,
3027 2637 3127 2674 non
3157 2631 3231 2675 est
3262 2640 3424 2693 usque
3449 2626 3518 2679 ad

1909 2730 2068 2767 unum
2083 2716 2100 2782 (
2115 2714 2207 2767 Ps.
2228 2729 2342 2781 xm,
2359 2713 2435 2781 '5).
2449 2711 2757 2769 Adversum
2774 2712 2872 2775 hos
2888 2715 3127 2783 ponitur,
3144 2717 3258 2771 sive
3272 2718 3377 2773 obﬁ
3387 2734 3525 2774 rma-

1909 2816 2016 2875 tur,
2032 2807 2201 2863 facies
2219 2806 2555 2878 prophetalis
2573 2823 2588 2861 :
2606 2816 2665 2861 ut
2682 2821 2776 2862 eos
2789 2823 2885 2862 sua
2904 2810 3226 2865 austeritate
3246 2823 3519 2879 conterat,

1908 2909 1963 2955 et
1992 2900 2125 2955 dicit
2148 2900 2227 2955 eis
2260 2918 2273 2953 :
2307 2900 2441 2968 Quia
2476 2900 2785 2956 insultastis
2816 2901 3076 2958 Ecclesia:
3103 2919 3238 2960 mea:
3269 2916 3520 2976 tempore

1911 2995 2308 3064 persecutionis
2343 3013 2356 3050 :
2392 3005 2415 3031 ει
2447 3010 2513 3049 eo
2541 2996 2686 3065 quod
2719 2995 3061 3051 diversorum
3093 3000 3226 3053 vitio
3255 3001 3520 3069 pollutum

1911 3099 2058 3143 esset
2087 3086 2458 3143 sanctuarium
2493 3104 2699 3155 meum,
2734 3088 2847 3144 sive
2875 3106 3064 3145 eorum
3100 3093 3234 3147 vitio
3262 3096 3353 3165 qui
3387 3097 3524 3152 mihi

223 3186 353 3250 Israel
413 3188 467 3243 in
515 3188 773 3244 Judicum
822 3188 967 3243 libro
1020 3188 1294 3245 accidisse
1344 3197 1532 3244 nan-at
1577 3189 1804 3244 historia
1832 3181 1878 3245 C
1909 3180 2244 3245 serviebant,
2274 3180 2434 3252 287
2461 3181 2577 3235 sive
2608 3181 2845 3235 hostium
2870 3182 3218 3253 crudelitate,
3246 3187 3336 3253 qui
3371 3202 3526 3243 uicos

224 3264 389 3335 (ludio.
437 3280 540 3352 vt),
596 3280 823 3349 quando
866 3291 1141 3337 venerunt
1168 3281 1469 3348 Madianaei,
1503 3291 1561 3338 et
1591 3282 1804 3352 depasti

228 3383 338 3435 sunt,
370 3388 538 3443 usque
566 3374 801 3439 Gazam,
827 3390 1019 3431 omnes
1050 3376 1308 3446 regiones
1337 3390 1550 3431 eorum.
1582 3389 1806 3449 Μεταφο-

228 3475 343 3536 ραῶς
374 3481 501 3537 ergo
529 3482 632 3538 per
664 3467 1021 3538 Madianaeos,
1058 3468 1358 3524 Ismaelitas
1404 3477 1459 3523 et
1502 3474 1804 3540 Agarenos,

230 3560 296 3627 qui
344 3574 479 3615 nunc
525 3560 824 3617 Sarraceni
889 3561 1259 3631 appellantur,
1308 3572 1654 3617 assumentes
1702 3561 1803 3616 sibi

232 3650 336 3705 falso
363 3668 555 3710 nomen
590 3653 774 3716 Sane,
806 3669 915 3723 quo
944 3653 1055 3726 [Αἰ.
1094 3653 1265 3727 quod]
1298 3655 1513 3710 scilicet
1543 3655 1610 3710 de
1654 3655 1808 3726 inge-

232 3760 310 3799 nua
332 3756 381 3801 et
401 3748 624 3803 domina
651 3748 946 3804 videantur
966 3763 1091 3803 esse
1120 3749 1390 3819 generati,
1426 3749 1710 3818 Scriptura
1735 3749 1810 3804 si-

230 3839 407 3903 gniﬁcat
448 3857 474 3895 ς
530 3841 852 3910 diciturque
909 3841 977 3894 de
1025 3856 1151 3913 rege
1201 3841 1705 3897 Nabuchodonosor
1755 3851 1811 3899 et

230 3933 343 3985 omni
361 3933 473 4003 ejus
494 3934 753 3990 exercitu
770 3981 785 4003 ,
813 3933 957 4004 quod
979 3936 1162 3991 veniat
1182 3944 1238 3990 et
1258 3935 1439 4004 capiat
1461 3934 1648 3991 urbem
1673 3934 1810 3990 Rab-

234 4022 353 4093 batb,
378 4042 494 4096 qua:
516 4028 605 4082 vel
635 4026 858 4098 proprie
888 4027 991 4082 hoc
1020 4027 1331 4099 appellatur
1353 4029 1595 4091 nomine,
1623 4028 1706 4084 vel
1738 4028 1809 4084 ob

233 4120 648 4188 magnitudinem.
684 4120 920 4176 Rabbath
951 4122 1094 4177 enim
1127 4122 1360 4176 maxima
1386 4122 1607 4177 dicitur.
1640 4121 1711 4176 Et
1742 4135 1810 4178 ne

235 4208 503 4267 dubitemus
555 4213 1070 4270 Nabuchodonosor
1121 4216 1466 4271 subvertisse
1517 4214 1809 4286 Arabiam,

234 4312 679 4385 postquam'capta
709 4317 795 4363 est
824 4308 1129 4364 Jerusalem
1158 4350 1173 4373 ,
1214 4325 1376 4381 supra
1416 4310 1700 4381 Scriptura
1733 4321 1812 4367 te-

236 4404 407 4449 sutur:
437 4395 501 4450 Et
526 4408 606 4464 tu,
632 4398 711 4467 ﬁli
733 4398 983 4468 hominis,
1004 4416 1139 4466 pone
1167 4401 1258 4453 tibi
1278 4400 1411 4454 duas
1433 4402 1568 4467 vias,
1587 4402 1811 4457 Ammon

237 4487 428 4559 Ἀδδεί
452 4488 772 4558 Jerusalem,
806 4501 853 4546 et
882 4493 1047 4547 veniet
1079 4493 1290 4565 gladius
1317 4493 1455 4566 regis
1500 4492 1806 4565 Babylonis.

1912 3272 2381 3343 persequebantur
2415 3291 2424 3324 :
2462 3270 2487 3310 ι)
2517 3280 2718 3327 terram
2746 3288 2962 3345 quoque
2992 3268 3187 3343 Israel,
3213 3291 3409 3334 sensus
3442 3281 3521 3335 vi-

1909 3366 2106 3422 dentes
2134 3365 2328 3432 Deum,
2376 3381 2502 3421 esse
2547 3366 2845 3421 desolatam
2898 3368 3159 3423 virtutum
3211 3369 3414 3437 choro;
3470 3382 3526 3428 et

1910 3458 2185 3530 quomodo
2219 3458 2313 3511 ﬁlii
2339 3457 2535 3513 domus
2563 3457 2722 3527 .lnda,
2759 3458 2812 3513 id
2847 3469 2951 3526 est,
2986 3460 3155 3516 Deum
3183 3464 3519 3532 conﬁtentis,

1910 3555 1963 3608 in
1993 3569 2099 3624 qna
2135 3561 2219 3608 est
2258 3568 2389 3607 vera
2420 3552 2557 3608 ﬁdes
2584 3560 2639 3608 et
2680 3563 2828 3609 rccta
2872 3556 3178 3623 confessio,
3213 3556 3365 3612 ducti
3399 3568 3530 3613 sunt

1912 3646 2019 3718 [Αι.
2050 3645 2181 3718 sint]
2212 3648 2264 3700 in
2295 3647 2697 3716 captivitatem,
2728 3655 2784 3701 et
2821 3649 3031 3703 servire
3069 3648 3301 3704 Domino
3343 3650 3524 3707 desie-

1911 3739 2490 3813 ruttt[A1.desierint]
2528 3757 2537 3791 :
2569 3740 2799 3809 ideirco,
2825 3741 3054 3795 oomnis
3078 3742 3376 3810 insultans,
3414 3755 3521 3798 tra-

1910 3836 2060 3891 deris
2108 3836 2239 3890 ﬁliis
2268 3834 2643 3889 Orientalibus
2698 3836 2791 3904 qui
2840 3835 2909 3889 de
2959 3850 3092 3891 vero
3144 3837 3351 3893 lumine
3391 3849 3524 3894 sunt

1911 3928 2139 4000 preteeti
2167 3935 2224 3983 et
2253 3926 2483 3982 traderis
2515 3927 2566 3981 in
2599 3927 3003 3996 haereditatem,
3035 3939 3090 3981 ut
3114 3938 3169 3983 tu
3200 3946 3419 4001 quoque
3445 3933 3528 3986 di-

1910 4036 2031 4077 scas
2059 4019 2340 4075 Dominum
2362 4018 2633 4075 conﬁteri.
2658 4020 2724 4074 Et
2744 4035 2842 4091 per
2866 4014 3278 4076 translationem
3300 4023 3525 4089 dicitur,

1912 4115 2052 4184 quod
2083 4114 2180 4169 ﬁlii
2218 4113 2460 4169 Orientis
2491 4121 2696 4183 ponent
2724 4128 2890 4182 super
2934 4128 3035 4168 eos
3073 4114 3260 4169 caulas
3289 4131 3437 4183 suas,
3471 4128 3527 4172 et

1916 4206 2084 4278 ﬁgant
2109 4206 2366 4272 tentoria,
2398 4215 2457 4259 et
2482 4204 2672 4260 bibant
2694 4204 2797 4271 lac,
2828 4214 2883 4259 et
2914 4203 3203 4260 coinedant
3231 4204 3433 4278 fruges,
3466 4217 3523 4263 et

1914 4300 2104 4355 civitas
2132 4299 2404 4370 quondam
2436 4296 2714 4367 superbiae
2741 4296 2833 4350 ﬁat
2862 4297 2919 4350 in
2946 4295 3313 4352 habitaculum
3337 4313 3521 4355 came-

1913 4393 2111 4459 lorum,
2143 4394 2234 4463 qui
2266 4393 2507 4463 possint,
2553 4391 2807 4459 deposito
2830 4404 2996 4445 onere
3025 4400 3396 4458 peccatorum,
3440 4395 3523 4449 in-

1916 4497 2059 4545 trare
2084 4503 2181 4558 per
2195 4487 2442 4543 foramen
2462 4500 2592 4542 acus
2608 4484 2823 4557 (Matth.
2858 4485 2995 4553 xtx),
3011 4493 3067 4539 et
3090 4485 3140 4539 in
3164 4485 3342 4542 cubile
3359 4503 3523 4557 peco-

240 4578 289 4631 Ει
308 4581 486 4637 iterum
520 4603 533 4639 :
570 4583 637 4638 In
668 4586 837 4655 capite
880 4585 977 4639 vite
1016 4586 1242 4639 civitatis
1284 4587 1549 4655 conjiciet,
1596 4596 1642 4641 et
1672 4594 1806 4640 viam
1832 4590 1885 4650 D
1914 4596 2055 4645 rum,
2083 4594 2202 4650 (1υὲ
2226 4588 2490 4650 reguntur
2513 4593 2544 4632 ³
2574 4585 2793 4646 Ρθδιοτθ
2824 4575 2969 4630 δοηο
2999 4575 3183 4645 (Ῑοαηο
3208 4576 3289 4648 ³),
3314 4590 3372 4634 ιιι
3398 4597 3521 4636 cum

239 4688 379 4740 pones,
408 4688 461 4730 ut
490 4680 662 4731 veniat
693 4678 904 4746 gladius
929 4681 995 4731 ad
1024 4678 1263 4732 Rabbatlt
1297 4680 1525 4746 ﬁliorum
1557 4680 1804 4746 Ammon,

241 4774 277 4816 et
297 4769 351 4818 ad
377 4767 405 4820 J
414 4768 565 4822 udam
591 4770 642 4822 in
668 4766 965 4823 Jerusalem
995 4770 1395 4824 munitissimam
1445 4770 1665 4842 (Supra,
1694 4786 1803 4840 xxr,

242 4855 309 4919 l9,
330 4860 432 4929 τω).
467 4861 533 4914 Ει
566 4878 784 4916 rursum
817 4880 829 4915 :
865 4860 990 4916 ch
1021 4862 1149 4915 dicit
1180 4862 1435 4916 Dominus
1468 4861 1609 4916 Deus
1646 4863 1712 4917 ad
1748 4862 1814 4931 [i-

244 4949 317 5005 lios
352 4958 583 5015 Ammon.
611 4967 657 5010 et
686 4956 753 5010 od
787 4956 1122 5028 approbrium
1153 4974 1329 5011 eorum
1359 4958 1516 5030 (vers.
1554 4956 1672 5029 28).
1706 4956 1812 5012 Ve-

243 5047 363 5102 nient
388 5067 514 5122 ergo
557 5051 653 5105 ﬁlii
697 5052 905 5118 Cenem,
943 5063 1009 5107 et
1035 5052 1385 5107 collocabant
1432 5054 1617 5107 caulas
1660 5065 1808 5119 suas,

244 5143 367 5209 quasi
420 5156 684 5214 pastores,
740 5148 1016 5216 ﬁgentque
1061 5145 1318 5199 tentoria.
1370 5145 1475 5214 lpsi
1516 5144 1815 5200 vastzubunt

246 5233 395 5305 fruges
412 5248 553 5304 tuas,
577 5248 632 5294 et
657 5239 842 5293 bibent
867 5239 972 5307 lac,
990 5247 1044 5293 et
1067 5238 1370 5293 ubertatem
1398 5248 1578 5303 terrae,
1605 5237 1814 5292 immis-

249 5325 304 5379 sis
328 5330 570 5400 gregibus
592 5331 947 5399 camelorum,
976 5339 1033 5386 et
1058 5331 1299 5386 omnium
1331 5331 1657 5401 p0pulorum
1692 5348 1705 5385 :
1740 5330 1815 5385 ita

248 5428 295 5471 ut
317 5421 414 5476 sint
442 5422 536 5477 ﬁlii
566 5428 796 5479 Ammon
824 5424 882 5479 in
921 5424 1101 5485 cubile
1132 5439 1414 5494 pecorum,
1456 5424 1812 5478 etmalorum

250 5516 540 5573 necessitate
567 5516 889 5589 intelligant,
924 5515 1070 5589 quod
1111 5514 1230 5588 ipse
1256 5514 1329 5573 sit
1352 5514 1614 5572 Dominus
1640 5517 1731 5586 qui
1760 5523 1817 5571 et

307 5661 330 5690 ι
365 5653 558 5711 Victor.
610 5674 624 5711 :
678 5656 1094 5727 diuersorumque
1139 5656 1417 5721 vitiorum,
1466 5654 1603 5724 quod
1650 5652 1818 5725 pollu-

252 5732 525 5800 ma._etc.;
554 5730 738 5800 sicque
762 5728 894 5784 olim
922 5739 978 5783 et
1007 5727 1441 5800 Babanuslegit.

311 5795 334 5834 ι’
372 5798 564 5857 Victor.
604 5795 694 5856 :et
722 5801 860 5873 quod
900 5802 1084 5854 domus
1116 5798 1317 5866 Israel,
1351 5795 1457 5853 'hoc
1503 5806 1601 5866 est,
1644 5812 1825 5853 sensus

664 5897 935 5957 PATBOL.
986 5884 1194 5955 XXV.

1916 4672 2020 4728 hoc
2049 4671 2297 4736 fecerint,
2331 4671 2485 4725 mixti
2516 4680 2571 4724 et
2597 4667 2785 4724 traditi
2815 4668 3055 4723 Orientis
3087 4672 3417 4739 pastoribus,
3447 4676 3525 4730 in-

1918 4771 2161 4842 telligant
2188 4769 2331 4841 quod
2374 4769 2490 4839 ipse
2517 4768 2589 4822 sit
2616 4767 2898 4822 Dominus.
2938 4765 3288 4837 Rursumque
3320 4783 3522 4839 expro-

1914 4867 2036 4921 brat
2082 4866 2186 4932 eis,
2235 4879 2407 4935 quare
2447 4864 2832 4919 insultaverint
2877 4862 3050 4917 nimio
3100 4862 3284 4918 cordis
3326 4865 3524 4920 aﬁ'ectu

1915 4960 2088 5016 ruinis
2109 4959 2295 5029 pOpuli
2324 4959 2438 5023 Dei,
2462 4966 2519 5013 et
2541 4967 2739 5013 terram
2762 4956 2925 5013 Israel
2962 4958 3272 5026 putaverint
3299 4960 3525 5015 omnino

1916 5040 2188 5109 desertam
2234 5066 2379 5120 :pro
2416 5066 2527 5121 quo
2571 5060 2888 5106 mereantur
2943 5065 3160 5104 manum
3212 5050 3528 5109 ulciscentis

1916 5145 2037 5212 Dei,
2070 5156 2127 5200 ut
2160 5145 2252 5214 qui
2284 5155 2635 5201 excesserant
2666 5144 2884 5200 modum
2912 5144 3294 5199 exsultationis
3314 5156 3365 5198 et
3395 5159 3525 5214 gau-

1914 5238 1989 5293 dii
2022 5253 2187 5309 super
2235 5241 2394 5293 ruina
2435 5238 2630 5294 domus
2658 5238 2832 5307 Judze,
2867 5251 3206 5307 nequaquam
3242 5236 3528 5291 tradantur

1916 5331 2042 5387 ﬁliis
2084 5322 2345 5398 Orientis,
2390 5333 2488 5387 sed
2528 5333 2639 5388 sint
2689 5333 2742 5387 in
2790 5332 3155 5401 direptionem
3205 5336 3523 5386 cunctarum

1913 5427 2179 5499 gentium,
2210 5438 2264 5484 et
2288 5428 2689 5483 interﬁciantur
2727 5429 2794 5482 de
2832 5426 3071 5497 populis,
3104 5435 3159 5479 et
3193 5434 3438 5492 pereant,
3473 5437 3529 5482 et

1915 5528 2290 5589 conterantur,
2333 5528 2389 5575 et
2419 5533 2759 5589 nequaquam
2792 5517 2861 5573 de
2891 5516 3062 5586 stirpe
3093 5513 3395 5583 Abraham,
3428 5516 3527 5573 sed

1923 5657 2146 5712 videntes
2174 5655 2366 5721 Deum,
2397 5665 2524 5711 esset
2551 5655 2781 5709 desolata
2807 5657 3049 5707 uirtutum
3082 5653 3273 5721 choro,
3303 5661 3353 5708 et
3392 5656 3539 5725 quod

1926 5730 2025 5799 ﬁlii
2054 5732 2235 5785 domus
2266 5728 2443 5794 Iudae,
2486 5737 2589 5781 etc.

2880 5884 2920 5947 8
