  <div class='ocr_page' id='page_1' title='image "/cluster/home/n/w/nwhite01/storage/ocr_20150623/25/hvd.32044015471394/125.png"; bbox 0 0 4038 6328; ppageno 0'>
   <div class='ocr_carea' id='block_1_1' title="bbox 459 221 568 297">
    <p class='ocr_par' dir='ltr' id='par_1_1' title="bbox 459 221 568 297">
     <span class='ocr_line' id='line_1_1' title="bbox 459 221 568 297; baseline -0.018 0"><span class='ocrx_word' id='word_1_1' title='bbox 459 221 568 297; x_wconf 61' lang='lat'><strong>25.5</strong></span> 
     </span>
    </p>
   </div>
   <div class='ocr_carea' id='block_1_2' title="bbox 1710 218 2517 287">
    <p class='ocr_par' dir='ltr' id='par_1_2' title="bbox 1710 218 2517 287">
     <span class='ocr_line' id='line_1_2' title="bbox 1710 218 2517 287; baseline 0 -2"><span class='ocrx_word' id='word_1_2' title='bbox 1710 228 1771 285; x_wconf 69' lang='lat'><strong>3.</strong></span> <span class='ocrx_word' id='word_1_3' title='bbox 1814 226 2089 287; x_wconf 73' lang='lat' dir='ltr'><strong>EUSE‘DII</strong></span> <span class='ocrx_word' id='word_1_4' title='bbox 2128 218 2517 286; x_wconf 71' lang='grc' dir='ltr'><strong>ΒΙΕἪΟΝῩΜῘ</strong></span> 
     </span>
    </p>
   </div>
   <div class='ocr_carea' id='block_1_3' title="bbox 3679 224 3832 282">
    <p class='ocr_par' dir='ltr' id='par_1_3' title="bbox 3679 224 3832 282">
     <span class='ocr_line' id='line_1_3' title="bbox 3679 224 3832 282; baseline 0.007 -2"><span class='ocrx_word' id='word_1_5' title='bbox 3679 224 3832 282; x_wconf 57' lang='grc' dir='ltr'><strong>εδδ</strong></span> 
     </span>
    </p>
   </div>
   <div class='ocr_carea' id='block_1_4' title="bbox 455 337 3828 416">
    <p class='ocr_par' dir='ltr' id='par_1_4' title="bbox 455 337 3828 416">
     <span class='ocr_line' id='line_1_4' title="bbox 455 337 3828 416; baseline -0.003 -13"><span class='ocrx_word' id='word_1_6' title='bbox 455 345 525 413; x_wconf 79' lang='lat' dir='ltr'><strong>de</strong></span> <span class='ocrx_word' id='word_1_7' title='bbox 551 343 769 409; x_wconf 86' lang='lat' dir='ltr'><strong>cunctis</strong></span> <span class='ocrx_word' id='word_1_8' title='bbox 786 339 1097 403; x_wconf 69' lang='lat' dir='ltr'><strong>nationibus</strong></span> <span class='ocrx_word' id='word_1_9' title='bbox 1119 353 1243 398; x_wconf 88' lang='lat' dir='ltr'><strong>esse</strong></span> <span class='ocrx_word' id='word_1_10' title='bbox 1264 338 1523 397; x_wconf 83' lang='lat' dir='ltr'><strong>credendi</strong></span> <span class='ocrx_word' id='word_1_11' title='bbox 1552 342 1682 412; x_wconf 81' lang='lat' dir='ltr'><strong>sint,</strong></span> <span class='ocrx_word' id='word_1_12' title='bbox 1708 349 1765 403; x_wconf 86' lang='lat' dir='ltr'><strong>et.</strong></span> <span class='ocrx_word' id='word_1_13' title='bbox 1793 350 1921 399; x_wconf 92' lang='lat' dir='ltr'><strong>tunc</strong></span> <span class='ocrx_word' id='word_1_14' title='bbox 1944 358 2065 398; x_wconf 87' lang='lat' dir='ltr'><strong>ma-.</strong></span> <span class='ocrx_word' id='word_1_15' title='bbox 2088 346 2145 407; x_wconf 73' lang='grc' dir='ltr'><strong>Α</strong></span> <span class='ocrx_word' id='word_1_16' title='bbox 2168 345 2335 416; x_wconf 69' lang='lat'><strong>289</strong></span> <span class='ocrx_word' id='word_1_17' title='bbox 2372 348 2587 416; x_wconf 76' lang='lat' dir='ltr'><strong>fontem,</strong></span> <span class='ocrx_word' id='word_1_18' title='bbox 2634 348 2690 398; x_wconf 89' lang='lat' dir='ltr'><strong>et</strong></span> <span class='ocrx_word' id='word_1_19' title='bbox 2714 338 3068 407; x_wconf 83' lang='lat' dir='ltr'><strong>Cariathaim,</strong></span> <span class='ocrx_word' id='word_1_20' title='bbox 3120 338 3379 395; x_wconf 66' lang='lat' dir='ltr'><strong>castratam</strong></span> <span class='ocrx_word' id='word_1_21' title='bbox 3414 337 3763 395; x_wconf 66' lang='lat' dir='ltr'><strong>maritimam</strong></span> <span class='ocrx_word' id='word_1_22' title='bbox 3796 358 3828 396; x_wconf 81' lang='lat'><strong>.-</strong></span> 
     </span>
    </p>
   </div>
   <div class='ocr_carea' id='block_1_5' title="bbox 456 434 2061 508">
    <p class='ocr_par' dir='ltr' id='par_1_5' title="bbox 456 434 2061 508">
     <span class='ocr_line' id='line_1_5' title="bbox 456 434 2061 508; baseline -0.002 -13"><span class='ocrx_word' id='word_1_23' title='bbox 456 440 635 497; x_wconf 89' lang='lat' dir='ltr'><strong>lorum</strong></span> <span class='ocrx_word' id='word_1_24' title='bbox 677 445 1010 508; x_wconf 79' lang='lat' dir='ltr'><strong>cognoscam</strong></span> <span class='ocrx_word' id='word_1_25' title='bbox 1039 434 1431 506; x_wconf 66' lang='lat' dir='ltr'><strong>magnitudine,</strong></span> <span class='ocrx_word' id='word_1_26' title='bbox 1465 445 1524 492; x_wconf 89' lang='lat' dir='ltr'><strong>et</strong></span> <span class='ocrx_word' id='word_1_27' title='bbox 1560 436 1895 493; x_wconf 86' lang='lat' dir='ltr'><strong>contritione</strong></span> <span class='ocrx_word' id='word_1_28' title='bbox 1943 451 2061 503; x_wconf 87' lang='lat' dir='ltr'><strong>sua,</strong></span> 
     </span>
    </p>
   </div>
   <div class='ocr_carea' id='block_1_6' title="bbox 453 530 2066 603">
    <p class='ocr_par' dir='ltr' id='par_1_6' title="bbox 453 530 2066 603">
     <span class='ocr_line' id='line_1_6' title="bbox 453 530 2066 603; baseline -0.002 -12"><span class='ocrx_word' id='word_1_29' title='bbox 453 542 510 591; x_wconf 87' lang='lat' dir='ltr'><strong>et</strong></span> <span class='ocrx_word' id='word_1_30' title='bbox 536 531 921 598; x_wconf 76' lang='lat' dir='ltr'><strong>interiectione</strong></span> <span class='ocrx_word' id='word_1_31' title='bbox 945 530 1154 603; x_wconf 83' lang='lat' dir='ltr'><strong>populi,</strong></span> <span class='ocrx_word' id='word_1_32' title='bbox 1180 530 1326 603; x_wconf 89' lang='lat' dir='ltr'><strong>quod</strong></span> <span class='ocrx_word' id='word_1_33' title='bbox 1357 531 1475 602; x_wconf 87' lang='lat' dir='ltr'><strong>ipse</strong></span> <span class='ocrx_word' id='word_1_34' title='bbox 1498 532 1571 588; x_wconf 88' lang='lat' dir='ltr'><strong>sit</strong></span> <span class='ocrx_word' id='word_1_35' title='bbox 1598 532 1880 595; x_wconf 83' lang='lat' dir='ltr'><strong>Dominus.</strong></span> <span class='ocrx_word' id='word_1_36' title='bbox 1908 532 2066 601; x_wconf 82' lang='lat' dir='ltr'><strong>Quod</strong></span> 
     </span>
    </p>
   </div>
   <div class='ocr_carea' id='block_1_7' title="bbox 451 623 2066 699">
    <p class='ocr_par' dir='ltr' id='par_1_7' title="bbox 451 623 2066 699">
     <span class='ocr_line' id='line_1_7' title="bbox 451 623 2066 699; baseline -0.001 -16"><span class='ocrx_word' id='word_1_37' title='bbox 451 626 790 699; x_wconf 78' lang='lat' dir='ltr'><strong>generaliter</strong></span> <span class='ocrx_word' id='word_1_38' title='bbox 830 623 901 681; x_wconf 85' lang='lat' dir='ltr'><strong>de</strong></span> <span class='ocrx_word' id='word_1_39' title='bbox 945 624 1187 681; x_wconf 75' lang='lat' dir='ltr'><strong>Ecclesia</strong></span> <span class='ocrx_word' id='word_1_40' title='bbox 1233 623 1631 693; x_wconf 76' lang='lat' dir='ltr'><strong>intelleximus,</strong></span> <span class='ocrx_word' id='word_1_41' title='bbox 1663 640 1830 695; x_wconf 90' lang='lat' dir='ltr'><strong>super</strong></span> <span class='ocrx_word' id='word_1_42' title='bbox 1870 641 2066 682; x_wconf 73' lang='lat' dir='ltr'><strong>uomu—</strong></span> 
     </span>
    </p>
   </div>
   <div class='ocr_carea' id='block_1_8' title="bbox 452 718 2067 792">
    <p class='ocr_par' dir='ltr' id='par_1_8' title="bbox 452 718 2067 792">
     <span class='ocr_line' id='line_1_8' title="bbox 452 718 2067 792; baseline -0.001 -15"><span class='ocrx_word' id='word_1_43' title='bbox 452 734 727 792; x_wconf 74' lang='lat' dir='ltr'><strong>quemque</strong></span> <span class='ocrx_word' id='word_1_44' title='bbox 747 726 1059 775; x_wconf 84' lang='lat' dir='ltr'><strong>sanctorum</strong></span> <span class='ocrx_word' id='word_1_45' title='bbox 1091 718 1321 790; x_wconf 77' lang='lat' dir='ltr'><strong>intelligi</strong></span> <span class='ocrx_word' id='word_1_46' title='bbox 1354 728 1573 791; x_wconf 84' lang='lat' dir='ltr'><strong>potest,</strong></span> <span class='ocrx_word' id='word_1_47' title='bbox 1599 719 1670 777; x_wconf 79' lang='lat' dir='ltr'><strong>ad</strong></span> <span class='ocrx_word' id='word_1_48' title='bbox 1694 735 1929 791; x_wconf 81' lang='lat' dir='ltr'><strong>quorum</strong></span> <span class='ocrx_word' id='word_1_49' title='bbox 1954 720 2067 776; x_wconf 75' lang='lat' dir='ltr'><strong>rui-</strong></span> 
     </span>
    </p>
   </div>
   <div class='ocr_carea' id='block_1_9' title="bbox 452 812 2067 885">
    <p class='ocr_par' dir='ltr' id='par_1_9' title="bbox 452 812 2067 885">
     <span class='ocr_line' id='line_1_9' title="bbox 452 812 2067 885; baseline 0.001 -16"><span class='ocrx_word' id='word_1_50' title='bbox 452 828 583 881; x_wconf 78' lang='lat' dir='ltr'><strong>nam</strong></span> <span class='ocrx_word' id='word_1_51' title='bbox 613 812 851 883; x_wconf 74' lang='lat' dir='ltr'><strong>gaudent</strong></span> <span class='ocrx_word' id='word_1_52' title='bbox 879 812 1067 870; x_wconf 66' lang='lat' dir='ltr'><strong>saeculi</strong></span> <span class='ocrx_word' id='word_1_53' title='bbox 1091 813 1363 879; x_wconf 78' lang='lat' dir='ltr'><strong>homines,</strong></span> <span class='ocrx_word' id='word_1_54' title='bbox 1397 822 1453 869; x_wconf 89' lang='lat' dir='ltr'><strong>et</strong></span> <span class='ocrx_word' id='word_1_55' title='bbox 1479 812 1808 871; x_wconf 82' lang='lat' dir='ltr'><strong>adversariae</strong></span> <span class='ocrx_word' id='word_1_56' title='bbox 1830 822 2067 885; x_wconf 84' lang='lat' dir='ltr'><strong>potesta-</strong></span> 
     </span>
    </p>
   </div>
   <div class='ocr_carea' id='block_1_10' title="bbox 450 904 2066 976">
    <p class='ocr_par' dir='ltr' id='par_1_10' title="bbox 450 904 2066 976">
     <span class='ocr_line' id='line_1_10' title="bbox 450 904 2066 976; baseline 0.001 -15"><span class='ocrx_word' id='word_1_57' title='bbox 450 911 557 975; x_wconf 76' lang='lat' dir='ltr'><strong>tes,</strong></span> <span class='ocrx_word' id='word_1_58' title='bbox 593 905 638 961; x_wconf 89' lang='lat' dir='ltr'><strong>si</strong></span> <span class='ocrx_word' id='word_1_59' title='bbox 668 905 831 961; x_wconf 80' lang='lat' dir='ltr'><strong>multi</strong></span> <span class='ocrx_word' id='word_1_60' title='bbox 870 905 1129 975; x_wconf 77' lang='lat' dir='ltr'><strong>temporis</strong></span> <span class='ocrx_word' id='word_1_61' title='bbox 1162 904 1500 976; x_wconf 86' lang='lat' dir='ltr'><strong>perdiderint</strong></span> <span class='ocrx_word' id='word_1_62' title='bbox 1544 905 1859 976; x_wconf 77' lang='lat' dir='ltr'><strong>pudicitiam</strong></span> <span class='ocrx_word' id='word_1_63' title='bbox 1888 924 1902 962; x_wconf 90' lang='lat'>:</span> <span class='ocrx_word' id='word_1_64' title='bbox 1936 907 2066 963; x_wconf 91' lang='lat' dir='ltr'><strong>dum</strong></span> 
     </span>
    </p>
   </div>
   <div class='ocr_carea' id='block_1_11' title="bbox 453 991 2071 1072">
    <p class='ocr_par' dir='ltr' id='par_1_11' title="bbox 453 991 2071 1072">
     <span class='ocr_line' id='line_1_11' title="bbox 453 991 2071 1072; baseline 0.001 -17"><span class='ocrx_word' id='word_1_65' title='bbox 453 998 584 1061; x_wconf 85' lang='lat' dir='ltr'><strong>mali</strong></span> <span class='ocrx_word' id='word_1_66' title='bbox 615 997 1057 1063; x_wconf 82' lang='lat' dir='ltr'><strong>consolationem</strong></span> <span class='ocrx_word' id='word_1_67' title='bbox 1082 1013 1313 1059; x_wconf 77' lang='lat' dir='ltr'><strong>suorum.</strong></span> <span class='ocrx_word' id='word_1_68' title='bbox 1339 991 1611 1059; x_wconf 77' lang='lat' dir='ltr'><strong>scelerum</strong></span> <span class='ocrx_word' id='word_1_69' title='bbox 1644 1009 1857 1069; x_wconf 80' lang='lat' dir='ltr'><strong>putant,</strong></span> <span class='ocrx_word' id='word_1_70' title='bbox 1888 1002 1939 1056; x_wconf 87' lang='lat' dir='ltr'><strong>si</strong></span> <span class='ocrx_word' id='word_1_71' title='bbox 1958 1002 2071 1072; x_wconf 78' lang='lat' dir='ltr'><strong>plu-</strong></span> 
     </span>
    </p>
   </div>
   <div class='ocr_carea' id='block_1_12' title="bbox 449 1089 2069 1163">
    <p class='ocr_par' dir='ltr' id='par_1_12' title="bbox 449 1089 2069 1163">
     <span class='ocr_line' id='line_1_12' title="bbox 449 1089 2069 1163; baseline -0.001 -15"><span class='ocrx_word' id='word_1_72' title='bbox 449 1106 545 1159; x_wconf 59' lang='lat' dir='ltr'><strong>res</strong></span> <span class='ocrx_word' id='word_1_73' title='bbox 570 1091 805 1155; x_wconf 78' lang='lat' dir='ltr'><strong>habeant</strong></span> <span class='ocrx_word' id='word_1_74' title='bbox 834 1101 1129 1151; x_wconf 85' lang='lat' dir='ltr'><strong>consortes.</strong></span> <span class='ocrx_word' id='word_1_75' title='bbox 1163 1092 1467 1149; x_wconf 85' lang='lat' dir='ltr'><strong>criminum</strong></span> <span class='ocrx_word' id='word_1_76' title='bbox 1492 1103 1659 1162; x_wconf 87' lang='lat' dir='ltr'><strong>atque</strong></span> <span class='ocrx_word' id='word_1_77' title='bbox 1683 1092 1943 1163; x_wconf 87' lang='lat' dir='ltr'><strong>supplicii</strong></span> <span class='ocrx_word' id='word_1_78' title='bbox 1969 1111 1982 1148; x_wconf 89' lang='lat'><strong>:</strong></span> <span class='ocrx_word' id='word_1_79' title='bbox 2013 1089 2069 1148; x_wconf 84' lang='lat' dir='ltr'><strong>et</strong></span> 
     </span>
    </p>
   </div>
   <div class='ocr_carea' id='block_1_13' title="bbox 450 1183 2070 1253">
    <p class='ocr_par' dir='ltr' id='par_1_13' title="bbox 450 1183 2070 1253">
     <span class='ocr_line' id='line_1_13' title="bbox 450 1183 2070 1253; baseline 0.001 -13"><span class='ocrx_word' id='word_1_80' title='bbox 450 1185 557 1243; x_wconf 87' lang='lat' dir='ltr'><strong>hoc</strong></span> <span class='ocrx_word' id='word_1_81' title='bbox 603 1199 767 1242; x_wconf 90' lang='lat' dir='ltr'><strong>nemo</strong></span> <span class='ocrx_word' id='word_1_82' title='bbox 808 1183 991 1253; x_wconf 82' lang='lat' dir='ltr'><strong>faciat,</strong></span> <span class='ocrx_word' id='word_1_83' title='bbox 1043 1184 1148 1240; x_wconf 91' lang='lat' dir='ltr'><strong>nisi</strong></span> <span class='ocrx_word' id='word_1_84' title='bbox 1178 1183 1347 1240; x_wconf 79' lang='lat' dir='ltr'><strong>fuerit</strong></span> <span class='ocrx_word' id='word_1_85' title='bbox 1373 1184 1513 1241; x_wconf 78' lang='lat' dir='ltr'><strong>ﬁlius</strong></span> <span class='ocrx_word' id='word_1_86' title='bbox 1552 1185 1808 1251; x_wconf 87' lang='lat' dir='ltr'><strong>Ammon,</strong></span> <span class='ocrx_word' id='word_1_87' title='bbox 1853 1185 1957 1242; x_wconf 89' lang='lat' dir='ltr'><strong>hoc</strong></span> <span class='ocrx_word' id='word_1_88' title='bbox 1985 1194 2070 1242; x_wconf 88' lang='lat' dir='ltr'><strong>est</strong></span> 
     </span>
    </p>
   </div>
   <div class='ocr_carea' id='block_1_14' title="bbox 453 1274 1906 1350">
    <p class='ocr_par' dir='ltr' id='par_1_14' title="bbox 453 1274 1906 1350">
     <span class='ocr_line' id='line_1_14' title="bbox 453 1274 1906 1350; baseline 0 -16"><span class='ocrx_word' id='word_1_89' title='bbox 453 1277 599 1334; x_wconf 80' lang='lat' dir='ltr'><strong>illius</strong></span> <span class='ocrx_word' id='word_1_90' title='bbox 627 1277 837 1349; x_wconf 87' lang='lat' dir='ltr'><strong>populi,</strong></span> <span class='ocrx_word' id='word_1_91' title='bbox 868 1278 960 1347; x_wconf 89' lang='lat' dir='ltr'><strong>qui</strong></span> <span class='ocrx_word' id='word_1_92' title='bbox 992 1276 1047 1335; x_wconf 90' lang='lat' dir='ltr'><strong>in</strong></span> <span class='ocrx_word' id='word_1_93' title='bbox 1084 1276 1453 1343; x_wconf 82' lang='lat' dir='ltr'><strong>declinatione</strong></span> <span class='ocrx_word' id='word_1_94' title='bbox 1479 1274 1772 1350; x_wconf 86' lang='lat' dir='ltr'><strong>generatus</strong></span> <span class='ocrx_word' id='word_1_95' title='bbox 1802 1288 1906 1334; x_wconf 88' lang='lat' dir='ltr'><strong>est.</strong></span> 
     </span>
    </p>
   </div>
   <div class='ocr_carea' id='block_1_15' title="bbox 523 1370 2069 1445">
    <p class='ocr_par' dir='ltr' id='par_1_15' title="bbox 523 1370 2069 1445">
     <span class='ocr_line' id='line_1_15' title="bbox 523 1370 2069 1445; baseline 0 -16"><span class='ocrx_word' id='word_1_96' title='bbox 523 1373 703 1445; x_wconf 83' lang='lat' dir='ltr'><strong>(Vers.</strong></span> <span class='ocrx_word' id='word_1_97' title='bbox 734 1373 767 1428; x_wconf 91' lang='lat'>8</span> <span class='ocrx_word' id='word_1_98' title='bbox 804 1370 952 1443; x_wconf 87' lang='lat' dir='ltr'><strong>seq.)</strong></span> <span class='ocrx_word' id='word_1_99' title='bbox 1002 1371 1131 1427; x_wconf 78' lang='grc' dir='ltr'><strong>Ηωσ</strong></span> <span class='ocrx_word' id='word_1_100' title='bbox 1159 1373 1290 1427; x_wconf 85' lang='lat' dir='ltr'><strong>dicit</strong></span> <span class='ocrx_word' id='word_1_101' title='bbox 1328 1371 1590 1429; x_wconf 75' lang='lat' dir='ltr'><strong>Dominus</strong></span> <span class='ocrx_word' id='word_1_102' title='bbox 1628 1373 1772 1428; x_wconf 85' lang='lat' dir='ltr'><strong>Deus</strong></span> <span class='ocrx_word' id='word_1_103' title='bbox 1815 1388 1835 1428; x_wconf 89' lang='lat'><strong><em>:</em></strong></span> <span class='ocrx_word' id='word_1_104' title='bbox 1865 1372 1974 1428; x_wconf 82' lang='lat' dir='ltr'><strong>Pro</strong></span> <span class='ocrx_word' id='word_1_105' title='bbox 2011 1390 2069 1429; x_wconf 90' lang='lat' dir='ltr'><strong>eo</strong></span> 
     </span>
    </p>
   </div>
   <div class='ocr_carea' id='block_1_16' title="bbox 447 1464 2069 1539">
    <p class='ocr_par' dir='ltr' id='par_1_16' title="bbox 447 1464 2069 1539">
     <span class='ocr_line' id='line_1_16' title="bbox 447 1464 2069 1539; baseline 0 -16"><span class='ocrx_word' id='word_1_106' title='bbox 447 1467 587 1539; x_wconf 83' lang='lat' dir='ltr'><strong>quod</strong></span> <span class='ocrx_word' id='word_1_107' title='bbox 622 1467 864 1522; x_wconf 59' lang='lat' dir='ltr'><strong>dixerunt</strong></span> <span class='ocrx_word' id='word_1_108' title='bbox 904 1464 1062 1521; x_wconf 81' lang='lat' dir='ltr'><strong>Moab</strong></span> <span class='ocrx_word' id='word_1_109' title='bbox 1103 1476 1149 1521; x_wconf 87' lang='lat' dir='ltr'><strong>et</strong></span> <span class='ocrx_word' id='word_1_110' title='bbox 1182 1466 1323 1536; x_wconf 53' lang='lat' dir='ltr'><strong>S&#39;eir,</strong></span> <span class='ocrx_word' id='word_1_111' title='bbox 1358 1484 1473 1523; x_wconf 86' lang='lat' dir='ltr'><strong>ecce</strong></span> <span class='ocrx_word' id='word_1_112' title='bbox 1510 1469 1648 1524; x_wconf 84' lang='lat' dir='ltr'><strong>sicut</strong></span> <span class='ocrx_word' id='word_1_113' title='bbox 1683 1484 1856 1523; x_wconf 87' lang='lat' dir='ltr'><strong>omnes</strong></span> <span class='ocrx_word' id='word_1_114' title='bbox 1895 1476 2069 1539; x_wconf 78' lang='lat' dir='ltr'><strong>gentes</strong></span> 
     </span>
    </p>
   </div>
   <div class='ocr_carea' id='block_1_17' title="bbox 450 1558 2065 1635">
    <p class='ocr_par' dir='ltr' id='par_1_17' title="bbox 450 1558 2065 1635">
     <span class='ocr_line' id='line_1_17' title="bbox 450 1558 2065 1635; baseline 0.001 -22"><span class='ocrx_word' id='word_1_115' title='bbox 450 1560 638 1625; x_wconf 75' lang='lat' dir='ltr'><strong>domus</strong></span> <span class='ocrx_word' id='word_1_116' title='bbox 661 1558 698 1614; x_wconf 72' lang='grc' dir='ltr'><em>Ι</em></span> <span class='ocrx_word' id='word_1_117' title='bbox 701 1559 808 1621; x_wconf 85' lang='lat' dir='ltr'><strong>uda</strong></span> <span class='ocrx_word' id='word_1_118' title='bbox 833 1576 852 1614; x_wconf 90' lang='lat'><strong><em>:</em></strong></span> <span class='ocrx_word' id='word_1_119' title='bbox 874 1560 1075 1615; x_wconf 85' lang='lat' dir='ltr'><strong>idcirco</strong></span> <span class='ocrx_word' id='word_1_120' title='bbox 1093 1577 1205 1617; x_wconf 84' lang='lat' dir='ltr'><strong>ecce</strong></span> <span class='ocrx_word' id='word_1_121' title='bbox 1222 1578 1318 1635; x_wconf 85' lang='lat' dir='ltr'><strong>ego</strong></span> <span class='ocrx_word' id='word_1_122' title='bbox 1338 1562 1572 1631; x_wconf 86' lang='lat' dir='ltr'><strong>aperiam</strong></span> <span class='ocrx_word' id='word_1_123' title='bbox 1595 1562 1871 1616; x_wconf 82' lang='lat' dir='ltr'><strong>humerum</strong></span> <span class='ocrx_word' id='word_1_124' title='bbox 1886 1560 2065 1627; x_wconf 73' lang='lat' dir='ltr'><strong>Moab,</strong></span> 
     </span>
    </p>
   </div>
   <div class='ocr_carea' id='block_1_18' title="bbox 447 1652 2068 1727">
    <p class='ocr_par' dir='ltr' id='par_1_18' title="bbox 447 1652 2068 1727">
     <span class='ocr_line' id='line_1_18' title="bbox 447 1652 2068 1727; baseline 0.001 -20"><span class='ocrx_word' id='word_1_125' title='bbox 447 1653 513 1721; x_wconf 70' lang='lat' dir='ltr'><strong>de</strong></span> <span class='ocrx_word' id='word_1_126' title='bbox 543 1663 570 1692; x_wconf 71' lang='grc' dir='ltr'>α</span> <span class='ocrx_word' id='word_1_127' title='bbox 596 1652 886 1715; x_wconf 72' lang='lat' dir='ltr'><strong>civitatibus</strong></span> <span class='ocrx_word' id='word_1_128' title='bbox 914 1654 1127 1724; x_wconf 78' lang='lat' dir='ltr'><strong>inquam</strong></span> <span class='ocrx_word' id='word_1_129' title='bbox 1154 1656 1301 1725; x_wconf 84' lang='lat' dir='ltr'><strong>ejus,</strong></span> <span class='ocrx_word' id='word_1_130' title='bbox 1344 1656 1510 1726; x_wconf 54' lang='lat'><strong>2“</strong></span> <span class='ocrx_word' id='word_1_131' title='bbox 1554 1663 1603 1710; x_wconf 89' lang='lat' dir='ltr'><strong>et</strong></span> <span class='ocrx_word' id='word_1_132' title='bbox 1640 1654 1703 1710; x_wconf 90' lang='lat' dir='ltr'><strong>de</strong></span> <span class='ocrx_word' id='word_1_133' title='bbox 1735 1654 1930 1724; x_wconf 82' lang='lat' dir='ltr'><strong>ﬁnibus</strong></span> <span class='ocrx_word' id='word_1_134' title='bbox 1956 1658 2068 1727; x_wconf 82' lang='lat' dir='ltr'><strong>ejus</strong></span> 
     </span>
    </p>
   </div>
   <div class='ocr_carea' id='block_1_19' title="bbox 2170 432 3814 509">
    <p class='ocr_par' dir='ltr' id='par_1_19' title="bbox 2170 432 3814 509">
     <span class='ocr_line' id='line_1_19' title="bbox 2170 432 3814 509; baseline -0.006 -10"><span class='ocrx_word' id='word_1_135' title='bbox 2170 440 2505 509; x_wconf 76' lang='lat' dir='ltr'><strong>traditurque</strong></span> <span class='ocrx_word' id='word_1_136' title='bbox 2533 447 2588 493; x_wconf 92' lang='lat' dir='ltr'><strong>et</strong></span> <span class='ocrx_word' id='word_1_137' title='bbox 2625 436 2739 508; x_wconf 87' lang='lat' dir='ltr'><strong>ipsa</strong></span> <span class='ocrx_word' id='word_1_138' title='bbox 2772 451 2897 492; x_wconf 92' lang='lat' dir='ltr'><strong>cum</strong></span> <span class='ocrx_word' id='word_1_139' title='bbox 2926 434 3053 491; x_wconf 77' lang='lat' dir='ltr'><strong>ﬁliis</strong></span> <span class='ocrx_word' id='word_1_140' title='bbox 3079 434 3313 491; x_wconf 82' lang='lat' dir='ltr'><strong>Ammon</strong></span> <span class='ocrx_word' id='word_1_141' title='bbox 3357 432 3486 490; x_wconf 63' lang='lat' dir='ltr'><strong>ﬁliis</strong></span> <span class='ocrx_word' id='word_1_142' title='bbox 3511 433 3814 503; x_wconf 84' lang='lat' dir='ltr'><strong>Orientis,</strong></span> 
     </span>
    </p>
   </div>
   <div class='ocr_carea' id='block_1_20' title="bbox 2168 529 3821 605">
    <p class='ocr_par' dir='ltr' id='par_1_20' title="bbox 2168 529 3821 605">
     <span class='ocr_line' id='line_1_20' title="bbox 2168 529 3821 605; baseline -0.004 -16"><span class='ocrx_word' id='word_1_143' title='bbox 2168 533 2502 605; x_wconf 87' lang='lat' dir='ltr'><strong>Babyloniis,</strong></span> <span class='ocrx_word' id='word_1_144' title='bbox 2535 531 2809 596; x_wconf 79' lang='lat' dir='ltr'><strong>videlicet,</strong></span> <span class='ocrx_word' id='word_1_145' title='bbox 2833 529 2989 600; x_wconf 76' lang='lat' dir='ltr'><strong>juxta</strong></span> <span class='ocrx_word' id='word_1_146' title='bbox 3017 529 3175 584; x_wconf 69' lang='lat' dir='ltr'><strong>illum</strong></span> <span class='ocrx_word' id='word_1_147' title='bbox 3198 542 3417 584; x_wconf 80' lang='lat' dir='ltr'><strong>sensum</strong></span> <span class='ocrx_word' id='word_1_148' title='bbox 3444 543 3607 600; x_wconf 87' lang='lat' dir='ltr'><strong>quem</strong></span> <span class='ocrx_word' id='word_1_149' title='bbox 3649 545 3821 584; x_wconf 85' lang='lat' dir='ltr'><strong>con-</strong></span> 
     </span>
    </p>
   </div>
   <div class='ocr_carea' id='block_1_21' title="bbox 2169 622 3815 693">
    <p class='ocr_par' dir='ltr' id='par_1_21' title="bbox 2169 622 3815 693">
     <span class='ocr_line' id='line_1_21' title="bbox 2169 622 3815 693; baseline -0.004 -11"><span class='ocrx_word' id='word_1_150' title='bbox 2169 634 2250 682; x_wconf 85' lang='lat' dir='ltr'><strong>tra</strong></span> <span class='ocrx_word' id='word_1_151' title='bbox 2284 625 2427 683; x_wconf 77' lang='lat' dir='ltr'><strong>ﬁlios</strong></span> <span class='ocrx_word' id='word_1_152' title='bbox 2455 624 2693 680; x_wconf 81' lang='lat' dir='ltr'><strong>Ammon</strong></span> <span class='ocrx_word' id='word_1_153' title='bbox 2740 623 3087 693; x_wconf 85' lang='lat' dir='ltr'><strong>interpretati</strong></span> <span class='ocrx_word' id='word_1_154' title='bbox 3116 637 3327 678; x_wconf 81' lang='lat' dir='ltr'><strong>sumus.</strong></span> <span class='ocrx_word' id='word_1_155' title='bbox 3370 622 3442 677; x_wconf 80' lang='lat' dir='ltr'><strong>Et</strong></span> <span class='ocrx_word' id='word_1_156' title='bbox 3482 622 3651 691; x_wconf 85' lang='lat' dir='ltr'><strong>dabo,</strong></span> <span class='ocrx_word' id='word_1_157' title='bbox 3710 622 3815 675; x_wconf 44' lang='lat' dir='ltr'><strong>in;</strong></span> 
     </span>
    </p>
   </div>
   <div class='ocr_carea' id='block_1_22' title="bbox 2167 714 3811 791">
    <p class='ocr_par' dir='ltr' id='par_1_22' title="bbox 2167 714 3811 791">
     <span class='ocr_line' id='line_1_22' title="bbox 2167 714 3811 791; baseline 0 -18"><span class='ocrx_word' id='word_1_158' title='bbox 2167 722 2303 791; x_wconf 84' lang='lat' dir='ltr'><strong>quit,</strong></span> <span class='ocrx_word' id='word_1_159' title='bbox 2353 719 2510 775; x_wconf 83' lang='lat' dir='ltr'><strong>Moab</strong></span> <span class='ocrx_word' id='word_1_160' title='bbox 2556 719 2611 774; x_wconf 86' lang='lat' dir='ltr'><strong>in</strong></span> <span class='ocrx_word' id='word_1_161' title='bbox 2665 718 3062 782; x_wconf 83' lang='lat' dir='ltr'><strong>baereditatern,</strong></span> <span class='ocrx_word' id='word_1_162' title='bbox 3114 725 3174 771; x_wconf 89' lang='lat' dir='ltr'><strong>ut</strong></span> <span class='ocrx_word' id='word_1_163' title='bbox 3220 714 3491 787; x_wconf 81' lang='lat' dir='ltr'><strong>quomodo</strong></span> <span class='ocrx_word' id='word_1_164' title='bbox 3537 716 3811 773; x_wconf 79' lang='lat' dir='ltr'><strong>liiiorum</strong></span> 
     </span>
    </p>
   </div>
   <div class='ocr_carea' id='block_1_23' title="bbox 2171 810 3808 880">
    <p class='ocr_par' dir='ltr' id='par_1_23' title="bbox 2171 810 3808 880">
     <span class='ocr_line' id='line_1_23' title="bbox 2171 810 3808 880; baseline -0.003 -12"><span class='ocrx_word' id='word_1_165' title='bbox 2171 816 2405 869; x_wconf 84' lang='lat' dir='ltr'><strong>Ammon</strong></span> <span class='ocrx_word' id='word_1_166' title='bbox 2436 829 2540 868; x_wconf 93' lang='lat' dir='ltr'><strong>non</strong></span> <span class='ocrx_word' id='word_1_167' title='bbox 2570 820 2652 868; x_wconf 86' lang='lat' dir='ltr'><strong>est</strong></span> <span class='ocrx_word' id='word_1_168' title='bbox 2679 811 2940 868; x_wconf 87' lang='lat' dir='ltr'><strong>memoria</strong></span> <span class='ocrx_word' id='word_1_169' title='bbox 2968 810 3110 865; x_wconf 75' lang='lat' dir='ltr'><strong>ultra</strong></span> <span class='ocrx_word' id='word_1_170' title='bbox 3143 810 3193 865; x_wconf 80' lang='lat' dir='ltr'><strong>in</strong></span> <span class='ocrx_word' id='word_1_171' title='bbox 3224 810 3496 880; x_wconf 83' lang='lat' dir='ltr'><strong>gentibus,</strong></span> <span class='ocrx_word' id='word_1_172' title='bbox 3528 811 3615 865; x_wconf 84' lang='lat' dir='ltr'><strong>sic</strong></span> <span class='ocrx_word' id='word_1_173' title='bbox 3642 819 3705 865; x_wconf 88' lang='lat' dir='ltr'><strong>et</strong></span> <span class='ocrx_word' id='word_1_174' title='bbox 3739 810 3808 864; x_wconf 84' lang='lat' dir='ltr'><strong>in</strong></span> 
     </span>
    </p>
   </div>
   <div class='ocr_carea' id='block_1_24' title="bbox 2170 903 3808 975">
    <p class='ocr_par' dir='ltr' id='par_1_24' title="bbox 2170 903 3808 975">
     <span class='ocr_line' id='line_1_24' title="bbox 2170 903 3808 975; baseline -0.004 -12"><span class='ocrx_word' id='word_1_175' title='bbox 2170 906 2328 963; x_wconf 71' lang='lat' dir='ltr'><strong>Moab</strong></span> <span class='ocrx_word' id='word_1_176' title='bbox 2370 906 2603 962; x_wconf 77' lang='lat' dir='ltr'><strong>ultiones</strong></span> <span class='ocrx_word' id='word_1_177' title='bbox 2647 905 2837 961; x_wconf 77' lang='lat' dir='ltr'><strong>faciam</strong></span> <span class='ocrx_word' id='word_1_178' title='bbox 2881 911 3047 974; x_wconf 82' lang='lat' dir='ltr'><strong>atque</strong></span> <span class='ocrx_word' id='word_1_179' title='bbox 3060 903 3301 975; x_wconf 85' lang='lat' dir='ltr'><strong>judicia:</strong></span> <span class='ocrx_word' id='word_1_180' title='bbox 3333 910 3392 957; x_wconf 85' lang='lat' dir='ltr'><strong>ut</strong></span> <span class='ocrx_word' id='word_1_181' title='bbox 3440 912 3808 973; x_wconf 76' lang='lat' dir='ltr'><strong>cognoscant</strong></span> 
     </span>
    </p>
   </div>
   <div class='ocr_carea' id='block_1_25' title="bbox 2170 996 3811 1071">
    <p class='ocr_par' dir='ltr' id='par_1_25' title="bbox 2170 996 3811 1071">
     <span class='ocr_line' id='line_1_25' title="bbox 2170 996 3811 1071; baseline -0.001 -18"><span class='ocrx_word' id='word_1_182' title='bbox 2170 998 2314 1071; x_wconf 82' lang='lat' dir='ltr'><strong>quod</strong></span> <span class='ocrx_word' id='word_1_183' title='bbox 2340 1014 2445 1070; x_wconf 83' lang='lat' dir='ltr'><strong>ego</strong></span> <span class='ocrx_word' id='word_1_184' title='bbox 2466 998 2568 1053; x_wconf 90' lang='lat' dir='ltr'><strong>sim</strong></span> <span class='ocrx_word' id='word_1_185' title='bbox 2617 998 2899 1064; x_wconf 86' lang='lat' dir='ltr'><strong>Dominus,</strong></span> <span class='ocrx_word' id='word_1_186' title='bbox 2947 997 3038 1069; x_wconf 83' lang='lat' dir='ltr'><strong>qui</strong></span> <span class='ocrx_word' id='word_1_187' title='bbox 3060 997 3255 1052; x_wconf 64' lang='lat' dir='ltr'><strong>ludam</strong></span> <span class='ocrx_word' id='word_1_188' title='bbox 3285 996 3489 1051; x_wconf 69' lang='lat' dir='ltr'><strong>tradidi</strong></span> <span class='ocrx_word' id='word_1_189' title='bbox 3516 1012 3619 1068; x_wconf 88' lang='lat' dir='ltr'><strong>pro</strong></span> <span class='ocrx_word' id='word_1_190' title='bbox 3659 1012 3811 1066; x_wconf 83' lang='lat' dir='ltr'><strong>pec-</strong></span> 
     </span>
    </p>
   </div>
   <div class='ocr_carea' id='block_1_26' title="bbox 2171 1091 3800 1161">
    <p class='ocr_par' dir='ltr' id='par_1_26' title="bbox 2171 1091 3800 1161">
     <span class='ocr_line' id='line_1_26' title="bbox 2171 1091 3800 1161; baseline -0.002 -13"><span class='ocrx_word' id='word_1_191' title='bbox 2171 1100 2317 1161; x_wconf 84' lang='lat' dir='ltr'><strong>cato,</strong></span> <span class='ocrx_word' id='word_1_192' title='bbox 2346 1105 2401 1147; x_wconf 82' lang='lat' dir='ltr'><strong>et</strong></span> <span class='ocrx_word' id='word_1_193' title='bbox 2427 1093 2477 1149; x_wconf 91' lang='lat' dir='ltr'><strong>iu</strong></span> <span class='ocrx_word' id='word_1_194' title='bbox 2511 1092 2655 1148; x_wconf 81' lang='lat' dir='ltr'><strong>ﬁlios</strong></span> <span class='ocrx_word' id='word_1_195' title='bbox 2684 1092 2941 1160; x_wconf 79' lang='lat' dir='ltr'><strong>Ammon,</strong></span> <span class='ocrx_word' id='word_1_196' title='bbox 2980 1100 3037 1147; x_wconf 79' lang='lat' dir='ltr'><strong>et</strong></span> <span class='ocrx_word' id='word_1_197' title='bbox 3063 1092 3116 1146; x_wconf 82' lang='lat' dir='ltr'><strong>in</strong></span> <span class='ocrx_word' id='word_1_198' title='bbox 3150 1091 3310 1147; x_wconf 80' lang='lat' dir='ltr'><strong>Moab</strong></span> <span class='ocrx_word' id='word_1_199' title='bbox 3336 1091 3485 1146; x_wconf 83' lang='lat' dir='ltr'><strong>ultor</strong></span> <span class='ocrx_word' id='word_1_200' title='bbox 3515 1092 3800 1147; x_wconf 77' lang='lat' dir='ltr'><strong>existant.</strong></span> 
     </span>
    </p>
   </div>
   <div class='ocr_carea' id='block_1_27' title="bbox 2170 1187 3800 1259">
    <p class='ocr_par' dir='ltr' id='par_1_27' title="bbox 2170 1187 3800 1259">
     <span class='ocr_line' id='line_1_27' title="bbox 2170 1187 3800 1259; baseline -0.004 -14"><span class='ocrx_word' id='word_1_201' title='bbox 2170 1187 2355 1258; x_wconf 79' lang='lat' dir='ltr'><strong>Usque</strong></span> <span class='ocrx_word' id='word_1_202' title='bbox 2381 1187 2542 1245; x_wconf 80' lang='lat' dir='ltr'><strong>hodie</strong></span> <span class='ocrx_word' id='word_1_203' title='bbox 2570 1198 2751 1243; x_wconf 86' lang='lat' dir='ltr'><strong>autem</strong></span> <span class='ocrx_word' id='word_1_204' title='bbox 2780 1187 2960 1254; x_wconf 72' lang='lat' dir='ltr'><strong>Moab,</strong></span> <span class='ocrx_word' id='word_1_205' title='bbox 2991 1187 3082 1259; x_wconf 83' lang='lat' dir='ltr'><strong>qui</strong></span> <span class='ocrx_word' id='word_1_206' title='bbox 3108 1187 3499 1257; x_wconf 80' lang='lat' dir='ltr'><strong>interpretatur</strong></span> <span class='ocrx_word' id='word_1_207' title='bbox 3522 1202 3584 1241; x_wconf 79' lang='lat' dir='ltr'><strong>ea:</strong></span> <span class='ocrx_word' id='word_1_208' title='bbox 3606 1195 3800 1257; x_wconf 83' lang='lat' dir='ltr'><strong>patre,</strong></span> 
     </span>
    </p>
   </div>
   <div class='ocr_carea' id='block_1_28' title="bbox 2172 1278 3807 1357">
    <p class='ocr_par' dir='ltr' id='par_1_28' title="bbox 2172 1278 3807 1357">
     <span class='ocr_line' id='line_1_28' title="bbox 2172 1278 3807 1357; baseline -0.002 -21"><span class='ocrx_word' id='word_1_209' title='bbox 2172 1290 2227 1336; x_wconf 90' lang='lat' dir='ltr'><strong>et</strong></span> <span class='ocrx_word' id='word_1_210' title='bbox 2252 1281 2391 1347; x_wconf 65' lang='grc' dir='ltr'><strong>δάν,</strong></span> <span class='ocrx_word' id='word_1_211' title='bbox 2417 1284 2510 1353; x_wconf 91' lang='lat' dir='ltr'><strong>qui</strong></span> <span class='ocrx_word' id='word_1_212' title='bbox 2537 1283 2588 1337; x_wconf 88' lang='lat' dir='ltr'><strong>in</strong></span> <span class='ocrx_word' id='word_1_213' title='bbox 2620 1282 2847 1357; x_wconf 76' lang='lat' dir='ltr'><strong>pilosum</strong></span> <span class='ocrx_word' id='word_1_214' title='bbox 2885 1281 3123 1341; x_wconf 78' lang='lat' dir='ltr'><strong>vertitur</strong></span> <span class='ocrx_word' id='word_1_215' title='bbox 3147 1287 3204 1336; x_wconf 91' lang='lat' dir='ltr'><strong>et</strong></span> <span class='ocrx_word' id='word_1_216' title='bbox 3227 1278 3509 1349; x_wconf 75' lang='lat' dir='ltr'><strong>hirsutum,</strong></span> <span class='ocrx_word' id='word_1_217' title='bbox 3540 1279 3807 1349; x_wconf 72' lang='lat' dir='ltr'><strong>despicit</strong></span> 
     </span>
    </p>
   </div>
   <div class='ocr_carea' id='block_1_29' title="bbox 2170 1373 3795 1446">
    <p class='ocr_par' dir='ltr' id='par_1_29' title="bbox 2170 1373 3795 1446">
     <span class='ocr_line' id='line_1_29' title="bbox 2170 1373 3795 1446; baseline -0.004 -13"><span class='ocrx_word' id='word_1_218' title='bbox 2170 1385 2229 1433; x_wconf 81' lang='lat' dir='ltr'><strong>et</strong></span> <span class='ocrx_word' id='word_1_219' title='bbox 2252 1379 2547 1433; x_wconf 86' lang='lat' dir='ltr'><strong>contemnit</strong></span> <span class='ocrx_word' id='word_1_220' title='bbox 2569 1376 2972 1445; x_wconf 70' lang='lat' dir='ltr'><strong>domuminde,</strong></span> <span class='ocrx_word' id='word_1_221' title='bbox 3009 1376 3064 1431; x_wconf 91' lang='lat' dir='ltr'><strong>in</strong></span> <span class='ocrx_word' id='word_1_222' title='bbox 3090 1391 3197 1446; x_wconf 85' lang='lat' dir='ltr'><strong>qua</strong></span> <span class='ocrx_word' id='word_1_223' title='bbox 3219 1390 3347 1431; x_wconf 82' lang='lat' dir='ltr'><strong>vera</strong></span> <span class='ocrx_word' id='word_1_224' title='bbox 3378 1373 3656 1430; x_wconf 76' lang='lat' dir='ltr'><strong>confessio</strong></span> <span class='ocrx_word' id='word_1_225' title='bbox 3674 1383 3795 1441; x_wconf 89' lang='lat' dir='ltr'><strong>est,</strong></span> 
     </span>
    </p>
   </div>
   <div class='ocr_carea' id='block_1_30' title="bbox 2172 1467 3801 1539">
    <p class='ocr_par' dir='ltr' id='par_1_30' title="bbox 2172 1467 3801 1539">
     <span class='ocr_line' id='line_1_30' title="bbox 2172 1467 3801 1539; baseline -0.001 -16"><span class='ocrx_word' id='word_1_226' title='bbox 2172 1477 2227 1523; x_wconf 88' lang='lat' dir='ltr'><strong>et</strong></span> <span class='ocrx_word' id='word_1_227' title='bbox 2266 1478 2418 1539; x_wconf 84' lang='lat' dir='ltr'><strong>putat</strong></span> <span class='ocrx_word' id='word_1_228' title='bbox 2448 1478 2555 1522; x_wconf 87' lang='lat' dir='ltr'><strong>tam</strong></span> <span class='ocrx_word' id='word_1_229' title='bbox 2587 1468 2745 1523; x_wconf 80' lang='lat' dir='ltr'><strong>facile</strong></span> <span class='ocrx_word' id='word_1_230' title='bbox 2769 1483 2889 1524; x_wconf 88' lang='lat' dir='ltr'><strong>eam</strong></span> <span class='ocrx_word' id='word_1_231' title='bbox 2933 1482 3093 1537; x_wconf 89' lang='lat' dir='ltr'><strong>posse</strong></span> <span class='ocrx_word' id='word_1_232' title='bbox 3122 1467 3385 1535; x_wconf 83' lang='lat' dir='ltr'><strong>subverti,</strong></span> <span class='ocrx_word' id='word_1_233' title='bbox 3417 1482 3576 1536; x_wconf 81' lang='lat' dir='ltr'><strong>quam</strong></span> <span class='ocrx_word' id='word_1_234' title='bbox 3610 1476 3801 1522; x_wconf 62' lang='lat' dir='ltr'><strong>cxte-</strong></span> 
     </span>
    </p>
   </div>
   <div class='ocr_carea' id='block_1_31' title="bbox 2172 1561 3799 1618">
    <p class='ocr_par' dir='ltr' id='par_1_31' title="bbox 2172 1561 3799 1618">
     <span class='ocr_line' id='line_1_31' title="bbox 2172 1561 3799 1618; baseline -0.001 -2"><span class='ocrx_word' id='word_1_235' title='bbox 2172 1576 2355 1616; x_wconf 76' lang='lat' dir='ltr'><strong>rarum</strong></span> <span class='ocrx_word' id='word_1_236' title='bbox 2412 1562 2805 1617; x_wconf 87' lang='lat' dir='ltr'><strong>subvertuntur</strong></span> <span class='ocrx_word' id='word_1_237' title='bbox 2850 1562 3065 1617; x_wconf 87' lang='lat' dir='ltr'><strong>urbium</strong></span> <span class='ocrx_word' id='word_1_238' title='bbox 3111 1562 3469 1617; x_wconf 87' lang='lat' dir='ltr'><strong>munimenta.</strong></span> <span class='ocrx_word' id='word_1_239' title='bbox 3516 1561 3678 1617; x_wconf 75' lang='lat' dir='ltr'><strong>Unde</strong></span> <span class='ocrx_word' id='word_1_240' title='bbox 3733 1570 3799 1618; x_wconf 84' lang='lat' dir='ltr'><strong>ct</strong></span> 
     </span>
    </p>
   </div>
   <div class='ocr_carea' id='block_1_32' title="bbox 2173 1654 3795 1726">
    <p class='ocr_par' dir='ltr' id='par_1_32' title="bbox 2173 1654 3795 1726">
     <span class='ocr_line' id='line_1_32' title="bbox 2173 1654 3795 1726; baseline -0.002 -15"><span class='ocrx_word' id='word_1_241' title='bbox 2173 1656 2439 1711; x_wconf 80' lang='lat' dir='ltr'><strong>Dominus</strong></span> <span class='ocrx_word' id='word_1_242' title='bbox 2463 1658 2832 1711; x_wconf 84' lang='lat' dir='ltr'><strong>comminatur</strong></span> <span class='ocrx_word' id='word_1_243' title='bbox 2856 1666 3169 1726; x_wconf 88' lang='lat' dir='ltr'><strong>aperturum</strong></span> <span class='ocrx_word' id='word_1_244' title='bbox 3210 1669 3293 1720; x_wconf 90' lang='lat' dir='ltr'><strong>se,</strong></span> <span class='ocrx_word' id='word_1_245' title='bbox 3338 1654 3452 1710; x_wconf 85' lang='lat' dir='ltr'><strong>sive</strong></span> <span class='ocrx_word' id='word_1_246' title='bbox 3482 1654 3795 1709; x_wconf 82' lang='lat' dir='ltr'><strong>dissolutu-</strong></span> 
     </span>
    </p>
   </div>
   <div class='ocr_carea' id='block_1_33' title="bbox 444 1744 3805 1820">
    <p class='ocr_par' dir='ltr' id='par_1_33' title="bbox 444 1744 3805 1820">
     <span class='ocr_line' id='line_1_33' title="bbox 444 1744 3805 1820; baseline -0 -19"><span class='ocrx_word' id='word_1_247' title='bbox 444 1748 646 1820; x_wconf 76' lang='lat' dir='ltr'><strong>inclgta</strong></span> <span class='ocrx_word' id='word_1_248' title='bbox 682 1757 833 1815; x_wconf 65' lang='lat' dir='ltr'><strong>terra:</strong></span> <span class='ocrx_word' id='word_1_249' title='bbox 865 1748 998 1805; x_wconf 78' lang='grc' dir='ltr'><strong>Βειὴ</strong></span> <span class='ocrx_word' id='word_1_250' title='bbox 1026 1747 1281 1807; x_wconf 80' lang='lat' dir='ltr'><strong>Jesimoth</strong></span> <span class='ocrx_word' id='word_1_251' title='bbox 1304 1792 1319 1815; x_wconf 91' lang='lat'><strong>,</strong></span> <span class='ocrx_word' id='word_1_252' title='bbox 1364 1759 1425 1805; x_wconf 71' lang='lat' dir='ltr'><strong>et;</strong></span> <span class='ocrx_word' id='word_1_253' title='bbox 1454 1749 1757 1817; x_wconf 80' lang='lat' dir='ltr'><strong>Beeltneon,</strong></span> <span class='ocrx_word' id='word_1_254' title='bbox 1800 1759 1848 1811; x_wconf 83' lang='lat' dir='ltr'><strong>et</strong></span> <span class='ocrx_word' id='word_1_255' title='bbox 1881 1749 2062 1804; x_wconf 83' lang='lat' dir='ltr'><strong>Caria—</strong></span> <span class='ocrx_word' id='word_1_256' title='bbox 2094 1756 2139 1815; x_wconf 80' lang='grc' dir='ltr'><strong>Β</strong></span> <span class='ocrx_word' id='word_1_257' title='bbox 2166 1767 2284 1806; x_wconf 81' lang='lat' dir='ltr'><strong>runt</strong></span> <span class='ocrx_word' id='word_1_258' title='bbox 2309 1766 2528 1807; x_wconf 89' lang='lat' dir='ltr'><strong>omnem</strong></span> <span class='ocrx_word' id='word_1_259' title='bbox 2562 1750 2947 1805; x_wconf 76' lang='lat' dir='ltr'><strong>fortitudinem.</strong></span> <span class='ocrx_word' id='word_1_260' title='bbox 2986 1748 3344 1804; x_wconf 84' lang='lat' dir='ltr'><strong>Moabitarum</strong></span> <span class='ocrx_word' id='word_1_261' title='bbox 3392 1765 3403 1800; x_wconf 92' lang='lat'><strong>:</strong></span> <span class='ocrx_word' id='word_1_262' title='bbox 3438 1754 3499 1801; x_wconf 77' lang='lat' dir='ltr'><strong>ut</strong></span> <span class='ocrx_word' id='word_1_263' title='bbox 3526 1744 3805 1801; x_wconf 78' lang='lat' dir='ltr'><strong>civitates</strong></span> 
     </span>
    </p>
   </div>
   <div class='ocr_carea' id='block_1_34' title="bbox 449 1840 2065 1912">
    <p class='ocr_par' dir='ltr' id='par_1_34' title="bbox 449 1840 2065 1912">
     <span class='ocr_line' id='line_1_34' title="bbox 449 1840 2065 1912; baseline -0.001 -15"><span class='ocrx_word' id='word_1_264' title='bbox 449 1841 613 1907; x_wconf 67' lang='lat' dir='ltr'><strong>Utat&#39;m</strong></span> <span class='ocrx_word' id='word_1_265' title='bbox 633 1859 651 1896; x_wconf 93' lang='lat'><em>:</em></span> <span class='ocrx_word' id='word_1_266' title='bbox 681 1842 821 1912; x_wconf 76' lang='lat' dir='ltr'><strong>ﬁliis</strong></span> <span class='ocrx_word' id='word_1_267' title='bbox 852 1840 1081 1904; x_wconf 73' lang='lat' dir='ltr'><strong>Orientis</strong></span> <span class='ocrx_word' id='word_1_268' title='bbox 1121 1860 1247 1901; x_wconf 81' lang='lat' dir='ltr'><strong>cum</strong></span> <span class='ocrx_word' id='word_1_269' title='bbox 1265 1842 1399 1912; x_wconf 83' lang='lat' dir='ltr'><strong>ﬁliis</strong></span> <span class='ocrx_word' id='word_1_270' title='bbox 1415 1842 1671 1911; x_wconf 76' lang='lat' dir='ltr'><strong>Ammon,</strong></span> <span class='ocrx_word' id='word_1_271' title='bbox 1704 1852 1754 1897; x_wconf 87' lang='lat' dir='ltr'><strong>et</strong></span> <span class='ocrx_word' id='word_1_272' title='bbox 1785 1841 2065 1896; x_wconf 82' lang='lat' dir='ltr'><strong>daboeam</strong></span> 
     </span>
    </p>
   </div>
   <div class='ocr_carea' id='block_1_35' title="bbox 445 1934 2069 2006">
    <p class='ocr_par' dir='ltr' id='par_1_35' title="bbox 445 1934 2069 2006">
     <span class='ocr_line' id='line_1_35' title="bbox 445 1934 2069 2006; baseline 0.001 -18"><span class='ocrx_word' id='word_1_273' title='bbox 445 1936 513 2001; x_wconf 77' lang='lat' dir='ltr'><strong>in,</strong></span> <span class='ocrx_word' id='word_1_274' title='bbox 529 1934 911 2004; x_wconf 80' lang='lat' dir='ltr'><strong>htereditatem,</strong></span> <span class='ocrx_word' id='word_1_275' title='bbox 938 1944 992 1995; x_wconf 87' lang='lat' dir='ltr'><strong>ut</strong></span> <span class='ocrx_word' id='word_1_276' title='bbox 1015 1951 1121 1991; x_wconf 85' lang='lat' dir='ltr'><strong>non</strong></span> <span class='ocrx_word' id='word_1_277' title='bbox 1148 1936 1227 1991; x_wconf 75' lang='lat' dir='ltr'><strong>sit</strong></span> <span class='ocrx_word' id='word_1_278' title='bbox 1249 1936 1388 1990; x_wconf 89' lang='lat' dir='ltr'><strong>ultra</strong></span> <span class='ocrx_word' id='word_1_279' title='bbox 1410 1936 1665 1991; x_wconf 80' lang='lat' dir='ltr'><strong>memoria</strong></span> <span class='ocrx_word' id='word_1_280' title='bbox 1688 1936 1923 2006; x_wconf 70' lang='lat' dir='ltr'><strong>ﬁiiorum</strong></span> <span class='ocrx_word' id='word_1_281' title='bbox 1949 1936 2069 1989; x_wconf 72' lang='lat' dir='ltr'><strong>Am-</strong></span> 
     </span>
    </p>
   </div>
   <div class='ocr_carea' id='block_1_36' title="bbox 441 2028 2067 2101">
    <p class='ocr_par' dir='ltr' id='par_1_36' title="bbox 441 2028 2067 2101">
     <span class='ocr_line' id='line_1_36' title="bbox 441 2028 2067 2101; baseline -0.002 -16"><span class='ocrx_word' id='word_1_282' title='bbox 441 2045 563 2095; x_wconf 77' lang='lat' dir='ltr'><strong>mon</strong></span> <span class='ocrx_word' id='word_1_283' title='bbox 592 2029 938 2099; x_wconf 69' lang='lat' dir='ltr'><strong>ingentibus,</strong></span> <span class='ocrx_word' id='word_1_284' title='bbox 969 2037 1022 2084; x_wconf 89' lang='lat' dir='ltr'><strong>et</strong></span> <span class='ocrx_word' id='word_1_285' title='bbox 1058 2029 1117 2085; x_wconf 77' lang='lat' dir='ltr'><strong>in</strong></span> <span class='ocrx_word' id='word_1_286' title='bbox 1151 2028 1309 2090; x_wconf 60' lang='lat' dir='ltr'><strong>Moab</strong></span> <span class='ocrx_word' id='word_1_287' title='bbox 1334 2030 1529 2101; x_wconf 77' lang='lat' dir='ltr'><strong>faciam</strong></span> <span class='ocrx_word' id='word_1_288' title='bbox 1548 2030 1782 2101; x_wconf 86' lang='lat' dir='ltr'><strong>judicia,</strong></span> <span class='ocrx_word' id='word_1_289' title='bbox 1816 2039 1864 2084; x_wconf 89' lang='lat' dir='ltr'><strong>et</strong></span> <span class='ocrx_word' id='word_1_290' title='bbox 1901 2029 2067 2083; x_wconf 87' lang='lat' dir='ltr'><strong>scient</strong></span> 
     </span>
    </p>
   </div>
   <div class='ocr_carea' id='block_1_37' title="bbox 444 2122 2065 2195">
    <p class='ocr_par' dir='ltr' id='par_1_37' title="bbox 444 2122 2065 2195">
     <span class='ocr_line' id='line_1_37' title="bbox 444 2122 2065 2195; baseline -0.001 -15"><span class='ocrx_word' id='word_1_291' title='bbox 444 2126 572 2195; x_wconf 69' lang='lat' dir='ltr'><strong>quia</strong></span> <span class='ocrx_word' id='word_1_292' title='bbox 588 2141 682 2195; x_wconf 85' lang='lat' dir='ltr'><strong>ego</strong></span> <span class='ocrx_word' id='word_1_293' title='bbox 709 2122 988 2187; x_wconf 83' lang='lat' dir='ltr'><strong>Dominus.</strong></span> <span class='ocrx_word' id='word_1_294' title='bbox 1020 2123 1200 2181; x_wconf 77' lang='lat' dir='ltr'><strong>LXX:</strong></span> <span class='ocrx_word' id='word_1_295' title='bbox 1223 2124 1357 2179; x_wconf 64' lang='lat' dir='ltr'><strong>Haec</strong></span> <span class='ocrx_word' id='word_1_296' title='bbox 1380 2126 1508 2179; x_wconf 84' lang='lat' dir='ltr'><strong>dicit</strong></span> <span class='ocrx_word' id='word_1_297' title='bbox 1536 2124 1745 2179; x_wconf 79' lang='lat' dir='ltr'><strong>Adonei</strong></span> <span class='ocrx_word' id='word_1_298' title='bbox 1766 2124 2065 2183; x_wconf 80' lang='lat' dir='ltr'><strong>Dominus:</strong></span> 
     </span>
    </p>
   </div>
   <div class='ocr_carea' id='block_1_38' title="bbox 450 2212 2068 2286">
    <p class='ocr_par' dir='ltr' id='par_1_38' title="bbox 450 2212 2068 2286">
     <span class='ocr_line' id='line_1_38' title="bbox 450 2212 2068 2286; baseline 0.003 -18"><span class='ocrx_word' id='word_1_299' title='bbox 450 2213 557 2277; x_wconf 62' lang='grc' dir='ltr'><strong>ἔξω</strong></span> <span class='ocrx_word' id='word_1_300' title='bbox 588 2231 661 2277; x_wconf 61' lang='lat' dir='ltr'><strong>eo,</strong></span> <span class='ocrx_word' id='word_1_301' title='bbox 676 2216 972 2285; x_wconf 56' lang='lat' dir='ltr'><strong>quodsdixit</strong></span> <span class='ocrx_word' id='word_1_302' title='bbox 1003 2214 1161 2270; x_wconf 71' lang='lat' dir='ltr'><strong>Moab</strong></span> <span class='ocrx_word' id='word_1_303' title='bbox 1296 2224 1353 2269; x_wconf 33' lang='lat' dir='ltr'><strong>ett</strong></span> <span class='ocrx_word' id='word_1_304' title='bbox 1374 2216 1490 2271; x_wconf 85' lang='lat' dir='ltr'><strong>Seir</strong></span> <span class='ocrx_word' id='word_1_305' title='bbox 1536 2218 1552 2271; x_wconf 71' lang='grc' dir='ltr'><strong>ἶ</strong></span> <span class='ocrx_word' id='word_1_306' title='bbox 1589 2232 1705 2271; x_wconf 86' lang='lat' dir='ltr'><strong>ecce</strong></span> <span class='ocrx_word' id='word_1_307' title='bbox 1731 2218 2068 2273; x_wconf 76' lang='lat' dir='ltr'><strong>sicutomnes</strong></span> 
     </span>
    </p>
   </div>
   <div class='ocr_carea' id='block_1_39' title="bbox 444 2304 2064 2380">
    <p class='ocr_par' dir='ltr' id='par_1_39' title="bbox 444 2304 2064 2380">
     <span class='ocr_line' id='line_1_39' title="bbox 444 2304 2064 2380; baseline 0.004 -20"><span class='ocrx_word' id='word_1_308' title='bbox 444 2315 627 2380; x_wconf 79' lang='lat' dir='ltr'><strong>gentes,</strong></span> <span class='ocrx_word' id='word_1_309' title='bbox 643 2306 825 2363; x_wconf 87' lang='lat' dir='ltr'><strong>domus</strong></span> <span class='ocrx_word' id='word_1_310' title='bbox 848 2304 992 2361; x_wconf 72' lang='lat' dir='ltr'><strong>Iuda</strong></span> <span class='ocrx_word' id='word_1_311' title='bbox 1022 2323 1040 2360; x_wconf 89' lang='lat'><strong><em>:</em></strong></span> <span class='ocrx_word' id='word_1_312' title='bbox 1071 2306 1280 2363; x_wconf 84' lang='lat' dir='ltr'><strong>Idcirco</strong></span> <span class='ocrx_word' id='word_1_313' title='bbox 1306 2325 1422 2363; x_wconf 78' lang='lat' dir='ltr'><strong>ecce</strong></span> <span class='ocrx_word' id='word_1_314' title='bbox 1454 2326 1548 2379; x_wconf 80' lang='lat' dir='ltr'><strong>ego</strong></span> <span class='ocrx_word' id='word_1_315' title='bbox 1572 2310 1853 2371; x_wconf 82' lang='lat' dir='ltr'><strong>dissole</strong></span> <span class='ocrx_word' id='word_1_316' title='bbox 1880 2310 2064 2367; x_wconf 83' lang='lat' dir='ltr'><strong>hume—</strong></span> 
     </span>
    </p>
   </div>
   <div class='ocr_carea' id='block_1_40' title="bbox 442 2396 2067 2475">
    <p class='ocr_par' dir='ltr' id='par_1_40' title="bbox 442 2396 2067 2475">
     <span class='ocr_line' id='line_1_40' title="bbox 442 2396 2067 2475; baseline 0.002 -20"><span class='ocrx_word' id='word_1_317' title='bbox 442 2396 833 2467; x_wconf 61' lang='lat' dir='ltr'><strong>rumMoabde</strong></span> <span class='ocrx_word' id='word_1_318' title='bbox 861 2400 1163 2457; x_wconf 60' lang='lat' dir='ltr'><strong>ciuitatibus.</strong></span> <span class='ocrx_word' id='word_1_319' title='bbox 1182 2403 1671 2464; x_wconf 81' lang='lat' dir='ltr'><strong>promontoriorum</strong></span> <span class='ocrx_word' id='word_1_320' title='bbox 1686 2405 1821 2475; x_wconf 79' lang='lat' dir='ltr'><strong>ejus,</strong></span> <span class='ocrx_word' id='word_1_321' title='bbox 1854 2404 2067 2459; x_wconf 75' lang='lat' dir='ltr'><strong>electam</strong></span> 
     </span>
    </p>
   </div>
   <div class='ocr_carea' id='block_1_41' title="bbox 450 2495 2067 2576">
    <p class='ocr_par' dir='ltr' id='par_1_41' title="bbox 450 2495 2067 2576">
     <span class='ocr_line' id='line_1_41' title="bbox 450 2495 2067 2576; baseline 0.004 -27"><span class='ocrx_word' id='word_1_322' title='bbox 450 2505 642 2557; x_wconf 78' lang='lat' dir='ltr'><strong>terram</strong></span> <span class='ocrx_word' id='word_1_323' title='bbox 664 2495 875 2553; x_wconf 84' lang='lat' dir='ltr'><strong>domum</strong></span> <span class='ocrx_word' id='word_1_324' title='bbox 900 2495 1033 2552; x_wconf 71' lang='lat' dir='ltr'><strong>Betis</strong></span> <span class='ocrx_word' id='word_1_325' title='bbox 1055 2495 1343 2576; x_wconf 60' lang='lat' dir='ltr'><strong>Jasiytutlt,</strong></span> <span class='ocrx_word' id='word_1_326' title='bbox 1371 2514 1531 2569; x_wconf 82' lang='lat' dir='ltr'><strong>super</strong></span> <span class='ocrx_word' id='word_1_327' title='bbox 1563 2502 1761 2569; x_wconf 80' lang='lat' dir='ltr'><strong>fontem</strong></span> <span class='ocrx_word' id='word_1_328' title='bbox 1789 2501 1934 2555; x_wconf 83' lang='lat' dir='ltr'><strong>urbis</strong></span> <span class='ocrx_word' id='word_1_329' title='bbox 1956 2517 2067 2555; x_wconf 82' lang='lat' dir='ltr'><strong>ma-</strong></span> 
     </span>
    </p>
   </div>
   <div class='ocr_carea' id='block_1_42' title="bbox 443 2590 2065 2663">
    <p class='ocr_par' dir='ltr' id='par_1_42' title="bbox 443 2590 2065 2663">
     <span class='ocr_line' id='line_1_42' title="bbox 443 2590 2065 2663; baseline 0.002 -18"><span class='ocrx_word' id='word_1_330' title='bbox 443 2592 653 2660; x_wconf 60' lang='lat' dir='ltr'><strong>tutinae,</strong></span> <span class='ocrx_word' id='word_1_331' title='bbox 689 2590 829 2661; x_wconf 78' lang='lat' dir='ltr'><strong>ﬁlios</strong></span> <span class='ocrx_word' id='word_1_332' title='bbox 872 2590 1105 2648; x_wconf 81' lang='lat' dir='ltr'><strong>Orientis</strong></span> <span class='ocrx_word' id='word_1_333' title='bbox 1134 2609 1291 2663; x_wconf 80' lang='lat' dir='ltr'><strong>super</strong></span> <span class='ocrx_word' id='word_1_334' title='bbox 1322 2593 1461 2663; x_wconf 85' lang='lat' dir='ltr'><strong>ﬁlios</strong></span> <span class='ocrx_word' id='word_1_335' title='bbox 1492 2594 1714 2649; x_wconf 79' lang='lat' dir='ltr'><strong>Ammon</strong></span> <span class='ocrx_word' id='word_1_336' title='bbox 1742 2594 1862 2649; x_wconf 84' lang='lat' dir='ltr'><strong>dedi</strong></span> <span class='ocrx_word' id='word_1_337' title='bbox 1884 2595 1929 2648; x_wconf 87' lang='lat' dir='ltr'><strong>ei</strong></span> <span class='ocrx_word' id='word_1_338' title='bbox 1954 2594 2065 2649; x_wconf 81' lang='lat' dir='ltr'><strong>lue-</strong></span> 
     </span>
    </p>
   </div>
   <div class='ocr_carea' id='block_1_43' title="bbox 443 2686 2067 2760">
    <p class='ocr_par' dir='ltr' id='par_1_43' title="bbox 443 2686 2067 2760">
     <span class='ocr_line' id='line_1_43' title="bbox 443 2686 2067 2760; baseline 0.002 -22"><span class='ocrx_word' id='word_1_339' title='bbox 443 2686 740 2752; x_wconf 73' lang='lat' dir='ltr'><strong>raditatem,</strong></span> <span class='ocrx_word' id='word_1_340' title='bbox 776 2695 831 2741; x_wconf 89' lang='lat' dir='ltr'><strong>ut</strong></span> <span class='ocrx_word' id='word_1_341' title='bbox 865 2703 971 2741; x_wconf 90' lang='lat' dir='ltr'><strong>non</strong></span> <span class='ocrx_word' id='word_1_342' title='bbox 992 2688 1059 2741; x_wconf 85' lang='lat' dir='ltr'><strong>sit</strong></span> <span class='ocrx_word' id='word_1_343' title='bbox 1092 2688 1336 2742; x_wconf 79' lang='lat' dir='ltr'><strong>memoria</strong></span> <span class='ocrx_word' id='word_1_344' title='bbox 1364 2688 1598 2757; x_wconf 79' lang='lat' dir='ltr'><strong>ﬁliorum</strong></span> <span class='ocrx_word' id='word_1_345' title='bbox 1618 2689 1839 2742; x_wconf 81' lang='lat' dir='ltr'><strong>Ammon</strong></span> <span class='ocrx_word' id='word_1_346' title='bbox 1864 2689 1918 2742; x_wconf 79' lang='lat' dir='ltr'><strong>in</strong></span> <span class='ocrx_word' id='word_1_347' title='bbox 1941 2705 2067 2760; x_wconf 80' lang='lat' dir='ltr'><strong>gen-</strong></span> 
     </span>
    </p>
   </div>
   <div class='ocr_carea' id='block_1_44' title="bbox 443 2779 2068 2855">
    <p class='ocr_par' dir='ltr' id='par_1_44' title="bbox 443 2779 2068 2855">
     <span class='ocr_line' id='line_1_44' title="bbox 443 2779 2068 2855; baseline 0.002 -21"><span class='ocrx_word' id='word_1_348' title='bbox 443 2779 615 2845; x_wconf 78' lang='lat' dir='ltr'><strong>tibus,</strong></span> <span class='ocrx_word' id='word_1_349' title='bbox 650 2790 697 2837; x_wconf 85' lang='lat' dir='ltr'><strong>et</strong></span> <span class='ocrx_word' id='word_1_350' title='bbox 729 2780 970 2834; x_wconf 83' lang='lat' dir='ltr'><strong>inMaab</strong></span> <span class='ocrx_word' id='word_1_351' title='bbox 1000 2782 1191 2851; x_wconf 74' lang='lat' dir='ltr'><strong>faciam</strong></span> <span class='ocrx_word' id='word_1_352' title='bbox 1226 2782 1486 2848; x_wconf 82' lang='lat' dir='ltr'><strong>ultiones,</strong></span> <span class='ocrx_word' id='word_1_353' title='bbox 1520 2791 1566 2835; x_wconf 87' lang='lat' dir='ltr'><strong>et</strong></span> <span class='ocrx_word' id='word_1_354' title='bbox 1599 2792 1909 2855; x_wconf 80' lang='lat' dir='ltr'><strong>cognoscent</strong></span> <span class='ocrx_word' id='word_1_355' title='bbox 1939 2800 2068 2855; x_wconf 81' lang='lat' dir='ltr'><strong>quo-</strong></span> 
     </span>
    </p>
   </div>
   <div class='ocr_carea' id='block_1_45' title="bbox 446 2872 2065 2947">
    <p class='ocr_par' dir='ltr' id='par_1_45' title="bbox 446 2872 2065 2947">
     <span class='ocr_line' id='line_1_45' title="bbox 446 2872 2065 2947; baseline 0.002 -20"><span class='ocrx_word' id='word_1_356' title='bbox 446 2873 591 2931; x_wconf 86' lang='lat' dir='ltr'><strong>niam</strong></span> <span class='ocrx_word' id='word_1_357' title='bbox 626 2890 719 2947; x_wconf 86' lang='lat' dir='ltr'><strong>ego</strong></span> <span class='ocrx_word' id='word_1_358' title='bbox 751 2872 1022 2930; x_wconf 81' lang='lat' dir='ltr'><strong>Dominus.</strong></span> <span class='ocrx_word' id='word_1_359' title='bbox 1060 2875 1175 2930; x_wconf 80' lang='lat' dir='ltr'><strong>Hoc</strong></span> <span class='ocrx_word' id='word_1_360' title='bbox 1198 2877 1341 2946; x_wconf 90' lang='lat' dir='ltr'><strong>quod</strong></span> <span class='ocrx_word' id='word_1_361' title='bbox 1372 2891 1477 2932; x_wconf 87' lang='lat' dir='ltr'><strong>nos</strong></span> <span class='ocrx_word' id='word_1_362' title='bbox 1501 2877 1855 2947; x_wconf 73' lang='lat' dir='ltr'><strong>interpretati</strong></span> <span class='ocrx_word' id='word_1_363' title='bbox 1879 2894 2065 2932; x_wconf 87' lang='lat' dir='ltr'><strong>sumus</strong></span> 
     </span>
    </p>
   </div>
   <div class='ocr_carea' id='block_1_46' title="bbox 448 2965 2066 3035">
    <p class='ocr_par' dir='ltr' id='par_1_46' title="bbox 448 2965 2066 3035">
     <span class='ocr_line' id='line_1_46' title="bbox 448 2965 2066 3035; baseline 0.002 -14"><span class='ocrx_word' id='word_1_364' title='bbox 448 2976 494 3023; x_wconf 85' lang='lat' dir='ltr'><strong>et</strong></span> <span class='ocrx_word' id='word_1_365' title='bbox 528 2965 667 3031; x_wconf 85' lang='lat' dir='ltr'><strong>Seir,</strong></span> <span class='ocrx_word' id='word_1_366' title='bbox 703 2966 755 3021; x_wconf 89' lang='lat' dir='ltr'><strong>in</strong></span> <span class='ocrx_word' id='word_1_367' title='bbox 788 2965 930 3022; x_wconf 77' lang='lat' dir='ltr'><strong>LXX</strong></span> <span class='ocrx_word' id='word_1_368' title='bbox 976 2982 1095 3022; x_wconf 84' lang='lat' dir='ltr'><strong>non</strong></span> <span class='ocrx_word' id='word_1_369' title='bbox 1132 2967 1391 3035; x_wconf 85' lang='lat' dir='ltr'><strong>habetur,</strong></span> <span class='ocrx_word' id='word_1_370' title='bbox 1437 2970 1535 3025; x_wconf 88' lang='lat' dir='ltr'><strong>sed</strong></span> <span class='ocrx_word' id='word_1_371' title='bbox 1567 2970 1638 3025; x_wconf 87' lang='lat' dir='ltr'><strong>de</strong></span> <span class='ocrx_word' id='word_1_372' title='bbox 1668 2968 2066 3025; x_wconf 64' lang='lat' dir='ltr'><strong>&#39;l‘beodotionis</strong></span> 
     </span>
    </p>
   </div>
   <div class='ocr_carea' id='block_1_47' title="bbox 445 3058 2065 3129">
    <p class='ocr_par' dir='ltr' id='par_1_47' title="bbox 445 3058 2065 3129">
     <span class='ocr_line' id='line_1_47' title="bbox 445 3058 2065 3129; baseline 0.002 -13"><span class='ocrx_word' id='word_1_373' title='bbox 445 3058 695 3129; x_wconf 74' lang='lat' dir='ltr'><strong>editione</strong></span> <span class='ocrx_word' id='word_1_374' title='bbox 743 3058 985 3116; x_wconf 87' lang='lat' dir='ltr'><strong>additum</strong></span> <span class='ocrx_word' id='word_1_375' title='bbox 1033 3068 1140 3116; x_wconf 86' lang='lat' dir='ltr'><strong>est.</strong></span> <span class='ocrx_word' id='word_1_376' title='bbox 1173 3062 1481 3119; x_wconf 76' lang='lat' dir='ltr'><strong>Ridiculum</strong></span> <span class='ocrx_word' id='word_1_377' title='bbox 1530 3079 1662 3119; x_wconf 90' lang='lat' dir='ltr'><strong>vero</strong></span> <span class='ocrx_word' id='word_1_378' title='bbox 1702 3065 1755 3118; x_wconf 90' lang='lat' dir='ltr'><strong>in</strong></span> <span class='ocrx_word' id='word_1_379' title='bbox 1791 3064 1893 3119; x_wconf 86' lang='lat' dir='ltr'><strong>hoc</strong></span> <span class='ocrx_word' id='word_1_380' title='bbox 1945 3064 2065 3119; x_wconf 89' lang='lat' dir='ltr'><strong>loco</strong></span> 
     </span>
    </p>
   </div>
   <div class='ocr_carea' id='block_1_48' title="bbox 2169 1842 3796 1915">
    <p class='ocr_par' dir='ltr' id='par_1_48' title="bbox 2169 1842 3796 1915">
     <span class='ocr_line' id='line_1_48' title="bbox 2169 1842 3796 1915; baseline -0.002 -16"><span class='ocrx_word' id='word_1_381' title='bbox 2169 1845 2371 1901; x_wconf 83' lang='lat' dir='ltr'><strong>habere</strong></span> <span class='ocrx_word' id='word_1_382' title='bbox 2414 1846 2702 1912; x_wconf 79' lang='lat' dir='ltr'><strong>desistant,</strong></span> <span class='ocrx_word' id='word_1_383' title='bbox 2754 1852 2811 1898; x_wconf 89' lang='lat' dir='ltr'><strong>ct</strong></span> <span class='ocrx_word' id='word_1_384' title='bbox 2840 1858 3184 1915; x_wconf 86' lang='lat' dir='ltr'><strong>nequaquam</strong></span> <span class='ocrx_word' id='word_1_385' title='bbox 3230 1843 3284 1897; x_wconf 91' lang='lat' dir='ltr'><strong>in</strong></span> <span class='ocrx_word' id='word_1_386' title='bbox 3334 1842 3619 1897; x_wconf 88' lang='lat' dir='ltr'><strong>dialectica</strong></span> <span class='ocrx_word' id='word_1_387' title='bbox 3659 1850 3796 1896; x_wconf 86' lang='lat' dir='ltr'><strong>arte</strong></span> 
     </span>
    </p>
   </div>
   <div class='ocr_carea' id='block_1_49' title="bbox 2167 1939 3789 2014">
    <p class='ocr_par' dir='ltr' id='par_1_49' title="bbox 2167 1939 3789 2014">
     <span class='ocr_line' id='line_1_49' title="bbox 2167 1939 3789 2014; baseline -0.002 -18"><span class='ocrx_word' id='word_1_388' title='bbox 2167 1941 2445 1996; x_wconf 78' lang='lat' dir='ltr'><strong>conﬁdant</strong></span> <span class='ocrx_word' id='word_1_389' title='bbox 2486 1940 2595 2014; x_wconf 76' lang='lat' dir='ltr'><strong>[AL</strong></span> <span class='ocrx_word' id='word_1_390' title='bbox 2631 1941 2933 2012; x_wconf 84' lang='lat' dir='ltr'><strong>conlidere]</strong></span> <span class='ocrx_word' id='word_1_391' title='bbox 2965 1957 2979 1995; x_wconf 91' lang='lat'><strong>:</strong></span> <span class='ocrx_word' id='word_1_392' title='bbox 3012 1940 3107 1995; x_wconf 92' lang='lat' dir='ltr'><strong>sed</strong></span> <span class='ocrx_word' id='word_1_393' title='bbox 3141 1940 3326 1995; x_wconf 86' lang='lat' dir='ltr'><strong>cuncti</strong></span> <span class='ocrx_word' id='word_1_394' title='bbox 3361 1939 3505 1995; x_wconf 83' lang='lat' dir='ltr'><strong>illius</strong></span> <span class='ocrx_word' id='word_1_395' title='bbox 3534 1939 3789 2004; x_wconf 83' lang='lat' dir='ltr'><strong>termini,</strong></span> 
     </span>
    </p>
   </div>
   <div class='ocr_carea' id='block_1_50' title="bbox 2168 2033 3795 2106">
    <p class='ocr_par' dir='ltr' id='par_1_50' title="bbox 2168 2033 3795 2106">
     <span class='ocr_line' id='line_1_50' title="bbox 2168 2033 3795 2106; baseline 0 -17"><span class='ocrx_word' id='word_1_396' title='bbox 2168 2050 2306 2106; x_wconf 91' lang='lat' dir='ltr'><strong>quos</strong></span> <span class='ocrx_word' id='word_1_397' title='bbox 2344 2052 2444 2105; x_wconf 89' lang='lat' dir='ltr'><strong>pro</strong></span> <span class='ocrx_word' id='word_1_398' title='bbox 2487 2036 2727 2091; x_wconf 89' lang='lat' dir='ltr'><strong>illisione</strong></span> <span class='ocrx_word' id='word_1_399' title='bbox 2751 2035 3014 2091; x_wconf 83' lang='lat' dir='ltr'><strong>ﬂuctuum</strong></span> <span class='ocrx_word' id='word_1_400' title='bbox 3041 2044 3241 2090; x_wconf 80' lang='lat' dir='ltr'><strong>vocant</strong></span> <span class='ocrx_word' id='word_1_401' title='bbox 3265 2033 3659 2104; x_wconf 84' lang='lat' dir='ltr'><strong>promontoria,</strong></span> <span class='ocrx_word' id='word_1_402' title='bbox 3684 2033 3795 2089; x_wconf 87' lang='lat' dir='ltr'><strong>de-</strong></span> 
     </span>
    </p>
   </div>
   <div class='ocr_carea' id='block_1_51' title="bbox 2168 2127 3791 2200">
    <p class='ocr_par' dir='ltr' id='par_1_51' title="bbox 2168 2127 3791 2200">
     <span class='ocr_line' id='line_1_51' title="bbox 2168 2127 3791 2200; baseline -0.001 -18"><span class='ocrx_word' id='word_1_403' title='bbox 2168 2136 2478 2193; x_wconf 88' lang='lat' dir='ltr'><strong>struantur;</strong></span> <span class='ocrx_word' id='word_1_404' title='bbox 2509 2137 2566 2182; x_wconf 90' lang='lat' dir='ltr'><strong>et</strong></span> <span class='ocrx_word' id='word_1_405' title='bbox 2605 2128 2833 2200; x_wconf 68' lang='lat' dir='ltr'><strong>inclyta:-</strong></span> <span class='ocrx_word' id='word_1_406' title='bbox 2866 2137 3027 2197; x_wconf 86' lang='lat' dir='ltr'><strong>atque</strong></span> <span class='ocrx_word' id='word_1_407' title='bbox 3053 2127 3245 2183; x_wconf 69' lang='lat' dir='ltr'><strong>electu:</strong></span> <span class='ocrx_word' id='word_1_408' title='bbox 3291 2136 3450 2181; x_wconf 80' lang='lat' dir='ltr'><strong>terra:</strong></span> <span class='ocrx_word' id='word_1_409' title='bbox 3480 2127 3611 2183; x_wconf 87' lang='lat' dir='ltr'><strong>Beth</strong></span> <span class='ocrx_word' id='word_1_410' title='bbox 3640 2128 3791 2182; x_wconf 58' lang='lat' dir='ltr'><strong>Jesio</strong></span> 
     </span>
    </p>
   </div>
   <div class='ocr_carea' id='block_1_52' title="bbox 2168 2217 3797 2292">
    <p class='ocr_par' dir='ltr' id='par_1_52' title="bbox 2168 2217 3797 2292">
     <span class='ocr_line' id='line_1_52' title="bbox 2168 2217 3797 2292; baseline 0.002 -17"><span class='ocrx_word' id='word_1_411' title='bbox 2168 2221 2352 2286; x_wconf 90' lang='lat' dir='ltr'><strong>moth,</strong></span> <span class='ocrx_word' id='word_1_412' title='bbox 2411 2236 2534 2292; x_wconf 77' lang='lat' dir='ltr'><strong>quae</strong></span> <span class='ocrx_word' id='word_1_413' title='bbox 2585 2223 2997 2291; x_wconf 66' lang='lat' dir='ltr'><strong>interpretatur;</strong></span> <span class='ocrx_word' id='word_1_414' title='bbox 3026 2224 3211 2277; x_wconf 86' lang='lat' dir='ltr'><strong>domus</strong></span> <span class='ocrx_word' id='word_1_415' title='bbox 3261 2217 3567 2277; x_wconf 75' lang='lat' dir='ltr'><strong>solitudinis</strong></span> <span class='ocrx_word' id='word_1_416' title='bbox 3616 2230 3797 2292; x_wconf 79' lang='lat' dir='ltr'><strong>atque</strong></span> 
     </span>
    </p>
   </div>
   <div class='ocr_carea' id='block_1_53' title="bbox 2168 2315 3793 2386">
    <p class='ocr_par' dir='ltr' id='par_1_53' title="bbox 2168 2315 3793 2386">
     <span class='ocr_line' id='line_1_53' title="bbox 2168 2315 3793 2386; baseline 0.002 -19"><span class='ocrx_word' id='word_1_417' title='bbox 2168 2315 2392 2381; x_wconf 87' lang='lat' dir='ltr'><strong>deserta,</strong></span> <span class='ocrx_word' id='word_1_418' title='bbox 2424 2324 2480 2370; x_wconf 93' lang='lat' dir='ltr'><strong>et</strong></span> <span class='ocrx_word' id='word_1_419' title='bbox 2526 2315 2843 2383; x_wconf 83' lang='lat' dir='ltr'><strong>Beelmeon,</strong></span> <span class='ocrx_word' id='word_1_420' title='bbox 2882 2331 3015 2386; x_wconf 67' lang='lat' dir='ltr'><strong>qum</strong></span> <span class='ocrx_word' id='word_1_421' title='bbox 3055 2326 3111 2372; x_wconf 93' lang='lat' dir='ltr'><strong>et</strong></span> <span class='ocrx_word' id='word_1_422' title='bbox 3152 2317 3271 2385; x_wconf 88' lang='lat' dir='ltr'><strong>ipsa</strong></span> <span class='ocrx_word' id='word_1_423' title='bbox 3310 2315 3545 2370; x_wconf 84' lang='lat' dir='ltr'><strong>vertitur</strong></span> <span class='ocrx_word' id='word_1_424' title='bbox 3588 2315 3793 2371; x_wconf 80' lang='lat' dir='ltr'><strong>habens</strong></span> 
     </span>
    </p>
   </div>
   <div class='ocr_carea' id='block_1_54' title="bbox 2170 2409 3787 2482">
    <p class='ocr_par' dir='ltr' id='par_1_54' title="bbox 2170 2409 3787 2482">
     <span class='ocr_line' id='line_1_54' title="bbox 2170 2409 3787 2482; baseline -0.001 -17"><span class='ocrx_word' id='word_1_425' title='bbox 2170 2412 2387 2481; x_wconf 82' lang='lat' dir='ltr'><strong>fontem,</strong></span> <span class='ocrx_word' id='word_1_426' title='bbox 2434 2410 2551 2465; x_wconf 87' lang='lat' dir='ltr'><strong>sive</strong></span> <span class='ocrx_word' id='word_1_427' title='bbox 2593 2409 2621 2448; x_wconf 68' lang='grc' dir='ltr'>ιτ</span> <span class='ocrx_word' id='word_1_428' title='bbox 2650 2427 2806 2480; x_wconf 83' lang='lat' dir='ltr'><strong>super</strong></span> <span class='ocrx_word' id='word_1_429' title='bbox 2836 2413 3052 2482; x_wconf 82' lang='lat' dir='ltr'><strong>fontem,</strong></span> <span class='ocrx_word' id='word_1_430' title='bbox 3100 2418 3156 2465; x_wconf 90' lang='lat' dir='ltr'><strong>et</strong></span> <span class='ocrx_word' id='word_1_431' title='bbox 3209 2409 3561 2475; x_wconf 84' lang='lat' dir='ltr'><strong>Cariathaim,</strong></span> <span class='ocrx_word' id='word_1_432' title='bbox 3614 2423 3787 2479; x_wconf 84' lang='lat' dir='ltr'><strong>quam</strong></span> 
     </span>
    </p>
   </div>
   <div class='ocr_carea' id='block_1_55' title="bbox 2168 2503 3783 2574">
    <p class='ocr_par' dir='ltr' id='par_1_55' title="bbox 2168 2503 3783 2574">
     <span class='ocr_line' id='line_1_55' title="bbox 2168 2503 3783 2574; baseline -0.001 -16"><span class='ocrx_word' id='word_1_433' title='bbox 2168 2503 2313 2558; x_wconf 60' lang='lat' dir='ltr'><strong>[LXX</strong></span> <span class='ocrx_word' id='word_1_434' title='bbox 2368 2504 2630 2558; x_wconf 80' lang='lat' dir='ltr'><strong>civitatem</strong></span> <span class='ocrx_word' id='word_1_435' title='bbox 2690 2506 3003 2559; x_wconf 80' lang='lat' dir='ltr'><strong>maritiinam</strong></span> <span class='ocrx_word' id='word_1_436' title='bbox 3057 2506 3471 2570; x_wconf 90' lang='lat' dir='ltr'><strong>transtulerunt,</strong></span> <span class='ocrx_word' id='word_1_437' title='bbox 3533 2512 3783 2574; x_wconf 85' lang='lat' dir='ltr'><strong>pereant.</strong></span> 
     </span>
    </p>
   </div>
   <div class='ocr_carea' id='block_1_56' title="bbox 2169 2596 3789 2671">
    <p class='ocr_par' dir='ltr' id='par_1_56' title="bbox 2169 2596 3789 2671">
     <span class='ocr_line' id='line_1_56' title="bbox 2169 2596 3789 2671; baseline 0.001 -22"><span class='ocrx_word' id='word_1_438' title='bbox 2169 2597 2429 2665; x_wconf 76' lang='lat' dir='ltr'><strong>Quamvis</strong></span> <span class='ocrx_word' id='word_1_439' title='bbox 2458 2599 2602 2652; x_wconf 91' lang='lat' dir='ltr'><strong>enim</strong></span> <span class='ocrx_word' id='word_1_440' title='bbox 2652 2596 2903 2653; x_wconf 75' lang='lat' dir='ltr'><strong>habeant</strong></span> <span class='ocrx_word' id='word_1_441' title='bbox 2923 2598 3120 2654; x_wconf 83' lang='lat' dir='ltr'><strong>robora</strong></span> <span class='ocrx_word' id='word_1_442' title='bbox 3164 2610 3548 2671; x_wconf 81' lang='lat' dir='ltr'><strong>pugnatorum,</strong></span> <span class='ocrx_word' id='word_1_443' title='bbox 3599 2609 3652 2654; x_wconf 89' lang='lat' dir='ltr'><strong>et</strong></span> <span class='ocrx_word' id='word_1_444' title='bbox 3698 2598 3789 2652; x_wconf 88' lang='lat' dir='ltr'><strong>in-</strong></span> 
     </span>
    </p>
   </div>
   <div class='ocr_carea' id='block_1_57' title="bbox 2168 2674 3795 2763">
    <p class='ocr_par' dir='ltr' id='par_1_57' title="bbox 2168 2674 3795 2763">
     <span class='ocr_line' id='line_1_57' title="bbox 2168 2674 3795 2763; baseline 0.001 -18"><span class='ocrx_word' id='word_1_445' title='bbox 2168 2692 2309 2762; x_wconf 84' lang='lat' dir='ltr'><strong>clyta</strong></span> <span class='ocrx_word' id='word_1_446' title='bbox 2353 2691 2945 2762; x_wconf 71' lang='lat' dir='ltr'><strong>pergatttad&#39;prmlltmt</strong></span> <span class='ocrx_word' id='word_1_447' title='bbox 2974 2703 3093 2748; x_wconf 80' lang='lat' dir='ltr'><strong>arte</strong></span> <span class='ocrx_word' id='word_1_448' title='bbox 3129 2674 3425 2763; x_wconf 82' lang='lat' dir='ltr'><strong>pugnandi,</strong></span> <span class='ocrx_word' id='word_1_449' title='bbox 3452 2703 3506 2749; x_wconf 89' lang='lat' dir='ltr'><strong>et</strong></span> <span class='ocrx_word' id='word_1_450' title='bbox 3541 2708 3605 2749; x_wconf 79' lang='lat' dir='ltr'><strong>ex</strong></span> <span class='ocrx_word' id='word_1_451' title='bbox 3631 2692 3795 2755; x_wconf 58' lang='lat' dir='ltr'><strong>omni,</strong></span> 
     </span>
    </p>
   </div>
   <div class='ocr_carea' id='block_1_58' title="bbox 2169 2782 3786 2854">
    <p class='ocr_par' dir='ltr' id='par_1_58' title="bbox 2169 2782 3786 2854">
     <span class='ocr_line' id='line_1_58' title="bbox 2169 2782 3786 2854; baseline 0.002 -19"><span class='ocrx_word' id='word_1_452' title='bbox 2169 2790 2323 2852; x_wconf 78' lang='lat' dir='ltr'><strong>parte</strong></span> <span class='ocrx_word' id='word_1_453' title='bbox 2351 2782 2717 2853; x_wconf 84' lang='lat' dir='ltr'><strong>circumsepti-</strong></span> <span class='ocrx_word' id='word_1_454' title='bbox 2746 2782 3049 2854; x_wconf 87' lang='lat' dir='ltr'><strong>munitique</strong></span> <span class='ocrx_word' id='word_1_455' title='bbox 3072 2784 3391 2854; x_wconf 79' lang='lat' dir='ltr'><strong>gradiantur</strong></span> <span class='ocrx_word' id='word_1_456' title='bbox 3431 2801 3443 2837; x_wconf 93' lang='lat'><strong>:</strong></span> <span class='ocrx_word' id='word_1_457' title='bbox 3480 2792 3658 2839; x_wconf 85' lang='lat' dir='ltr'><strong>tamen</strong></span> <span class='ocrx_word' id='word_1_458' title='bbox 3698 2785 3786 2839; x_wconf 89' lang='lat' dir='ltr'><strong>in-</strong></span> 
     </span>
    </p>
   </div>
   <div class='ocr_carea' id='block_1_59' title="bbox 2167 2877 3783 2957">
    <p class='ocr_par' dir='ltr' id='par_1_59' title="bbox 2167 2877 3783 2957">
     <span class='ocr_line' id='line_1_59' title="bbox 2167 2877 3783 2957; baseline 0 -24"><span class='ocrx_word' id='word_1_459' title='bbox 2167 2878 2309 2950; x_wconf 83' lang='lat' dir='ltr'><strong>clyta</strong></span> <span class='ocrx_word' id='word_1_460' title='bbox 2349 2893 2539 2934; x_wconf 89' lang='lat' dir='ltr'><strong>eorum</strong></span> <span class='ocrx_word' id='word_1_461' title='bbox 2581 2886 2727 2933; x_wconf 83' lang='lat' dir='ltr'><strong>terra</strong></span> <span class='ocrx_word' id='word_1_462' title='bbox 2778 2894 2883 2933; x_wconf 93' lang='lat' dir='ltr'><strong>non</strong></span> <span class='ocrx_word' id='word_1_463' title='bbox 2936 2889 3019 2933; x_wconf 85' lang='lat' dir='ltr'><strong>est</strong></span> <span class='ocrx_word' id='word_1_464' title='bbox 3049 2878 3243 2957; x_wconf 90' lang='lat' dir='ltr'><strong>domus</strong></span> <span class='ocrx_word' id='word_1_465' title='bbox 3276 2878 3652 2945; x_wconf 79' lang='lat' dir='ltr'><strong>habitationis,</strong></span> <span class='ocrx_word' id='word_1_466' title='bbox 3683 2877 3783 2933; x_wconf 87' lang='lat' dir='ltr'><strong>sed</strong></span> 
     </span>
    </p>
   </div>
   <div class='ocr_carea' id='block_1_60' title="bbox 2168 2972 3779 3044">
    <p class='ocr_par' dir='ltr' id='par_1_60' title="bbox 2168 2972 3779 3044">
     <span class='ocr_line' id='line_1_60' title="bbox 2168 2972 3779 3044; baseline -0.001 -16"><span class='ocrx_word' id='word_1_467' title='bbox 2168 2972 2363 3028; x_wconf 86' lang='lat' dir='ltr'><strong>domus</strong></span> <span class='ocrx_word' id='word_1_468' title='bbox 2392 2973 2729 3029; x_wconf 83' lang='lat' dir='ltr'><strong>solitudinis.</strong></span> <span class='ocrx_word' id='word_1_469' title='bbox 2751 2974 3018 3044; x_wconf 83' lang='lat' dir='ltr'><strong>Quodque</strong></span> <span class='ocrx_word' id='word_1_470' title='bbox 3047 2988 3106 3030; x_wconf 89' lang='lat' dir='ltr'><strong>se</strong></span> <span class='ocrx_word' id='word_1_471' title='bbox 3135 2973 3551 3044; x_wconf 78' lang='lat' dir='ltr'><strong>putantlrabere</strong></span> <span class='ocrx_word' id='word_1_472' title='bbox 3572 2973 3779 3028; x_wconf 84' lang='lat' dir='ltr'><strong>fontem</strong></span> 
     </span>
    </p>
   </div>
   <div class='ocr_carea' id='block_1_61' title="bbox 2168 3066 3781 3147">
    <p class='ocr_par' dir='ltr' id='par_1_61' title="bbox 2168 3066 3781 3147">
     <span class='ocr_line' id='line_1_61' title="bbox 2168 3066 3781 3147; baseline -0.002 -22"><span class='ocrx_word' id='word_1_473' title='bbox 2168 3070 2434 3136; x_wconf 61' lang='lat' dir='ltr'><strong>scientiae,</strong></span> <span class='ocrx_word' id='word_1_474' title='bbox 2468 3079 2521 3126; x_wconf 91' lang='lat' dir='ltr'><strong>et</strong></span> <span class='ocrx_word' id='word_1_475' title='bbox 2549 3070 2737 3125; x_wconf 85' lang='lat' dir='ltr'><strong>urbem</strong></span> <span class='ocrx_word' id='word_1_476' title='bbox 2786 3069 3151 3147; x_wconf 85' lang='lat' dir='ltr'><strong>maritimam,</strong></span> <span class='ocrx_word' id='word_1_477' title='bbox 3187 3086 3311 3139; x_wconf 65' lang='lat' dir='ltr'><strong>quae</strong></span> <span class='ocrx_word' id='word_1_478' title='bbox 3337 3077 3561 3124; x_wconf 83' lang='lat' dir='ltr'><strong>cunctas</strong></span> <span class='ocrx_word' id='word_1_479' title='bbox 3612 3066 3781 3122; x_wconf 83' lang='lat' dir='ltr'><strong>susti-</strong></span> 
     </span>
    </p>
   </div>
   <div class='ocr_carea' id='block_1_62' title="bbox 444 3149 3793 3235">
    <p class='ocr_par' dir='ltr' id='par_1_62' title="bbox 444 3149 3793 3235">
     <span class='ocr_line' id='line_1_62' title="bbox 444 3149 3793 3235; baseline 0.003 -30"><span class='ocrx_word' id='word_1_480' title='bbox 444 3149 665 3209; x_wconf 78' lang='lat' dir='ltr'><strong>llebraei</strong></span> <span class='ocrx_word' id='word_1_481' title='bbox 690 3152 1191 3209; x_wconf 19' lang='lat' dir='ltr'><strong>narrant‘l‘abulam.</strong></span> <span class='ocrx_word' id='word_1_482' title='bbox 1216 3155 1509 3226; x_wconf 85' lang='lat' dir='ltr'><strong>Postquam</strong></span> <span class='ocrx_word' id='word_1_483' title='bbox 1535 3157 1898 3228; x_wconf 66' lang='lat' dir='ltr'><strong>urbsaperta,</strong></span> <span class='ocrx_word' id='word_1_484' title='bbox 1928 3166 2060 3213; x_wconf 84' lang='lat' dir='ltr'><strong>tem-</strong></span> <span class='ocrx_word' id='word_1_485' title='bbox 2088 3158 2303 3223; x_wconf 76' lang='lat' dir='ltr'><strong>G‘nere</strong></span> <span class='ocrx_word' id='word_1_486' title='bbox 2346 3162 2529 3235; x_wconf 75' lang='lat' dir='ltr'><strong>possit</strong></span> <span class='ocrx_word' id='word_1_487' title='bbox 2564 3165 3159 3233; x_wconf 79' lang='lat' dir='ltr'><strong>sacculi&#39;tempestates,</strong></span> <span class='ocrx_word' id='word_1_488' title='bbox 3215 3149 3531 3232; x_wconf 87' lang='lat' dir='ltr'><strong>patientiam</strong></span> <span class='ocrx_word' id='word_1_489' title='bbox 3573 3161 3675 3217; x_wconf 88' lang='lat' dir='ltr'><strong>sibi</strong></span> <span class='ocrx_word' id='word_1_490' title='bbox 3722 3170 3793 3216; x_wconf 59' lang='lat' dir='ltr'><strong>et‘</strong></span> 
     </span>
    </p>
   </div>
   <div class='ocr_carea' id='block_1_63' title="bbox 444 3243 2063 3321">
    <p class='ocr_par' dir='ltr' id='par_1_63' title="bbox 444 3243 2063 3321">
     <span class='ocr_line' id='line_1_63' title="bbox 444 3243 2063 3321; baseline 0.004 -21"><span class='ocrx_word' id='word_1_491' title='bbox 444 3243 708 3315; x_wconf 84' lang='lat' dir='ltr'><strong>plumque</strong></span> <span class='ocrx_word' id='word_1_492' title='bbox 733 3257 1041 3302; x_wconf 81' lang='lat' dir='ltr'><strong>reseratum</strong></span> <span class='ocrx_word' id='word_1_493' title='bbox 1062 3257 1168 3318; x_wconf 85' lang='lat' dir='ltr'><strong>est,</strong></span> <span class='ocrx_word' id='word_1_494' title='bbox 1198 3249 1405 3321; x_wconf 80' lang='lat' dir='ltr'><strong>ﬁliique</strong></span> <span class='ocrx_word' id='word_1_495' title='bbox 1431 3254 1690 3319; x_wconf 79' lang='lat' dir='ltr'><strong>Ammon,</strong></span> <span class='ocrx_word' id='word_1_496' title='bbox 1720 3260 1775 3308; x_wconf 88' lang='lat' dir='ltr'><strong>et</strong></span> <span class='ocrx_word' id='word_1_497' title='bbox 1801 3252 1975 3320; x_wconf 86' lang='lat' dir='ltr'><strong>Moab,</strong></span> <span class='ocrx_word' id='word_1_498' title='bbox 2006 3262 2063 3307; x_wconf 91' lang='lat' dir='ltr'><strong>et</strong></span> 
     </span>
    </p>
   </div>
   <div class='ocr_carea' id='block_1_64' title="bbox 438 3338 2059 3417">
    <p class='ocr_par' dir='ltr' id='par_1_64' title="bbox 438 3338 2059 3417">
     <span class='ocr_line' id='line_1_64' title="bbox 438 3338 2059 3417; baseline 0.005 -24"><span class='ocrx_word' id='word_1_499' title='bbox 438 3338 563 3401; x_wconf 85' lang='lat' dir='ltr'><strong>Seir</strong></span> <span class='ocrx_word' id='word_1_500' title='bbox 608 3341 841 3409; x_wconf 84' lang='lat' dir='ltr'><strong>ingressi</strong></span> <span class='ocrx_word' id='word_1_501' title='bbox 876 3352 1013 3396; x_wconf 87' lang='lat' dir='ltr'><strong>sunt</strong></span> <span class='ocrx_word' id='word_1_502' title='bbox 1049 3343 1335 3413; x_wconf 89' lang='lat' dir='ltr'><strong>templum,</strong></span> <span class='ocrx_word' id='word_1_503' title='bbox 1368 3344 1731 3417; x_wconf 84' lang='lat' dir='ltr'><strong>videruntque</strong></span> <span class='ocrx_word' id='word_1_504' title='bbox 1758 3344 2059 3402; x_wconf 83' lang='lat' dir='ltr'><strong>Cherubim</strong></span> 
     </span>
    </p>
   </div>
   <div class='ocr_carea' id='block_1_65' title="bbox 444 3434 2062 3504">
    <p class='ocr_par' dir='ltr' id='par_1_65' title="bbox 444 3434 2062 3504">
     <span class='ocr_line' id='line_1_65' title="bbox 444 3434 2062 3504; baseline 0.004 -17"><span class='ocrx_word' id='word_1_505' title='bbox 444 3437 791 3504; x_wconf 76' lang='lat' dir='ltr'><strong>protegentis</strong></span> <span class='ocrx_word' id='word_1_506' title='bbox 819 3434 1267 3504; x_wconf 81' lang='lat' dir='ltr'><strong>propitiatorinm</strong></span> <span class='ocrx_word' id='word_1_507' title='bbox 1291 3478 1305 3501; x_wconf 92' lang='lat'><strong>,</strong></span> <span class='ocrx_word' id='word_1_508' title='bbox 1340 3435 1668 3493; x_wconf 77' lang='lat' dir='ltr'><strong>etdixeruut</strong></span> <span class='ocrx_word' id='word_1_509' title='bbox 1701 3456 1715 3494; x_wconf 89' lang='lat'>:</span> <span class='ocrx_word' id='word_1_510' title='bbox 1754 3438 1907 3495; x_wconf 90' lang='lat' dir='ltr'><strong>Sicut</strong></span> <span class='ocrx_word' id='word_1_511' title='bbox 1928 3455 2062 3495; x_wconf 89' lang='lat' dir='ltr'><strong>cun-</strong></span> 
     </span>
    </p>
   </div>
   <div class='ocr_carea' id='block_1_66' title="bbox 442 3529 2060 3597">
    <p class='ocr_par' dir='ltr' id='par_1_66' title="bbox 442 3529 2060 3597">
     <span class='ocr_line' id='line_1_66' title="bbox 442 3529 2060 3597; baseline 0.005 -15"><span class='ocrx_word' id='word_1_512' title='bbox 442 3535 549 3582; x_wconf 70' lang='lat' dir='ltr'><strong>cta:</strong></span> <span class='ocrx_word' id='word_1_513' title='bbox 576 3534 769 3597; x_wconf 79' lang='lat' dir='ltr'><strong>gentes</strong></span> <span class='ocrx_word' id='word_1_514' title='bbox 794 3530 995 3582; x_wconf 80' lang='lat' dir='ltr'><strong>colunt</strong></span> <span class='ocrx_word' id='word_1_515' title='bbox 1028 3529 1353 3595; x_wconf 85' lang='lat' dir='ltr'><strong>simulacra;</strong></span> <span class='ocrx_word' id='word_1_516' title='bbox 1389 3531 1463 3585; x_wconf 87' lang='lat' dir='ltr'><strong>ita</strong></span> <span class='ocrx_word' id='word_1_517' title='bbox 1494 3540 1550 3585; x_wconf 90' lang='lat' dir='ltr'><strong>et</strong></span> <span class='ocrx_word' id='word_1_518' title='bbox 1579 3531 1720 3587; x_wconf 81' lang='lat' dir='ltr'><strong>Juda</strong></span> <span class='ocrx_word' id='word_1_519' title='bbox 1750 3533 1919 3589; x_wconf 82' lang='lat' dir='ltr'><strong>habet</strong></span> <span class='ocrx_word' id='word_1_520' title='bbox 1948 3550 2060 3591; x_wconf 81' lang='lat' dir='ltr'><strong>suae</strong></span> 
     </span>
    </p>
   </div>
   <div class='ocr_carea' id='block_1_67' title="bbox 444 3620 2062 3694">
    <p class='ocr_par' dir='ltr' id='par_1_67' title="bbox 444 3620 2062 3694">
     <span class='ocr_line' id='line_1_67' title="bbox 444 3620 2062 3694; baseline 0.006 -20"><span class='ocrx_word' id='word_1_521' title='bbox 444 3620 727 3690; x_wconf 80' lang='lat' dir='ltr'><strong>religionis</strong></span> <span class='ocrx_word' id='word_1_522' title='bbox 771 3620 948 3686; x_wconf 88' lang='lat' dir='ltr'><strong>idola;</strong></span> <span class='ocrx_word' id='word_1_523' title='bbox 979 3632 1035 3677; x_wconf 89' lang='lat' dir='ltr'><strong>et</strong></span> <span class='ocrx_word' id='word_1_524' title='bbox 1062 3621 1295 3689; x_wconf 87' lang='lat' dir='ltr'><strong>idcirco,</strong></span> <span class='ocrx_word' id='word_1_525' title='bbox 1330 3623 1602 3694; x_wconf 84' lang='lat' dir='ltr'><strong>inquiunt,</strong></span> <span class='ocrx_word' id='word_1_526' title='bbox 1636 3625 1817 3681; x_wconf 83' lang='lat' dir='ltr'><strong>iratus</strong></span> <span class='ocrx_word' id='word_1_527' title='bbox 1840 3639 1923 3683; x_wconf 87' lang='lat' dir='ltr'><strong>est</strong></span> <span class='ocrx_word' id='word_1_528' title='bbox 1958 3630 2062 3684; x_wconf 87' lang='lat' dir='ltr'><strong>Do-</strong></span> 
     </span>
    </p>
   </div>
   <div class='ocr_carea' id='block_1_68' title="bbox 447 3714 2058 3786">
    <p class='ocr_par' dir='ltr' id='par_1_68' title="bbox 447 3714 2058 3786">
     <span class='ocr_line' id='line_1_68' title="bbox 447 3714 2058 3786; baseline 0.005 -17"><span class='ocrx_word' id='word_1_529' title='bbox 447 3714 647 3783; x_wconf 74' lang='lat' dir='ltr'><strong>minus,</strong></span> <span class='ocrx_word' id='word_1_530' title='bbox 678 3714 1109 3771; x_wconf 42' lang='lat' dir='ltr'><strong>etltradiditeos</strong></span> <span class='ocrx_word' id='word_1_531' title='bbox 1133 3716 1458 3786; x_wconf 82' lang='lat' dir='ltr'><strong>captivitati.</strong></span> <span class='ocrx_word' id='word_1_532' title='bbox 1488 3717 1598 3774; x_wconf 85' lang='lat' dir='ltr'><strong>Nos</strong></span> <span class='ocrx_word' id='word_1_533' title='bbox 1624 3729 1802 3774; x_wconf 82' lang='lat' dir='ltr'><strong>autent</strong></span> <span class='ocrx_word' id='word_1_534' title='bbox 1837 3721 1940 3776; x_wconf 82' lang='lat' dir='ltr'><strong>hoc</strong></span> <span class='ocrx_word' id='word_1_535' title='bbox 1973 3722 2058 3776; x_wconf 87' lang='lat' dir='ltr'><strong>di-</strong></span> 
     </span>
    </p>
   </div>
   <div class='ocr_carea' id='block_1_69' title="bbox 446 3808 2062 3885">
    <p class='ocr_par' dir='ltr' id='par_1_69' title="bbox 446 3808 2062 3885">
     <span class='ocr_line' id='line_1_69' title="bbox 446 3808 2062 3885; baseline 0.004 -21"><span class='ocrx_word' id='word_1_536' title='bbox 446 3822 656 3875; x_wconf 71' lang='lat' dir='ltr'><strong>camus,</strong></span> <span class='ocrx_word' id='word_1_537' title='bbox 673 3808 1007 3877; x_wconf 78' lang='lat' dir='ltr'><strong>quodetisti</strong></span> <span class='ocrx_word' id='word_1_538' title='bbox 1031 3808 1622 3866; x_wconf 78' lang='lat' dir='ltr'><strong>insultaverintdomui</strong></span> <span class='ocrx_word' id='word_1_539' title='bbox 1645 3812 1821 3881; x_wconf 67' lang='lat' dir='ltr'><strong>Iudae,</strong></span> <span class='ocrx_word' id='word_1_540' title='bbox 1843 3815 2062 3885; x_wconf 85' lang='lat' dir='ltr'><strong>quando</strong></span> 
     </span>
    </p>
   </div>
   <div class='ocr_carea' id='block_1_70' title="bbox 444 3900 2069 3976">
    <p class='ocr_par' dir='ltr' id='par_1_70' title="bbox 444 3900 2069 3976">
     <span class='ocr_line' id='line_1_70' title="bbox 444 3900 2069 3976; baseline 0.001 -23"><span class='ocrx_word' id='word_1_541' title='bbox 444 3916 479 3953; x_wconf 74' lang='grc' dir='ltr'><strong>ει</strong></span> <span class='ocrx_word' id='word_1_542' title='bbox 502 3900 775 3969; x_wconf 55' lang='lat' dir='ltr'><strong>Chaldaeis</strong></span> <span class='ocrx_word' id='word_1_543' title='bbox 802 3910 958 3971; x_wconf 77' lang='lat' dir='ltr'><strong>capta</strong></span> <span class='ocrx_word' id='word_1_544' title='bbox 984 3910 1090 3967; x_wconf 83' lang='lat' dir='ltr'><strong>est,</strong></span> <span class='ocrx_word' id='word_1_545' title='bbox 1121 3904 1536 3971; x_wconf 83' lang='lat' dir='ltr'><strong>putantes-sicut</strong></span> <span class='ocrx_word' id='word_1_546' title='bbox 1561 3904 1623 3958; x_wconf 90' lang='lat' dir='ltr'><strong>in</strong></span> <span class='ocrx_word' id='word_1_547' title='bbox 1642 3907 1859 3959; x_wconf 71' lang='lat' dir='ltr'><strong>CtBlt‘l‘lS</strong></span> <span class='ocrx_word' id='word_1_548' title='bbox 1886 3907 2069 3976; x_wconf 85' lang='lat' dir='ltr'><strong>genti-.</strong></span> 
     </span>
    </p>
   </div>
   <div class='ocr_carea' id='block_1_71' title="bbox 447 3984 2058 4068">
    <p class='ocr_par' dir='ltr' id='par_1_71' title="bbox 447 3984 2058 4068">
     <span class='ocr_line' id='line_1_71' title="bbox 447 3984 2058 4068; baseline 0.002 -19"><span class='ocrx_word' id='word_1_549' title='bbox 447 3984 687 4050; x_wconf 70' lang='lat' dir='ltr'><strong>busnon</strong></span> <span class='ocrx_word' id='word_1_550' title='bbox 716 3993 1233 4048; x_wconf 68' lang='lat' dir='ltr'><strong>ibi-esseauxiliuut</strong></span> <span class='ocrx_word' id='word_1_551' title='bbox 1252 3995 1367 4061; x_wconf 87' lang='lat' dir='ltr'><strong>Dei,</strong></span> <span class='ocrx_word' id='word_1_552' title='bbox 1395 4005 1446 4050; x_wconf 85' lang='lat' dir='ltr'><strong>et</strong></span> <span class='ocrx_word' id='word_1_553' title='bbox 1478 3995 1857 4068; x_wconf 81' lang='lat' dir='ltr'><strong>idcoregnum</strong></span> <span class='ocrx_word' id='word_1_554' title='bbox 1880 3997 2058 4063; x_wconf 74' lang='lat' dir='ltr'><strong>Judte,</strong></span> 
     </span>
    </p>
   </div>
   <div class='ocr_carea' id='block_1_72' title="bbox 444 4085 2060 4163">
    <p class='ocr_par' dir='ltr' id='par_1_72' title="bbox 444 4085 2060 4163">
     <span class='ocr_line' id='line_1_72' title="bbox 444 4085 2060 4163; baseline 0.002 -21"><span class='ocrx_word' id='word_1_555' title='bbox 444 4094 499 4142; x_wconf 87' lang='lat' dir='ltr'><strong>et</strong></span> <span class='ocrx_word' id='word_1_556' title='bbox 526 4085 839 4143; x_wconf 67' lang='lat' dir='ltr'><strong>Jerusalem</strong></span> <span class='ocrx_word' id='word_1_557' title='bbox 861 4086 1233 4155; x_wconf 83' lang='lat' dir='ltr'><strong>Dei-praesidio</strong></span> <span class='ocrx_word' id='word_1_558' title='bbox 1255 4086 1600 4157; x_wconf 68' lang='lat' dir='ltr'><strong>de~titutum,</strong></span> <span class='ocrx_word' id='word_1_559' title='bbox 1628 4091 2060 4163; x_wconf 49' lang='lat' dir='ltr'><strong>patuisseBalry¢</strong></span> 
     </span>
    </p>
   </div>
   <div class='ocr_carea' id='block_1_73' title="bbox 443 4166 2067 4253">
    <p class='ocr_par' dir='ltr' id='par_1_73' title="bbox 443 4166 2067 4253">
     <span class='ocr_line' id='line_1_73' title="bbox 443 4166 2067 4253; baseline 0.003 -18"><span class='ocrx_word' id='word_1_560' title='bbox 443 4179 605 4237; x_wconf 71' lang='lat' dir='ltr'><strong>Ioniae</strong></span> <span class='ocrx_word' id='word_1_561' title='bbox 630 4179 908 4249; x_wconf 66' lang='lat' dir='ltr'><strong>potestati.</strong></span> <span class='ocrx_word' id='word_1_562' title='bbox 940 4179 1155 4234; x_wconf 76' lang='lat' dir='ltr'><strong>Idcirco</strong></span> <span class='ocrx_word' id='word_1_563' title='bbox 1178 4166 1291 4235; x_wconf 71' lang='lat' dir='ltr'><strong>non</strong></span> <span class='ocrx_word' id='word_1_564' title='bbox 1313 4181 1487 4235; x_wconf 79' lang='lat' dir='ltr'><strong>multo</strong></span> <span class='ocrx_word' id='word_1_565' title='bbox 1506 4193 1629 4251; x_wconf 88' lang='lat' dir='ltr'><strong>post</strong></span> <span class='ocrx_word' id='word_1_566' title='bbox 1662 4194 1926 4253; x_wconf 84' lang='lat' dir='ltr'><strong>tempore,</strong></span> <span class='ocrx_word' id='word_1_567' title='bbox 1963 4185 2067 4240; x_wconf 85' lang='lat' dir='ltr'><strong>sed</strong></span> 
     </span>
    </p>
   </div>
   <div class='ocr_carea' id='block_1_74' title="bbox 446 4273 2054 4347">
    <p class='ocr_par' dir='ltr' id='par_1_74' title="bbox 446 4273 2054 4347">
     <span class='ocr_line' id='line_1_74' title="bbox 446 4273 2054 4347; baseline 0.003 -19"><span class='ocrx_word' id='word_1_568' title='bbox 446 4273 504 4330; x_wconf 91' lang='lat' dir='ltr'><strong>in</strong></span> <span class='ocrx_word' id='word_1_569' title='bbox 532 4276 951 4345; x_wconf 71' lang='lat' dir='ltr'><strong>prmsentiarum</strong></span> <span class='ocrx_word' id='word_1_570' title='bbox 976 4275 1236 4329; x_wconf 83' lang='lat' dir='ltr'><strong>Dominus</strong></span> <span class='ocrx_word' id='word_1_571' title='bbox 1261 4276 1627 4331; x_wconf 83' lang='lat' dir='ltr'><strong>comminatur</strong></span> <span class='ocrx_word' id='word_1_572' title='bbox 1655 4293 1717 4332; x_wconf 92' lang='lat' dir='ltr'><strong>se</strong></span> <span class='ocrx_word' id='word_1_573' title='bbox 1748 4280 2054 4347; x_wconf 87' lang='lat' dir='ltr'><strong>humerum,</strong></span> 
     </span>
    </p>
   </div>
   <div class='ocr_carea' id='block_1_75' title="bbox 445 4367 2058 4427">
    <p class='ocr_par' dir='ltr' id='par_1_75' title="bbox 445 4367 2058 4427">
     <span class='ocr_line' id='line_1_75' title="bbox 445 4367 2058 4427; baseline 0.002 -4"><span class='ocrx_word' id='word_1_574' title='bbox 445 4367 981 4423; x_wconf 73' lang='lat' dir='ltr'><strong>robur-videlicetet</strong></span> <span class='ocrx_word' id='word_1_575' title='bbox 1014 4368 1391 4424; x_wconf 82' lang='lat' dir='ltr'><strong>fortitudinem</strong></span> <span class='ocrx_word' id='word_1_576' title='bbox 1434 4368 1590 4425; x_wconf 86' lang='lat' dir='ltr'><strong>Moab</strong></span> <span class='ocrx_word' id='word_1_577' title='bbox 1637 4371 1717 4425; x_wconf 73' lang='lat' dir='ltr'><strong>de</strong></span> <span class='ocrx_word' id='word_1_578' title='bbox 1745 4371 2058 4427; x_wconf 83' lang='lat' dir='ltr'><strong>civitatibus</strong></span> 
     </span>
    </p>
   </div>
   <div class='ocr_carea' id='block_1_76' title="bbox 444 4462 2059 4535">
    <p class='ocr_par' dir='ltr' id='par_1_76' title="bbox 444 4462 2059 4535">
     <span class='ocr_line' id='line_1_76' title="bbox 444 4462 2059 4535; baseline 0.001 -18"><span class='ocrx_word' id='word_1_579' title='bbox 444 4462 564 4533; x_wconf 77' lang='lat' dir='ltr'><strong>ejus</strong></span> <span class='ocrx_word' id='word_1_580' title='bbox 594 4463 1009 4525; x_wconf 77' lang='lat' dir='ltr'><strong>dissoluturum.</strong></span> <span class='ocrx_word' id='word_1_581' title='bbox 1041 4462 1161 4518; x_wconf 84' lang='lat' dir='ltr'><strong>sive</strong></span> <span class='ocrx_word' id='word_1_582' title='bbox 1187 4472 1528 4532; x_wconf 72' lang='lat' dir='ltr'><strong>aperturum,</strong></span> <span class='ocrx_word' id='word_1_583' title='bbox 1565 4464 1719 4519; x_wconf 18' lang='lat' dir='ltr'><strong>utrad</strong></span> <span class='ocrx_word' id='word_1_584' title='bbox 1750 4465 1897 4535; x_wconf 84' lang='lat' dir='ltr'><strong>ipsos</strong></span> <span class='ocrx_word' id='word_1_585' title='bbox 1924 4481 2059 4534; x_wconf 88' lang='lat' dir='ltr'><strong>quo-</strong></span> 
     </span>
    </p>
   </div>
   <div class='ocr_carea' id='block_1_77' title="bbox 2167 3255 3778 3326">
    <p class='ocr_par' dir='ltr' id='par_1_77' title="bbox 2167 3255 3778 3326">
     <span class='ocr_line' id='line_1_77' title="bbox 2167 3255 3778 3326; baseline -0.002 -13"><span class='ocrx_word' id='word_1_586' title='bbox 2167 3257 2547 3314; x_wconf 72' lang='lat' dir='ltr'><strong>iOrtiludinem</strong></span> <span class='ocrx_word' id='word_1_587' title='bbox 2598 3258 2987 3326; x_wconf 83' lang='lat' dir='ltr'><strong>promittentes</strong></span> <span class='ocrx_word' id='word_1_588' title='bbox 3025 3272 3038 3309; x_wconf 90' lang='lat'><strong>:</strong></span> <span class='ocrx_word' id='word_1_589' title='bbox 3072 3265 3252 3311; x_wconf 89' lang='lat' dir='ltr'><strong>tamen</strong></span> <span class='ocrx_word' id='word_1_590' title='bbox 3287 3255 3419 3311; x_wconf 90' lang='lat' dir='ltr'><strong>illuc</strong></span> <span class='ocrx_word' id='word_1_591' title='bbox 3448 3264 3778 3311; x_wconf 84' lang='lat' dir='ltr'><strong>converten-</strong></span> 
     </span>
    </p>
   </div>
   <div class='ocr_carea' id='block_1_78' title="bbox 2166 3346 3773 3422">
    <p class='ocr_par' dir='ltr' id='par_1_78' title="bbox 2166 3346 3773 3422">
     <span class='ocr_line' id='line_1_78' title="bbox 2166 3346 3773 3422; baseline -0.003 -16"><span class='ocrx_word' id='word_1_592' title='bbox 2166 3360 2275 3417; x_wconf 82' lang='lat' dir='ltr'><strong>tur,</strong></span> <span class='ocrx_word' id='word_1_593' title='bbox 2298 3352 2562 3422; x_wconf 58' lang='lat' dir='ltr'><strong>uret-ipsi</strong></span> <span class='ocrx_word' id='word_1_594' title='bbox 2589 3350 2874 3405; x_wconf 86' lang='lat' dir='ltr'><strong>tradantur</strong></span> <span class='ocrx_word' id='word_1_595' title='bbox 2896 3349 3310 3416; x_wconf 83' lang='lat' dir='ltr'><strong>liliisOrientis,</strong></span> <span class='ocrx_word' id='word_1_596' title='bbox 3336 3349 3449 3403; x_wconf 85' lang='lat' dir='ltr'><strong>veri</strong></span> <span class='ocrx_word' id='word_1_597' title='bbox 3477 3349 3530 3402; x_wconf 90' lang='lat' dir='ltr'><strong>in</strong></span> <span class='ocrx_word' id='word_1_598' title='bbox 3557 3346 3773 3402; x_wconf 86' lang='lat' dir='ltr'><strong>Christo</strong></span> 
     </span>
    </p>
   </div>
   <div class='ocr_carea' id='block_1_79' title="bbox 2164 3442 3789 3513">
    <p class='ocr_par' dir='ltr' id='par_1_79' title="bbox 2164 3442 3789 3513">
     <span class='ocr_line' id='line_1_79' title="bbox 2164 3442 3789 3513; baseline -0.002 -13"><span class='ocrx_word' id='word_1_599' title='bbox 2164 3446 2422 3511; x_wconf 90' lang='lat' dir='ltr'><strong>luminis;</strong></span> <span class='ocrx_word' id='word_1_600' title='bbox 2471 3447 2611 3501; x_wconf 91' lang='lat' dir='ltr'><strong>sicut</strong></span> <span class='ocrx_word' id='word_1_601' title='bbox 2658 3445 2840 3499; x_wconf 86' lang='lat' dir='ltr'><strong>traditi</strong></span> <span class='ocrx_word' id='word_1_602' title='bbox 2872 3454 3000 3500; x_wconf 89' lang='lat' dir='ltr'><strong>sunt</strong></span> <span class='ocrx_word' id='word_1_603' title='bbox 3029 3444 3123 3499; x_wconf 88' lang='lat' dir='ltr'><strong>lilii</strong></span> <span class='ocrx_word' id='word_1_604' title='bbox 3155 3443 3412 3510; x_wconf 82' lang='lat' dir='ltr'><strong>Ammon,</strong></span> <span class='ocrx_word' id='word_1_605' title='bbox 3445 3442 3539 3513; x_wconf 88' lang='lat' dir='ltr'><strong>qui</strong></span> <span class='ocrx_word' id='word_1_606' title='bbox 3567 3442 3669 3497; x_wconf 89' lang='lat' dir='ltr'><strong>sibi</strong></span> <span class='ocrx_word' id='word_1_607' title='bbox 3717 3442 3789 3496; x_wconf 85' lang='lat' dir='ltr'><strong>in-</strong></span> 
     </span>
    </p>
   </div>
   <div class='ocr_carea' id='block_1_80' title="bbox 2164 3534 3773 3595">
    <p class='ocr_par' dir='ltr' id='par_1_80' title="bbox 2164 3534 3773 3595">
     <span class='ocr_line' id='line_1_80' title="bbox 2164 3534 3773 3595; baseline -0.005 0"><span class='ocrx_word' id='word_1_608' title='bbox 2164 3538 2421 3595; x_wconf 66' lang='lat' dir='ltr'><strong>haeretica</strong></span> <span class='ocrx_word' id='word_1_609' title='bbox 2468 3538 2818 3593; x_wconf 85' lang='lat' dir='ltr'><strong>multitudine</strong></span> <span class='ocrx_word' id='word_1_610' title='bbox 2858 3536 3225 3592; x_wconf 80' lang='lat' dir='ltr'><strong>conﬁdebant.</strong></span> <span class='ocrx_word' id='word_1_611' title='bbox 3267 3536 3333 3590; x_wconf 85' lang='lat' dir='ltr'><strong>Et</strong></span> <span class='ocrx_word' id='word_1_612' title='bbox 3363 3534 3773 3590; x_wconf 81' lang='lat' dir='ltr'><strong>consideremus</strong></span> 
     </span>
    </p>
   </div>
   <div class='ocr_carea' id='block_1_81' title="bbox 2166 3629 3770 3706">
    <p class='ocr_par' dir='ltr' id='par_1_81' title="bbox 2166 3629 3770 3706">
     <span class='ocr_line' id='line_1_81' title="bbox 2166 3629 3770 3706; baseline -0.004 -16"><span class='ocrx_word' id='word_1_613' title='bbox 2166 3636 2493 3706; x_wconf 81' lang='lat' dir='ltr'><strong>proiectum,</strong></span> <span class='ocrx_word' id='word_1_614' title='bbox 2531 3641 2695 3703; x_wconf 88' lang='lat' dir='ltr'><strong>atque</strong></span> <span class='ocrx_word' id='word_1_615' title='bbox 2733 3633 2785 3686; x_wconf 93' lang='lat' dir='ltr'><strong>in</strong></span> <span class='ocrx_word' id='word_1_616' title='bbox 2817 3632 2929 3701; x_wconf 87' lang='lat' dir='ltr'><strong>ipsa</strong></span> <span class='ocrx_word' id='word_1_617' title='bbox 2962 3629 3387 3686; x_wconf 86' lang='lat' dir='ltr'><strong>comminatione</strong></span> <span class='ocrx_word' id='word_1_618' title='bbox 3419 3631 3770 3684; x_wconf 82' lang='lat' dir='ltr'><strong>clementiam</strong></span> 
     </span>
    </p>
   </div>
   <div class='ocr_carea' id='block_1_82' title="bbox 2167 3723 3767 3795">
    <p class='ocr_par' dir='ltr' id='par_1_82' title="bbox 2167 3723 3767 3795">
     <span class='ocr_line' id='line_1_82' title="bbox 2167 3723 3767 3795; baseline -0.003 -14"><span class='ocrx_word' id='word_1_619' title='bbox 2167 3728 2285 3795; x_wconf 91' lang='lat' dir='ltr'><strong>Dei,</strong></span> <span class='ocrx_word' id='word_1_620' title='bbox 2320 3737 2374 3782; x_wconf 92' lang='lat' dir='ltr'><strong>ut</strong></span> <span class='ocrx_word' id='word_1_621' title='bbox 2402 3726 2689 3781; x_wconf 85' lang='lat' dir='ltr'><strong>tradantur</strong></span> <span class='ocrx_word' id='word_1_622' title='bbox 2727 3740 2859 3780; x_wconf 56' lang='lat' dir='ltr'><strong>cum»</strong></span> <span class='ocrx_word' id='word_1_623' title='bbox 2897 3724 3023 3780; x_wconf 78' lang='lat' dir='ltr'><strong>ﬁliis</strong></span> <span class='ocrx_word' id='word_1_624' title='bbox 3051 3724 3284 3781; x_wconf 78' lang='lat' dir='ltr'><strong>A‘tnmon</strong></span> <span class='ocrx_word' id='word_1_625' title='bbox 3318 3724 3414 3779; x_wconf 84' lang='lat' dir='ltr'><strong>ﬁlii</strong></span> <span class='ocrx_word' id='word_1_626' title='bbox 3446 3723 3685 3778; x_wconf 85' lang='lat' dir='ltr'><strong>Orientis</strong></span> <span class='ocrx_word' id='word_1_627' title='bbox 3714 3724 3767 3777; x_wconf 89' lang='lat' dir='ltr'><strong>in</strong></span> 
     </span>
    </p>
   </div>
   <div class='ocr_carea' id='block_1_83' title="bbox 2165 3815 3771 3887">
    <p class='ocr_par' dir='ltr' id='par_1_83' title="bbox 2165 3815 3771 3887">
     <span class='ocr_line' id='line_1_83' title="bbox 2165 3815 3771 3887; baseline -0.002 -14"><span class='ocrx_word' id='word_1_628' title='bbox 2165 3818 2586 3874; x_wconf 68' lang='lat' dir='ltr'><strong>ltaareditatem:</strong></span> <span class='ocrx_word' id='word_1_629' title='bbox 2618 3826 2673 3872; x_wconf 88' lang='lat' dir='ltr'><strong>et</strong></span> <span class='ocrx_word' id='word_1_630' title='bbox 2698 3831 3036 3887; x_wconf 86' lang='lat' dir='ltr'><strong>nequaquam</strong></span> <span class='ocrx_word' id='word_1_631' title='bbox 3072 3817 3294 3871; x_wconf 60' lang='lat' dir='ltr'><strong>haeresis</strong></span> <span class='ocrx_word' id='word_1_632' title='bbox 3324 3816 3431 3870; x_wconf 81' lang='lat' dir='ltr'><strong>ulla</strong></span> <span class='ocrx_word' id='word_1_633' title='bbox 3463 3815 3771 3870; x_wconf 89' lang='lat' dir='ltr'><strong>nominetur</strong></span> 
     </span>
    </p>
   </div>
   <div class='ocr_carea' id='block_1_84' title="bbox 2164 3909 3767 3985">
    <p class='ocr_par' dir='ltr' id='par_1_84' title="bbox 2164 3909 3767 3985">
     <span class='ocr_line' id='line_1_84' title="bbox 2164 3909 3767 3985; baseline -0.002 -17"><span class='ocrx_word' id='word_1_634' title='bbox 2164 3913 2219 3968; x_wconf 89' lang='lat' dir='ltr'><strong>in</strong></span> <span class='ocrx_word' id='word_1_635' title='bbox 2249 3913 2534 3985; x_wconf 85' lang='lat' dir='ltr'><strong>gentibus;</strong></span> <span class='ocrx_word' id='word_1_636' title='bbox 2560 3910 2839 3968; x_wconf 66' lang='lat' dir='ltr'><strong>scd‘factis</strong></span> <span class='ocrx_word' id='word_1_637' title='bbox 2870 3912 2921 3966; x_wconf 90' lang='lat' dir='ltr'><strong>in</strong></span> <span class='ocrx_word' id='word_1_638' title='bbox 2947 3909 3346 3980; x_wconf 84' lang='lat' dir='ltr'><strong>Moabjudiciis</strong></span> <span class='ocrx_word' id='word_1_639' title='bbox 3369 3910 3504 3977; x_wconf 90' lang='lat' dir='ltr'><strong>suis,</strong></span> <span class='ocrx_word' id='word_1_640' title='bbox 3538 3910 3767 3965; x_wconf 45' lang='lat' dir='ltr'><strong>et‘ultio-</strong></span> 
     </span>
    </p>
   </div>
   <div class='ocr_carea' id='block_1_85' title="bbox 2166 4003 3771 4079">
    <p class='ocr_par' dir='ltr' id='par_1_85' title="bbox 2166 4003 3771 4079">
     <span class='ocr_line' id='line_1_85' title="bbox 2166 4003 3771 4079; baseline -0.004 -15"><span class='ocrx_word' id='word_1_641' title='bbox 2166 4010 2327 4064; x_wconf 85' lang='lat' dir='ltr'><strong>nibus</strong></span> <span class='ocrx_word' id='word_1_642' title='bbox 2372 4023 2470 4079; x_wconf 89' lang='lat' dir='ltr'><strong>pro</strong></span> <span class='ocrx_word' id='word_1_643' title='bbox 2499 4007 2834 4077; x_wconf 86' lang='lat' dir='ltr'><strong>arrogantia,</strong></span> <span class='ocrx_word' id='word_1_644' title='bbox 2865 4021 3049 4061; x_wconf 84' lang='lat' dir='ltr'><strong>rerum</strong></span> <span class='ocrx_word' id='word_1_645' title='bbox 3085 4006 3191 4061; x_wconf 88' lang='lat' dir='ltr'><strong>line</strong></span> <span class='ocrx_word' id='word_1_646' title='bbox 3222 4013 3556 4077; x_wconf 67' lang='lat' dir='ltr'><strong>cognoscant</strong></span> <span class='ocrx_word' id='word_1_647' title='bbox 3589 4003 3771 4059; x_wconf 90' lang='lat' dir='ltr'><strong>Domi-</strong></span> 
     </span>
    </p>
   </div>
   <div class='ocr_carea' id='block_1_86' title="bbox 2165 4104 3767 4177">
    <p class='ocr_par' dir='ltr' id='par_1_86' title="bbox 2165 4104 3767 4177">
     <span class='ocr_line' id='line_1_86' title="bbox 2165 4104 3767 4177; baseline -0.002 -16"><span class='ocrx_word' id='word_1_648' title='bbox 2165 4122 2297 4162; x_wconf 89' lang='lat' dir='ltr'><strong>num</strong></span> <span class='ocrx_word' id='word_1_649' title='bbox 2325 4120 2450 4162; x_wconf 86' lang='lat' dir='ltr'><strong>esse</strong></span> <span class='ocrx_word' id='word_1_650' title='bbox 2479 4106 2569 4177; x_wconf 91' lang='lat' dir='ltr'><strong>qui</strong></span> <span class='ocrx_word' id='word_1_651' title='bbox 2612 4114 2808 4161; x_wconf 90' lang='lat' dir='ltr'><strong>cuncta</strong></span> <span class='ocrx_word' id='word_1_652' title='bbox 2840 4105 3004 4177; x_wconf 67' lang='lat' dir='ltr'><strong>29o</strong></span> <span class='ocrx_word' id='word_1_653' title='bbox 3031 4105 3328 4176; x_wconf 84' lang='lat' dir='ltr'><strong>diSpenset.</strong></span> <span class='ocrx_word' id='word_1_654' title='bbox 3361 4106 3440 4161; x_wconf 87' lang='lat' dir='ltr'><strong>A‘d</strong></span> <span class='ocrx_word' id='word_1_655' title='bbox 3462 4104 3767 4174; x_wconf 84' lang='lat' dir='ltr'><strong>approban-</strong></span> 
     </span>
    </p>
   </div>
   <div class='ocr_carea' id='block_1_87' title="bbox 2164 4199 3766 4275">
    <p class='ocr_par' dir='ltr' id='par_1_87' title="bbox 2164 4199 3766 4275">
     <span class='ocr_line' id='line_1_87' title="bbox 2164 4199 3766 4275; baseline -0.001 -20"><span class='ocrx_word' id='word_1_656' title='bbox 2164 4200 2292 4256; x_wconf 88' lang='lat' dir='ltr'><strong>dum</strong></span> <span class='ocrx_word' id='word_1_657' title='bbox 2350 4211 2529 4255; x_wconf 80' lang='lat' dir='ltr'><strong>autent</strong></span> <span class='ocrx_word' id='word_1_658' title='bbox 2583 4200 2745 4271; x_wconf 85' lang='lat' dir='ltr'><strong>quod</strong></span> <span class='ocrx_word' id='word_1_659' title='bbox 2779 4201 2937 4257; x_wconf 88' lang='lat' dir='ltr'><strong>Moab</strong></span> <span class='ocrx_word' id='word_1_660' title='bbox 2989 4203 3045 4254; x_wconf 89' lang='lat' dir='ltr'><strong>in</strong></span> <span class='ocrx_word' id='word_1_661' title='bbox 3116 4199 3372 4275; x_wconf 67' lang='lat' dir='ltr'><strong>prmsenti</strong></span> <span class='ocrx_word' id='word_1_662' title='bbox 3430 4200 3554 4254; x_wconf 81' lang='lat' dir='ltr'><strong>loco</strong></span> <span class='ocrx_word' id='word_1_663' title='bbox 3608 4212 3766 4265; x_wconf 83' lang='lat' dir='ltr'><strong>super</strong></span> 
     </span>
    </p>
   </div>
   <div class='ocr_carea' id='block_1_88' title="bbox 2165 4290 3764 4364">
    <p class='ocr_par' dir='ltr' id='par_1_88' title="bbox 2165 4290 3764 4364">
     <span class='ocr_line' id='line_1_88' title="bbox 2165 4290 3764 4364; baseline -0.003 -15"><span class='ocrx_word' id='word_1_664' title='bbox 2165 4294 2625 4363; x_wconf 62' lang='lat' dir='ltr'><strong>Philosotihorum</strong></span> <span class='ocrx_word' id='word_1_665' title='bbox 2661 4294 3000 4364; x_wconf 78' lang='lat' dir='ltr'><strong>intelligatur</strong></span> <span class='ocrx_word' id='word_1_666' title='bbox 3039 4294 3315 4363; x_wconf 88' lang='lat' dir='ltr'><strong>superbia,</strong></span> <span class='ocrx_word' id='word_1_667' title='bbox 3351 4292 3423 4349; x_wconf 80' lang='lat' dir='ltr'><strong>de</strong></span> <span class='ocrx_word' id='word_1_668' title='bbox 3467 4291 3660 4364; x_wconf 89' lang='lat' dir='ltr'><strong>quibus</strong></span> <span class='ocrx_word' id='word_1_669' title='bbox 3684 4290 3764 4346; x_wconf 90' lang='lat' dir='ltr'><strong>di-</strong></span> 
     </span>
    </p>
   </div>
   <div class='ocr_carea' id='block_1_89' title="bbox 2162 4387 3759 4461">
    <p class='ocr_par' dir='ltr' id='par_1_89' title="bbox 2162 4387 3759 4461">
     <span class='ocr_line' id='line_1_89' title="bbox 2162 4387 3759 4461; baseline -0.002 -16"><span class='ocrx_word' id='word_1_670' title='bbox 2162 4389 2346 4445; x_wconf 87' lang='lat' dir='ltr'><strong>citur:</strong></span> <span class='ocrx_word' id='word_1_671' title='bbox 2380 4387 2610 4442; x_wconf 85' lang='lat' dir='ltr'><strong>Perdant</strong></span> <span class='ocrx_word' id='word_1_672' title='bbox 2648 4388 2958 4460; x_wconf 85' lang='lat' dir='ltr'><strong>sapientiam</strong></span> <span class='ocrx_word' id='word_1_673' title='bbox 3005 4389 3344 4461; x_wconf 83' lang='lat' dir='ltr'><strong>sapientium,</strong></span> <span class='ocrx_word' id='word_1_674' title='bbox 3393 4399 3440 4442; x_wconf 89' lang='lat' dir='ltr'><strong>et</strong></span> <span class='ocrx_word' id='word_1_675' title='bbox 3478 4388 3759 4461; x_wconf 79' lang='lat' dir='ltr'><strong>intelligen-</strong></span> 
     </span>
    </p>
   </div>
   <div class='ocr_carea' id='block_1_90' title="bbox 2164 4481 3761 4553">
    <p class='ocr_par' dir='ltr' id='par_1_90' title="bbox 2164 4481 3761 4553">
     <span class='ocr_line' id='line_1_90' title="bbox 2164 4481 3761 4553; baseline 0.001 -17"><span class='ocrx_word' id='word_1_676' title='bbox 2164 4484 2291 4536; x_wconf 89' lang='lat' dir='ltr'><strong>tiam</strong></span> <span class='ocrx_word' id='word_1_677' title='bbox 2316 4482 2723 4553; x_wconf 73' lang='lat' dir='ltr'><strong>intelligentiutn</strong></span> <span class='ocrx_word' id='word_1_678' title='bbox 2751 4482 3039 4553; x_wconf 86' lang='lat' dir='ltr'><strong>reprobabo</strong></span> <span class='ocrx_word' id='word_1_679' title='bbox 3072 4483 3112 4553; x_wconf 96' lang='lat' dir='ltr'><strong>(I</strong></span> <span class='ocrx_word' id='word_1_680' title='bbox 3141 4481 3262 4538; x_wconf 86' lang='lat' dir='ltr'><strong>Cor.</strong></span> <span class='ocrx_word' id='word_1_681' title='bbox 3291 4500 3329 4547; x_wconf 89' lang='grc' dir='ltr'><strong>ι,</strong></span> <span class='ocrx_word' id='word_1_682' title='bbox 3366 4481 3476 4552; x_wconf 73' lang='grc'><strong>19),</strong></span> <span class='ocrx_word' id='word_1_683' title='bbox 3505 4497 3669 4553; x_wconf 81' lang='lat' dir='ltr'><strong>pauca</strong></span> <span class='ocrx_word' id='word_1_684' title='bbox 3697 4481 3761 4537; x_wconf 90' lang='lat' dir='ltr'><strong>dc</strong></span> 
     </span>
    </p>
   </div>
   <div class='ocr_carea' id='block_1_91' title="bbox 447 4558 2063 4646">
    <p class='ocr_par' dir='ltr' id='par_1_91' title="bbox 447 4558 2056 4630">
     <span class='ocr_line' id='line_1_91' title="bbox 447 4558 2056 4630; baseline 0 -16"><span class='ocrx_word' id='word_1_685' title='bbox 447 4558 910 4630; x_wconf 32' lang='lat' dir='ltr'><strong>quevBabylonius</strong></span> <span class='ocrx_word' id='word_1_686' title='bbox 941 4559 1113 4612; x_wconf 84' lang='lat' dir='ltr'><strong>victor</strong></span> <span class='ocrx_word' id='word_1_687' title='bbox 1143 4558 1396 4621; x_wconf 84' lang='lat' dir='ltr'><strong>introeat,</strong></span> <span class='ocrx_word' id='word_1_688' title='bbox 1439 4569 1493 4613; x_wconf 91' lang='lat' dir='ltr'><strong>et</strong></span> <span class='ocrx_word' id='word_1_689' title='bbox 1537 4558 1783 4615; x_wconf 73' lang='lat' dir='ltr'><strong>civitates</strong></span> <span class='ocrx_word' id='word_1_690' title='bbox 1817 4560 1881 4613; x_wconf 86' lang='lat' dir='ltr'><strong>in-</strong></span> <span class='ocrx_word' id='word_1_691' title='bbox 1901 4560 2056 4615; x_wconf 82' lang='lat' dir='ltr'><strong>Moab</strong></span> 
     </span>
    </p>
   </div>
   <div class='ocr_carea' id='block_1_92' title="bbox 2166 4558 3756 4646">
    <p class='ocr_par' dir='ltr' id='par_1_92' title="bbox 2168 4574 3756 4646">
     <span class='ocr_line' id='line_1_92' title="bbox 2168 4574 3756 4646; baseline -0.001 -16"><span class='ocrx_word' id='word_1_692' title='bbox 2168 4575 2445 4646; x_wconf 86' lang='lat' dir='ltr'><strong>prophetis</strong></span> <span class='ocrx_word' id='word_1_693' title='bbox 2476 4576 2726 4645; x_wconf 81' lang='lat' dir='ltr'><strong>exempla</strong></span> <span class='ocrx_word' id='word_1_694' title='bbox 2755 4574 3075 4644; x_wconf 75' lang='lat' dir='ltr'><strong>replicando</strong></span> <span class='ocrx_word' id='word_1_695' title='bbox 3105 4585 3253 4631; x_wconf 77' lang='lat' dir='ltr'><strong>sunt.</strong></span> <span class='ocrx_word' id='word_1_696' title='bbox 3285 4576 3453 4631; x_wconf 82' lang='lat' dir='ltr'><strong>Amos</strong></span> <span class='ocrx_word' id='word_1_697' title='bbox 3486 4576 3756 4646; x_wconf 85' lang='lat' dir='ltr'><strong>loquitur:</strong></span> 
     </span>
    </p>
   </div>
   <div class='ocr_carea' id='block_1_93' title="bbox 447 4651 2059 4722">
    <p class='ocr_par' dir='ltr' id='par_1_93' title="bbox 447 4651 2059 4722">
     <span class='ocr_line' id='line_1_93' title="bbox 447 4651 2059 4722; baseline 0.003 -16"><span class='ocrx_word' id='word_1_698' title='bbox 447 4652 899 4719; x_wconf 83' lang='lat' dir='ltr'><strong>essedesistant,</strong></span> <span class='ocrx_word' id='word_1_699' title='bbox 946 4660 1003 4707; x_wconf 92' lang='lat' dir='ltr'><strong>et</strong></span> <span class='ocrx_word' id='word_1_700' title='bbox 1035 4651 1088 4706; x_wconf 92' lang='lat' dir='ltr'><strong>in</strong></span> <span class='ocrx_word' id='word_1_701' title='bbox 1123 4651 1318 4707; x_wconf 78' lang='lat' dir='ltr'><strong>ﬁnibus</strong></span> <span class='ocrx_word' id='word_1_702' title='bbox 1345 4652 1464 4722; x_wconf 89' lang='lat' dir='ltr'><strong>ejus</strong></span> <span class='ocrx_word' id='word_1_703' title='bbox 1510 4668 1575 4708; x_wconf 87' lang='lat' dir='ltr'><strong>ac</strong></span> <span class='ocrx_word' id='word_1_704' title='bbox 1614 4654 1864 4709; x_wconf 86' lang='lat' dir='ltr'><strong>terminis</strong></span> <span class='ocrx_word' id='word_1_705' title='bbox 1893 4656 2059 4711; x_wconf 85' lang='lat' dir='ltr'><strong>urbes</strong></span> 
     </span>
    </p>
   </div>
   <div class='ocr_carea' id='block_1_94' title="bbox 443 4744 2058 4818">
    <p class='ocr_par' dir='ltr' id='par_1_94' title="bbox 443 4744 2058 4818">
     <span class='ocr_line' id='line_1_94' title="bbox 443 4744 2058 4818; baseline 0.004 -18"><span class='ocrx_word' id='word_1_706' title='bbox 443 4745 667 4818; x_wconf 62' lang='lat' dir='ltr'><strong>inclytae</strong></span> <span class='ocrx_word' id='word_1_707' title='bbox 692 4744 1046 4801; x_wconf 71' lang='lat' dir='ltr'><strong>destruantur</strong></span> <span class='ocrx_word' id='word_1_708' title='bbox 1076 4765 1086 4799; x_wconf 78' lang='grc' dir='ltr'>ε</span> <span class='ocrx_word' id='word_1_709' title='bbox 1112 4762 1341 4816; x_wconf 81' lang='lat' dir='ltr'><strong>quorum</strong></span> <span class='ocrx_word' id='word_1_710' title='bbox 1373 4746 1787 4817; x_wconf 49' lang='lat' dir='ltr'><strong>ponitvnomina,</strong></span> <span class='ocrx_word' id='word_1_711' title='bbox 1814 4749 2058 4806; x_wconf 65' lang='lat' dir='ltr'><strong>Bethle-</strong></span> 
     </span>
    </p>
   </div>
   <div class='ocr_carea' id='block_1_95' title="bbox 444 4837 2057 4912">
    <p class='ocr_par' dir='ltr' id='par_1_95' title="bbox 444 4837 2057 4912">
     <span class='ocr_line' id='line_1_95' title="bbox 444 4837 2057 4912; baseline 0.003 -19"><span class='ocrx_word' id='word_1_712' title='bbox 444 4837 649 4893; x_wconf 78' lang='lat' dir='ltr'><strong>simmb</strong></span> <span class='ocrx_word' id='word_1_713' title='bbox 671 4880 687 4905; x_wconf 87' lang='lat'><strong>,</strong></span> <span class='ocrx_word' id='word_1_714' title='bbox 717 4847 773 4894; x_wconf 89' lang='lat' dir='ltr'><strong>et</strong></span> <span class='ocrx_word' id='word_1_715' title='bbox 805 4838 1183 4893; x_wconf 36' lang='lat' dir='ltr'><strong>Beelmeon&#39;et</strong></span> <span class='ocrx_word' id='word_1_716' title='bbox 1212 4838 1547 4894; x_wconf 71' lang='lat' dir='ltr'><strong>()ariathaim</strong></span> <span class='ocrx_word' id='word_1_717' title='bbox 1580 4859 1589 4893; x_wconf 93' lang='lat'><strong>:</strong></span> <span class='ocrx_word' id='word_1_718' title='bbox 1622 4842 1940 4912; x_wconf 54' lang='lat' dir='ltr'><strong>proeqttibus</strong></span> <span class='ocrx_word' id='word_1_719' title='bbox 1963 4860 2057 4898; x_wconf 85' lang='lat' dir='ltr'><strong>ne-</strong></span> 
     </span>
    </p>
   </div>
   <div class='ocr_carea' id='block_1_96' title="bbox 439 4930 2056 5003">
    <p class='ocr_par' dir='ltr' id='par_1_96' title="bbox 439 4930 2056 5003">
     <span class='ocr_line' id='line_1_96' title="bbox 439 4930 2056 5003; baseline 0.001 -15"><span class='ocrx_word' id='word_1_720' title='bbox 439 4936 558 4990; x_wconf 89' lang='lat' dir='ltr'><strong>scio</strong></span> <span class='ocrx_word' id='word_1_721' title='bbox 608 4930 739 5003; x_wconf 84' lang='lat' dir='ltr'><strong>quid</strong></span> <span class='ocrx_word' id='word_1_722' title='bbox 788 4932 1030 4987; x_wconf 77' lang='lat' dir='ltr'><strong>volentos</strong></span> <span class='ocrx_word' id='word_1_723' title='bbox 1072 4930 1227 4986; x_wconf 46' lang='lat' dir='ltr'><strong>[lxxx</strong></span> <span class='ocrx_word' id='word_1_724' title='bbox 1263 4933 1607 5001; x_wconf 81' lang='lat' dir='ltr'><strong>interpretati</strong></span> <span class='ocrx_word' id='word_1_725' title='bbox 1637 4942 1799 4999; x_wconf 88' lang='lat' dir='ltr'><strong>sunt,</strong></span> <span class='ocrx_word' id='word_1_726' title='bbox 1846 4936 2056 4991; x_wconf 84' lang='lat' dir='ltr'><strong>domum</strong></span> 
     </span>
    </p>
   </div>
   <div class='ocr_carea' id='block_1_97' title="bbox 443 5025 2057 5093">
    <p class='ocr_par' dir='ltr' id='par_1_97' title="bbox 443 5025 2057 5093">
     <span class='ocr_line' id='line_1_97' title="bbox 443 5025 2057 5093; baseline -0.001 -9"><span class='ocrx_word' id='word_1_727' title='bbox 443 5027 578 5084; x_wconf 72' lang='lat' dir='ltr'><strong>Betti</strong></span> <span class='ocrx_word' id='word_1_728' title='bbox 596 5025 895 5093; x_wconf 68' lang='lat' dir='ltr'><strong>lasimutlt,</strong></span> <span class='ocrx_word' id='word_1_729' title='bbox 921 5043 1047 5081; x_wconf 86' lang='lat' dir='ltr'><strong>cum</strong></span> <span class='ocrx_word' id='word_1_730' title='bbox 1077 5027 1191 5082; x_wconf 48' lang='lat' dir='ltr'><strong>hoc.</strong></span> <span class='ocrx_word' id='word_1_731' title='bbox 1208 5027 1532 5082; x_wconf 84' lang='lat' dir='ltr'><strong>vocabulum</strong></span> <span class='ocrx_word' id='word_1_732' title='bbox 1582 5028 1760 5082; x_wconf 84' lang='lat' dir='ltr'><strong>villam</strong></span> <span class='ocrx_word' id='word_1_733' title='bbox 1802 5029 2057 5084; x_wconf 82' lang='lat' dir='ltr'><strong>desertam</strong></span> 
     </span>
    </p>
   </div>
   <div class='ocr_carea' id='block_1_98' title="bbox 443 5122 2063 5194">
    <p class='ocr_par' dir='ltr' id='par_1_98' title="bbox 443 5122 2063 5194">
     <span class='ocr_line' id='line_1_98' title="bbox 443 5122 2063 5194; baseline 0.002 -15"><span class='ocrx_word' id='word_1_734' title='bbox 443 5122 761 5193; x_wconf 74' lang='lat' dir='ltr'><strong>signiﬁcet-2</strong></span> <span class='ocrx_word' id='word_1_735' title='bbox 796 5123 1086 5178; x_wconf 88' lang='lat' dir='ltr'><strong>Deelmeon</strong></span> <span class='ocrx_word' id='word_1_736' title='bbox 1136 5138 1353 5193; x_wconf 88' lang='lat' dir='ltr'><strong>quoque</strong></span> <span class='ocrx_word' id='word_1_737' title='bbox 1386 5139 1556 5194; x_wconf 90' lang='lat' dir='ltr'><strong>usque</strong></span> <span class='ocrx_word' id='word_1_738' title='bbox 1607 5124 1771 5181; x_wconf 85' lang='lat' dir='ltr'><strong>hodie</strong></span> <span class='ocrx_word' id='word_1_739' title='bbox 1802 5127 1854 5180; x_wconf 90' lang='lat' dir='ltr'><strong>in</strong></span> <span class='ocrx_word' id='word_1_740' title='bbox 1896 5127 2063 5183; x_wconf 86' lang='lat' dir='ltr'><strong>Moab</strong></span> 
     </span>
    </p>
   </div>
   <div class='ocr_carea' id='block_1_99' title="bbox 440 5216 2055 5303">
    <p class='ocr_par' dir='ltr' id='par_1_99' title="bbox 440 5216 2055 5303">
     <span class='ocr_line' id='line_1_99' title="bbox 440 5216 2055 5303; baseline 0.004 -30"><span class='ocrx_word' id='word_1_741' title='bbox 440 5218 596 5303; x_wconf 80' lang='lat' dir='ltr'><strong>vicus</strong></span> <span class='ocrx_word' id='word_1_742' title='bbox 651 5220 728 5275; x_wconf 80' lang='lat' dir='ltr'><strong>sit</strong></span> <span class='ocrx_word' id='word_1_743' title='bbox 779 5216 1087 5283; x_wconf 80' lang='lat' dir='ltr'><strong>maximus,</strong></span> <span class='ocrx_word' id='word_1_744' title='bbox 1145 5234 1306 5289; x_wconf 83' lang='lat' dir='ltr'><strong>quem</strong></span> <span class='ocrx_word' id='word_1_745' title='bbox 1372 5220 1833 5291; x_wconf 79' lang='lat' dir='ltr'><strong>illi&#39;verterunt,</strong></span> <span class='ocrx_word' id='word_1_746' title='bbox 1896 5241 2055 5295; x_wconf 87' lang='lat' dir='ltr'><strong>super</strong></span> 
     </span>
    </p>
   </div>
   <div class='ocr_carea' id='block_1_100' title="bbox 2165 4669 3755 4741">
    <p class='ocr_par' dir='ltr' id='par_1_100' title="bbox 2165 4669 3755 4741">
     <span class='ocr_line' id='line_1_100' title="bbox 2165 4669 3755 4741; baseline -0.001 -17"><span class='ocrx_word' id='word_1_747' title='bbox 2165 4669 2295 4726; x_wconf 61' lang='grc' dir='ltr'><em>Παῖς</em></span> <span class='ocrx_word' id='word_1_748' title='bbox 2326 4670 2451 4725; x_wconf 85' lang='lat' dir='ltr'><strong>dicit</strong></span> <span class='ocrx_word' id='word_1_749' title='bbox 2483 4671 2735 4725; x_wconf 86' lang='lat' dir='ltr'><strong>Dominus</strong></span> <span class='ocrx_word' id='word_1_750' title='bbox 2764 4685 2782 4725; x_wconf 89' lang='lat'><strong><em>:</em></strong></span> <span class='ocrx_word' id='word_1_751' title='bbox 2811 4669 2991 4741; x_wconf 83' lang='lat' dir='ltr'><strong>Super</strong></span> <span class='ocrx_word' id='word_1_752' title='bbox 3017 4671 3180 4724; x_wconf 88' lang='lat' dir='ltr'><strong>tribus</strong></span> <span class='ocrx_word' id='word_1_753' title='bbox 3209 4671 3559 4739; x_wconf 84' lang='lat' dir='ltr'><strong>impietatibus</strong></span> <span class='ocrx_word' id='word_1_754' title='bbox 3587 4669 3755 4735; x_wconf 78' lang='lat' dir='ltr'><strong>Moab,</strong></span> 
     </span>
    </p>
   </div>
   <div class='ocr_carea' id='block_1_101' title="bbox 2161 4764 3754 4837">
    <p class='ocr_par' dir='ltr' id='par_1_101' title="bbox 2161 4764 3754 4837">
     <span class='ocr_line' id='line_1_101' title="bbox 2161 4764 3754 4837; baseline -0.001 -18"><span class='ocrx_word' id='word_1_755' title='bbox 2161 4774 2209 4819; x_wconf 90' lang='lat' dir='ltr'><strong>et</strong></span> <span class='ocrx_word' id='word_1_756' title='bbox 2257 4780 2408 4837; x_wconf 88' lang='lat' dir='ltr'><strong>super</strong></span> <span class='ocrx_word' id='word_1_757' title='bbox 2436 4775 2667 4836; x_wconf 87' lang='lat' dir='ltr'><strong>quatuor</strong></span> <span class='ocrx_word' id='word_1_758' title='bbox 2717 4781 2820 4819; x_wconf 89' lang='lat' dir='ltr'><strong>non</strong></span> <span class='ocrx_word' id='word_1_759' title='bbox 2868 4764 3141 4819; x_wconf 85' lang='lat' dir='ltr'><strong>aversabor</strong></span> <span class='ocrx_word' id='word_1_760' title='bbox 3189 4781 3327 4830; x_wconf 86' lang='lat' dir='ltr'><strong>eum,</strong></span> <span class='ocrx_word' id='word_1_761' title='bbox 3381 4782 3474 4834; x_wconf 86' lang='lat' dir='ltr'><strong>pro</strong></span> <span class='ocrx_word' id='word_1_762' title='bbox 3524 4781 3583 4819; x_wconf 91' lang='lat' dir='ltr'><strong>eo</strong></span> <span class='ocrx_word' id='word_1_763' title='bbox 3627 4764 3754 4834; x_wconf 87' lang='lat' dir='ltr'><strong>quod</strong></span> 
     </span>
    </p>
   </div>
   <div class='ocr_carea' id='block_1_102' title="bbox 2161 4857 3752 4931">
    <p class='ocr_par' dir='ltr' id='par_1_102' title="bbox 2161 4857 3752 4931">
     <span class='ocr_line' id='line_1_102' title="bbox 2161 4857 3752 4931; baseline -0.001 -16"><span class='ocrx_word' id='word_1_764' title='bbox 2161 4863 2439 4923; x_wconf 79' lang='lat' dir='ltr'><strong>combussit</strong></span> <span class='ocrx_word' id='word_1_765' title='bbox 2468 4878 2585 4915; x_wconf 84' lang='lat' dir='ltr'><strong>ossa</strong></span> <span class='ocrx_word' id='word_1_766' title='bbox 2630 4861 2766 4931; x_wconf 84' lang='lat' dir='ltr'><strong>regis</strong></span> <span class='ocrx_word' id='word_1_767' title='bbox 2794 4857 3046 4915; x_wconf 72' lang='lat' dir='ltr'><strong>Idumam:</strong></span> <span class='ocrx_word' id='word_1_768' title='bbox 3073 4861 3124 4914; x_wconf 87' lang='lat' dir='ltr'><strong>in</strong></span> <span class='ocrx_word' id='word_1_769' title='bbox 3150 4862 3346 4915; x_wconf 85' lang='lat' dir='ltr'><strong>cineres</strong></span> <span class='ocrx_word' id='word_1_770' title='bbox 3376 4862 3555 4927; x_wconf 79' lang='lat' dir='ltr'><strong>(Amos</strong></span> <span class='ocrx_word' id='word_1_771' title='bbox 3584 4876 3639 4925; x_wconf 85' lang='lat' dir='ltr'><strong>ll,</strong></span> <span class='ocrx_word' id='word_1_772' title='bbox 3683 4860 3752 4928; x_wconf 83' lang='lat' dir='ltr'><strong>l).</strong></span> 
     </span>
    </p>
   </div>
   <div class='ocr_carea' id='block_1_103' title="bbox 2168 4955 3755 5026">
    <p class='ocr_par' dir='ltr' id='par_1_103' title="bbox 2168 4955 3755 5026">
     <span class='ocr_line' id='line_1_103' title="bbox 2168 4955 3755 5026; baseline -0.001 -15"><span class='ocrx_word' id='word_1_773' title='bbox 2168 4955 2307 5012; x_wconf 75' lang='lat' dir='ltr'><strong>Vere</strong></span> <span class='ocrx_word' id='word_1_774' title='bbox 2341 4957 2484 5012; x_wconf 89' lang='lat' dir='ltr'><strong>enim</strong></span> <span class='ocrx_word' id='word_1_775' title='bbox 2518 4955 2780 5026; x_wconf 84' lang='lat' dir='ltr'><strong>quidquid</strong></span> <span class='ocrx_word' id='word_1_776' title='bbox 2814 4956 2881 5013; x_wconf 64' lang='lat' dir='ltr'><strong>in,</strong></span> <span class='ocrx_word' id='word_1_777' title='bbox 2908 4956 3109 5010; x_wconf 69' lang='lat' dir='ltr'><strong>smeulo</strong></span> <span class='ocrx_word' id='word_1_778' title='bbox 3138 4956 3450 5025; x_wconf 76' lang='lat' dir='ltr'><strong>dogtnatum</strong></span> <span class='ocrx_word' id='word_1_779' title='bbox 3480 4968 3755 5025; x_wconf 87' lang='lat' dir='ltr'><strong>perverso-</strong></span> 
     </span>
    </p>
   </div>
   <div class='ocr_carea' id='block_1_104' title="bbox 2164 5030 3753 5120">
    <p class='ocr_par' dir='ltr' id='par_1_104' title="bbox 2164 5030 3753 5120">
     <span class='ocr_line' id='line_1_104' title="bbox 2164 5030 3753 5120; baseline -0.001 -16"><span class='ocrx_word' id='word_1_780' title='bbox 2164 5066 2283 5104; x_wconf 92' lang='lat' dir='ltr'><strong>rum</strong></span> <span class='ocrx_word' id='word_1_781' title='bbox 2308 5058 2412 5113; x_wconf 91' lang='lat' dir='ltr'><strong>est,</strong></span> <span class='ocrx_word' id='word_1_782' title='bbox 2438 5048 2699 5120; x_wconf 80' lang='lat' dir='ltr'><strong>quidquid</strong></span> <span class='ocrx_word' id='word_1_783' title='bbox 2728 5049 2792 5103; x_wconf 85' lang='lat' dir='ltr'><strong>ad</strong></span> <span class='ocrx_word' id='word_1_784' title='bbox 2824 5030 3100 5104; x_wconf 66' lang='lat' dir='ltr'><strong>terrenam</strong></span> <span class='ocrx_word' id='word_1_785' title='bbox 3125 5048 3407 5104; x_wconf 87' lang='lat' dir='ltr'><strong>scientiam</strong></span> <span class='ocrx_word' id='word_1_786' title='bbox 3439 5048 3753 5118; x_wconf 83' lang='lat' dir='ltr'><strong>pertinet,et</strong></span> 
     </span>
    </p>
   </div>
   <div class='ocr_carea' id='block_1_105' title="bbox 2164 5141 3753 5213">
    <p class='ocr_par' dir='ltr' id='par_1_105' title="bbox 2164 5141 3753 5213">
     <span class='ocr_line' id='line_1_105' title="bbox 2164 5141 3753 5213; baseline -0.002 -15"><span class='ocrx_word' id='word_1_787' title='bbox 2164 5152 2382 5213; x_wconf 82' lang='lat' dir='ltr'><strong>putatur</strong></span> <span class='ocrx_word' id='word_1_788' title='bbox 2420 5158 2543 5199; x_wconf 87' lang='lat' dir='ltr'><strong>esse</strong></span> <span class='ocrx_word' id='word_1_789' title='bbox 2583 5143 2890 5208; x_wconf 86' lang='lat' dir='ltr'><strong>robustum,</strong></span> <span class='ocrx_word' id='word_1_790' title='bbox 2922 5141 3027 5197; x_wconf 85' lang='lat' dir='ltr'><strong>hoc</strong></span> <span class='ocrx_word' id='word_1_791' title='bbox 3055 5141 3341 5198; x_wconf 85' lang='lat' dir='ltr'><strong>dialectica</strong></span> <span class='ocrx_word' id='word_1_792' title='bbox 3373 5152 3494 5196; x_wconf 87' lang='lat' dir='ltr'><strong>arte</strong></span> <span class='ocrx_word' id='word_1_793' title='bbox 3537 5141 3753 5195; x_wconf 84' lang='lat' dir='ltr'><strong>subver-</strong></span> 
     </span>
    </p>
   </div>
   <div class='ocr_carea' id='block_1_106' title="bbox 2161 5234 3747 5307">
    <p class='ocr_par' dir='ltr' id='par_1_106' title="bbox 2161 5234 3747 5307">
     <span class='ocr_line' id='line_1_106' title="bbox 2161 5234 3747 5307; baseline 0 -16"><span class='ocrx_word' id='word_1_794' title='bbox 2161 5237 2317 5303; x_wconf 89' lang='lat' dir='ltr'><strong>titur,</strong></span> <span class='ocrx_word' id='word_1_795' title='bbox 2353 5245 2413 5292; x_wconf 92' lang='lat' dir='ltr'><strong>et</strong></span> <span class='ocrx_word' id='word_1_796' title='bbox 2458 5236 2629 5293; x_wconf 84' lang='lat' dir='ltr'><strong>instar</strong></span> <span class='ocrx_word' id='word_1_797' title='bbox 2657 5237 2895 5293; x_wconf 86' lang='lat' dir='ltr'><strong>incendii</strong></span> <span class='ocrx_word' id='word_1_798' title='bbox 2926 5236 2981 5301; x_wconf 91' lang='lat' dir='ltr'><strong>in</strong></span> <span class='ocrx_word' id='word_1_799' title='bbox 3024 5237 3241 5293; x_wconf 89' lang='lat' dir='ltr'><strong>cineres</strong></span> <span class='ocrx_word' id='word_1_800' title='bbox 3280 5235 3607 5307; x_wconf 78' lang='lat' dir='ltr'><strong>favillasque</strong></span> <span class='ocrx_word' id='word_1_801' title='bbox 3646 5234 3747 5291; x_wconf 90' lang='lat' dir='ltr'><strong>dis-</strong></span> 
     </span>
    </p>
   </div>
   <div class='ocr_carea' id='block_1_107' title="bbox 518 5368 2753 5447">
    <p class='ocr_par' dir='ltr' id='par_1_107' title="bbox 518 5368 2753 5447">
     <span class='ocr_line' id='line_1_107' title="bbox 518 5368 2753 5447; baseline 0.004 -25"><span class='ocrx_word' id='word_1_802' title='bbox 518 5373 545 5404; x_wconf 67' lang='grc' dir='ltr'><strong>ιι</strong></span> <span class='ocrx_word' id='word_1_803' title='bbox 585 5368 1367 5445; x_wconf 67' lang='lat' dir='ltr'><strong>Victorvocesdeeigitatibus,</strong></span> <span class='ocrx_word' id='word_1_804' title='bbox 1385 5372 2065 5443; x_wconf 48' lang='lat' dir='ltr'><strong>exlIebraiooetﬂienoa</strong></span> <span class='ocrx_word' id='word_1_805' title='bbox 2153 5374 2753 5447; x_wconf 56' lang='lat' dir='ltr'><strong>inclytaatdastruamurt</strong></span> 
     </span>
    </p>
   </div>
   <div class='ocr_carea' id='block_1_108' title="bbox 443 5450 2083 5531">
    <p class='ocr_par' dir='ltr' id='par_1_108' title="bbox 443 5450 2083 5531">
     <span class='ocr_line' id='line_1_108' title="bbox 443 5450 2083 5531; baseline 0.006 -28"><span class='ocrx_word' id='word_1_806' title='bbox 443 5450 591 5531; x_wconf 55' lang='grc' dir='ltr'><strong>ξψξῃί</strong></span> <span class='ocrx_word' id='word_1_807' title='bbox 622 5453 999 5531; x_wconf 34' lang='lat' dir='ltr'><strong>editiong‘bisﬂ</strong></span> <span class='ocrx_word' id='word_1_808' title='bbox 1014 5454 1230 5531; x_wconf 83' lang='lat' dir='ltr'><strong>repetit,</strong></span> <span class='ocrx_word' id='word_1_809' title='bbox 1266 5469 1519 5531; x_wconf 21' lang='lat' dir='ltr'><strong>mosque,</strong></span> <span class='ocrx_word' id='word_1_810' title='bbox 1543 5456 1931 5531; x_wconf 59' lang='lat' dir='ltr'><strong>inclytaslegit</strong></span> <span class='ocrx_word' id='word_1_811' title='bbox 1948 5474 2083 5525; x_wconf 73' lang='lat' dir='ltr'><strong>pro,</strong></span> 
     </span>
    </p>
   </div>
   <div class='ocr_carea' id='block_1_109' title="bbox 442 5522 2048 5599">
    <p class='ocr_par' dir='ltr' id='par_1_109' title="bbox 442 5522 2048 5599">
     <span class='ocr_line' id='line_1_109' title="bbox 442 5522 2048 5599; baseline 0.006 -24"><span class='ocrx_word' id='word_1_812' title='bbox 442 5522 669 5594; x_wconf 80' lang='lat' dir='ltr'><strong>inclyta,</strong></span> <span class='ocrx_word' id='word_1_813' title='bbox 702 5522 1029 5579; x_wconf 77' lang='lat' dir='ltr'><strong>concinente</strong></span> <span class='ocrx_word' id='word_1_814' title='bbox 1055 5522 1294 5581; x_wconf 77' lang='lat' dir='ltr'><strong>subnexa</strong></span> <span class='ocrx_word' id='word_1_815' title='bbox 1338 5522 2048 5599; x_wconf 49' lang='lat' dir='ltr'><strong>Hieronymiexpos&#39;iiione,</strong></span> 
     </span>
    </p>
   </div>
   <div class='ocr_carea' id='block_1_110' title="bbox 441 5603 2067 5684">
    <p class='ocr_par' dir='ltr' id='par_1_110' title="bbox 441 5603 2067 5684">
     <span class='ocr_line' id='line_1_110' title="bbox 441 5603 2067 5684; baseline 0.004 -25"><span class='ocrx_word' id='word_1_816' title='bbox 441 5603 936 5684; x_wconf 52' lang='lat' dir='ltr'><strong>qtti.,ad,,civitate,s</strong></span> <span class='ocrx_word' id='word_1_817' title='bbox 975 5606 1197 5684; x_wconf 70' lang='lat' dir='ltr'><strong>verbum</strong></span> <span class='ocrx_word' id='word_1_818' title='bbox 1224 5606 1841 5684; x_wconf 41' lang='lat' dir='ltr'><strong>1illud,referens,aia};</strong></span> <span class='ocrx_word' id='word_1_819' title='bbox 1879 5608 1947 5667; x_wconf 70' lang='grc' dir='ltr'>ω</span> <span class='ocrx_word' id='word_1_820' title='bbox 1986 5610 2067 5667; x_wconf 62' lang='lat' dir='ltr'><strong>ad.-</strong></span> 
     </span>
    </p>
   </div>
   <div class='ocr_carea' id='block_1_111' title="bbox 439 5678 2069 5748">
    <p class='ocr_par' dir='ltr' id='par_1_111' title="bbox 439 5678 2069 5748">
     <span class='ocr_line' id='line_1_111' title="bbox 439 5678 2069 5748; baseline 0.005 -21"><span class='ocrx_word' id='word_1_821' title='bbox 439 5678 805 5748; x_wconf 68' lang='lat' dir='ltr'><strong>ipsosquoque</strong></span> <span class='ocrx_word' id='word_1_822' title='bbox 830 5678 1147 5748; x_wconf 79' lang='lat' dir='ltr'><strong>Babylonios</strong></span> <span class='ocrx_word' id='word_1_823' title='bbox 1189 5679 1349 5732; x_wconf 85' lang='lat' dir='ltr'><strong>victor</strong></span> <span class='ocrx_word' id='word_1_824' title='bbox 1378 5680 1625 5744; x_wconf 50' lang='lat' dir='ltr'><strong>introeat,</strong></span> <span class='ocrx_word' id='word_1_825' title='bbox 1669 5689 1721 5735; x_wconf 82' lang='lat' dir='ltr'><strong>et</strong></span> <span class='ocrx_word' id='word_1_826' title='bbox 1746 5682 2069 5741; x_wconf 64' lang='lat' dir='ltr'><strong>ciuitatcsin.</strong></span> 
     </span>
    </p>
   </div>
   <div class='ocr_carea' id='block_1_112' title="bbox 507 5747 2056 5820">
    <p class='ocr_par' dir='ltr' id='par_1_112' title="bbox 507 5747 2056 5820">
     <span class='ocr_line' id='line_1_112' title="bbox 507 5747 2056 5820; baseline 0.004 -17"><span class='ocrx_word' id='word_1_827' title='bbox 507 5747 602 5803; x_wconf 89' lang='lat' dir='ltr'><strong>oab</strong></span> <span class='ocrx_word' id='word_1_828' title='bbox 626 5764 737 5805; x_wconf 83' lang='lat' dir='ltr'><strong>esse</strong></span> <span class='ocrx_word' id='word_1_829' title='bbox 766 5747 1039 5819; x_wconf 85' lang='lat' dir='ltr'><strong>desistant,</strong></span> <span class='ocrx_word' id='word_1_830' title='bbox 1063 5760 1119 5805; x_wconf 90' lang='lat' dir='ltr'><strong>ut</strong></span> <span class='ocrx_word' id='word_1_831' title='bbox 1140 5751 1193 5805; x_wconf 84' lang='lat' dir='ltr'><strong>in</strong></span> <span class='ocrx_word' id='word_1_832' title='bbox 1224 5749 1414 5820; x_wconf 81' lang='lat' dir='ltr'><strong>ﬁnibus</strong></span> <span class='ocrx_word' id='word_1_833' title='bbox 1434 5752 1545 5820; x_wconf 87' lang='lat' dir='ltr'><strong>ejus</strong></span> <span class='ocrx_word' id='word_1_834' title='bbox 1571 5768 1629 5806; x_wconf 90' lang='lat' dir='ltr'><strong>ac</strong></span> <span class='ocrx_word' id='word_1_835' title='bbox 1655 5752 1888 5809; x_wconf 84' lang='lat' dir='ltr'><strong>terminis</strong></span> <span class='ocrx_word' id='word_1_836' title='bbox 1909 5754 2056 5809; x_wconf 87' lang='lat' dir='ltr'><strong>urbes</strong></span> 
     </span>
    </p>
   </div>
   <div class='ocr_carea' id='block_1_113' title="bbox 2228 5444 3742 5519">
    <p class='ocr_par' dir='ltr' id='par_1_113' title="bbox 2228 5444 3742 5519">
     <span class='ocr_line' id='line_1_113' title="bbox 2228 5444 3742 5519; baseline 0.001 -17"><span class='ocrx_word' id='word_1_837' title='bbox 2228 5444 2375 5509; x_wconf 56' lang='lat' dir='ltr'><strong>b&#39;Sie</strong></span> <span class='ocrx_word' id='word_1_838' title='bbox 2398 5448 2819 5515; x_wconf 63' lang='grc' dir='ltr'><strong>ΔΒιςὶκὶυιιιριηιιιιε</strong></span> <span class='ocrx_word' id='word_1_839' title='bbox 2836 5449 3084 5511; x_wconf 79' lang='lat' dir='ltr'><strong>codicum</strong></span> <span class='ocrx_word' id='word_1_840' title='bbox 3124 5444 3569 5519; x_wconf 61' lang='lat' dir='ltr'><strong>Ope..Victorius-</strong></span> <span class='ocrx_word' id='word_1_841' title='bbox 3592 5446 3742 5503; x_wconf 85' lang='lat' dir='ltr'><strong>resti-</strong></span> 
     </span>
    </p>
   </div>
   <div class='ocr_carea' id='block_1_114' title="bbox 2160 5519 3741 5591">
    <p class='ocr_par' dir='ltr' id='par_1_114' title="bbox 2160 5519 3741 5591">
     <span class='ocr_line' id='line_1_114' title="bbox 2160 5519 3741 5591; baseline 0 -18"><span class='ocrx_word' id='word_1_842' title='bbox 2160 5520 2261 5573; x_wconf 85' lang='lat' dir='ltr'><strong>tuit</strong></span> <span class='ocrx_word' id='word_1_843' title='bbox 2296 5535 2482 5591; x_wconf 75' lang='lat' dir='ltr'><strong>super,</strong></span> <span class='ocrx_word' id='word_1_844' title='bbox 2513 5520 2635 5574; x_wconf 81' lang='lat' dir='ltr'><strong>loco</strong></span> <span class='ocrx_word' id='word_1_845' title='bbox 2666 5538 2775 5591; x_wconf 88' lang='lat' dir='ltr'><strong>per,</strong></span> <span class='ocrx_word' id='word_1_846' title='bbox 2816 5521 2959 5589; x_wconf 91' lang='lat' dir='ltr'><strong>quod</strong></span> <span class='ocrx_word' id='word_1_847' title='bbox 2993 5523 3266 5591; x_wconf 33' lang='lat' dir='ltr'><strong>Martiali”</strong></span> <span class='ocrx_word' id='word_1_848' title='bbox 3291 5529 3413 5589; x_wconf 84' lang='lat' dir='ltr'><strong>post</strong></span> <span class='ocrx_word' id='word_1_849' title='bbox 3467 5519 3741 5575; x_wconf 83' lang='lat' dir='ltr'><strong>Erasmum</strong></span> 
     </span>
    </p>
   </div>
   <div class='ocr_carea' id='block_1_115' title="bbox 2158 5577 3743 5663">
    <p class='ocr_par' dir='ltr' id='par_1_115' title="bbox 2158 5577 3743 5663">
     <span class='ocr_line' id='line_1_115' title="bbox 2158 5577 3743 5663; baseline -0.008 -5"><span class='ocrx_word' id='word_1_850' title='bbox 2158 5577 2729 5663; x_wconf 60' lang='grc' dir='ltr'><strong>νεμηθμίέωὲιπρεηιὶι.</strong></span> <span class='ocrx_word' id='word_1_851' title='bbox 2763 5577 2877 5653; x_wconf 62' lang='lat' dir='ltr'><strong>Vox</strong></span> <span class='ocrx_word' id='word_1_852' title='bbox 2923 5595 3081 5655; x_wconf 51' lang='lat' dir='ltr'><strong>enim:</strong></span> <span class='ocrx_word' id='word_1_853' title='bbox 3104 5594 3221 5662; x_wconf 81' lang='lat' dir='ltr'><strong>ipsa</strong></span> <span class='ocrx_word' id='word_1_854' title='bbox 3242 5577 3389 5661; x_wconf 50' lang='lat' dir='ltr'><strong>Hm,</strong></span> <span class='ocrx_word' id='word_1_855' title='bbox 3420 5608 3629 5663; x_wconf 56' lang='lat' dir='ltr'><strong>extqua</strong></span> <span class='ocrx_word' id='word_1_856' title='bbox 3659 5607 3743 5646; x_wconf 91' lang='lat' dir='ltr'><strong>no-</strong></span> 
     </span>
    </p>
   </div>
   <div class='ocr_carea' id='block_1_116' title="bbox 2160 5681 3745 5827">
    <p class='ocr_par' dir='ltr' id='par_1_116' title="bbox 2160 5681 3745 5827">
     <span class='ocr_line' id='line_1_116' title="bbox 2160 5681 3745 5827; baseline -0.003 -85"><span class='ocrx_word' id='word_1_857' title='bbox 2302 5681 2544 5827; x_wconf 52' lang='grc' dir='ltr'><strong>ῙΕΞΞΞ.</strong></span> <span class='ocrx_word' id='word_1_858' title='bbox 2565 5681 3305 5753; x_wconf 59' lang='grc' dir='ltr'><strong>Βυληιωηιιοοηίιειωηιθευ,</strong></span> <span class='ocrx_word' id='word_1_859' title='bbox 3332 5700 3449 5742; x_wconf 83' lang='lat' dir='ltr'><strong>non</strong></span> <span class='ocrx_word' id='word_1_860' title='bbox 3463 5701 3556 5757; x_wconf 70' lang='lat' dir='ltr'><strong>per</strong></span> <span class='ocrx_word' id='word_1_861' title='bbox 3579 5693 3745 5751; x_wconf 72' lang='lat' dir='ltr'><strong>sonat,</strong></span> 
     </span>
    </p>
   </div>
  </div>
