3928 6322
454 267 561 329 939

1711 255 1770 315 S.
1813 250 2091 315 EUSEBII
2128 249 2515 314 HIERONYMI

3633 256 3726 318 uo

451 381 763 447 inlerﬁciam
799 378 1176 450 interfectores,
1201 383 1248 431 et
1274 376 1488 448 perdam
1510 374 1759 444 reliquias
1781 373 2059 427 maritima:
2085 369 2138 430 Α
2163 379 2166 382 ·
2238 371 2392 443 (Cap.
2420 368 2636 440 XXVI.)
2669 367 2737 424 Et
2763 369 2959 440 factum
2990 371 3065 422 est
3091 365 3144 421 in
3172 363 3439 422 undecimo
3458 380 3606 426 anno.
3633 371 3729 436 pri-

454 476 700 547 regionis,
727 461 1012 543 faciamque
1035 471 1088 524 in
1115 471 1188 524 eis
1229 467 1460 524 ultiones
1489 483 1722 540 magnas,
1755 482 1976 538 arguens
2007 465 2062 518 in

454 569 655 637 furore,
700 575 745 620 el
775 566 937 619 scient
958 565 1081 636 quia
1109 580 1202 637 ego
1252 562 1527 628 Dominus,
1571 578 1684 615 cum
1713 560 1904 614 dedero
1953 559 2064 612 vin-

453 663 646 716 dictam
685 676 848 713 meam
891 677 1046 731 super
1090 676 1197 715 eos.
1227 657 1373 712 LXX
1415 676 1428 713 :
1463 655 1750 728 Pmpterea
1804 655 1911 708 hwc
1938 653 2063 706 dicit

457 753 658 806 Adonei
701 749 958 805 Dominus
993 770 1011 804 :
1063 749 1169 804 Pro
1212 767 1270 804 eo
1302 751 1445 822 quod
1484 753 1715 819 fecerunt
1760 748 2064 818 alienigente

452 847 732 910 ultionem,
775 855 823 900 et
875 847 1257 899 suscitaverunt
1290 845 1571 899 vindictam
1610 841 1956 900 insultantes.
2001 857 2063 895 ea:
2099 831 2102 836 ’

455 938 653 1003 animo,
681 947 736 991 ut
757 937 989 992 delerent
1019 955 1179 1008 usque
1200 939 1256 992 in
1286 946 1536 992 internum
1556 954 1574 991 :
1605 947 1876 1008 prapterea
1901 934 2062 1007 293

455 1030 563 1086 Ittec
589 1031 715 1087 dicit
735 1031 942 1085 Adonei
962 1030 1218 1086 Dominus
1235 1049 1254 1087 :
1283 1032 1417 1086 Ecce
1439 1049 1530 1102 ego
1555 1030 1829 1086 extendam
1852 1045 2062 1082 manum

454 1142 622 1182 meam
643 1145 804 1189 super
831 1126 1172 1200 alienigenas,
1203 1135 1250 1180 et
1273 1125 1597 1195 disperdam,‘
1618 1127 1725 1180 sive
1749 1125 2062 1194 interﬁciam

456 1220 742 1290 Cretenses,
778 1234 824 1276 et
851 1222 1065 1290 perdam
1097 1221 1344 1290 reliquias
1374 1219 1568 1275 littoris
1591 1220 1882 1287 maritima,
1912 1229 1958 1274 el
1983 1221 2064 1290 fa-

451 1316 589 1369 ciant
621 1317 675 1369 in
707 1316 779 1370 eis
808 1314 1030 1368 ultiones
1066 1331 1283 1388 magnas
1309 1316 1364 1368 in
1388 1314 1621 1368 vindicta
1651 1313 1867 1382 furoris,
1899 1321 1945 1365 et
1976 1329 2060 1366 co-

457 1419 698 1482 gnoscent
729 1411 853 1479 quia
883 1427 976 1481 ego
1005 1409 1209 1463 Adonai
1238 1406 1514 1475 Dominus,
1552 1425 1668 1461 cum
1691 1407 1883 1461 dedero
1907 1406 2064 1460 ultio-

456 1520 572 1557 nem
617 1519 782 1557 meam
822 1519 976 1572 super
1003 1519 1112 1556 eos.
1146 1500 1277 1555 Post
1310 1501 1455 1556 ﬁlios
1497 1502 1753 1562 Ammon,
1787 1499 1963 1566 Moab,
2007 1506 2064 1554 et

457 1596 600 1662 Seir,
645 1596 736 1668 qui
764 1607 815 1651 et
848 1596 952 1666 ipsi
989 1603 1116 1649 sunt
1157 1593 1400 1661 Idum:ei,
1435 1604 1490 1649 et
1538 1610 1635 1663 per
1668 1594 1771 1648 Lot
1816 1601 1872 1648 et
1919 1592 2062 1646 Esau

457 1689 654 1760 populo
693 1689 884 1757 Israel,
915 1697 972 1744 et
1002 1687 1185 1742 domui
1215 1687 1370 1742 Jndte
1399 1687 1727 1756 Cognatione
1758 1683 2060 1750 sociantur,

2167 479 2253 517 ma
2282 464 2425 537 (sive
2442 463 2572 535 una)
2596 465 2808 530 mensis,
2840 467 3008 533 factus
3031 470 3107 515 est
3139 476 3303 514 sermo
3331 457 3533 513 Domini
3560 460 3621 513 ad
3638 477 3730 524 me,

2167 561 2343 614 dicens
2367 577 2386 615 :
2416 559 2526 614 Fili
2557 559 2802 624 hominis,
2845 573 2940 629 pro
2968 573 3027 610 eo
3057 555 3195 620 quod
3229 554 3358 609 dixit
3404 553 3566 626 Tyrus
3607 552 3732 626 (sive

2169 652 2296 714 Sor)
2319 655 2382 707 de
2402 651 2699 707 Jerusalem
2719 668 2736 706 :
2771 649 2940 722 Euge,
2972 653 3258 728 confracta:
3275 657 3393 703 sunt
3417 657 3572 714 portae
3591 664 3737 718 popu-

2165 745 2337 800 lorum
2365 747 2388 818 (
2401 747 2520 800 sive
2529 745 2770 820 gentes):
2793 761 3039 800 conversa
3067 753 3140 798 est
3173 742 3240 796 ad
3261 758 3359 807 me,
3385 740 3639 810 implebor,
3661 741 3738 795 de-

2166 854 2303 900 serta
2323 856 2396 900 est
2426 845 2566 916 (sive
2589 861 2705 916 qua:
2727 845 2826 916 fuit
2853 842 3042 915 plena,
3074 841 3274 895 deserta
3303 837 3439 910 est);
3491 849 3741 908 propterea

2165 925 2277 994 haec
2315 940 2454 994 dicit.
2486 937 2744 992 Dominus
2789 935 2972 992 Deus:
3012 934 3146 990 Ecce
3184 950 3276 1006 ego
3324 948 3474 1003 super
3515 942 3586 992 te,
3626 927 3742 1000 Tyra

2167 1037 2319 1108 (sive
2351 1035 2520 1107 Sor):
2549 1044 2594 1090 et
2625 1032 2902 1088 ascendere
2932 1032 3124 1104 faciam
3145 1045 3296 1100 super
3313 1037 3358 1082 te
3385 1026 3563 1098 [Vulg
3594 1025 3658 1079 ad
3683 1024 3743 1096 te]

2165 1139 2336 1202 gentes
2363 1126 2577 1193 multas,
2607 1128 2739 1181 sicut
2771 1125 3001 1179 ascendit
3033 1137 3176 1176 mare
3204 1123 3481 1192 ﬂuctuans.
3513 1116 3577 1171 Et
3606 1117 3746 1170 dissi-

2167 1223 2362 1294 pabunt
2413 1239 2590 1278 muros
2622 1221 2764 1292 Tyri,
2799 1229 2846 1274 et
2877 1220 3141 1274 destruent
3169 1228 3334 1270 turres
3359 1217 3504 1287 ejus,
3553 1220 3598 1266 et
3620 1210 3647 1250 δ
3670 1228 3746 1265 ra-

2167 1314 2287 1369 dam
2327 1314 2488 1388 (sive
2543 1312 2840 1381 ventilabo)
2873 1310 3133 1382 pulverem
3176 1312 3291 1381 ejus
3329 1306 3395 1362 de
3432 1325 3513 1370 ea,
3561 1316 3605 1361 et
3629 1303 3747 1359 dabo

2167 1425 2280 1464 eam
2310 1409 2364 1461 in
2416 1405 2840 1474 limpidissimam
2892 1405 3048 1477 (sive
3097 1397 3504 1470 nitidissimam)
3546 1409 3746 1470 petram.

2169 1503 2401 1558 Siccatio
2426 1518 2738 1574 sagenarum
2765 1501 2864 1554 erit
2891 1499 2943 1551 in
2974 1497 3145 1551 medio
3169 1495 3354 1560 maris,
3369 1494 3491 1566 quia
3519 1509 3605 1563 ego
3633 1492 3752 1546 locus

2167 1607 2248 1651 tus
2279 1615 2414 1664 sum,
2451 1597 2524 1649 ait
2554 1595 2813 1648 Dominus
2836 1591 3003 1660 Deus,
3023 1603 3069 1648 et
3091 1593 3190 1646 erit
3215 1591 3270 1643 in
3298 1589 3626 1651 direptionem
3645 1602 3752 1659 gen-

2173 1691 2328 1745 tibus.
2373 1687 2537 1743 Filiar
2579 1704 2780 1759 quoque
2811 1689 2926 1759 ejus
2971 1693 3246 1764 qute’sunt
3277 1683 3330 1736 in
3382 1697 3506 1752 agro
3534 1679 3669 1751 (sive
3707 1678 3752 1732 in

455 1781 607 1837 venit
630 1784 696 1835 ad
729 1782 1076 1836 Pliilistltiim.
1107 1795 1247 1850 quos
1275 1779 1629 1850 Septuaginta
1652 1779 1976 1854 ἀλλοφύλους,
2007 1776 2059 1832 id
2095 1770 2140 1830 Β
2169 1801 2352 1854 campo
2375 1782 2394 1852 )
2422 1781 2602 1857 gladio
2634 1780 3036 1851 interﬁcientur,
3060 1785 3110 1832 et
3137 1779 3304 1831 scient
3327 1775 3450 1847 quia
3469 1790 3559 1845 ego
3586 1770 3752 1825 Domi-

463 1885 546 1931 est
586 1875 906 1945 alienigenas
947 1874 1384 1940 transtulerunt,
1425 1887 1534 1927 non
1563 1871 1802 1942 generali
1846 1869 2069 1924 nomine

455 1969 697 2027 omnium
734 1970 1000 2040 gentium,
1044 1983 1165 2038 quae
1196 1982 1306 2022 non
1345 1975 1478 2022 sunt
1506 1965 1574 2020 de
1610 1979 1812 2036 genere
1851 1963 2070 2020 Iudaeo-

449 2077 603 2140 rum,
632 2061 728 2117 sed
757 2061 980 2131 speciali
1012 2059 1193 2130 gemis
1221 2075 1358 2123 sure,
1389 2075 1508 2130 quae
1541 2074 1685 2113 nunc
1723 2057 1926 2114 dicitur
1965 2056 2066 2110 Pa—

463 2157 702 2223 laestina,
733 2164 936 2210 mutata
956 2171 1060 2210 run
1081 2155 1286 2217 littera,
1312 2153 1469 2223 juxta
1489 2153 1806 2207 Cra-corum
1836 2166 2070 2206 consue-

463 2249 729 2314 tudinem,
766 2249 818 2301 in
849 2263 899 2301 Pl
928 2246 1046 2318 (π),
1077 2247 1220 2300 sicut
1256 2257 1308 2300 et
1342 2244 1484 2314 apud
1526 2259 1625 2298 nos
1663 2260 1761 2314 pro
1800 2241 2068 2298 l-lcbraico

462 2357 632 2398 PHASE
662 2341 844 2410 (non).
875 2339 1127 2396 Graecum
1159 2349 1216 2394 et
1239 2339 1486 2394 Latinum
1513 2338 1707 2408 pascha
1735 2339 2062 2394 celebratur.

465 2434 797 2490 Philisthiitn
829 2436 1260 2502 interpretantur
1283 2433 1526 2488 cadentes
1551 2433 1761 2503 poculo,
1780 2433 1870 2503 qui
1893 2444 1942 2488 et
1965 2432 2068 2502 ipsi

464 2527 533 2584 de
563 2543 729 2583 aureo
754 2528 1051 2598 Babylonis
1081 2528 1251 2583 calice
1281 2528 1530 2583 inebriati
1555 2540 1705 2596 sunt,
1733 2538 1786 2584 et
1809 2529 2065 2598 smviunt,

465 2632 522 2678 et
567 2633 686 2677 toto
715 2623 902 2676 animo
933 2622 1219 2690 insultant,
1252 2622 1656 2679 inimicitiarum
1686 2631 1880 2676 contra.
1905 2621 2068 2677 Israel

465 2724 711 2769 veterum
739 2717 1115 2778 recordantes,
1133 2713 1330 2783 quibus
1352 2728 1381 2768 a
1401 2713 1500 2769 Dei
1526 2713 1726 2783 populo
1743 2713 1902 2768 divisi
1917 2722 2065 2768 sunt.

465 2807 712 2878 Cumque
733 2808 994 2862 Dominus
1024 2807 1200 2861 dicat:
1239 2797 1373 2860 Mihi
1393 2807 1700 2874 vindictam,
1725 2817 1772 2861 et
1793 2823 1884 2876 ego
1915 2807 2070 2860 retri-

467 2900 621 2954 buam
659 2898 839 2972 (Deut.
877 2916 1048 2966 χχχιι,
1083 2901 1200 2970 55),
1252 2901 1352 2967 ipsi
1385 2915 1444 2956 se
1486 2901 1821 2955 ulciscuntur
1865 2900 2071 2955 interli-

463 2996 692 3057 cicntes,
724 3006 777 3050 et
811 2993 1096 3064 implentes
1127 2993 1355 3064 antiqua
1384 2993 1528 3047 odia.
1557 2993 1786 3063 Propter
1811 3009 1929 3063 quae
1969 3009 2068 3047 ex-

391 3073 400 3078 -
465 3097 668 3142 lentam
722 3101 890 3156 super
942 3101 1003 3142 se
1063 3103 1277 3141 manum
1336 3087 1552 3141 Domini
1610 3087 1887 3151 sentient,
1946 3102 2070 3156 quae

2172 1896 2287 1934 nus.
2316 1879 2732 1948 Consequenter
2761 1873 3067 1945 prophetiae
3119 1871 3259 1926 ordo
3306 1867 3632 1924 contexitur.
3663 1862 3756 1919 Lo-

2170 1983 2329 2031 cutus
2351 1986 2466 2029 erat
2499 1982 2689 2048 contra
2717 1970 2856 2024 tilias
2882 1968 3116 2024 Ammon
3141 1977 3196 2022 et
3223 1965 3383 2022 Moab
3409 1971 3465 2020 et
3498 1962 3629 2027 Seir,
3670 1959 3750 2031 qui

2171 2075 2224 2123 et
2249 2069 2352 2138 ipsi
2377 2073 2507 2122 sunt
2539 2064 2782 2126 Idumaei,
2805 2075 2856 2117 et
2875 2060 3206 2116 Pltilisthiim
3236 2059 3330 2129 qui
3347 2057 3540 2112 suntin
3570 2055 3750 2119 littore,

2171 2170 2226 2217 et
2257 2163 2310 2215 in
2343 2159 2582 2215 funiculo
2614 2157 2786 2213 maris
2829 2155 3086 2211 eumdem
3136 2153 3367 2208 limitem
3420 2158 3614 2206 tenent.
3643 2147 3758 2202 Post

2172 2256 2492 2313 Palzestinos
2515 2255 2662 2311 enim
2691 2253 2936 2309 succedit
2963 2251 3236 2308 Pluenicis
3268 2249 3444 2320 regio,
3486 2245 3634 2316 cujus
3659 2258 3758 2300 me-

2173 2347 2403 2418 tropolis
2429 2357 2514 2402 est
2540 2347 2732 2402 civitas
2758 2345 2801 2399 T
2801 2361 2949 2416 grus,
2967 2360 3084 2416 quae
3106 2343 3416 2415 appellatur
3439 2339 3657 2395 Hebraeo
3677 2335 3759 2407 Sy-

2173 2457 2346 2512 roque
2373 2455 2627 2496 sermone
2649 2454 2746 2496 son
2774 2438 2935 2510 (ant).
2995 2436 3063 2492 Et
3093 2451 3217 2506 quia
3241 2444 3406 2504 capta
3453 2431 3758 2492 Jerusalem,

2173 2530 2349 2590 etiam'
2371 2537 2484 2605 ipsa
2531 2534 2715 2605 gavisa
2746 2543 2866 2600 est,
2915 2541 2970 2586 et
3019 2530 3305 2585 insultavit
3341 2543 3407 2583 ac
3435 2526 3570 2582 dixit
3602 2543 3613 2576 :
3642 2523 3761 2577 Con-

2171 2628 2356 2698 fracta:
2379 2634 2500 2679 sunt
2522 2637 2684 2695 porta:
2712 2622 3046 2694 papulorum,
3071 2637 3173 2692 ego
3203 2629 3428 2692 portum
3459 2617 3759 2673 tutissimum

2174 2719 2352 2774 habeo
2380 2760 2394 2784 ,
2445 2717 2646 2788 illaque
2687 2717 2972 2782 subversa,
3026 2714 3092 2768 ad
3133 2727 3223 2768 me
3277 2713 3458 2766 omnis
3497 2704 3762 2776 multitudo

2175 2827 2440 2868 conversa
2471 2819 2575 2879 est,
2608 2826 2728 2882 qua:
2761 2807 2910 2864 illius
2939 2807 3232 2880 regebatur
3272 2804 3505 2860 arbitrio
3527 2847 3540 2872 ,
3574 2811 3626 2856 et
3651 2797 3762 2870 quia

2175 2906 2268 2960 illa
2291 2905 2505 2960 deserta
2526 2913 2630 2970 est,
2653 2903 2863 2957 idcirco
2893 2916 2995 2971 ego
3019 2898 3316 2969 implebor,
3337 2897 3454 2952 sive
3479 2911 3596 2966 qua:
3623 2891 3763 2962 plena

2173 2998 2274 3052 fuit
2303 3005 2449 3065 ante,
2495 2994 2773 3066 redigetur
2807 2992 2862 3048 in
2895 2991 3274 3048 solitudinem.
3323 2989 3460 3058 Quia
3489 2989 3649 3059 igitur
3673 2984 3766 3038 ista

2175 3089 2384 3156 dixiSti,
2415 3099 2470 3144 et
2499 3089 2670 3142 ruinis
2696 3085 3030 3153 Jerusalem,
3053 3100 3174 3156 qua:
3202 3085 3297 3140 Dei
3327 3082 3538 3155 judicio
3567 3087 3768 3150 propter

466 3181 759 3236 interﬁciet
792 3180 1198 3238 interfectores.
1239 3181 1348 3235 Pro
1377 3197 1482 3252 quo
1513 3179 1677 3244 LXX.
1717 3181 1900 3236 nescio
1939 3179 2069 3250 quid
2100 3160 2146 3224 Ο
2180 3192 2398 3252 peccata
2431 3196 2526 3234 sua
2555 3181 2813 3235 subversa
2839 3189 2954 3246 est,
2989 3177 3298 3243 insultasti,
3349 3187 3641 3254 propterea
3672 3184 3769 3225 non

468 3276 742 3342 volentes,
771 3272 1039 3330 Cretenses
1067 3275 1412 3345 interpretati
1456 3284 1604 3339 sunt,
1637 3289 1758 3329 cum
1791 3285 1845 3330 et
1876 3274 2070 3344 Aquila

469 3378 522 3422 et
545 3366 928 3438 Symmachus,
961 3377 1019 3422 et
1039 3362 1546 3438 Theodotioipsum
1578 3369 1802 3424 verbum
1836 3368 2073 3423 Hebrai-

471 3477 595 3516 cum
623 3477 934 3517 euenerant
963 3462 1238 3535 (nn-171:),
1273 3463 1360 3518 vel
1387 3464 1764 3534 interfectores,
1803 3469 1886 3522 vel
1919 3469 2079 3521 inter-

472 3555 747 3624 fectionem
772 3556 1054 3622 verterint,
1091 3569 1199 3622 non
1225 3556 1402 3609 solum
1437 3558 1488 3610 in
1516 3563 1768 3625 praesenti
1802 3561 1946 3626 loco,
1981 3561 2078 3616 sed

471 3649 636 3702 etiam
664 3650 716 3702 in
752 3648 1056 3717 Sophonia,
1083 3649 1174 3702 ubi
1199 3657 1390 3703 contra
1419 3649 1740 3707 Palrestinos
1765 3655 1863 3708 ista
1889 3654 2080 3709 dicun-

479 3753 603 3796 tur:
637 3741 781 3796 (ἔστα
822 3741 1027 3813 direpta
1056 3742 1174 3809 erit,
1209 3755 1256 3794 et
1289 3742 1514 3796 Ascalon
1549 3745 1603 3797 in
1637 3733 2002 3811 perditio-nem,
2034 3757 2080 3802 et

480 3834 671 3887 Azotus
699 3843 726 3870 ιι
766 3841 812 3885 ει
851 3832 1084 3886 Accaron
1119 3832 1539 3886 eradicabuntur.
1587 3833 1676 3888 Vae
1703 3835 2081 3893 habitatoribus

479 3927 700 3994 funiculi
727 3927 906 3990 maris,
935 3925 1130 3980 accola:
1151 3927 1444 3993 Cretarum,
1467 3930 1676 3983 verbum
1696 3929 1908 3986 Domini
1930 3949 2083 4006 super

482 4033 570 4072 vos
602 4017 856 4072 Chanaan
885 4027 1020 4072 terra
1041 4017 1472 4090 alienigenarum,
1507 4032 1554 4074 et
1584 4022 1881 4095 disperdam
1910 4042 1996 4078 vos
2019 4042 2083 4082 ea.

484 4110 820 4175 habitatione,
854 4121 901 4164 et
924 4111 1022 4165 erit
1057 4110 1205 4165 Creta
1233 4114 1287 4165 in
1311 4111 1560 4183 pabulum
1595 4127 1885 4185 pastorum,
1920 4128 1965 4173 et
1993 4136 2086 4173 cu-

485 4205 585 4261 bile
616 4205 789 4258 ovium
831 4204 1098 4275 (Saphon.
1132 4221 1192 4273 ιι,
1233 4207 1265 4260 4
1294 4209 1486 4278 seqq.).
1535 4209 1599 4264 Et
1642 4209 1730 4265 hic
1769 4211 1915 4266 enim
1957 4229 2083 4268 cum

489 4297 840 4367 Septuaginta
873 4295 1079 4352 Cretam
1124 4300 1428 4367 verterint,
1487 4303 1674 4356 czrteri
1727 4304 2084 4362 translatores

486 4391 686 4471 ὄλεθρον
717 4390 826 4464 [ΑΙ.
859 4389 1069 4466 κάρρον]
1088 4433 1102 4458 ,
1131 4391 1184 4446 id
1213 4403 1296 4446 est
1325 4393 1772 4464 interfectionem,
1798 4400 1883 4453 vel
1913 4399 2086 4472 perdi-

483 4487 695 4550 tionem,
728 4486 1074 4555 interpretati
1101 4495 1246 4541 sunt.
1282 4487 1358 4542 De
1385 4503 1494 4559 quo
1527 4489 1579 4544 in
1613 4493 1927 4560 supradicto
1959 4512 2086 4566 pra-

486 4578 670 4644 pbeta,
714 4576 823 4631 Deo
863 4585 1178 4645 praestante,
1221 4578 1364 4647 quod
1407 4581 1562 4635 nobis
1600 4584 1774 4638 visum
1807 4597 1911 4657 est,
1952 4588 2084 4644 dixi-

483 4685 628 4724 mus.
664 4668 822 4726 Unde
847 4681 903 4725 et
925 4670 1154 4725 duarum
1185 4672 1455 4742 legionum
1487 4677 1671 4744 David,
1717 4697 1943 4750 quarunt
1980 4702 2084 4741 una

487 4761 866 4830 appellabatur
899 4761 1162 4831 Phelethi,
1197 4775 1250 4819 et
1277 4767 1440 4822 altera
1475 4769 1676 4826 Cerethi
1702 4774 1769 4845 (Il
1805 4775 1929 4848 Reg.
1971 4781 2082 4850 xv),

443 4915 446 4918 ,
489 4855 678 4909 ultima
723 4854 792 4908 ab
838 4870 905 4910 eo
945 4857 1088 4926 quod
1139 4858 1509 4916 interficerent
1549 4875 1710 4933 atque
1745 4866 2083 4941 jugularent,

490 4945 748 5001 Choretim
767 4945 875 5019 [AL
900 4946 1238 5022 Chereihim],
1269 4952 1369 5006 hoc
1393 4964 1496 5017 est,
1523 4957 2092 5037 interfectorum

489 5050 688 5091 nomen
722 5037 956 5106 accepit.
987 5037 1280 5110 Perditque
1309 5041 1574 5098 Dominus
1599 5060 1790 5103 omnes
1818 5051 2088 5122 reliquias

487 5127 778 5182 maritima:
826 5127 1094 5199 regionis,
1119 5147 1238 5199 qum
1263 5132 1428 5189 salsis
1460 5134 1566 5206 [AL
1626 5139 1820 5213 ialszr]‘
1842 5145 2091 5202 tunditur

485 5223 765 5290 ﬂuctibus,
792 5234 847 5279 et
872 5224 1140 5280 vindictas
1173 5242 1278 5282 non
1306 5243 1520 5298 parvas,
1553 5234 1649 5287 sed
1677 5251 1899 5307 magnas
1922 5239 2087 5297 faciet

488 5317 542 5370 in
579 5321 782 5384 lurore,
815 5325 877 5398 ut
904 5316 1054 5373 furor
1083 5321 1201 5388 ejus
1238 5321 1400 5377 linem
1437 5323 1636 5380 babeat
1673 5329 2086 5404 n'tisericardim,

483 5416 541 5463 et
573 5422 855 5480 postquam
890 5413 1159 5470 ultionem
1202 5415 1413 5484 fecerit,
1457 5435 1690 5491 arguens
1721 5441 1842 5479 cum
1882 5428 2083 5498 lurore,

489 5512 616 5558 tunc
644 5516 979 5576 cognoscant
1017 5508 1317 5577 Paltestini,
1361 5515 1502 5583 quod
1536 5514 1654 5586 ipse
1685 5517 1757 5573 sit
1801 5519 2080 5578 Dominus.

561 5687 847 5760 {Supplet
872 5689 1142 5745 Victorius
1168 5709 1231 5746 ex
1253 5693 1371 5760 ipso
1397 5703 1496 5750 τῶν
1512 5696 1654 5752 LXX
1680 5709 1826 5756 textu
1849 5701 1914 5755 ad
1942 5702 2084 5760 hunc

491 5756 752 5813 modum}
790 5767 833 5810 et
889 5759 1077 5814 Azotus
1119 5764 1172 5816 in
1216 5756 1433 5819 meridie
1477 5769 1730 5839 ejicietur,
1767 5782 1816 5825 et
1854 5756 2086 5831 Accaron

2179 3293 2276 3348 per
2307 3275 2551 3341 nuntios,
2607 3291 2705 3331 nec
2733 3291 2832 3347 per
2861 3273 3136 3346 quoslibet
3187 3272 3354 3338 alios,
3415 3271 3510 3327 sed
3541 3283 3637 3338 ego
3665 3267 3769 3336 ipse

2178 3386 2278 3426 ero
2307 3371 2595 3428 adversum
2631 3379 2682 3424 te
2710 3411 2724 3435 ,
2769 3367 2912 3438 Tyre
2943 3408 2958 3433 ,
3000 3375 3055 3421 et
3091 3366 3264 3420 instar
3312 3365 3574 3420 ﬂuctuum
3619 3357 3773 3414 maris

2181 3464 2482 3520 ascendere
2513 3462 2706 3517 faciam
2737 3471 2932 3516 contra
2960 3470 3013 3515 te
3036 3457 3372 3530 Babylonios
3401 3473 3525 3512 cum
3545 3451 3772 3526 plurimis

2182 3557 2517 3621 nationibus,
2549 3571 2776 3626 quarmn
2821 3554 2985 3628 295
3007 3554 3419 3624 oppugnatione
3459 3550 3596 3608 muri
3629 3548 3698 3602 tui
3727 3553 3774 3600 et

2185 3661 2362 3706 turres
2413 3651 2800 3718 destruentur,
2863 3650 3132 3702 intautum
3181 3655 3240 3700 ut
3282 3661 3460 3717 usque
3491 3645 3557 3699 ad
3612 3641 3771 3697 solum

2184 3745 2500 3814 concidant,
2531 3755 2585 3799 et
2613 3744 2789 3815 pulvis
2819 3745 2965 3799 illius
2993 3742 3239 3810 radatur,
3261 3740 3382 3796 sive
3413 3742 3466 3796 in
3489 3747 3665 3812 partes
3695 3748 3776 3788 va-

2185 3842 2297 3897 rias
2324 3842 2637 3906 ventiletur,
2669 3851 2724 3894 et
2745 3839 2825 3895 sic
2854 3837 3253 3900 liumiliabitur,
3289 3846 3349 3892 ut
3382 3845 3550 3907 petra:
3577 3831 3775 3888 nitidis-

2185 3936 2337 3991 simze
2381 3945 2769 4005 comparetur:
2814 3941 3074 4003 tantaque
3101 3931 3206 3986 erit
3238 3931 3292 3986 in
3325 3931 3490 3996 urbe,
3521 3925 3778 4000 quondam

2186 4029 2645 4101 frequentissima,
2680 4026 2937 4091 solitudo,
2995 4037 3052 4080 ut
3079 4039 3296 4096 sagenm
3324 4025 3658 4096 piscatorum
3693 4033 3779 4072 ex-

2187 4125 2498 4195 pandantur
2520 4133 2576 4179 et
2609 4123 2881 4179 siccentur
2905 4121 2958 4176 in
2990 4120 3170 4178 medio
3201 4121 3346 4191 ejus.
3378 4122 3492 4192 Ego
3513 4118 3655 4175 enim
3683 4115 3780 4170 Do-

2188 4215 2367 4270 minus
2397 4216 2614 4270 locutus
2645 4230 2762 4269 sum
2782 4258 2798 4283 ,
2825 4215 2980 4283 cujus
3002 4215 3172 4270 verba
3201 4215 3351 4270 irrita
3383 4228 3511 4269 esse
3539 4227 3644 4266 non
3671 4221 3783 4278 pos-

2188 4321 2338 4377 sunt,
2370 4320 2425 4365 et
2449 4311 2656 4366 tradam
2688 4325 2806 4366 eam
2847 4311 2902 4364 in
2931 4310 3296 4380 direptionem
3337 4306 3617 4381 gentibus.
3645 4300 3785 4358 Filia:

2189 4421 2408 4476 quoque
2438 4406 2580 4474 eius,
2620 4421 2740 4475 qua:
2787 4414 2914 4459 sunt
2960 4404 3015 4458 in
3051 4418 3183 4474 agro
3211 4403 3327 4458 sive
3359 4404 3414 4458 in
3449 4414 3665 4469 campo,
3692 4396 3786 4450 hoc

2191 4508 2278 4555 est
2309 4501 2362 4553 in
2387 4499 2674 4562 ‘Pltmnicis
2697 4500 2901 4565 littore,
2947 4499 3112 4555 urbes
3139 4507 3194 4553 et
3231 4498 3457 4568 oppida,
3507 4496 3610 4551 vici
3638 4503 3789 4561 atque

2193 4590 2413 4646 castella
2441 4590 2842 4646 interlicientur
2866 4591 3082 4662 gladio:
3112 4589 3556 4660 metaphoricats,
3588 4587 3708 4656 quia
3733 4581 3790 4635 li-

2191 4689 2292 4744 lias
2315 4687 2626 4757 appellavit,
2651 4687 3094 4743 interfectionem
3126 4686 3280 4757 ponit
3309 4684 3506 4754 gladii,
3537 4693 3596 4737 ut
3618 4691 3790 4737 rerum

2195 4782 2302 4837 line
2329 4779 2662 4852 cognoscant
2691 4798 2778 4836 me
2796 4797 2916 4836 esse
2938 4780 3360 4848 Dominum.¢tui
3399 4780 3518 4835 fieri
3546 4778 3645 4832 ista
3666 4787 3795 4844 prae-

2191 4875 2338 4946 cepi.
2390 4874 2579 4929 Potest
2603 4876 2752 4945 juxta
2788 4872 3152 4945 trepologiam
3182 4871 3305 4941 quia
3335 4887 3440 4928 son
3469 4885 3669 4927 nomen
3697 4865 3796 4923 He-

2193 4966 2433 5021 braicum
2485 4967 2718 5021 vertitur
2761 4967 2814 5020 in
2847 4967 3179 5036 angustiam,
3215 4967 3397 5020 omnis
3445 4965 3628 5020 anima
3682 4971 3798 5028 quae

2199 5059 2700 5130 perturbationibus
2749 5052 3011 5128 occupata
3043 5067 3150 5124 est,
3200 5057 3304 5113 Sor
3331 5055 3630 5127 appellari,
3683 5062 3797 5122 quae

2188 5151 2410 5222 quando
2436 5151 2632 5206 viderit
2659 5167 2762 5230 pro
2791 5135 2906 5206 suis
2935 5151 3082 5205 vitiis
3112 5161 3275 5222 atque
3307 5151 3553 5219 peccatis
3602 5146 3694 5202 Dei
3717 5142 3800 5213 ju-

2191 5244 2338 5300 dicio
2369 5246 2611 5302 subverti
2633 5246 2960 5312 Jerusalem,
2985 5245 3037 5300 in
3067 5260 3171 5316 qua
3201 5244 3303 5300 fuit
3331 5243 3607 5316 templum
3637 5252 3691 5297 et
3711 5253 3802 5311 pa-

2190 5340 2268 5403 cis
2296 5339 2458 5401 visio,
2483 5341 2725 5395 exsultat
2749 5349 2807 5398 et
2833 5341 2898 5395 ad
2931 5355 2993 5396 se
3023 5348 3181 5411 putat
3227 5339 3380 5394 urbis
3411 5337 3696 5407 quondam
3724 5334 3804 5388 in-

2191 5431 2348 5502 clyta:
2373 5418 2662 5501 imperium
2693 5432 3159 5489 transferendum.
3182 5430 3334 5501 Quod
3352 5442 3407 5485 et
3435 5430 3490 5484 in
3516 5424 3804 5487 contrariis

2192 5523 2541 5596 dogmatibus
2607 5527 2902 5598 accipitur,
2970 5536 3024 5581 et
3072 5527 3126 5581 in
3178 5523 3504 5582 hominibus
3587 5518 3800 5582 sa'culi,

2199 5710 2570 5766 eradicabitur.

2270 5779 2297 5818 ι’
2326 5779 2530 5840 Vitiose
2564 5792 2687 5839 erat
2719 5786 2945 5852 tradam,
2970 5800 3071 5856 pro
3091 5787 3293 5842 radam.
