4038 6328
276 224 366 281 ill

917 226 1569 288 COMMENTARIORUM
1608 229 1678 286 lN
1718 229 2162 290 EZECHIELEM
2200 231 2333 289 LIB.
2379 234 2514 290 VIII.
2557 234 2711 292 CAP.
2759 235 2950 292 XXVI.

3468 240 3576 294 τὶιέ

267 344 482 416 quando
507 345 754 402 viderim
776 346 1056 403 hominem
1083 355 1331 404 sanctum
1367 364 1468 421 per
1493 349 1876 421 negligentiam
1904 353 1956 412 Α
1982 349 2168 406 littore
2197 351 2444 408 civitates
2467 363 2522 407 et
2547 354 2771 409 castella
2799 354 3105 421 subvertat,
3137 361 3192 409 et
3219 360 3406 423 postea
3430 353 3578 409 obsi-

267 453 388 496 esse
417 441 744 512 prolapsum
775 453 831 497 et
855 442 1095 514 gaudent
1122 453 1178 498 et
1205 444 1512 513 exsultant,
1545 445 1703 515 quasi
1734 444 1872 500 alio-

264 548 382 587 rum
405 535 594 602 ruina,
647 550 744 589 sua
774 538 847 589 sit
871 537 1228 590 resurrecrio.
1261 535 1558 606 Propterea
1610 535 1874 591 Dominus

263 625 666 694 comminatur,
694 627 837 696 quod
869 628 983 698 ipse
1007 639 1196 684 contra
1223 627 1610 698 hujuscemodi
1628 630 1874 686 homines

262 717 526 784 dimicet,
563 728 622 774 et
651 720 952 776 ascendere
980 720 1142 776 faciat
1171 732 1355 777 contra
1389 737 1486 776 eos
1515 723 1683 777 instar
1713 723 1876 778 mari-

263 826 460 865 norum
492 810 763 868 ﬂuctuum
799 814 1059 882 plurimas
1111 814 1384 882 nationes,
1423 829 1546 887 qua:
1587 815 1876 871 destruant

259 903 313 958 in
340 905 428 959 eis
458 906 730 977 quidquid
761 908 1178 963 munitissimum
1221 917 1274 964 et
1304 909 1517 980 liru‘tum
1553 910 1786 979 videtur,
1820 921 1876 966 et

262 1000 332 1055 ita
380 1001 580 1056 omnia
610 1017 803 1058 eorum
832 1014 1146 1074 argumenta
1177 1004 1474 1069 subvertat,
1510 1015 1568 1060 ut
1590 1005 1642 1059 in
1685 1005 1877 1075 pulve—

261 1110 380 1149 rem
411 1095 762 1167 redigantur.
791 1097 1031 1168 Sagenas
1048 1114 1262 1168 quoque
1284 1108 1340 1154 et
1362 1100 1492 1153 retia
1512 1099 1706 1169 quibus
1730 1100 1875 1169 prius

261 1188 559 1260 deceptam
591 1193 997 1249 multitudinem
1032 1194 1400 1261 piscabautur.
1432 1209 1648 1250 cessare
1693 1193 1872 1260 faciat,

260 1288 317 1336 et
361 1283 424 1335 in
459 1282 701 1340 desertae
745 1285 896 1341 urbis
935 1287 1075 1354 solo,
1120 1286 1352 1354 expandi
1379 1295 1541 1357 atque
1567 1287 1784 1350 siccari,
1820 1295 1878 1341 ut

221 1431 234 1439 ,
257 1385 360 1442 pro
391 1373 511 1428 illis
545 1375 640 1431 alii
691 1377 918 1432 subeant
947 1378 1247 1447 piscatores
1278 1424 1291 1446 ,
1345 1393 1483 1449 quos
1514 1378 1778 1434 Dominus
1807 1379 1872 1433 ad

257 1466 598 1536 piscandum
625 1469 793 1525 misit.
826 1470 933 1528 Sed
971 1479 1026 1526 et
1055 1470 1196 1526 ﬁlias
1227 1472 1366 1541 ejus.
1393 1488 1513 1544 qua:
1542 1473 1691 1542 prius
1719 1475 1874 1544 quasi

257 1558 312 1612 in
334 1558 595 1614 thalamo
613 1562 991 1633 servabantur,
1007 1573 1062 1618 et
1083 1579 1180 1634 pro
1201 1564 1445 1636 mysticis
1463 1567 1878 1622 secretioribus-

256 1665 372 1715 que
399 1650 678 1708 doctrinis
708 1654 839 1708 nulli
873 1653 1031 1710 facile
1075 1655 1458 1724 credebantur,
1523 1673 1875 1728 processuras

1975 445 2093 501 deri
2125 447 2284 501 faciat
2301 446 2525 518 Tyrum,
2543 447 2817 517 valletque
2845 462 2966 502 eam
2985 448 3257 513 exercitu,
3279 454 3568 518 etaggere,

1978 538 2474 606 etmunitionibus,
2494 539 2779 609 vineisque
2800 538 2907 612 [AL
2939 537 3275 612 clypeisque]
3304 549 3358 594 et
3381 539 3569 594 arieti-

1977 632 2078 686 bus
2108 633 2386 702 impugnet
2413 647 2594 687 muros
2624 642 2678 686 et
2701 631 2968 696 destruat,
3016 644 3068 688 et
3114 643 3260 688 tanta
3286 633 3358 688 sit
3389 633 3575 688 multi-

1977 725 2109 780 tudo
2139 727 2378 795 equitum
2403 725 2540 795 ejus,
2582 734 2645 780 ut
2687 726 2912 794 pulvere
2961 727 3254 796 equitatu‘s,
3304 739 3358 783 et
3390 727 3576 781 sonitu

1982 819 2244 874 ululantis
2273 822 2545 874 exercitus
2572 861 2587 883 ,
2653 828 3007 887 rotarumque
3056 819 3284 888 strepitu
3329 826 3386 872 et
3411 818 3570 890 297

1979 929 2241 985 equorum
2272 911 2508 979 hinnitu,
2553 912 2706 966 urbis
2752 912 3098 966 fundamenta
3129 927 3477 980 moveantur,
3518 922 3574 966 et

1979 1007 2059 1062 sic
2091 1007 2424 1076 ingrediatur
2447 1005 2716 1061 civitatem
2757 1004 3033 1074 di~sipatis
3073 1004 3267 1068 muris,
3323 1006 3476 1073 quasi
3503 1003 3573 1059 de

1978 1115 2171 1169 campo
2223 1113 2448 1154 securus
2504 1099 2836 1168 ingrediens,
2892 1105 3150 1166 tantaque
3198 1097 3460 1150 securitas
3501 1097 3576 1150 sit

1979 1191 2248 1247 vincentis
2269 1192 2570 1256 exercitus,
2591 1200 2648 1244 ut
2669 1191 2876 1260 plateas
2903 1189 3030 1261 Tyri
3055 1187 3382 1243 conculcent
3406 1201 3575 1256 equo-

1979 1298 2097 1338 rum
2121 1283 2356 1351 ungulm,
2388 1294 2443 1338 et
2473 1284 2652 1337 omnis
2671 1283 2902 1351 populus
2927 1281 2981 1336 in
3007 1280 3184 1336 medio
3201 1290 3418 1334 corruat
3444 1279 3579 1334 civi-

1982 1377 2128 1442 tatis,
2149 1385 2204 1432 et
2234 1387 2428 1432 statuae
2455 1379 2728 1446 quondam
2755 1377 2968 1431 nobiles
2987 1416 3002 1441 ,
3034 1375 3150 1430 sive
3173 1375 3425 1429 universa
3450 1372 3580 1428 sub-

1979 1471 2178 1525 stantia
2211 1470 2265 1523 in
2297 1477 2498 1524 terram
2532 1479 2771 1534 corruat,
2802 1467 3045 1538 nihilque
3060 1467 3412 1537 pristinarum
3434 1465 3573 1520 divi-

1981 1565 2174 1620 tiarum
2209 1565 2262 1619 in
2291 1576 2599 1636 expugnata
2635 1565 2770 1619 urbe
2801 1572 3071 1628 servetur,
3115 1561 3212 1617 sed
3235 1576 3359 1616 cum
3402 1560 3576 1614 muris

1981 1661 2174 1718 domus
2203 1677 2421 1732 quoque
2465 1661 2674 1716 nobiles
2704 1662 3077 1724 destruantur,
3122 1666 3177 1712 et
3215 1665 3363 1711 tanta
3388 1654 3460 1709 sit
3491 1654 3574 1709 vi-

259 1743 786 1815 pmtrahendasque
817 1746 872 1801 in
903 1747 1198 1816 publicum,
1255 1759 1308 1803 et
1331 1749 1718 1804 Ecclesiaslico
1755 1767 1873 1804 mu-
1904 1740 1951 1799 Β
1981 1766 2193 1810 ctorum
2218 1756 2448 1820 smvitia,
2480 1764 2535 1807 ut
2569 1749 3130 1823 liguaetlapides,qui
3157 1746 3360 1803 residui
3391 1748 3577 1800 incen-

255 1849 446 1890 crone
478 1836 839 1906 truncandas,
893 1847 953 1892 ut
974 1838 1285 1908 intelligant
1326 1838 1474 1910 quod
1522 1841 1639 1909 ipse
1668 1841 1738 1895 sit
1770 1841 1872 1894 Do-

255 1925 480 1991 minus,
523 1929 614 1998 qui
645 1937 701 1984 et
725 1930 1029 1986 Jerusalem
1061 1945 1158 2000 pro
1191 1933 1430 2002 peccatis
1463 1948 1752 2002 parumper
1781 1949 1872 1990 re-

251 2017 456 2088 liquit,
486 2032 540 2074 et
561 2019 691 2092 Tyri
724 2036 822 2091 pro
851 2021 1205 2078 insultatione
1233 2025 1352 2094 ejus
1374 2033 1427 2079 et
1466 2024 1665 2095 gaudio
1696 2025 1874 2081 muni-

251 2121 459 2167 menta
489 2113 780 2169 destruxit.

328 2209 512 2280 296
541 2209 736 2276 (Vers.
771 2209 803 2265 6
833 2210 977 2281 seq.)
1033 2211 1172 2280 Quia
1200 2213 1308 2268 Itazc
1361 2213 1488 2267 dicit
1518 2213 1770 2270 Dominus
1799 2225 1823 2253 ι
1854 2233 1868 2270 :

249 2300 408 2357 Ecce
432 2320 528 2372 ego
554 2304 812 2360 adducam
859 2307 928 2359 ad
964 2305 1156 2378 Tyrum
1181 2307 1333 2381 (sive
1357 2310 1425 2363 ad
1453 2320 1499 2364 te
1526 2325 1622 2364 son
1648 2307 1872 2380 )Nabu-

251 2396 602 2452 chodonosor
627 2414 796 2470 regem
817 2397 1091 2470 Babylonis
1111 2399 1175 2454 ab
1188 2401 1461 2472 Aquilone,
1483 2419 1650 2474 regem
1673 2418 1872 2473 regum,

253 2503 392 2542 cum
425 2492 591 2557 equis,
641 2500 688 2543 et
713 2491 966 2558 curribus,
991 2500 1036 2545 et
1071 2494 1347 2561 equitibus,
1374 2505 1419 2547 et
1441 2504 1570 2548 coetu
1587 2495 1886 2566 populoque‘

249 2598 487 2650 magno.
539 2579 712 2637 Filias
751 2593 888 2650 tuas,
918 2599 1032 2654 qua:
1073 2594 1189 2638 sunt
1215 2586 1270 2640 in
1298 2601 1448 2656 agro,
1473 2584 1651 2656 gladio
1677 2587 1878 2655 interﬁ-

251 2676 388 2740 ciat,
417 2683 466 2726 et
490 2674 826 2730 circumdabit
849 2685 897 2730 te
923 2677 1317 2744 munitionibus,
1350 2689 1398 2732 et
1424 2679 1763 2749 comportabit
1783 2695 1876 2752 ag-

251 2785 447 2840 gerem
466 2769 520 2821 in
542 2785 692 2840 gyro,
722 2769 975 2823 etJevabit
1003 2780 1181 2825 contra
1212 2781 1258 2826 te
1277 2772 1536 2843 clypeum,
1553 2782 1600 2826 et
1617 2773 1808 2839 vineas,
1829 2781 1876 2826 et

255 2861 462 2914 arietes
475 2861 614 2928 (sive
643 2860 868 2933 lanceas)
898 2865 1196 2933 temperabit
1213 2864 1268 2918 in
1289 2881 1464 2918 muros
1491 2875 1624 2932 tuos,
1653 2873 1700 2918 et
1713 2875 1878 2920 turres

207 3019 222 3030 ⁸
257 2963 388 3008 tuas
404 2955 636 3008 destruet
655 2956 707 3009 in
720 2966 983 3011 armatura
999 2974 1113 3011 sua.
1130 2956 1482 3012 Inundatione
1499 2974 1749 3029 equorum
1765 2963 1878 3031 ejus

261 3047 472 3118 aperiet
495 3057 546 3101 te
568 3049 737 3118 pulvis
762 3065 960 3113 eorum,
998 3068 1029 3103 a
1053 3051 1222 3105 sonitu
1249 3052 1499 3123 equitum,
1543 3062 1592 3106 et
1619 3060 1872 3118 rotarum,

259 3151 308 3194 et
337 3157 593 3195 cumtum
621 3142 956 3198 movebuntur
985 3145 1118 3197 muri
1150 3144 1244 3210 tui,
1275 3146 1400 3198 dum
1425 3146 1686 3216 ingressus
1717 3147 1872 3216 fuerit
1899 3132 1944 3194 Ο

261 3244 453 3303 portas
497 3243 612 3287 tuas
649 3236 799 3304 quasi
821 3251 912 3307 per
938 3235 1206 3292 introitum
1245 3237 1387 3291 urbis
1417 3238 1682 3310 dissipata:
1726 3240 1876 3307 (sive

263 3325 424 3393 quasi
462 3325 758 3394 ingrediens
787 3330 968 3382 urbem
997 3329 1060 3382 de
1086 3329 1314 3400 campo).
1373 3329 1600 3402 Ungulis
1631 3347 1875 3402 equorum

264 3432 494 3470 suorum
521 3418 846 3473 conculcabit
871 3436 1046 3475 omnes
1070 3422 1263 3490 plateas
1291 3433 1437 3476 tuas:
1460 3423 1709 3492 papulum
1731 3434 1876 3477 tuum

265 3508 457 3578 gladio
486 3508 680 3586 credet,
711 3520 759 3565 et
786 3519 972 3566 statua:
995 3523 1096 3567 tuac
1122 3512 1315 3567 nobiles
1339 3515 1389 3566 in
1419 3522 1607 3568 terram
1637 3527 1878 3568 corruent

266 3600 420 3670 (sive
447 3601 795 3656 substantiam
825 3604 1147 3672 fortitudinis
1186 3613 1287 3658 tua:
1315 3605 1366 3658 in
1395 3615 1585 3659 terram
1615 3604 1874 3678 deducet).

275 3691 576 3747 Vastabunt
609 3695 746 3766 (sive
778 3696 1022 3768 vastabit)
1051 3715 1172 3768 opes
1203 3707 1338 3766 tuas,
1365 3699 1608 3770 diripient
1649 3701 1881 3771 negotia—

273 3787 446 3839 tiones
484 3797 602 3840 tuas
633 3788 781 3858 (sive
821 3789 1064 3858 spoliabit
1095 3791 1440 3846 substantiam
1489 3793 1654 3862 luant)
1704 3802 1751 3846 et
1791 3793 1881 3847 de-

272 3889 477 3932 struent
509 3880 618 3950 (vel
647 3883 898 3955 destruet)
925 3901 1100 3938 muros
1127 3886 1263 3954 tuos,
1296 3897 1341 3940 et
1382 3887 1562 3942 domos
1602 3898 1716 3942 tuas
1746 3905 1881 3958 prte-

272 3970 448 4024 claras
479 3970 619 4040 (sive
640 3971 1024 4045 desiderabiles)
1053 3976 1336 4030 subvertent
1369 3977 1507 4049 (sive
1533 3977 1710 4048 vertet)
1734 3988 1780 4033 et
1803 3979 1882 4032 la-

274 4060 428 4128 pides
449 4071 570 4114 tuos
590 4070 637 4114 et
658 4063 802 4132 ligna
818 4074 907 4118 tua
927 4074 974 4118 et
1001 4067 1264 4136 pulverem
1288 4078 1433 4121 tuum
1457 4071 1510 4122 in
1533 4070 1699 4122 medio
1722 4087 1884 4140 aqua-

275 4170 398 4205 rum
427 4164 619 4222 ponent
651 4155 792 4229 (sive
819 4157 989 4212 medio
1012 4161 1170 4216 maris
1199 4161 1443 4234 injiciet.)
1475 4161 1544 4216 Et
1564 4165 1882 4235 requiescere

278 4261 478 4327 faciam
505 4261 889 4315 multitudinem
912 4273 1180 4318 cantorum
1198 4263 1381 4335 [ang.
1409 4264 1750 4337 canticorum]
1766 4274 1883 4319 tuo-

279 4368 400 4404 rum
425 4353 568 4422 (sive
589 4355 850 4408 destruant
879 4355 1260 4411 multitudinem
1287 4357 1602 4410 musicorum
1629 4357 1882 4429 tuorum),

283 4455 332 4496 et
357 4445 561 4500 sonitus
586 4446 904 4500 eithararum
927 4457 1131 4501 tuarunt
1157 4449 1293 4519 (sive
1315 4464 1414 4503 vox
1443 4466 1752 4522 organorum
1771 4459 1887 4504 tuo-

1977 1849 2068 1904 dio
2095 1846 2318 1912 fuerint,
2346 1847 2398 1899 in
2431 1845 2670 1900 medium
2696 1861 2843 1900 mare
2874 1843 3255 1912 proiiciantur,
3281 1847 3336 1894 et
3361 1839 3447 1893 vel
3471 1837 3576 1892 Na-

1977 1941 2428 2004 buchodonosor,
2483 1938 2563 1993 vel
2620 1939 2737 2006 ipse
2782 1936 3047 1989 Dominus
3093 1933 3378 2004 quiescere
3416 1929 3578 1984 faciat

1978 2035 2283 2090 universam
2337 2032 2487 2088 urbis
2516 2031 2794 2095 laetitiam,
2839 2044 2942 2098 qua
2974 2026 3126 2096 prius
3168 2026 3223 2080 in
3261 2024 3488 2079 canticis
3521 2031 3576 2076 et

1977 2127 2253 2198 psalteriis
2289 2125 2647 2195 personabat,
2678 2133 2734 2178 et
2773 2121 2838 2176 ad
2872 2121 3049 2174 solum
3081 2132 3251 2187 usque
3289 2116 3572 2176 subversa,

1978 2226 2046 2278 sit
2069 2221 2292 2278 siccatio
2319 2236 2665 2292 sagenarum.
2691 2218 2956 2288 Quodque
2979 2215 3257 2283 sequitur:
3294 2210 3418 2266 Non
3441 2209 3571 2265 tedi-

1977 2315 2213 2387 ﬁcaberis
2238 2316 2398 2380 ultra,
2449 2314 2662 2370 videtur
2692 2315 2869 2367 facere
2896 2310 3276 2381 quaestionem,
3302 2303 3578 2376 quomodo

1977 2425 2088 2464 non
2137 2409 2209 2463 sit
2236 2407 2522 2472 aediﬁcata,
2573 2421 2733 2475 quam
2783 2403 2944 2458 hodie
2993 2403 3268 2457 cernimus
3299 2396 3574 2452 Phoenicis

1981 2500 2373 2556 nobilissimam
2423 2509 2478 2554 et
2531 2495 2949 2567 pulcherrimam
2993 2493 3290 2549 civitatem.
3341 2491 3420 2544 Ex
3470 2504 3578 2558 quo

1979 2594 2194 2665 quidam
2226 2592 2419 2647 volunt
2462 2592 2514 2646 in
2549 2591 2739 2646 ultimo
2787 2599 3032 2657 tempore
3061 2589 3177 2641 haec
3202 2585 3406 2656 Tyrum
3453 2597 3576 2638 esse

1979 2701 2284 2757 passuram,
2313 2699 2436 2754 qua:
2460 2693 2647 2752 postea
2677 2697 2786 2736 non
2815 2681 2887 2736 sit
2926 2677 3264 2734 aedificanda.
3299 2675 3406 2732 Sed
3439 2689 3576 2744 quo-

1980 2778 2144 2834 modo
2173 2775 2671 2832 Nabuchodonosor
2698 2788 2989 2844 personam
3023 2785 3243 2826 servare
3286 2775 3572 2836 poterunt:

1980 2872 2282 2942 przesertim
2306 2885 2428 2926 cum
2453 2869 2696 2938 legamus
2726 2869 2779 2921 in
2807 2862 3267 2934 consequentibus
3293 2858 3578 2913 Nabucho-

1982 2963 2220 3018 donosor
2242 2976 2586 3032 oppugnasse
2614 2959 2840 3030 Tyrum,
2872 2967 2923 3012 et
2953 2957 3158 3011 laboris
3186 2955 3269 3008 sui
3295 2969 3398 3005 non
3423 2964 3580 3006 acce-

1985 3057 2130 3126 pisse
2185 3055 2529 3111 mercedem:
2580 3062 2636 3108 et
2685 3063 2969 3120 propterea
3004 3049 3140 3104 tradi
3169 3049 3218 3103 ei
3258 3047 3574 3116 Egyptum,

1981 3150 2105 3218 quia
2138 3149 2232 3204 Dei
2276 3146 2563 3202 sententiae
2593 3146 2648 3200 in
2677 3143 2805 3214 Tyri
2839 3141 3246 3213 oppugnatiooe
3292 3138 3580 3194 servierit?

1983 3243 2202 3299 Cra-cas
2221 3253 2273 3296 et
2294 3238 2614 3296 Phaenicum
2639 3237 2982 3303 maximeque
3003 3234 3204 3289 Nicolai
3230 3230 3548 3288 Itamasceni
3563 3270 3580 3294 ,

1981 3348 2037 3394 et
2058 3337 2193 3391 alias
2226 3335 2590 3390 Barbarorum
2619 3332 2767 3385 aiunt
2795 3345 2877 3393 se,
2906 3328 2998 3397 qui
3019 3327 3146 3381 huic.
3177 3323 3418 3379 historia:
3449 3338 3580 3378 con-

1983 3430 2280 3496 tradicunt,
2308 3427 2506 3498 legisse
2539 3427 2795 3480 historias
2815 3467 2830 3489 ,
2858 3433 2911 3479 et
2939 3422 3070 3478 nihil
3101 3437 3270 3490 super
3294 3433 3580 3490 oppugna-

1985 3525 2130 3579 tione
2159 3538 2188 3576 a
2216 3520 2482 3576 Chaldaeis
2509 3518 2788 3572 invenisse
2812 3517 2996 3586 Tyriae
3015 3514 3272 3579 civitatis,
3302 3519 3423 3566 cum
3450 3523 3581 3581 pro—

1981 3617 2113 3672 bare
2143 3614 2412 3685 possimus
2444 3611 2612 3666 multa
2636 3611 2740 3665 dici
2777 3611 2830 3664 in
2863 3608 3166 3677 Scripturis
3196 3606 3360 3670 facta,
3384 3619 3506 3670 qua:
3524 3603 3578 3656 in

1984 3709 2190 3765 Graecis
2207 3705 2572 3761 voluminibus
2597 3719 2702 3758 non
2737 3704 3116 3766 inveniantur;
3139 3715 3240 3755 nec
3261 3699 3466 3753 debere
3484 3710 3583 3750 nos

1985 3817 2171 3856 eorum
2206 3799 2511 3854 auctoritati
2539 3798 2910 3867 acquiescere,
2953 3809 3186 3863 quorum
3223 3790 3502 3860 perfidiam
3529 3796 3586 3843 et

1987 3895 2270 3952 mendacia
2298 3894 2653 3968 detestamur.
2689 3890 2876 3945 Potest
2905 3903 3036 3958 ergo
3066 3887 3208 3958 quod
3237 3887 3459 3954 dicitur,
3493 3899 3585 3936 nec

1987 3986 2326 4055 tediﬁcaberis
2357 3985 2518 4049 ultra,
2548 3985 2627 4039 sic
2649 3981 2840 4051 accipi,
2884 3981 3028 4051 quod
3075 3992 3414 4049 nequaquam
3445 3976 3584 4029 ultra

1989 4081 2058 4134 sit
2101 4080 2287 4150 regina
2312 4077 2669 4150 p0pulornm,
2718 4089 2819 4129 nec
2862 4075 3137 4143 proprium
3191 4070 3391 4126 habeat
3420 4070 3589 4137 impe-

1989 4174 2153 4237 rium,
2180 4165 2453 4242 Quomodo
2481 4169 2668 4223 habuit
2690 4167 2791 4222 sub
2809 4166 2989 4219 Hiram
3015 4175 3070 4220 et
3097 4163 3313 4219 caeteris
3338 4159 3587 4229 regibus;

1990 4266 2086 4321 sed
2118 4265 2203 4320 vel
2240 4262 2536 4328 Chaldteis,
2572 4261 2660 4316 vel
2709 4259 3114 4322 Macedonibus,
3141 4255 3223 4310 vel
3253 4251 3588 4315 Ptolemais,

1990 4367 2047 4413 et
2075 4357 2154 4412 ’ad
2213 4366 2550 4426 postremum
2602 4352 2864 4407 Romanis
2916 4350 3135 4420 regibus
3175 4349 3444 4403 servitura
3495 4343 3588 4398 sit.

1992 4450 2133 4506 Nulli
2156 4458 2334 4504 autem
2363 4447 2670 4512 ambiguum
2693 4444 2845 4514 juxta
2893 4455 3169 4510 anagogen
3225 4435 3594 4493 Nabuchodo-

285 4539 430 4607 rum)
450 4556 556 4593 non
587 4539 1081 4611 audieturamplius.
1101 4540 1311 4596 Etdabo
1331 4543 1442 4596 tein
1467 4543 1887 4610 limpidissimam
1915 4531 1972 4590 D
1997 4561 2162 4601 nosor
2187 4558 2370 4611 regem
2397 4541 2711 4611 Babylonis,
2747 4537 2838 4609 qui
2863 4539 3012 4592 venit
3043 4537 3112 4590 ab
3139 4535 3428 4606 Aquilone,
3475 4533 3591 4587 dia-

286 4630 428 4699 (sive
455 4631 850 4705 nitidissimam)
881 4643 1098 4703 petram.
1150 4634 1380 4689 Siccatio
1418 4651 1731 4708 sagenarum
1759 4637 1886 4702 eris,

281 4739 380 4777 nec
402 4725 746 4794 aediﬁcaberis
793 4725 954 4792 ultra,
979 4725 1211 4799 quidego
1238 4728 1442 4782 locutus
1461 4743 1574 4782 sum
1591 4768 1605 4792 ,
1629 4726 1754 4787 dicit
1787 4727 1892 4782 Do-

281 4815 456 4871 minus
481 4813 646 4870 Deus.
681 4817 979 4888 Utramque
1005 4819 1300 4874 editionem
1339 4835 1404 4874 ex
1432 4835 1582 4874 more
1609 4819 1884 4889 conjunxi,

281 4912 422 4966 etin
471 4914 676 4981 quibus
705 4913 1048 4983 discrepant,
1085 4930 1150 4969 ex
1193 4915 1363 4970 latere
1390 4915 1658 4985 copulavi,
1712 4916 1892 4971 brevi-

287 5010 388 5062 tati
411 5010 752 5064 voluminum
781 5009 1096 5078 providens.
1116 5010 1256 5076 Ergo
1273 5011 1416 5078 quod
1431 4991 1668 5074 dixerat,
1685 5011 1890 5066 Ascen-

282 5104 422 5162 dere
482 5107 682 5174 faciam
742 5107 810 5162 ad
858 5117 910 5163 te
947 5115 1137 5178 gentes
1179 5105 1382 5160 multas
1435 5105 1574 5161 sicut
1645 5105 1893 5160 ascendit

283 5217 439 5256 mare
481 5201 775 5264 ﬂuctuans,
811 5211 867 5256 et
895 5202 998 5256 erit
1024 5200 1198 5269 Tyrus
1222 5200 1274 5254 in
1311 5198 1674 5267 direptionem
1715 5198 1894 5269 genti-

286 5294 411 5360 bus,
464 5305 594 5348 tunc
622 5293 778 5362 ponit
807 5293 1174 5355 manifestius,
1207 5292 1354 5363 quod
1385 5291 1893 5346 Nabuchodonosor

285 5404 475 5459 regem
507 5388 803 5460 Babylonis
830 5390 1060 5444 adducat
1087 5388 1351 5443 Dominus
1377 5387 1444 5442 ab
1470 5387 1760 5457 Aquilone,
1799 5403 1892 5443 re-

282 5499 410 5554 gem
441 5499 660 5553 regum,
690 5496 812 5536 cum
853 5483 1009 5550 equis
1035 5492 1090 5536 et
1118 5482 1396 5552 curribus,
1429 5466 1628 5535 etcum
1681 5479 1894 5538 inlicita

286 5578 570 5632 exercitus
613 5574 980 5638 multitudine,
1035 5576 1128 5646 qui
1181 5575 1330 5644 prius
1375 5573 1623 5629 subditas
1661 5573 1806 5645 Tyro
1841 5573 1894 5628 in

1994 4639 2179 4696 bolum
2205 4637 2467 4705 intelligi,
2500 4635 2590 4704 qui
2618 4647 2742 4687 curn
2775 4633 2844 4686 sit
2872 4641 3068 4686 ventus
3092 4629 3416 4685 durissimus
3447 4637 3500 4682 et
3523 4628 3596 4682 si-

1995 4733 2204 4796 nister,
2263 4728 2488 4782 nomine
2539 4726 2718 4779 dexter
2771 4733 3026 4789 vocatur,
3109 4735 3442 4788 prasurnens
3489 4719 3594 4773 sibi

1995 4819 2230 4886 nominis
2250 4817 2594 4888 dignitatem,
2622 4825 2676 4871 et
2702 4826 2784 4871 est
2810 4831 2903 4870 rex
2935 4829 3122 4884 regum
3143 4813 3309 4885 298
3327 4812 3596 4866 omnium.

1995 4932 2106 4988 que
2135 4927 2428 4985 regnorum
2453 4955 2466 4979 ,
2527 4927 2650 4980 qua:
2675 4907 2917 4964 ostendit
2947 4907 3202 4969 Domino,
3255 4908 3497 4975 dixitque
3530 4904 3596 4956 ad

1999 5023 2157 5062 eum:
2185 5005 2314 5058 Ηίεο
2341 5003 2514 5057 omnia
2538 5001 2664 5055 mihi
2710 5001 2902 5055 tradita
2932 5009 3076 5066 sunt,
3133 5015 3250 5070 qua:
3281 4998 3415 5052 dabo
3445 4996 3534 5050 tibi
3555 4995 3602 5048 si

2002 5101 2275 5172 procidens
2329 5096 2626 5152 adoraveris
2655 5111 2733 5149 me
2781 5093 3000 5160 (Matth.
3029 5109 3112 5159 IV,
3145 5093 3220 5163 9).
3273 5090 3384 5146 Iste
3436 5088 3601 5142 habet

1999 5211 2172 5266 equos
2203 5205 2259 5250 et
2296 5207 2525 5260 currus,
2581 5189 2649 5245 de
2687 5189 2880 5259 quibus
2927 5186 3188 5256 scriptum
3237 5194 3346 5238 est:
3402 5179 3601 5235 Fallax

2002 5305 2158 5359 equus
2179 5287 2234 5341 in
2252 5284 2474 5340 salutem
2506 5282 2625 5357 (Ps.
2647 5297 2818 5347 xxxu,
2851 5279 2964 5350 l7).
2995 5277 3096 5333 Et:
3125 5274 3462 5330 Dor-inierunt
3488 5288 3601 5327 om-

2003 5398 2091 5438 nes
2146 5380 2234 5451 qui
2283 5377 2624 5433 ascenderunt
2668 5392 2823 5446 equos
2877 5371 2998 5446 (Ps.
3054 5369 3241 5439 Lxxv).
3292 5367 3360 5423 Et
3401 5368 3452 5422 in
3494 5367 3602 5422 alio

2004 5477 2152 5533 loco:
2207 5473 2416 5546 Equum
2444 5482 2494 5528 et
2533 5486 2855 5526 ascensorem
2879 5466 3096 5539 projecit
3139 5465 3193 5517 in
3216 5478 3358 5518 mare
3403 5461 3598 5532 (Exod.

2003 5587 2093 5639 xv,
2130 5571 2205 5640 1).
2232 5569 2344 5626 iste
2370 5567 2510 5621 ﬁlias
2527 5564 2680 5636 Tyri,
2706 5564 2916 5617 animas
2943 5559 2998 5614 in
3026 5556 3275 5627 angustia
3307 5565 3364 5613 et
3386 5555 3442 5611 in
3463 5567 3603 5626 quo-

365 5780 392 5807 ει
424 5767 595 5825 Addit
623 5768 1087 5854 Victorius-Deus,
1131 5781 1204 5824 ex
1247 5764 1475 5837 Vulgata
1497 5763 1876 5834 Hebraicoqne
1912 5766 2079 5818 textu.
