4038 6328
66 474 69 557 ω

544 269 651 324 247

543 478 630 529 nia
662 478 823 532 simul
862 492 971 531 non
1014 487 1196 548 potest
1244 484 1734 547 meuteretinere.
1788 486 2059 555 praecipue
2090 486 2143 540 in

542 571 742 640 quibus
767 571 838 625 ab
868 572 1134 628 Hebraica
1165 576 1219 628 in
1251 576 1354 631 hoc
1407 579 1523 633 lacn
1556 578 1699 633 LXX
1729 579 1898 634 editio
1939 581 2147 637 discre-

543 675 658 733 pat,
696 666 797 720 hoc
822 677 928 733 est,
976 684 1097 739 qute
1129 669 1474 741 addiderint,
1506 690 1698 745 quave
1745 677 2142 733 subtraxerint.

545 755 727 826 Itaque
777 769 963 813 nostra
998 761 1203 816 erimus
1261 765 1714 834 interpretatione
1755 774 2033 831 contenti,
2091 777 2147 825 et

543 850 717 905 sicubi
752 852 1061 919 dissonant,
1094 870 1162 910 ex
1191 856 1361 911 latere
1397 860 1777 927 copulabimus
1799 902 1811 921 ,
1845 861 2145 929 perfectam

541 944 786 997 omnium
820 944 933 1000 Deo
966 956 989 982 ει
1016 948 1305 1003 scientiam
1338 952 1720 1021 relinquentes
1751 970 1764 1006 :
1798 964 1849 1009 et
1874 955 2001 1024 quid
2046 972 2145 1009 no-

545 1034 628 1089 bis
652 1036 901 1092 videatur
925 1041 976 1093 in
1004 1041 1253 1111 singulis,
1288 1043 1527 1100 breviter
1565 1046 2002 1102 admonebimus.
2043 1048 2147 1115 Qui

549 1133 844 1204 plangitur,
874 1137 1051 1191 adhuc
1082 1153 1227 1193 curre
1260 1148 1343 1193 est
1363 1136 1473 1195 eia
1495 1157 1603 1211 quo
1656 1143 1953 1213 plangitur.
1989 1144 2148 1201 Unde

540 1236 599 1279 et
639 1226 857 1280 Samuel
919 1229 1082 1283 flebat
1133 1239 1298 1300 atque
1342 1233 1627 1303 plangebat
1679 1250 1843 1304 super
1900 1236 2030 1291 Saul
2076 1236 2146 1311 (ll

551 1315 675 1388 Reg.
706 1320 822 1390 xv).
866 1322 930 1376 Et
974 1326 1253 1391 apostolus
1297 1326 1498 1383 Paulus
1525 1329 1857 1385 lamentatur
1887 1343 1943 1387 et
1996 1333 2147 1401 luget

542 1426 708 1480 super
741 1413 823 1467 his
855 1416 943 1483 qni
991 1416 1244 1473 fornicati
1294 1431 1501 1476 suntet
1531 1437 1636 1477 non
1680 1436 1917 1494 egerunt
1969 1425 2143 1495 pmui-
2192 1442 2199 1443 ί

546 1504 770 1557 tentiam
802 1506 869 1575 (ll
890 1508 1008 1563 Cor.
1048 1512 1168 1581 xn).
1204 1512 1265 1565 Et
1292 1512 1557 1569 Jeremias
1581 1515 2029 1573 Lamentationes
2058 1532 2148 1572 su-

544 1612 641 1665 per
671 1601 957 1656 eversione
987 1602 1288 1659 Jerusalem
1323 1610 1773 1676 quatuor‘scribit
1812 1612 2141 1681 alphabetis.

546 1689 768 1746 Habitat
794 1709 949 1763 ergo,
974 1694 1128 1765 juxta
1159 1698 1416 1768 litteram,
1446 1701 1646 1773 Tyrus,
1680 1703 1796 1759 sive
1825 1705 1948 1769 Sor,
1982 1707 2035 1759 in
2062 1706 2144 1758 iu-

1784 276 1840 332 S.
1886 275 2163 334 EUSEBII
2204 276 2593 334 HIERONYMI

543 400 669 456 gum
694 386 909 452 faciam,
935 396 993 442 et
1011 401 1232 442 sensum
1265 389 1487 444 lectoris
1512 391 1802 446 obscurum
1829 409 1844 458 ;
1868 392 1993 447 dum
2019 408 2133 447 om-
2165 400 2217 457 Α

3737 281 3846 339 288

2316 394 2494 464 (Vers.
2529 396 2586 460 4,
2620 396 2704 466 5.)
2748 393 2989 450 Finitimi
3018 397 3092 450 tui
3113 397 3202 466 qui
3226 404 3273 449 te
3297 396 3710 466 aediﬁcavermtt,
3740 396 3843 451 im—

2250 485 2517 557 pleverunt
2541 487 2776 541 decorem
2803 498 2970 541 tuum.
3004 487 3267 543 Abietibus
3308 488 3372 542 de
3423 487 3586 542 Sanir
3644 498 3849 543 exstru-

2248 591 2434 635 xerunt
2469 594 2517 636 te
2536 599 2650 635 cum
2673 582 2914 635 omnibus
2935 582 3183 636 tabulatis
3213 582 3390 635 maris.
3416 580 3641 636 Cedrum
3663 582 3725 635 de
3754 581 3848 635 Li-

2250 674 2381 727 bano
2407 675 2636 729 tulerunt
2661 718 2674 741 ,
2709 685 2765 728 ut
2797 676 3023 745 facerent
3051 677 3143 729 tibi
3173 676 3388 730 malum.
3426 674 3453 714 ι’
3486 676 3590 730 Pro
3618 692 3726 747 quo
3756 692 3853 732 ue-

2252 767 2366 822 scio
2416 767 2544 837 quid
2594 769 2863 836 volentes,
2898 768 2967 822 ita
3002 768 3145 823 LXX
3179 770 3574 823 transtulerunt
3604 769 3849 845 :‘Beelint

2218 922 2223 929 ‘
2249 856 2349 926 lilii
2381 858 2456 911 tui
2506 859 2960 913 circumdederunt
3001 861 3094 913 tibi
3114 859 3356 915 decorem
3390 879 3402 914 :
3437 861 3622 914 cedrus
3653 861 3717 915 de
3738 861 3850 916 Sa-

2250 950 2332 1003 nir
2361 951 2619 1020 aediﬁcata
2664 962 2737 1006 est
2763 953 2855 1007 tibi
2902 970 2921 1007 :
2947 962 3124 1008 tenues
3175 954 3382 1007 tabulas
3420 955 3751 1024 cypressinas
3779 956 3850 1011 de

2249 1040 2445 1096 Libano
2472 1045 2697 1098 tulerunt
2722 1087 2736 1109 ,
2770 1055 2824 1100 ut
2847 1046 3075 1115 facerent
3106 1045 3198 1099 tibi
3228 1047 3392 1099 malos
3419 1046 3681 1118 abiegnas.
3711 1047 3844 1103 Ser-

2252 1151 2341 1188 mo
2368 1137 2512 1190 enim
2541 1134 2757 1205 Beelim,
2791 1137 2844 1192 in
2872 1139 2975 1193 hoc
3012 1138 3133 1192 loco
3163 1138 3305 1207 apud
3336 1138 3600 1193 llebrmos
3627 1142 3853 1208 penitus

2250 1240 2356 1279 non
2384 1226 2635 1293 habetur,
2686 1229 2783 1282 sed
2818 1245 2913 1297 pro
2936 1228 3131 1284 Beelim
3160 1232 3430 1300 scriptum
3455 1241 3539 1286 est
3584 1246 3852 1289 ossuum

2251 1303 2503 1403 (γεω),
2533 1321 2676 1391 quod
2709 1323 2976 1392 significat
3002 1326 3248 1377 terminos
3276 1333 3411 1377 tuos.
3449 1324 3502 1376 In
3536 1336 3602 1378 eo
3630 1340 3855 1394 quoque

2248 1414 2392 1483 quod
2420 1414 2716 1480 dixerunt,
2744 1415 2841 1482 ﬁlii
2888 1416 2995 1481 tni,
3037 1416 3185 1470 verbi
3232 1415 3589 1485 ambiguitate
3630 1417 3855 1488 decepti

2247 1516 2394 1573 sunt,
2424 1516 2479 1561 et
2506 1507 2794 1575 scriptum
2822 1508 3204 1573 similitudine,
3235 1508 3363 1562 dum
3409 1511 3854 1578 pronuntiatione

2247 1599 2463 1654 diversa
2505 1600 2714 1655 eazdem
2759 1600 2993 1667 littertn,
3033 1601 3521 1669 crementariorum,
3565 1614 3586 1640 ε
3618 1613 3667 1657 et
3707 1602 3855 1674 ﬁlio-

2245 1705 2383 1757 rum,
2400 1707 2628 1748 BONAICH
2647 1691 3425 1776 clBBNAIca(17:3)lcgunlttl‘.
3445 1693 3489 1749 0
3505 1696 3667 1764 igitur
3679 1684 3848 1767 Tyre,

544 1785 714 1839 troitu
760 1790 967 1844 maris:
1013 1793 1095 1846 vel
1128 1794 1272 1863 quod
1312 1795 1665 1863 priusinsula
1709 1798 1840 1861 fuit,
1882 1800 1966 1854 vel
1995 1800 2142 1871 quod
2174 1801 2222 1861 B
2249 1802 2369 1858 (ιυίῐξ
2419 1788 2602 1842 dixis”
2657 1802 2752 1857 ρετ
2790 1786 3146 1859 ευβθ¹’¹)ί³¹¹¹,ο
3199 1787 3432 1842 Ροΐίθοίί
3475 1787 3692 1842 decoris
3747 1804 3855 1860 σεο

549 1887 707 1944 portu
744 1881 1019 1937 tutissimo
1057 1883 1125 1938 de
1153 1887 1264 1939 alto
1295 1888 1579 1944 venientes
1624 1890 1814 1961 recipit
1844 1906 2047 1956 naves,
2091 1904 2146 1948 et

548 1978 633 2024 est
665 1975 964 2042 negotiatio
991 1980 1310 2045 potinlorum
1344 1981 1409 2036 ad
1442 1982 1654 2038 insulas
1683 1986 1904 2053 inultas,
1935 1987 2048 2041 sive
2076 1990 2145 2045 de

553 2062 740 2116 insulis
773 2067 975 2122 multis.
1001 2068 1154 2135 Quod
1174 2072 1393 2140 quidem
1429 2076 1779 2143 nsquehodie
1806 2090 2139 2148 perseverat,

550 2167 609 2210 ut
640 2159 883 2214 omnium
912 2165 1304 2233 propemodum
1351 2170 1599 2239 gentium
1632 2172 1685 2226 in
1715 2172 1803 2228 illa
1847 2189 2146 2230 exercean-

548 2259 635 2302 tur
664 2253 1013 2308 commercia.
1041 2256 1285 2327 Caeptam
1306 2269 1488 2317 autem
1514 2262 2024 2334 interpretationem
2053 2284 2143 2323 se-

550 2352 800 2409 quentes,
854 2347 1113 2418 quidquid
1158 2352 1225 2407 de
1265 2352 1407 2425 Tyro
1450 2356 1676 2424 dicitur,
1723 2359 2027 2417 referamus
2078 2363 2143 2417 ad

548 2445 799 2510 συνοχὴν,
831 2440 884 2495 id
911 2453 1015 2509 est,
1050 2449 1315 2517 angustias
1346 2450 1504 2505 istius
1533 2452 1741 2521 mttndi,
1774 2458 1862 2524 qui
1890 2456 1943 2510 in
1993 2457 2147 2511 mali-

544 2545 650 2597 gno
680 2534 886 2601 positus
930 2547 1054 2603 est,
1105 2548 1159 2593 et
1211 2543 1375 2597 variis
1434 2546 1940 2612 perturbationibus
1992 2551 2145 2618 quasi

542 2619 799 2679 ﬂuctibus
848 2640 1163 2685 coarctatur
1214 2644 1376 2705 atque
1420 2640 1742 2705 percutitur.
1782 2640 1859 2695 De
1883 2641 2145 2711 hujusce-

544 2715 691 2770 modi
726 2722 1154 2788 negOtiatoribus
1184 2739 1237 2781 et
1279 2730 1333 2782 in
1369 2732 1580 2799 psalmo
1627 2735 1861 2804 mystico
1891 2751 2147 2794 sermone

543 2819 837 2866 narratur:
870 2814 974 2879 Qui
1002 2818 1317 2875 descendunt
1360 2840 1503 2878 mare
1535 2826 1589 2878 in
1611 2827 1857 2894 navibus,
1900 2830 2147 2897 facientes

543 2907 871 2972 operationes
902 2910 953 2964 in
985 2914 1131 2980 aquis
1176 2916 1373 2981 multis,
1408 2918 1508 2987 ipsi
1551 2920 1791 2975 viderunt
1836 2939 1994 2990 Opera
2031 2924 2144 2979 Do-

544 3000 695 3065 mini,
728 3012 774 3054 et
804 3004 1066 3060 mirabilia
1086 3010 1202 3079 ejus
1234 3012 1286 3064 in
1312 3013 1575 3082 profundo
1604 3013 1721 3082 (Ps.
1747 3031 1856 3083 ενι,
1884 3018 1955 3074 25
1978 3061 1991 3086 ,
2024 3018 2141 3091 24).

621 3094 802 3166 (Vers.
832 3098 909 3167 5.)
936 3097 981 3153 0
1003 3100 1154 3171 Tyre,
1188 3104 1385 3173 dixisti,
1422 3104 1646 3177 Perfecti
1670 3110 1874 3165 decoris
1904 3129 1998 3183 ego
2030 3130 2144 3167 sum

2246 1894 2388 1944 sum,
2418 1882 2535 1936 sive
2566 1896 2668 1950 ego
2689 1880 2946 1937 decorem
3009 1880 3140 1935 mihi
3197 1881 3531 1936 circumdedi
3557 1924 3571 1947 ,
3599 1897 3721 1937 cum
3775 1883 3854 1937 sis

2248 1973 2349 2028 sita
2391 1974 2442 2027 in
2490 1975 2671 2028 medio
2721 1975 2880 2040 mari,
2925 1974 3051 2029 audi
3083 1984 3285 2043 quanta
3316 1974 3411 2028 tibi
3453 1975 3546 2029 Dei
3596 1976 3887 2046 largitate,

2247 2070 2443 2125 collata
2469 2070 2600 2125 sint.
2632 2069 2877 2125 Finitimi
2920 2080 2975 2124 et
3004 2070 3335 2125 contermini
3365 2071 3466 2137 tui,
3496 2071 3587 2140 qui
3619 2088 3726 2124 non
3780 2071 3852 2126 de

2248 2166 2584 2235 longinquis,
2616 2165 2712 2220 sed
2743 2166 2812 2220 de
2837 2164 3035 2219 vicinis
3063 2174 3194 2219 sunt
3236 2164 3572 2234 regionibus,
3605 2165 3707 2233 ipsi
3746 2166 3853 2218 im-

2250 2258 2540 2325 pleverunt
2594 2256 2852 2313 decorem
2901 2268 3074 2323 tuum,
3126 2267 3183 2311 et
3231 2265 3286 2312 tu
3339 2269 3499 2326 putas
3529 2266 3679 2311 tuum
3720 2270 3852 2312 esse

2248 2352 2391 2424 quod
2443 2352 2677 2406 alienum
2727 2353 2858 2407 est?
2908 2351 2976 2406 Et
3035 2352 3281 2421 loquitur
3334 2352 3491 2421 quasi
3521 2351 3588 2405 ad
3641 2365 3850 2406 navem

2248 2453 2540 2522 τροπικῶς,
2585 2444 2735 2500 urbis
2784 2444 3102 2515 significans
3147 2442 3723 2515 pulchritudinem,et
3763 2458 3853 2499 re-

2252 2553 2370 2592 rum
2403 2536 2644 2592 omnium
2671 2536 3084 2602 abundantiam,
3114 2543 3174 2589 ut
3206 2545 3493 2605 postquam
3516 2535 3853 2590 universam

2251 2629 2394 2684 illius
2449 2629 2844 2696 supellectilem
2930 2627 3344 2698 descripserit,
3405 2628 3651 2693 malum,
3689 2635 3855 2682 ante-

2251 2736 2428 2788 mnas,
2461 2722 2622 2795 305
2653 2737 2853 2785 remos,
2885 2721 3032 2786 vela,
3064 2718 3301 2789 preram,
3347 2721 3590 2787 carinam
3616 2762 3629 2787 ,
3661 2719 3850 2787 funes,

2251 2816 2551 2883 opertoria,
2608 2813 2798 2882 pelles,
2830 2821 2886 2868 et
2925 2820 3122 2868 eictera
3147 2813 3347 2883 quibus
3370 2813 3590 2867 navium
3635 2812 3855 2882 optime

2254 2909 2641 2962 instructarum
2684 2921 2814 2961 usus
2847 2906 3100 2977 indiget:
3153 2914 3284 2961 tunc
3314 2915 3694 2975 tempestatem
3744 2905 3852 2971 illi,

2250 3008 2306 3055 et
2333 3009 2557 3055 ventum
2581 2996 2859 3063 austrum,
2882 3016 2989 3068 quo
3016 2996 3223 3054 ﬂuctus
3266 2998 3495 3053 maximi
3521 3013 3854 3054 commove-

2252 3094 2476 3160 buntur,
2510 3094 2701 3147 venire
2732 3092 3045 3157 denuntiet,
3076 3101 3134 3147 et
3169 3108 3287 3146 eam
3322 3091 3612 3161 subjacere
3631 3091 3859 3146 naufra-

544 3186 705 3257 (sive
737 3189 937 3258 dixisti,
988 3193 1315 3267 Circumdedi
1354 3188 1481 3253 mihi
1533 3218 1626 3275 ego
1680 3204 1939 3277 decorem)
1989 3216 2037 3259 et
2091 3209 2143 3262 in

2250 3186 2362 3256 gio.
2392 3183 2497 3239 Per
2540 3200 2661 3256 quo:
2711 3184 2983 3254 significat
3011 3183 3161 3240 urbis
3216 3184 3395 3255 Tyria:
3424 3183 3784 3238 eversionem
3824 3200 3854 3239 a

541 3282 698 3336 corde
728 3286 884 3338 maris
928 3287 1051 3342 sita.
1093 3289 1335 3345 Primum
1387 3293 1598 3349 crimen
1634 3306 1719 3351 est
1742 3297 1900 3369 Tyri,
1950 3300 2147 3369 siquid

546 3372 764 3432 videtur
796 3377 1003 3435 habere
1029 3381 1183 3451 boni,
1220 3399 1326 3438 non
1360 3384 1456 3440 Dei
1488 3397 1702 3457 putare,
1753 3391 1849 3445 sed
1882 3407 2060 3458 suum,
2094 3404 2148 3449 et

545 3466 710 3541 305
739 3487 955 3527 omnem
1009 3476 1503 3546 pulchritudinem,
1554 3499 1676 3552 quae
1707 3483 1783 3538 illi
1809 3484 1881 3540 de
1909 3485 2144 3542 diversis

549 3563 697 3649 venit
731 3565 1052 3633 regionibus
1081 3571 1320 3636 promise
1352 3574 1629 3629 aestimare
1653 3575 1950 3646 diligentiae
1981 3588 2143 3649 atque

544 3648 785 3712 virtutis.
835 3659 980 3715 Dixit
1004 3662 1149 3717 enim
1179 3681 1189 3716 :
1226 3662 1455 3736 Perfecti
1482 3668 1681 3723 decoris
1707 3687 1801 3742 ego
1823 3689 1956 3740 sum,
2021 3648 2144 3730 sive

542 3762 634 3818 ego
682 3749 809 3803 mihi
862 3751 1179 3807 circumdedi
1228 3755 1484 3820 decorem,
1536 3773 1658 3813 cum
1712 3762 1783 3816 sit
1835 3763 1885 3815 in
1937 3764 2141 3833 corde,

541 3838 645 3895 hoc
672 3851 776 3907 est,
809 3842 862 3897 in
897 3845 1080 3899 medio
1124 3847 1292 3901 maris
1319 3848 1424 3903 sita
1453 3891 1466 3916 ,
1499 3859 1556 3905 et
1599 3857 1757 3922 quasi
1802 3856 1978 3910 insula
2024 3872 2144 3911 mo-

543 3944 756 3999 veatur,
792 3934 1133 4005 etlluctuet,
1160 3948 1218 3994 et
1257 3943 1522 3997 undarum
1548 3943 1878 4003 illisionibus
1901 3949 2145 4005 confrin-

540 4034 720 4094 gatur.
749 4026 905 4095 Quod
939 4041 1122 4085 autem
1165 4048 1263 4087 cor
1312 4034 1503 4101 maris,
1544 4038 1785 4094 medium
1843 4042 2137 4112 signiticet,

541 4126 597 4170 et
624 4118 714 4172 ille
746 4120 1098 4190 propheticus
1115 4137 1297 4178 sermo
1322 4125 1667 4183 demonstrat
1692 4147 1704 4181 :
1731 4128 2015 4201 PrOpterea
2039 4150 2143 4187 non

538 4211 830 4267 timebimus
864 4230 982 4267 cum
1008 4218 1315 4272 conturbata
1360 4220 1517 4288 fuerit
1575 4233 1751 4290 terra,
1806 4204 1855 4278 et
1902 4226 2143 4281 translati

538 4314 735 4358 montes
762 4306 812 4359 in
834 4322 924 4360 cor
950 4309 1129 4363 maris.
1185 4309 1488 4366 Sonuerunt
1509 4322 1557 4367 et
1580 4314 1799 4370 turbata:
1845 4328 1965 4372 sunt
1996 4337 2145 4390 aqua:

542 4412 720 4449 eorum
743 4396 863 4469 (Ps.
898 4401 1102 4467 va,2,
1136 4401 1220 4472 5).
1276 4404 1380 4458 Sed
1430 4414 1485 4459 et
1539 4407 1803 4463 Dominus
1855 4419 2041 4466 no.~ter
2087 4414 2140 4467 in

541 4491 711 4545 corde
744 4501 928 4555 terrae,
960 4492 1066 4549 hoc
1094 4504 1200 4559 est,
1239 4498 1290 4551 in
1314 4498 1519 4563 medio,
1552 4502 1620 4554 ad
1647 4500 1752 4571 [AL
1787 4512 1841 4555 et
1881 4502 1972 4575 ad]
2006 4504 2143 4559 infe-

2251 3294 2378 3349 rege
2427 3276 2955 3343 Nabuchodonosor,
3012 3278 3151 3343 sive,
3211 3286 3268 3331 ut
3314 3278 3473 3332 multi
3508 3284 3723 3346 putant,
3785 3277 3855 3332 ab

2250 3370 2563 3426 Alexandro
2616 3386 2744 3442 rege
2804 3369 3198 3435 Macedonum,
3261 3368 3355 3439 qui
3415 3382 3512 3423 sex
3566 3367 3856 3425 mensibus

2250 3466 2420 3534 ipsam
2464 3463 2653 3519 urbem
2695 3462 3014 3532 obsedisse,
3040 3471 3094 3517 et
3123 3462 3340 3531 cepisse
3374 3470 3657 3526 narratur,
3694 3470 3854 3531 post-

2247 3572 2408 3628 quam
2439 3556 2662 3611 Darium
2711 3557 2840 3611 vicit
2880 3555 2936 3610 in
2986 3554 3364 3627 LyciaJnxta
3406 3555 3664 3626 mysticos
3713 3569 3855 3610 vero

2249 3650 2577 3717 intelleetus,
2634 3648 2909 3703 abietibus
2957 3649 3075 3703 sive
3130 3647 3312 3703 cedris
3362 3647 3432 3703 de
3474 3647 3661 3712 Sanir,
3691 3647 3855 3702 navis

2248 3744 2423 3813 Tyria:
2476 3744 2716 3798 tabulata
2774 3742 3098 3808 caeduntur,
3157 3741 3359 3812 quibus
3414 3741 3624 3797 texitur
3680 3750 3854 3811 atque

2246 3835 2633 3906 compingitur,
2666 3843 2721 3890 et
2752 3813 2919 3890 cedr‘o
2948 3832 3064 3889 sive
3094 3836 3379 3906 cyparisso
3401 3835 3467 3890 de
3491 3834 3703 3889 Libano
3737 3850 3856 3889 ma-

2247 3932 2331 3986 lus
2359 3930 2509 4001 ejus:
2540 3927 2567 3966 ἀ
2599 3929 2871 3984 abietibus
2904 3937 3130 3999 pr0pter
3161 3929 3456 3985 laevitatem
3503 3928 3610 4001 [ΑΙ.
3656 3927 3854 3984 levita-

2247 4026 2799 4097 tem]juncturasque
2852 4024 3167 4079 tabularum
3219 4024 3442 4079 mollius
3491 4022 3727 4079 invicem
3792 4037 3853 4078 se

2246 4120 2551 4174 tenentium
2595 4127 2757 4186 atque
2810 4116 3227 4172 mordentium:
3292 4117 3411 4171 sive
3440 4116 3641 4183 cedris,
3689 4114 3843 4186 quod

2247 4220 2450 4289 lignum
2510 4214 2850 4286 imputribile
2905 4223 3008 4269 est.
3061 4210 3137 4269 De
3195 4213 3355 4269 Sanir
3387 4223 3567 4268 autem
3616 4212 3850 4277 dicitur,

2246 4310 2391 4382 quod
2434 4311 2830 4380 interpretatur
2875 4308 2958 4360 uia
3000 4305 3224 4361 lucerna:
3253 4323 3271 4372 ;
3304 4315 3477 4360 autut
3512 4318 3614 4359 nos
3662 4304 3852 4359 verius

2247 4406 2617 4466 arbitramur,
2648 4403 2774 4455 dens
2818 4400 3133 4470 vigiliarum,
3182 4413 3254 4453 eo
3278 4398 3422 4468 quod
3466 4399 3646 4453 omnis
3693 4397 3855 4453 navis

2252 4496 2605 4567 prosperitas,
2661 4500 2718 4547 et
2747 4492 3040 4546 illustratio
3091 4490 3310 4545 venerit
3338 4506 3403 4545 ex
3434 4504 3568 4546 vero
3616 4489 3849 4545 lumine.

539 4598 630 4637 ros
686 4585 888 4640 dicitur
932 4586 1309 4647 descendisse.
1357 4592 1499 4647 Vera
1552 4605 1732 4651 autem
1792 4607 1846 4650 ei
1892 4599 2138 4669 perfecta
2171 4579 2225 4638 D
2249 4591 2412 4645 Sanir
2437 4597 2618 4643 autem
2642 4600 2798 4640 mons
2823 4586 3228 4653 juxtalitteram
3262 4585 3379 4653 ipse
3404 4594 3489 4639 est
3515 4584 3605 4653 qui
3636 4593 3692 4639 et
3714 4584 3854 4640 Iler-

539 4677 895 4746 pulchritudo
942 4680 995 4734 in
1028 4683 1179 4736 nullo
1214 4685 1519 4753 hominum,
1552 4689 1657 4742 nisi
1693 4690 1745 4743 in
1778 4690 1984 4746 Christi
2014 4708 2137 4749 cor-

541 4786 694 4839 pore,
744 4772 891 4841 quod
943 4773 1340 4845 interpretatur
1393 4780 1637 4838 Ecclesia
1668 4825 1681 4845 .
1730 4792 1786 4837 et
1836 4786 2132 4840 multorum

539 4872 854 4918 sanctorum
904 4866 1207 4923 virtutibus
1257 4884 1647 4942 congregatur.
1708 4874 1863 4929 Unde
1907 4886 1963 4931 et
2019 4878 2136 4946 ipse

535 4956 779 5024 loquitur
808 4957 874 5011 ad
900 4972 1160 5027 Sponsam
1192 4980 1203 5015 :
1235 4961 1365 5016 Tota
1395 4963 1617 5033 pulchra
1640 4982 1724 5032 es,
1744 4968 1983 5037 proxima
1998 4984 2131 5035 mea,

534 5058 583 5101 et
613 5050 819 5104 macula
844 5068 948 5105 non
972 5062 1045 5107 est
1072 5054 1125 5107 in
1156 5064 1205 5109 te
1233 5053 1409 5126 (Cant.
1440 5073 1513 5121 tv,
1546 5057 1623 5126 7).

604 5235 748 5319 ‘Sic
801 5239 1004 5297 habent
1059 5254 1181 5319 post
1224 5243 1429 5301 Victor.
1478 5260 1612 5302 mss.
1639 5261 1853 5316 quoque
1914 5248 2109 5302 nostri.

532 5307 899 5383 Martianants,
929 5307 1391 5383 post'Erasmum,
1424 5307 1745 5373 sententidm.

556 5450 570 5463 ο
604 5378 631 5418 b
670 5382 771 5447 Qui
800 5397 901 5463 suo
929 5378 1071 5463 :loco
1097 5378 1474 5463 subsequitun
1495 5405 1561 5443 ex
1589 5388 1729 5444 LXX
1787 5390 2116 5463 interpreta-

530 5455 679 5529 tione
718 5455 1039 5529 versiculus,
1097 5458 1184 5513 hic
1209 5455 1423 5529 quoque
1453 5461 1675 5526 frustra,
1708 5470 1868 5519 atque
1909 5455 2116 5515 incom-

530 5521 786 5601 modo_ad
816 5521 1303 5601 seriemorationis
1323 5521 1573 5601 respectu
1599 5521 1921 5599 ponebatur,
1952 5546 2115 5601 quem

530 5607 631 5647 nos
651 5594 718 5648 ad
749 5611 882 5655 mss.
917 5598 1076 5654 [idem
1124 5594 1521 5672 expungim'us,
1557 5594 1613 5657 et
1637 5618 1738 5658 suo
1778 5604 1949 5658 semel
1973 5594 2119 5659 "loco

530 5678 899 5723 recensemus.

606 5737 1060 5811 {Leguntiidem
1108 5743 1348 5800 editores
1405 5744 1618 5801 Erasm.
1670 5754 1729 5801 et
1757 5746 2127 5811 Marian.,se-

526 5809 766 5866 condam
788 5828 979 5869 vocem
1002 5813 1234 5879 benaicli,
1265 5831 1387 5884 quae
1410 5818 1545 5882 ﬁlios
1567 5828 1679 5872 tuos
1702 5817 1967 5887 significat
1986 5809 2007 5881 ;’
2025 5818 2123 5875 sed

2248 4699 2399 4747 mon,
2427 4696 2588 4751 quem
2617 4680 2706 4733 alii
2741 4688 2942 4733 vocant
2966 4677 3189 4733 Sanior.
3223 4679 3371 4750 Lege
3402 4678 3713 4733 historiam.
3752 4680 3849 4733 Li-

2246 4778 2412 4829 banus
2460 4774 2850 4842 interpretatur
2897 4772 3134 4837 candor,
3183 4772 3300 4827 sive
3345 4771 3647 4826 dealbotio:
3699 4772 3848 4842 quod

2243 4879 2301 4925 et
2348 4870 2521 4938 ipsmu
2578 4865 2643 4919 ad
2690 4866 2919 4935 gratiam
2952 4864 3187 4933 pertinet
3230 4863 3452 4918 aliunde
3500 4861 3844 4921 venientem.

2314 4962 2494 5034 (Vers.
2526 4959 2619 5029 6.)
2659 4958 2892 5024 Quercus
2929 4959 2992 5011 de
3022 4955 3195 5012 Busan
3237 4958 3545 5012 dolaverunt
3578 4958 3651 5039 in.
3674 4974 3845 5013 remos

2244 5068 2361 5111 tuos
2392 5072 2411 5111 :
2443 5064 2671 5109 transtra
2710 5061 2800 5106 tua
2842 5054 3071 5123 fecerunt
3122 5051 3214 5105 tibi
3259 5067 3324 5106 ea:
3370 5051 3521 5106 ebore
3550 5051 3758 5120 Indico,
3795 5063 3843 5108 et

2221 5261 2327 5300 non
2371 5244 2556 5311 legunt
2582 5240 2815 5308 primam
2868 5236 3116 5311 bonaich,
3169 5250 3293 5303 quin
3316 5238 3845 5311 ctementarios,si_ve

2219 5308 2561 5385 wdiﬁcaiores
2586 5322 2702 5365 tuos
2730 5318 2906 5364 sonat.
2941 5308 3205 5385 Distincte
3240 5316 3418 5362 tamen
3462 5322 3611 5385 _ms_s.
3640 5309 3843 5385 “cadi-

2222 5379 2333 5443 ccs'
2354 5385 2593 5441 retinent
2647 5397 2811 5436 voces
2852 5395 2881 5433 a
2924 5380 3078 5433 nobis
3109 5380 3325 5443 editas;
3370 5379 3513 5434 unde
3553 5380 3727 5435 facilis
3758 5394 3844 5436 est

2202 5458 2560 5527 conjectura,
2609 5454 2754 5508 nulla
2812 5450 3177 5527 manuscripta
3251 5451 3843 5527 esemplaria‘cnntu-

2224 5522 2356 5585 lisse
2384 5542 2509 5583 mox
2536 5527 2733 5581 citatos
2761 5535 3018 5577 auctores
3047 5523 3114 5578 ad
3169 5522 3567 5579 restitutionem
3610 5524 3839 5580 Hebrai-

2226 5616 2417 5657 corum
2449 5599 2763 5654 verborum.
2791 5594 2971 5650 ΜΑιιτ.

2296 5671 2323 5709 ά
2365 5670 2591 5741 Snpplet
2618 5668 2841 5738 Victor,
2891 5665 3251 5739 quorumdam
3271 5680 3376 5737 Ope
3433 5680 3564 5723 mss.
3608 5666 3838 5725 verbum

2234 5743 2468 5817 erigitur.
