4038 6328
339 228 442 285 249

959 228 1609 287 COMMENTARIORUM
1650 229 1715 286 IN
1753 185 2200 288 EZECHIELEM
2241 229 2373 287 LIB.
2417 230 2551 288 VIII.
2594 231 2748 289 CAP.
2792 213 3010 288 XXVII.

3536 229 3644 287 9.50

329 345 646 413 pretariola
677 347 741 402 de
764 346 952 402 insulis
971 344 1338 403 Italite.‘LXX
1367 363 1381 401 :
1408 344 1485 401 De
1505 344 1682 401 Busan
1708 345 1940 416 fecerunt
1967 345 2021 408 Α
2044 345 2400 417 suspenditur
2425 344 2570 400 malo
2593 389 2607 414 ,
2647 355 2702 402 et
2745 347 3155 417 operimentum
3188 343 3363 412 illius,
3405 344 3548 414 quod
3589 344 3645 399 in

324 451 510 490 remos
531 445 672 504 tuos,
697 447 743 493 et
772 438 964 507 templa
993 447 1104 506 tua,
1134 447 1184 493 et
1217 440 1449 510 fecerunt
1477 437 1570 492 tibi
1590 453 1654 492 ea:
1673 436 1820 493 ebore
1841 437 1938 490 do-

323 545 443 583 mos
478 534 744 586 siluestres
775 533 837 588 de
857 532 1040 587 insulis
1065 531 1324 586 Chettiim.
1359 531 1567 600 Quanta
1597 529 1940 599 pulchritudo

317 625 530 690 navis,
558 635 618 680 et
646 625 1001 693 supellectilis
1025 625 1176 696 ejus,
1212 633 1268 678 ut
1293 639 1474 680 remos
1505 625 1731 679 haberet
1757 623 1936 679 cedri-

315 732 456 784 nos,
489 736 602 774 non
633 720 913 776 undelibet
937 766 951 788 ,
978 720 1075 774 sed
1103 719 1171 774 de
1201 718 1402 786 BaSan,
1429 727 1484 773 et
1513 728 1748 773 transtra
1778 718 1938 772 ebur-

313 822 467 875 nea,
515 820 569 865 et
605 811 936 881 praetoricia,
968 809 1085 866 sive
1121 809 1342 865 cellaria
1367 851 1381 875 ,
1413 809 1467 864 in
1501 809 1699 878 quibus
1729 822 1936 864 merces

311 902 757 970 pretiosissimae
790 913 1146 973 reponuntur,
1179 903 1248 957 de
1273 901 1462 957 insulis
1492 899 1765 967 Chettiitn,
1793 900 1936 972 quod

311 1009 426 1050 nos
478 997 532 1050 in
569 994 788 1050 Italiam
829 995 1096 1052 vertimus
1129 1013 1142 1050 :
1185 1011 1252 1050 ex
1278 1011 1338 1050 ea
1370 996 1591 1066 regione
1628 1009 1748 1066 qua:
1780 993 1933 1050 Cra:-

311 1089 426 1142 cia':
471 1091 833 1162 propinquior
861 1099 990 1158 est,
1023 1104 1214 1146 omnes
1252 1089 1682 1145 Occidentalium
1727 1087 1932 1144 insula-

311 1197 452 1236 rum
486 1195 670 1254 partes
701 1185 1087 1256 intelligentes.
1116 1185 1368 1240 Dicamus
1400 1199 1528 1256 ergo
1553 1183 1704 1255 juxta
1733 1199 1934 1255 anagn-

309 1290 462 1345 geu,
496 1293 680 1332 remus
711 1278 826 1333 ﬁeri
861 1279 1013 1334 navis
1038 1279 1215 1351 Tyria:
1241 1279 1310 1334 de
1339 1279 1536 1344 Bazan,
1567 1279 1633 1334 de
1660 1295 1762 1350 qua
1786 1289 1840 1334 ct
1876 1280 1928 1335 in

309 1366 566 1424 Psalmis
596 1371 850 1429 scribitur
881 1391 892 1422 ;
925 1371 1069 1426 Dixit
1097 1369 1354 1428 Dominus
1374 1415 1388 1440 ,
1419 1371 1483 1426 de
1517 1371 1696 1426 Bazan
1724 1390 1929 1427 ronrer-

307 1471 432 1515 tam
461 1463 528 1515 de
550 1463 813 1534 profundo
841 1465 998 1518 maris
1031 1463 1146 1536 (Ps.
1179 1481 1348 1534 vatt,
1381 1466 1511 1539 ‘25).
1551 1467 1716 1522 Basau
1743 1467 1795 1521 in
1827 1466 1930 1521 lin-

301 1567 422 1623 ειη
482 1566 673 1611 nostra
723 1556 1112 1627 interpretatur
1145 1559 1454 1630 ignominia.
1499 1561 1603 1615 Eos
1645 1562 1809 1630 igitur
1835 1559 1925 1630 qui

301 1644 554 1702 fuerunt
598 1649 648 1703 in
690 1648 961 1720 profundo
1008 1653 1208 1718 maris,
1241 1660 1297 1708 et
1335 1653 1628 1722 ignominia
1670 1665 1923 1726 peccato.

2043 438 2174 494 solis
2197 439 2378 494 calore
2409 448 2571 508 atque
2607 439 2902 512 tranquillo
2937 443 3114 495 nautis
3143 448 3306 510 atque
3336 436 3645 493 vectoribus

2044 531 2255 600 przebet
2305 530 2682 585 umbraculnm
2710 576 2724 599 ,
2765 530 2836 585 de
2862 529 3159 603 hyacintho
3189 539 3243 586 et
3277 545 3514 600 purpura
3548 528 3642 596 lit;

2041 637 2164 692 qua:
2197 631 2324 677 sunt
2351 623 2419 679 de
2451 623 2643 678 insulis
2676 622 2820 678 Elisa
2843 663 2858 689 ,
2893 622 3028 678 Ionii
3059 623 3225 678 maris
3255 623 3336 678 sic
3362 621 3644 693 appellans

2041 719 2268 773 insulas.
2301 718 2473 773 Porro
2496 718 2652 788 juxta
2697 717 3054 787 Septuaginta
3084 717 3152 772 de
3187 717 3354 787 bysso
3396 718 3448 771 in
3500 726 3643 773 stra-

2042 819 2176 876 tum,
2204 818 2260 866 et
2287 810 2339 864 in
2368 810 2612 880 requiem
2631 810 2812 881 Tyrias
2839 807 2994 863 navis
3025 809 3322 863 velamenta
3358 811 3638 873 texuntur,

2038 911 2098 956 ut
2120 901 2206 956 his
2236 915 2426 971 operta
2457 903 2750 974 gloriosior
2778 904 2882 970 sit,
2919 913 2974 957 et
3020 903 3352 957 circumdata
3382 891 3637 958 amictum

2040 996 2239 1052 habeat
2273 997 2664 1066 pulchriorem.
2712 999 2942 1070 Byssum
2974 1007 3154 1051 autem
3196 997 3393 1054 referti
3426 999 3490 1052 ad
3523 1005 3639 1054 ter-

2036 1105 2173 1156 ram,
2204 1089 2326 1160 quia
2356 1105 2422 1146 ex
2450 1099 2595 1145 terra
2617 1089 2816 1156 oritur,
2849 1099 2903 1144 et
2929 1088 3282 1161 hyacinthum
3315 1089 3382 1143 ad
3412 1105 3593 1146 acrem
3620 1131 3636 1158 ,

2038 1197 2331 1251 purpuram
2361 1183 2426 1236 ad
2457 1199 2602 1237 mare
2625 1198 2692 1238 ex
2715 1199 2822 1253 quo
2850 1182 3158 1250 coniicitur,
3191 1181 3374 1236 addito
3414 1184 3638 1238 'coccino

2035 1273 2117 1328 bis
2143 1273 2341 1342 tincto,
2369 1275 2562 1345 quibus
2589 1274 2870 1328 Poutilicis
2897 1274 3224 1328 veStimenta
3253 1273 3412 1344 307
3447 1282 3641 1328 texun-

2035 1374 2141 1428 tur,
2173 1381 2320 1436 smpe
2340 1367 2718 1421 admonuimus
2741 1367 2884 1436 quod
2915 1377 3146 1433 quatuor
3173 1367 3447 1422 elementa
3473 1367 3638 1437 signi-

2031 1457 2228 1513 licent:
2267 1469 2488 1528 terram,
2525 1461 2700 1531 ignem
2729 1501 2742 1523 ,
2773 1475 2955 1514 aerem
2981 1501 2996 1526 ,
3039 1469 3092 1515 et
3118 1475 3312 1529 aquas,
3346 1475 3409 1515 ex
3439 1460 3638 1531 quibus

2028 1563 2282 1609 constant
2305 1557 2510 1619 omnia,
2535 1571 2656 1626 quae
2678 1555 2779 1609 sibi
2800 1555 3028 1609 assumit
3051 1553 3254 1624 Tyrus,
3278 1564 3338 1609 ut
3358 1553 3452 1610 Dei
3482 1570 3638 1610 crea-

2029 1647 2163 1701 turis
2214 1662 2322 1702 non
2369 1659 2553 1702 utatur
2593 1663 2714 1702 cum
2761 1653 2974 1719 gratia,
3021 1646 3117 1702 sed
3168 1648 3357 1701 dicat:
3403 1644 3638 1703 Perfecti

301 1751 472 1804 rum,
503 1743 778 1800 convertit
813 1741 984 1810 Deus,
1013 1752 1066 1798 ct
1087 1746 1354 1800 convertit
1386 1747 1439 1800 in
1472 1763 1673 1816 remos,
1710 1755 1767 1802 ut
1801 1761 1922 1802 cum
1956 1729 2004 1798 B
2030 1738 2245 1794 decoris
2267 1754 2370 1810 ego
2391 1755 2532 1794 sum:
2558 1741 2664 1806 vel,
2687 1741 2940 1796 decorem
2971 1740 3102 1795 mihi
3132 1741 3244 1810 ipsa
3271 1737 3632 1794 circumdedi.

297 1832 608 1902 Apostolis
631 1837 966 1907 navigantes,
998 1840 1209 1909 possint
1233 1840 1296 1894 ad
1322 1848 1542 1908 terram,
1573 1851 1626 1896 et
1669 1841 1833 1914 306
1859 1841 1926 1898 ad

299 1923 510 1980 littora
537 1930 824 1996 pervenire
857 1946 871 1994 ;
904 1939 961 1986 et
987 1931 1121 1986 liunt
1147 1938 1386 1988 transtra
1435 1933 1503 1988 de
1536 1927 1722 1989 'ebore
1745 1976 1760 2002 ,
1801 1949 1924 1989 cum

299 2019 782 2075 mortiﬁcaverint
810 2027 1036 2091 corpora
1066 2041 1204 2080 sua:
1249 2026 1334 2081 vel
1381 2043 1537 2082 usum
1581 2027 1826 2083 dentium
1855 2029 1922 2083 ad

302 2104 518 2162 Iaudes
554 2110 648 2166 Dei
678 2114 1014 2170 contulerint
1037 2159 1052 2184 ,
1085 2129 1143 2173 et
1179 2121 1487 2187 pra-.toriola
1511 2163 1525 2185 ,
1557 2122 1673 2178 sive
1703 2122 1921 2178 cellaria

301 2201 382 2259 de
437 2205 636 2262 insulis
672 2207 924 2264 Cbettiiut
951 2253 966 2278 ,
1010 2229 1129 2283 quas
1173 2215 1323 2285 juxta
1367 2216 1616 2273 Ilebraici
1651 2216 1920 2274 sermonis

299 2300 712 2372 etymologiam
738 2306 973 2360 vertitur
1003 2307 1056 2361 in
1086 2324 1404 2379 percussam,
1437 2320 1496 2365 ut
1517 2313 1688 2382 plagis
1714 2313 1917 2368 diaboli

297 2407 428 2446 non
462 2402 574 2448 tarn
603 2394 887 2453 interiecta
920 2399 1025 2470 sit,
1058 2419 1218 2471 quam
1254 2406 1495 2474 probata.
1532 2407 1826 2464 Possumus
1850 2426 1917 2466 ex

296 2485 510 2553 ebore,
539 2495 596 2542 et
614 2488 896 2546 silvestres
912 2491 1106 2550 domos
1127 2495 1312 2550 dicere
1336 2496 1403 2552 de
1424 2499 1615 2554 insulis
1633 2499 1914 2568 Chettiim,

295 2594 453 2648 quas
489 2581 734 2638 haeretici
764 2599 870 2638 non
903 2587 956 2640 in
997 2588 1160 2643 domo
1195 2590 1308 2654 Dei,
1344 2591 1440 2646 sed
1483 2593 1532 2646 in
1588 2595 1710 2649 navi
1751 2595 1912 2665 Tyria

293 2671 584 2731 fabricare
609 2689 901 2734 conantur.
928 2667 997 2736 Et
1025 2683 1123 2752 ipsi
1148 2683 1410 2741 habentes
1441 2687 1576 2743 ebur
1605 2704 1764 2744 suum
1794 2705 1913 2746 ser-

295 2769 530 2836 mOnis,
582 2783 637 2826 et
682 2773 879 2844 lingua:
925 2775 1285 2837 aediﬁcantes.
1313 2782 1512 2849 templa
1561 2781 1658 2837 Dei
1709 2785 1914 2854 templo

297 2863 613 2930 contraria,
643 2865 903 2923 etdomos
923 2869 1230 2939 silvestres,
1262 2873 1566 2930 ltabitacula
1591 2877 1909 2945 bestiarum,

295 2971 434 3012 cum
463 2959 748 3029 Scriptura
771 2963 918 3020 dicat
945 2965 998 3020 in
1027 2965 1194 3022 domo
1224 2969 1315 3023 Dei
1345 2985 1588 3040 nemora,
1639 2982 1694 3028 et
1719 2975 1907 3042 silvas,

294 3065 368 3106 ac
403 3052 556 3108 lucos
582 3072 691 3110 non
721 3073 840 3113 csse
866 3060 1188 3128 plantandos
1219 3062 1398 3135 (Deut.
1434 3063 1552 3137 xu).

2111 1832 2289 1902 (Vers.
2311 1834 2363 1898 8,
2399 1830 2480 1903 9.)
2505 1831 2843 1888 IIabitatores
2872 1833 3110 1898 Sidonis,
3129 1841 3179 1886 et
3204 1831 3390 1886 Aradii
3419 1831 3634 1903 fuerunt

2031 1926 2251 1998 remiges
2282 1927 2380 1980 tui.
2414 1927 2692 1995 Sapientes
2720 1929 2796 1981 tui
2825 1971 2839 1995 ,
2873 1927 3030 1998 Tyre,
3067 1927 3196 1995 {acti
3226 1936 3343 1981 sunt
3375 1926 3634 1997 guberna-

2029 2027 2162 2072 tores
2204 2019 2301 2070 tui.
2348 2016 2510 2072 Senes
2546 2017 2705 2070 Biblii
2743 2026 2788 2072 et
2825 2019 3102 2086 prudentes
3140 2020 3255 2090 ejus
3295 2018 3630 2089 prwbuerunl

2026 2120 2212 2165 nautas
2251 2112 2319 2164 ad
2345 2111 2696 2165 ministerium
2725 2112 2885 2166 varice
2912 2110 3248 2183 supellectilis
3284 2121 3407 2165 litat.
3435 2109 3628 2166 Omnes

2025 2220 2179 2258 naves
2213 2206 2404 2270 maris,
2433 2213 2480 2259 et
2503 2216 2675 2259 nauta:
2701 2222 2882 2260 earum
2906 2208 3122 2277 fuerunt
3153 2207 3210 2260 in
3241 2205 3438 2278 popqu
3469 2221 3629 2278 nego-

2023 2297 2251 2351 tiationis
2282 2305 2404 2354 tute.
2443 2296 2584 2352 LXX
2617 2314 2630 2350 :
2673 2295 2946 2368 Principes
2984 2297 3058 2350 tui
3098 2296 3400 2352 habitabant
3434 2297 3487 2350 in
3533 2295 3625 2350 Si-

2020 2390 2154 2445 done
2179 2408 2210 2458 ,·
2237 2401 2283 2444 et
2323 2390 2507 2444 Aradii
2545 2391 2757 2460 fuerunt
2799 2393 3018 2464 remiges
3059 2391 3158 2445 tui.
3229 2391 3507 2464 Sapientes
3549 2393 3630 2446 tui

2022 2482 2126 2538 Sor
2145 2484 2233 2550 qui
2257 2493 2404 2538 erant
2430 2484 2485 2536 in
2511 2493 2590 2549 te,
2621 2484 2706 2537 isti
2735 2484 3104 2557 gubernatores
3128 2485 3224 2537 tui.
3255 2482 3418 2538 Senes
3440 2481 3618 2548 Biblii,
3679 2512 3697 2530 ο

2019 2586 2066 2630 et
2095 2577 2351 2646 sapientes
2390 2579 2504 2644 ejus
2544 2587 2692 2631 erant
2715 2577 2768 2630 in
2810 2586 2903 2631 te:
2942 2577 3028 2632 isti
3055 2575 3420 2647 confortabant
3451 2577 3622 2631 consi-

2017 2668 2145 2723 lium
2172 2679 2336 2734 tuum,
2370 2679 2417 2724 et
2456 2686 2627 2726 omnes
2675 2687 2829 2725 nares
2866 2673 3027 2725 maris
3048 2709 3061 2736 ι
3105 2680 3151 2725 et
3181 2671 3401 2741 remiges
3436 2687 3614 2726 earum

2016 2762 2142 2832 facti
2171 2773 2288 2816 sunt
2321 2763 2410 2816 tibi
2445 2765 2498 2834 in
2529 2763 2858 2818 Occidentem
2901 2747 3219 2820 Occidentis.
3258 2764 3479 2820 Dixerat
3519 2781 3614 2820 su-

2016 2870 2111 2924 pra
2139 2871 2152 2907 :
2185 2853 2428 2910 Finitimi
2449 2857 2524 2910 tui
2548 2857 2635 2928 qui
2658 2867 2706 2911 te
2725 2858 3132 2926 ardiﬁcat'erunt,
3161 2858 3501 2928 impleverunt
3524 2860 3615 2912 de-

2013 2963 2178 3000 corem
2211 2956 2358 3001 tuum
2377 2957 2714 3018 :-authuam
2745 2950 2965 3004 veniunt
2997 2949 3065 3004 ad
3095 2965 3190 3005 eos
3215 2952 3306 3020 qui
3331 2951 3492 3022 longe
3520 2952 3614 3006 ha-

2015 3039 2218 3104 bitant,
2254 3041 2626 3109 proximarum
2658 3043 3056 3110 provinciarum
3085 3042 3343 3099 describit
3377 3043 3606 3100 auxilia.

381 3147 565 3216 (Vers.
600 3149 678 3222 7.)
716 3149 914 3223 Bgssus
939 3156 1083 3210 varia
1110 3156 1172 3210 de
1195 3129 1430 3230 xliggpto
1455 3129 1592 3214 testa
1636 3171 1708 3217 est
1737 3163 1830 3220 tibi
1851 3165 1906 3217 in
1937 3131 1982 3196 C
2014 3129 2370 3230 be‘fm'“,
2419 3132 2615 3230 if'ﬁ‘m-
2663 3134 2761 3197 ωδ
2815 3133 2931 3189 sive
2973 3134 3247 3203 prmcipes
3295 3134 3514 3190 Sidoni”
3559 3145 3614 3191 et

294 3241 502 3308 velum,
534 3252 592 3296 ut
620 3257 899 3316 poneretur
924 3249 977 3302 in
1009 3251 1151 3304 malo
1175 3267 1193 3304 :
1233 3251 1543 3322 hyacinthus
1579 3263 1629 3309 et
1676 3272 1910 3329 purpura

297 3337 370 3389 de
399 3337 587 3392 insulis
615 3338 784 3407 Eliso,
818 3343 958 3414 facta
983 3354 1104 3400 sunt
1130 3346 1511 3416 operimentum
1538 3359 1704 3403 tuum.
1729 3349 1903 3405 LXX:

297 3429 502 3502 Byssus
533 3449 654 3487 cum
683 3436 928 3491 varietate
954 3438 1019 3492 de
1041 3437 1278 3512 gypto
1303 3441 1442 3510 facta
1471 3451 1544 3496 est
1571 3443 1664 3496 tibi
1689 3444 1743 3498 in
1771 3453 1907 3498 stra-

297 3532 412 3576 tum
439 3565 455 3587 ,
493 3538 548 3578 ut
581 3527 923 3584 circumdaret
955 3531 1048 3584 tibi
1081 3533 1340 3604 gloriam,
1369 3545 1416 3587 et
1447 3535 1670 3605 operiret
1701 3545 1750 3590 te
1777 3534 1907 3607 hya-

297 3619 506 3686 cintho,
537 3631 590 3674 et
615 3639 876 3692 purpura,
914 3625 976 3678 de
1002 3625 1187 3680 insulis
1212 3625 1387 3682 Elissa
1418 3628 1558 3696 {acta
1594 3621 1719 3682 sunt
1755 3645 1904 3697 oper-

296 3712 440 3764 toria
485 3722 595 3766 tua.
635 3713 769 3782 Quia
803 3713 1016 3770 dixerat
1040 3716 1240 3788 Tyrus,
1288 3719 1520 3791 Perfecti,
1557 3721 1756 3775 decoris
1810 3737 1900 3791 ego

295 3819 441 3870 sum,
467 3805 549 3860 vel
585 3806 899 3861 circumdedi
926 3810 1058 3864 mihi
1085 3811 1204 3880 ipsa
1233 3811 1692 3882 pulchritudinem,
1721 3818 1902 3884 argui-

298 3904 392 3952 tur
409 3899 544 3965 quid
586 3913 614 3952 a
642 3901 868 3971 singulis
906 3905 1181 3972 acceperit
1210 3905 1548 3975 regionibus,
1599 3908 1898 3964 secundum

293 3987 433 4043 illud
471 3991 807 4062 Scriptura:
845 3995 982 4060 Quid
1013 3995 1166 4052 habes
1191 3999 1334 4068 quod
1363 4015 1465 4053 non
1507 4001 1798 4069 accepisti?
1838 4002 1899 4057 Si

295 4093 476 4136 autem
513 4088 762 4157 accepisti
791 4130 806 4154 ,
855 4091 980 4158 quid
1023 4093 1264 4161 gloriaris
1304 4095 1453 4164 quasi
1497 4112 1601 4149 non
1641 4099 1898 4166 acceperis

295 4174 318 4247 (
353 4175 369 4229 I
409 4173 534 4230 Cor.
581 4194 652 4245 tv,
691 4181 804 4249 7)?
851 4181 1186 4240 Describitur
1225 4201 1355 4256 ergo
1387 4188 1517 4258 quid
1560 4206 1897 4261 unaquaque

294 4268 479 4325 mittat
497 4272 798 4341 provincia,
817 4277 1115 4334 secundum
1139 4277 1270 4334 illud
1283 4280 1636 4352 Virgilianum
1655 4283 1891 4356 (Georg,

292 4360 390 4417 lib.
426 4361 468 4435 ι)
499 4381 512 4418 ε

422 4457 561 4507 India
581 4460 732 4511 mittit
757 4462 880 4512 ebur
904 4477 917 4513 :
947 4465 1121 4515 molles
1141 4479 1229 4516 sua
1254 4468 1396 4518 thura
1421 4469 1581 4521 Sabaei
1605 4486 1616 4520 :

417 4522 484 4632 ἐξ
512 4521 724 4633 ἓιιςδθδ
745 4525 853 4574 duri
876 4526 1079 4588 ferrum,
1117 4530 1370 4595 virosaque
1388 4533 1574 4584 Pontus

459 4597 510 4633 's
567 4599 673 4633 rea.

459 4597 673 4646 astorea,

289 4698 344 4742 et
369 4699 592 4745 cratera.
625 4691 830 4764 Byssus
864 4695 918 4750 in
963 4695 1205 4770 Egypto
1233 4717 1394 4770 quam
1445 4704 1678 4758 maxime
1711 4706 1891 4761 nasci-

291 4788 397 4848 tur,
432 4797 499 4838 ex
533 4797 642 4855 qua
670 4795 987 4844 contextum
1013 4800 1098 4846 est
1119 4792 1301 4864 Tyria:
1323 4796 1476 4850 navis
1505 4797 1712 4865 velum,
1743 4801 1887 4870 quod

362 4934 389 4962 ι
431 4926 668 5004 consule
709 4928 1047 5004 Sgaligerum
1089 4933 1141 4988 in
1182 4933 1430 5004 Append.
1474 4937 1540 4991 ad
1583 4939 1783 4994 librum
1826 4941 1894 4996 de

293 4996 692 5080 I-lmendatione
741 4996 1097 5072 Tcm'porum.
1147 4996 1424 5063 Victorius
1469 5025 1685 5080 quoque
1733 5011 1916 5067 Biblii.

291 5104 452 5157 supra
487 5103 654 5162 atque
697 5092 847 5170 inira
884 5096 988 5170 legi
1035 5098 1148 5170 vult
1188 5099 1254 5151 ad
1302 5098 1588 5154 Hebrmum
1614 5085 1715 5164 ‘73:
1743 5145 1756 5168 ,
1807 5105 1890 5159 fa-

290 5176 548 5241 ctumque
567 5179 768 5241 errore
791 5166 1144 5241 librariorum
1175 5186 1340 5239 penes
1364 5171 1508 5226 LXX
1533 5166 1760 5241 meum»,
1791 5193 1890 5241 pro

290 5235 520 5289 meum.
553 5236 624 5310 At
655 5251 786 5310 vero
815 5235 1186 5308 quaestionem
1220 5244 1465 5310 pra:cidit
1498 5260 1717 5300 onmem
1749 5235 1891 5302 'IIic-

291 5319 549 5387 ronytpus
583 5309 637 5387 ill
670 5309 978 5387 Eusebiano
997 5311 1160 5387 Libro
1188 5309 1462 5387 Locorum
1494 5315 1558 5368 ad
1585 5315 1886 5387 BAIitteram

291 5392 373 5454 ex_
401 5376 556 5432 libris
589 5378 826 5454 Begum,
857 5380 1074 5454 Biblos,
1105 5385 1385 5454 inquiens,
1419 5386 1596 5442 civitas
1624 5385 1886 5444 thnicis

287 5450 436 5518 cujus
463 5452 696 5526 meminit
737 5451 1008 5526 Ezechiel,
1051 5472 1146 5526 pro
1183 5450 1286 5521 qua
1324 5450 1379 5512 in
1413 5455 1670 5513 Hebraico
1717 5463 1886 5516 conti-

287 5532 437 5603 netur
759 5519 1136 5603 lidetnitaque
1167 5519 1325 5585 lliblii
1353 5538 1481 5586 sunt
1510 5542 1670 5603 atque
1694 5531 1879 5589 Giblii.

289 5589 517 5667 \’id._lll
547 5596 682 5667 Heg.
715 5613 763 5666 v,
793 5601 846 5654 in
881 5595 1010 5656 line.

356 5663 402 5743 b_
426 5663 770 5743 Iloclfs'almi
804 5673 1178 5728 testimonium
1209 5673 1435 5729 laudans
1473 5674 1530 5730 S.
1565 5675 1791 5743 Doctor,
1823 5687 1883 5733 ut

283 5738 474 5806 probet
503 5738 756 5810 Sidonios
797 5744 849 5799 in
871 5755 1139 5801 renatores
1168 5746 1326 5814 verti,
1356 5750 1633 5807 memoriae
1666 5738 1880 5806 videtur

2017 3226 2222 3294 Aradii,
2255 3243 2374 3297 qua;
2407 3228 2582 3282 vicina
2613 3240 2692 3284 eSt
2728 3229 2898 3282 insula
2927 3269 2941 3295 ,
2979 3229 3212 3300 remiges
3245 3231 3340 3284 ttti.
3379 3230 3612 3299 Sapien-

2013 3327 2096 3373 tes
2124 3318 2234 3383 tui,
2267 3335 2300 3374 ο
2329 3319 2504 3390 Tyre,
2549 3319 2673 3375 facti
2707 3332 2828 3375 sunt
2859 3323 3256 3392 gubernatores
3281 3325 3376 3378 tui.
3407 3324 3489 3379 Ad
3523 3339 3612 3379 sa-

2013 3410 2223 3478 pientes
2253 3411 2398 3465 enim
2431 3413 2653 3481 pr0prie
2682 3416 2917 3482 pet-tinet
2951 3415 3294 3483 gubernatio,
3325 3415 3609 3486 Scriptura

2007 3501 2224 3558 dicente
2255 3521 2267 3558 :
2303 3505 2501 3571 Quibus
2532 3522 2634 3559 non
2663 3518 2740 3560 est
2769 3507 3098 3578 gubernatio,
3128 3509 3312 3562 cadent
3340 3511 3492 3580 quasi
3521 3511 3607 3580 fo-

2008 3596 2080 3650 lia
2109 3598 2128 3668 (
2161 3596 2316 3652 Pror.
2352 3614 2425 3665 XI,
2460 3616 2562 3653 sec.
2596 3598 2786 3669 LXX).
2821 3600 2994 3656 Senes
3025 3602 3140 3655 sive
3179 3602 3425 3656 seniores
3459 3611 3483 3638 λ
3515 3602 3604 3658 Iti-

2007 3689 2098 3745 blii
2126 3731 2141 3757 ,
2173 3700 2227 3745 et
2254 3690 2548 3760 prudentes
2579 3692 2696 3761 ejus
2730 3693 3080 3762 praebuerunt
3114 3700 3308 3749 nautas
3338 3695 3404 3750 ad
3434 3697 3604 3751 mini-

2005 3785 2229 3839 sterium
2253 3795 2426 3850 tuum,
2455 3787 2570 3840 sive
2595 3783 3044 3843 contiortavet-ttnt
3068 3790 3356 3844 consilium
3373 3791 3526 3862 Tyri,
3551 3799 3607 3847 et

2005 3878 2210 3932 variam
2242 3877 2639 3946 Supellectilem
2675 3881 3021 3948 pra-buerunt
3055 3899 3066 3933 :
3113 3896 3413 3951 omnesque
3442 3897 3606 3937 naves

2005 3970 2174 4024 maris
2200 4012 2212 4032 ,
2245 3981 2298 4025 et
2329 3980 2508 4024 nauta:
2542 3987 2725 4025 earum
2771 3972 2988 4026 luerunt
3038 3973 3089 4026 in
3131 3973 3330 4044 p0pu|o
3362 3973 3608 4044 negotia-

2006 4063 2167 4117 tionis
2199 4063 2408 4132 Tyriae,
2453 4065 2567 4118 sive
2604 4063 2655 4117 in
2701 4062 3051 4119 Occidentem
3109 4065 3446 4136 Occidentis.
3491 4066 3606 4121 Hoc

2003 4159 2219 4213 interim
2244 4157 2542 4212 secundum
2569 4159 2828 4213 litteram.
2857 4161 3126 4213 (umerum
3156 4159 3308 4228 juxta
3342 4158 3604 4232 ntysticos

2002 4253 2311 4306 intellectus
2337 4253 2462 4322 quia
2488 4251 2700 4307 Sidonii
2742 4255 3176 4322 interpretantur
3216 4262 3480 4307 renatores
3504 4294 3520 4319 ,
3547 4263 3604 4308 et

2001 4345 2218 4412 Aradii,
2252 4345 2599 4414 deponentes:
2642 4345 2890 4400 dicemus
2932 4344 3134 4416 Tyrum
3175 4345 3504 4415 gloriosam,
3549 4354 3605 4400 et

2001 4437 2450 4508 superbissimum
2481 4439 2786 4497 civitatem,
2815 4454 2956 4508 quae,
2993 4449 3155 4492 vento
3188 4437 3372 4504 ﬂante,
3413 4451 3601 4508 postea

1917 4525 1970 4585 D
1995 4529 2328 4584 conterenda
2359 4539 2462 4597 est,
2496 4528 2697 4583 habere
2724 4531 2895 4592 cives,
2921 4528 3040 4583 sive
3067 4530 3342 4600 principes
3371 4539 3600 4585 venato-

1992 4635 2101 4689 res,
2145 4621 2213 4676 de
2245 4620 2443 4690 quibus
2491 4622 2753 4689 scriptum
2799 4630 2918 4675 est:
2969 4622 3135 4693 308
3177 4622 3364 4676 Anima
3417 4633 3600 4676 nostra

1990 4713 2140 4784 quasi
2165 4728 2342 4784 passer
2368 4719 2542 4780 erepta
2563 4722 2634 4766 est
2668 4716 2732 4766 de
2756 4715 2937 4782 laqueo
2968 4715 3285 4768 venantium.
3312 4714 3413 4770 Ubi
3445 4716 3591 4770 enim

2000 4819 2100 4859 nos
2127 4806 2356 4874 legimus
2394 4808 2714 4872 venantium,
2742 4805 2771 4845 ι)
2813 4807 2867 4860 in
2896 4807 3125 4863 ilebrteo
3175 4809 3437 4879 scriptum
3478 4818 3600 4876 est,

1998 4939 2236 5018 conlisus
2275 4959 2408 5018 sua),
2451 4945 2779 5001 Hebraicum
2819 4948 3100 5013 exemplar
3127 4950 3416 5006 consulere
3463 4965 3599 5018 prm-

1999 5017 2319 5071 termisisse.
2348 5017 2403 5072 In
2436 5019 2688 5072 omnibus
2718 5019 2862 5073 enim
2901 5019 3049 5074 libris
3085 5020 3187 5076 hoc
3220 5024 3342 5076 loco
3365 5017 3600 5076 habetur

1997 5086 2047 5139 in
2065 5085 2294 5142 Hebraeo
2309 5086 2553 5154 locesim,
2579 5097 2808 5178 Dttvp'l’,
2832 5107 2960 5159 non,
2984 5101 3043 5148 ut
3069 5094 3183 5162 ipse
3207 5096 3300 5160 ait,
3324 5092 3594 5159 Sidonim;

1996 5178 2064 5234 Et
2101 5177 2515 5254 loceshqttident
2543 5177 2730 5254 auceps
2755 5200 2774 5246 ,'
2804 5195 3016 5238 uenator
3057 5197 3238 5239 autem
3288 5193 3384 5243 'T‘lt'
3425 5184 3599 5239 Saial

1996 5253 2215 5320 proprie
2235 5252 2458 5306 dicitur.
2489 5252 2856 5319 QuamOhrem
2899 5256 3100 5310 rectius
3136 5257 3186 5309 in
3237 5255 3378 5309 hbro
3408 5254 3596 5309 Nomi-

1994 5338 2120 5396 ttum
2147 5364 2161 5387 ,
2193 5323 2359 5396 Sidon
2381 5367 2394 5387 ,
2427 5325 2793 5396 interpretatur
2821 5337 3036 5380 venator
3074 5328 3328 5380 maeroris.
3365 5325 3590 5391 Verum,

1992 5393 2164 5469 inquit
2198 5394 2426 5459 Victor.,
2457 5393 2593 5449 adeo
2623 5407 2942 5453 constanter
2974 5397 3195 5452 Hieron.
3233 5398 3333 5451 hoc
3372 5411 3591 5469 semper

1992 5468 2226 5533 asserit,
2253 5479 2311 5521 ut
2344 5483 2452 5522 non
2483 5483 2607 5523 eum
2635 5469 2844 5539 lapsum
2873 5470 3155 5532 memoria,
3187 5471 3281 5524 sed
3315 5468 3586 5527 mutatum

1989 5540 2233 5593 codicem
2270 5539 2592 5594 IIehraicum
2621 5544 2730 5606 jam
2763 5540 3006 5595 credam.
3045 5539 3181 5594 Infra
3211 5556 3331 5608 Cap.
3369 5557 3528 5596 xxvtlt
3561 5560 3577 5597 :

1991 5608 2222 5684 Sidonii,
2257 5610 2450 5684 inquit,
2479 5613 2884 5684 interpretantur
2906 5620 3194 5684 venatores,
3225 5613 3292 5669 de
3319 5615 3504 5684 quibus
3531 5626 3583 5671 et

1990 5681 2044 5734 in
2089 5679 2313 5759 Psalmis
2346 5685 2595 5754 scriptum
2615 5679 2761 5759 ζέει-Ξ
2783 5683 2971 5759 ᾼηίεηα
3000 5679 3177 5759 nostra
3220 5679 3353 5742 sicut
3380 5702 3578 5759 passer,

1989 5765 2094 5808 etc.
2126 5752 2194 5809 Et
2223 5767 2342 5824 cap.
2399 5750 2543 5808 xtxu
2571 5771 2580 5807 :
2608 5750 2676 5808 In
2706 5753 2964 5809 Hebraico
3005 5757 3172 5814 verius
3199 5750 3424 5831 positum
3467 5750 3577 5829 est,
