3928 6322
413 263 514 322 231

1592 336 1595 337 ί
1679 258 1737 315 s.
1780 248 2054 317 posset!
2070 250 2455 315 [HERONYMI

3591 262 3696 321 23!

418 386 784 441 Sldoniorum.
810 382 901 440 isti
927 391 1194 439 venantur
1232 382 1477 438 incautas
1517 382 1727 437 animas
1756 381 1808 435 in
1841 381 2013 437 subli-
2040 386 2089 445 Α
2120 386 2514 444 memorantur,
2540 383 2599 432 et
2625 377 2694 431 ad
2721 374 3016 432 terrendos
3045 374 3235 429 hostes
3265 382 3418 431 scuta
3446 382 3499 431 et
3526 364 3699 447 galeas

417 480 596 536 mibus
625 478 947 534 constitutas
977 520 991 546 ,
1026 485 1081 531 ut
1114 476 1179 531 ad
1226 484 1442 531 terrena
1472 474 1774 541 deducant,
1807 478 1863 531 et
1894 475 2015 532 el’ll-

417 571 636 627 ciuntur
677 570 913 639 remiges
941 610 957 635 ,
998 580 1056 623 ut
1086 568 1290 624 ducant
1341 584 1435 624 eas
1480 567 1547 623 ad
1580 568 1881 639 naufragia.
1916 568 2017 626 Sa-

416 668 632 741 pientes
662 676 841 721 autem
872 665 1001 738 Tyri
1029 708 1043 731 ,
1068 668 1158 735 qui
1193 666 1245 721 in
1271 664 1466 720 malam
1499 676 1709 731 partem
1741 665 2015 735 accipiun-

420 766 510 815 tur
531 800 545 823 ,
594 774 690 829 per
721 772 883 830 quam
918 758 1453 828 sapientiores'snnt
1481 756 1579 812 lilii
1611 758 1958 814 tenebrarum
1986 775 2014 816 a

418 851 541 907 liliis
573 851 734 917 locis,
767 852 871 922 ipsi
901 851 1209 922 gubernant
1228 849 1434 922 Tyrum
1476 852 1763 922 naufragio
1804 862 2014 923 praepa-

420 953 595 1001 ratam
641 944 793 1017 (Luc.
822 946 959 1014 rm).
984 945 1247 1001 Seniores
1277 942 1437 1001 Bibiii
1478 953 1533 1001 et
1572 944 1873 1017 prudentes
1897 948 2018 1015 eius

421 1040 776 1112 praebuerunt
810 1047 1002 1094 nautas
1029 1036 1177 1112 Tyro
1206 1038 1273 1094 ad
1307 1038 1675 1119 ministerium
1700 1082 1712 1105 ,
1743 1040 1858 1097 sive
1888 1054 2020 1097 con-

419 1132 762 1187 tortaverunt
808 1130 1096 1187 consilium
1150 1131 1292 1202 ejus.
1347 1132 1511 1188 Sacra
1544 1143 1729 1189 narrat
1768 1135 2017 1204 historia,

421 1223 671 1279 seniores
712 1224 976 1295 plurimos
1017 1223 1186 1281 fuisse
1234 1238 1263 1279 a
1302 1224 1538 1281 Domino
1576 1228 1921 1299 reprobatos,
1964 1239 2023 1285 et

421 1317 670 1390 juniores
716 1316 921 1374 electos
962 1319 1013 1373 in
1056 1326 1243 1391 typum
1288 1317 1589 1392 Synagogze
1630 1329 1683 1377 et
1735 1323 2015 1379 Ecclesiae.

424 1410 619 1469 Senior
646 1409 777 1467 Cain
806 1411 1081 1483 adjicitur,
1109 1422 1161 1467 et
1194 1412 1329 1469 Abel
1350 1412 1537 1484 junior
1559 1415 1779 1486 eligitur
1806 1415 2021 1490 (Genes.

424 1505 539 1577 tv):
578 1506 772 1561 lsmael
812 1506 954 1562 illius
993 1504 1272 1563 Abraham
1304 1507 1518 1563 alienus
1556 1524 1584 1563 a
1628 1520 1781 1579 patre
1820 1520 1938 1572 est.
1969 1514 2023 1567 el

427 1597 573 1653 lsaac
598 1598 783 1668 junior
811 1598 1188 1655 hmreditatem
1210 1600 1423 1671 arcepit
1448 1597 1661 1673 (Genes.
1685 1604 1825 1674 ut).
1854 1602 2027 1659 Filio-

426 1706 546 1748 rum
579 1708 794 1763 quoque
828 1690 977 1749 lsaac
1004 1694 1190 1749 senior
1213 1692 1355 1749 Esau
1383 1703 1613 1750 venator
1634 1704 1738 1762 est,
1773 1704 1827 1752 et
1854 1711 2024 1767 vaga-

2117 476 2260 531 inter
2287 482 2566 528 murorum
2599 471 3008 543 propugnacula
3033 468 3406 539 suspendisse.
3443 472 3701 540 Spirituaa

2117 568 2183 625 iis
2211 580 2396 624 autem
2428 567 2791 638 intelligentia
2817 565 2947 621 illud
2972 570 3151 632 sonat,
3180 565 3327 637 quod
3374 564 3566 633 Persa,
3610 568 3697 638 qui

2119 665 2549 735 interpretantur
2577 671 2852 728 tentantes,
2883 662 3000 716 sive
3044 662 3255 726 tentati;
3295 671 3348 714 et
3381 660 3539 732 Lydi,
3577 675 3704 732 quos

2119 764 2390 827 generatos
2418 754 2809 825 intelligimus;
2845 746 3128 823 et’Libyes,
3170 753 3263 822 qui
3299 751 3565 808 HebraiCo
3597 768 3706 809 sero

2122 862 2283 903 mone
2312 847 2663 918 appellantur
2690 856 2831 902 rnu'r
2860 842 3045 918 (tam),
3077 854 3131 900 et
3158 854 3447 901 vertuntur
3470 845 3523 901 in
3548 864 3602 903 os
3622 848 3707 918 (ab

2121 954 2237 1009 ore,
2256 959 2362 999 non
2389 944 2455 1000 ab
2482 942 2631 1015 osse)
2650 987 2663 1009 ,
2692 941 3112 1012 frustra'l‘yrnm
3138 940 3383 995 nitantur
3404 939 3705 1010 defendere,

2121 1044 2243 1094 eum
2270 1036 2571 1091 tentatione
2603 1042 2960 1105 superentur,
2991 1041 3046 1088 et
3065 1022 3405 1103 generationi
3431 1046 3493 1087 ac
3516 1033 3709 1089 libidini

2123 1132 2384 1196 serviant,
2414 1140 2684 1202 cassaque
2717 1132 2922 1185 tantum
2955 1128 3119 1184 verba
3160 1127 3563 1197 multiplicent,
3610 1143 3708 1184 non

2125 1226 2390 1285 habentes
2419 1227 2627 1299 galeam
2668 1225 2896 1293 salutis,
2933 1238 3035 1281 nec
3078 1232 3290 1279 scutum
3333 1222 3456 1279 lidei
3504 1221 3708 1297 (Epiros.

2125 1320 2239 1394 vi);
2292 1320 2387 1377 sed
2419 1321 2653 1392 gloriam
2700 1328 2913 1374 tantum
2963 1318 3367 1389 strepitumque
3414 1326 3711 1372 sermonum

2125 1414 2470 1486 praetendant
2500 1413 2567 1469 ad
2596 1424 2848 1468 ornatum
2885 1411 3052 1467 illius.

2200 1506 2383 1579 (Vers.
2420 1505 2534 1569 ll.)
2568 1498 2699 1559 Filii
2744 1504 2931 1558 Aradii
2963 1519 3077 1557 cum
3103 1503 3333 1557 exercitu
3356 1510 3444 1556 tuo
3471 1500 3580 1574 [AL
3612 1500 3714 1574 suo]

2127 1614 2273 1659 erant
2295 1618 2455 1667 super
2484 1616 2658 1655 muros
2684 1610 2797 1655 tuos
2819 1601 2873 1653 in
2905 1599 3129 1653 circuitu
3156 1613 3174 1652 :
3200 1597 3291 1653 sed
3315 1606 3363 1649 et
3388 1592 3615 1667 Pygnuei
3638 1594 3718 1663 qui

2132 1708 2277 1753 erant
2310 1698 2364 1751 in
2395 1698 2421 1727 “
2446 1695 2676 1750 turribus
2704 1695 2833 1753 tuis,
2857 1690 3131 1765 pharetras
3157 1705 3279 1745 suas
3304 1687 3415 1761 [AL
3451 1685 3585 1758 tuas]
3614 1696 3719 1739 ausa

429 1791 516 1839 tur
559 1785 611 1838 in
664 1783 895 1840 saltibus
923 1828 936 1851 ,
985 1785 1175 1855 junior
1228 1784 1398 1842 Jacob
1448 1786 1770 1858 simpliciter
1820 1788 2029 1847 habitat
2058 1791 2104 1855 Β
2134 1790 2417 1861 pendentm
2444 1791 2496 1853 in
2527 1788 2691 1843 muris
2722 1787 2822 1841 tuis
2853 1802 2946 1858 per
2973 1778 3181 1859 gyrum,
3213 1783 3321 1854 ipsi
3351 1778 3720 1850 compleverunt

425 1876 569 1933 domi
590 1875 801 1939 (Cenes.
825 1877 985 1950 XXV).
1021 1874 1172 1936 Unde
1196 1878 1456 1948 scriptum
1478 1886 1560 1937 est
1588 1890 1645 1936 et
1662 1882 1713 1936 in
1738 1882 2026 1939 Malachia:

426 1968 592 2025 Jacob
624 1970 828 2026 dilexi:
861 1968 1005 2025 Esau
1035 1980 1205 2027 autem
1228 1973 1347 2028 odio
1381 1974 1540 2029 habui
1568 1970 1737 2043 (Mal.
1769 1991 1818 2043 ι,
1842 1975 1932 2045 2).
1964 1976 2032 2032 Et

431 2070 585 2118 recte
609 2063 764 2132 juxta
789 2063 1106 2134 Apostolum
1137 2064 1318 2137 (Rom.
1344 2082 1419 2135 ix,
1448 2067 1564 2132 15),
1592 2066 1726 2122 nihil
1760 2069 1814 2123 in
1840 2066 2031 2125 matris

434 2164 589 2211 utero
615 2158 900 2216 constituti
938 2158 1067 2215 boni
1110 2158 1194 2214 vel
1235 2161 1362 2215 mali
1404 2160 1674 2228 iecerant,
1718 2177 1817 2218 nec
1858 2158 2031 2219 habe-

439 2249 572 2305 bant
612 2250 866 2306 meritum
905 2266 1007 2306 nec
1046 2251 1335 2319 oil‘ensam,
1370 2261 1428 2307 ut
1456 2252 1598 2309 alter
1625 2253 1942 2324 eligeretur,
1979 2260 2034 2309 et

432 2344 572 2398 alter
598 2343 950 2413 abjiceretur,
980 2344 1081 2400 nisi
1104 2346 1246 2416 quod
1276 2346 1327 2400 in
1350 2357 1508 2419 typo,
1536 2352 1590 2402 ut
1615 2348 1867 2414 diximus,
1894 2349 2034 2422 Syn-

432 2448 621 2506 agogze
651 2442 705 2490 et
737 2432 1031 2500 Ecclesiae,
1082 2438 1265 2493 senior
1308 2440 1615 2510 repellitur,
1652 2449 1707 2496 et
1734 2440 2036 2500 assumitur

428 2528 635 2598 junior.
657 2527 896 2596 Omnes,
922 2530 1134 2601 inquit,
1167 2546 1331 2588 naves
1360 2534 1527 2589 maris
1558 2542 1614 2591 et
1637 2545 1816 2591 nautae
1846 2552 2033 2594 earum

433 2619 654 2678 luerunt
684 2623 736 2678 in
768 2625 971 2695 populo
1000 2627 1386 2698 negotiationis
1409 2628 1566 2702 Tyrte
1586 2674 1601 2698 ,
1636 2630 1751 2687 sive
1796 2629 1850 2687 in
1878 2626 2037 2688 Occi-

436 2715 659 2772 dentem
721 2716 1054 2773 Occidentis.
1120 2719 1408 2786 Quomodo
1480 2721 1679 2777 dicitur
1747 2720 2035 2782 Canticum

437 2807 810 2876 Canticorum,
840 2817 896 2867 et
926 2812 1187 2867 saeculum
1213 2810 1323 2885 [Αι.
1356 2810 1578 2886 saecula]
1609 2816 1956 2883 saeculorum,
1981 2824 2038 2873 et

439 2914 602 2973 opera
636 2916 903 2969 operum;
938 2912 995 2957 ttt
1023 2904 1296 2958 canticum
1330 2904 1504 2974 majus
1535 2904 1656 2961 aliis
1685 2907 1914 2964 canticis
1942 2911 2036 2977 sit,

440 3005 496 3051 et
526 2994 784 3051 saeculum
819 2995 1081 3067 prolixius
1104 2999 1230 3053 aliis
1254 2999 1471 3053 saeculis
1496 3039 1511 3065 ,
1548 3008 1795 3071 0pu$que
1819 2998 2039 3057 caeteris

440 3090 703 3162 Operibus
736 3092 921 3147 utilius
953 3107 967 3144 :
1004 3090 1081 3147 sic
1118 3092 1427 3162 appellatur
1472 3094 1741 3150 Occidens
1786 3092 2041 3152 Occiden-

2134 1883 2572 1957 pnleltrit'udinem
2601 1892 2763 1936 tuam.
2790 1879 2937 1936 LXX
2970 1895 2984 1934 :
3019 1878 3156 1933 Filii
3184 1876 3524 1963 Arpdiorum,
3544 1882 3588 1928 et
3616 1872 3718 1942 fors

2135 1978 2303 2033 titudo
2337 1986 2428 2032 tua
2456 1992 2613 2049 super
2654 1992 2831 2030 muros
2863 1987 2996 2039 tuos,
3055 1973 3111 2028 in
3161 1972 3382 2027 circuitu
3416 1968 3649 2024 custodes
3674 1967 3719 2020 in

2135 2068 2367 2125 turribus
2399 2071 2501 2123 tuis
2527 2077 2693 2123 erant.
2725 2065 3011 2121 Pharetras
3031 2078 3153 2119 suas
3177 2063 3558 2137 suspenderunt
3583 2068 3722 2130 super

2138 2162 2528 2237 propugnacula
2552 2174 2641 2217 tua
2664 2179 2751 2233 per
2779 2178 2988 2233 gyrum.
3011 2158 3126 2233 Ipsi
3158 2159 3487 2231 perfecerunt
3508 2155 3721 2209 decorem

2138 2268 2302 2313 luunt.
2339 2256 2577 2313 Verbum
2611 2270 2850 2312 causam
2879 2253 3130 2327 (εν-ηπ),
3171 2249 3388 2322 Aquila:
3421 2249 3590 2320 prima
3618 2242 3722 2301 edié

2139 2353 2236 2419 tio,
2274 2350 2530 2425 Pygmeos
2564 2367 2580 2406 :
2612 2349 3005 2421 Symmachus,
3041 2346 3065 2385 ι’
3100 2344 3327 2401 Medos:
3365 2340 3720 2412 Septuaginta,

2139 2446 2421 2503 custodes:
2456 2444 2765 2501 Theodotio
2804 2442 3107 2506 Gomadim,
3163 2442 3343 2511 ipsum
3395 2436 3720 2501 Hebraienm,

2138 2540 2481 2612 interpretati
2507 2549 2654 2594 sunt.
2687 2536 2932 2594 Aradum
2958 2532 3193 2591 insulam
3218 2544 3342 2605 qua:
3376 2538 3485 2588 tota
3515 2532 3583 2585 sit
3610 2526 3726 2581 citie-

2141 2645 2242 2701 tas,
2266 2643 2321 2689 et
2352 2640 2540 2688 contra
2587 2646 2646 2686 sc
2684 2630 2921 2702 positum
2970 2628 3229 2699 oppidum
3279 2624 3611 2683 Antaradum
3644 2616 3726 2673 ita.

2139 2728 2285 2793 heat,
2316 2725 2606 2792 vicinaque
2636 2724 2895 2796 sitTyro,
2930 2733 2983 2778 et
3017 2721 3325 2791 praetendat
3369 2722 3421 2774 in
3472 2712 3725 2774 thnicis

2140 2821 2323 2879 littore
2353 2816 2516 2892 310
2542 2819 2877 2874 continentis
2928 2820 3109 2880 terrae,
3164 2824 3337 2886 usque
3367 2811 3528 2868 hodie
3567 2804 3728 2864 cernis

2144 2928 2300 2967 mus:
2343 2910 2397 2965 hi
2438 2920 2566 2965 sunt
2605 2912 2657 2965 in
2697 2908 2947 2964 exercitu
2984 2908 3132 2963 urbis
3162 2906 3349 2977 Tyria:
3381 2900 3727 2969 custodesque

2147 3006 2376 3062 turrium
2398 3006 2537 3077 ejus,
2553 3012 2610 3060 et
2639 3003 3047 3075 suspenderunt
3069 3001 3362 3073 pharetras
3385 3012 3509 3055 suas
3533 3008 3623 3067 per
3645 3006 3727 3064 gyo‘

2144 3116 2288 3167 rum,
2319 3100 2705 3169 complentque
2737 3095 3202 3168 pulchritudinem
3218 3095 3364 3164 ejus,
3398 3099 3456 3146 ut
3481 3083 3728 3160 sagittarii

440 3182 510 3238 tis
536 3224 551 3247 ,
583 3192 639 3237 ut
666 3182 1093 3255 magnitudinem
1122 3183 1553 3241 Occidentalium
1600 3186 1833 3257 partium
1864 3188 2035 3261 signi-
2066 3193 2113 3259 α
2143 3208 2265 3249 esse
2287 3191 2609 3256 doceantur,
2635 3191 2754 3245 sive
2778 3190 3007 3261 pygmaei
3031 3196 3179 3255 sunt,
3206 3187 3319 3244 hoc
3338 3183 3725 3244 estbellatores,

441 3276 589 3332 licet.
616 3276 682 3332 Et
707 3278 932 3347 pulchre
983 3295 1150 3336 naves
1182 3280 1369 3346 maris,
1404 3290 1460 3337 et
1501 3292 1682 3337 nautte
1708 3299 1894 3339 earnm
1927 3326 1942 3352 ,
1986 3292 2044 3341 et

442 3371 677 3441 remiges
705 3373 794 3444 qui
836 3373 891 3429 in
922 3372 1104 3446 Tyriae
1134 3376 1287 3430 navis
1326 3374 1537 3430 auxilio
1568 3387 1695 3431 sunt
1722 3419 1736 3441 ,
1779 3392 1885 3432 non
1919 3394 2042 3446 per-

442 3472 574 3534 gunt
619 3463 685 3518 ad
718 3466 1033 3531 Orientem,
1071 3481 1172 3522 nec
1213 3463 1279 3522 ad
1315 3477 1497 3523 ortum
1530 3467 1788 3534 luminis,
1836 3471 1927 3525 ubi
1956 3468 2041 3527 sol

440 3556 667 3627 justitize
697 3558 961 3623 nascitur,
986 3558 1081 3613 sed
1111 3558 1178 3614 ad
1207 3560 1558 3617 Uccidentem
1586 3558 1920 3629 Occidentis,
1948 3564 2041 3619 llbl

445 3651 628 3707 lumen
649 3651 947 3722 occumbit,
970 3652 1135 3726 309
1162 3660 1217 3710 et
1249 3650 1340 3710 ubi
1374 3657 1722 3711 tenebrarum
1756 3658 2040 3713 exordium

449 3756 554 3808 88L

521 3842 703 3914 (Vers.
738 3841 850 3915 10.)
893 3841 1070 3899 Persa:
1097 3854 1144 3898 et
1174 3840 1309 3917 Lydi
1338 3840 1518 3918 [Vulg.
1554 3842 1743 3919 Lydia]
1777 3856 1827 3901 et
1858 3844 2044 3919 Libyes

446 3946 593 3991 erant
648 3936 701 3990 in
757 3938 984 3991 exercitu
1045 3947 1133 3992 tuo
1167 3980 1181 4003 ,
1250 3940 1346 3991 viri
1410 3938 1682 3993 bellatores
1746 3941 1822 3995 tui
1862 3958 1880 3995 :
1939 3941 2046 4011 ely-

448 4045 599 4102 peum
631 4038 675 4082 et
710 4028 913 4100 galeam
955 4031 1333 4099 suspenderunt
1380 4028 1431 4084 in
1481 4041 1527 4085 te
1580 4044 1911 4105 propornatu
1958 4041 2044 4087 tuo

452 4119 590 4193 (sive
618 4120 807 4191 peltas,
836 4132 882 4176 et
914 4122 1089 4196 galeas
1111 4123 1489 4195 suspenderunt
1512 4126 1563 4179 in
1587 4133 1634 4179 te
1661 4122 1763 4196 ipsi
1792 4126 2044 4181 dederunt

449 4215 669 4285 gloriam
688 4215 877 4287 tuam).
906 4216 1100 4271 Persas
1126 4216 1296 4273 fuisse
1317 4215 1668 4285 fortissimos,
1693 4236 1922 4290 quorum
1948 4236 2047 4278 rex

450 4309 647 4382 Cyrus,
693 4320 753 4365 ut
793 4309 948 4366 Isaia:
1000 4311 1258 4367 vaticinio
1309 4312 1636 4382 praedicatur
1681 4313 1814 4386 (Isa.
1876 4314 2041 4388 XLV),

450 4403 713 4458 subverso
744 4407 1004 4477 Astyage,
1035 4420 1161 4476 rege
1190 4404 1496 4475 Medorum,
1521 4402 1854 4481 Babylonem
1886 4426 2047 4483 cepe-

450 4496 544 4563 rit,
568 4506 623 4551 et
652 4512 850 4561 sacra,
904 4508 960 4554 et
1007 4500 1287 4555 saecularis
1340 4512 1529 4556 narrat
1570 4501 1816 4558 historia.
1864 4503 2045 4577 Lydos

2138 3297 2199 3343 et
2229 3286 2296 3342 ad
2318 3286 2459 3342 bella
2485 3284 2896 3358 promptissimi,
2930 3286 3032 3340 ἀπὸ
3055 3291 3149 3345 τῆς
3167 3291 3404 3358 πυγμῆς,
3424 3276 3728 3350 (ιιιιιξϐτπιςο

2144 3392 2403 3437 sermone
2425 3381 2479 3434 in
2511 3387 2769 3433 certamen
2791 3377 3043 3431 vertitur.
3090 3377 3183 3431 Sin
3214 3388 3399 3431 autem
3431 3369 3613 3428 Aradii
3647 3365 3728 3418 de-

2118 3480 2385 3549 ponentes
2412 3481 2629 3543 sonant,
2669 3471 2851 3527 omnis
2880 3470 2968 3540 qui
3014 3468 3308 3540 prastendit
3346 3466 3465 3522 falsi
3516 3455 3729 3517 nominis

2146 3568 2463 3631 scientiam,
2493 3574 2548 3621 et
2575 3565 2737 3620 habet
2766 3567 2820 3618 in
2852 3563 3117 3632 pharetra
3167 3561 3409 3631 pectoris
3454 3556 3535 3612 sui
3582 3549 3730 3622 ignita

2144 3660 2349 3717 diaboli
2372 3660 2570 3729 jacola,
2602 3658 2799 3729 quibus
2830 3656 3182 3727 deceptorum
3208 3656 3375 3711 corda
3401 3651 3635 3705 vulnerat
3656 3649 3731 3698 sta

2145 3766 2251 3825 que
2290 3752 2595 3819 succendit,
2624 3749 2860 3806 Aradios
2885 3749 3242 3821 appellandus
3282 3756 3387 3805 est.
3419 3744 3577 3813 Cupit
3602 3735 3729 3794 enim

2145 3846 2420 3916 deponere
2452 3858 2547 3899 eos
2588 3843 2681 3911 qui
2719 3843 2970 3897 nituntur
2995 3843 3062 3896 ad
3095 3843 3201 3896 alta
3235 3837 3606 3897 conscendere
3629 3873 3642 3896 ,
3685 3834 3732 3882 el

2145 3939 2387 4009 complet
2413 3937 2879 4009 pulchritudinem
2908 3936 3040 4007 Tyri
3068 3976 3083 4003 ,
3125 3935 3195 3990 de
3224 3950 3330 4005 qua
3362 3933 3418 3987 in
3448 3919 3733 3984 Proverbiis

2146 4035 2408 4103 seriptttm
2450 4040 2532 4087 est
2558 4050 2572 4085 :
2613 4030 2738 4086 Non
2768 4039 2816 4085 te
2840 4030 3065 4101 decipiat
3109 4023 3519 4102 pulchritudinis
3550 4012 3733 4073 deside-

2146 4130 2305 4195 rium,
2320 4143 2386 4182 ne
2405 4126 2636 4199 capiaris
2649 4125 2814 4178 oculis
2838 4125 2942 4178 tuis
2969 4123 3159 4194 (Prov.
3187 4138 3265 4187 vi,
3292 4121 3406 4193 ‘25).
3432 4118 3498 4172 Et
3524 4114 3730 4168 iterum:

2147 4224 2299 4281 Sicut
2329 4222 2528 4277 inauris
2562 4221 2615 4275 in
2642 4221 2859 4274 naribus
2906 4232 3108 4290 parete,
3152 4218 3224 4273 dic
3260 4213 3465 4272 mulieri
3495 4204 3732 4262 mulcatos

2147 4316 2628 4389 ratwpnlchrittrdo
2660 4313 2828 4385 (Ibid.
2858 4328 2934 4380 xl,
2968 4314 3087 4381 22).

2219 4413 2400 4487 (Vcrs.
2424 4409 2539 4482 12.)
2554 4408 2984 4481 Carthaginenses
3003 4407 3344 4480 negotiatores
3368 4403 3443 4457 tui
3463 4416 3493 4452 a
3515 4390 3733 4450 mollitae

2148 4509 2268 4562 dine
2315 4512 2620 4560 cunctarum
2651 4502 2973 4568 divitiarum,
3030 4506 3261 4575 argenta,
3317 4494 3488 4569 (erro,
3542 4494 3729 4575 stantia.

452 4606 670 4663 quoque
702 4592 795 4647 illo
823 4603 1071 4663 tempore
1097 4596 1237 4649 inter
1280 4605 1471 4665 gentes
1504 4596 1914 4655 robustissimas
1960 4615 2037 4656 re-

2153 4599 2459 4671 plumboque
2476 4598 2805 4667 repleverunt
2836 4584 3095 4649 nundinas
3138 4604 3275 4646 tuas.
3330 4584 3449 4645 Non
3499 4579 3663 4671 solum
3686 4579 3732 4671 lli

452 4693 694 4758 putatos,
731 4703 957 4758 quorum
990 4705 1085 4744 rex
1109 4687 1331 4744 Crtesus
1358 4690 1424 4744 ab
1451 4689 1641 4746 eodem
1673 4689 1815 4763 Cyro
1858 4702 2048 4764 captus

452 4783 547 4846 sit,
598 4780 904 4851 Xenophon
958 4782 1150 4838 scribit
1192 4782 1531 4852 plenissime.
1577 4784 1644 4840 Et
1686 4784 1884 4858 Libyas
1924 4792 2047 4842 cum

454 4875 805 4948 Troglodytis
832 4885 885 4932 et
903 4876 1251 4946 [Ethiopibus
1265 4878 1482 4933 venisse
1504 4891 1691 4937 contra
1706 4879 2008 4935 Jerusalem
2034 4923 2048 4948 ,

452 4972 507 5026 in
537 4970 996 5040 Paralipomenon
1029 4972 1309 5027 volumine
1354 4972 1582 5042 legimus
1619 4972 1687 5044 (ll
1736 4972 1863 5027 Par.
1907 4976 2055 5043 xu):

454 5065 545 5132 qui
570 5065 699 5136 quia
728 5060 836 5119 illis
862 5064 1203 5135 temporibus
1230 5064 1604 5122 ﬂorentissimi
1634 5072 1827 5134 erant,
1856 5062 2054 5123 famosi

456 5157 524 5212 ad
557 5158 742 5228 praelia
789 5166 1143 5229 pugnatorcs,
1191 5158 1368 5231 Tyria:
1394 5160 1544 5215 urbis
1586 5158 1910 5216 defensores
1931 5174 2055 5216 esse

457 5330 683 5385 uniuni
704 5328 940 5396 Sidonii,
963 5345 1092 5399 quos
1120 5346 1219 5383 nos
1240 5330 1299 5382 in
1319 5338 1585 5383 venatores
1612 5328 1877 5390 vertimus,
1894 5330 2055 5399 juxta

454 5402 593 5456 illud
612 5404 750 5467 quod
784 5402 1033 5472 scripturn
1055 5410 1165 5454 est:
1200 5402 1393 5456 Arsit“
1412 5411 1592 5455 nostra
1612 5410 1789 5472 erepta
1819 5410 1892 5472 est
1918 5400 2057 5472 sicas:

453 5489 632 5543 passer
662 5474 727 5526 de
748 5470 929 5542 laqueo
959 5474 1280 5538 venantium,
1305 5489 1400 5544 pro
1421 5474 1599 5543 quoin
1638 5470 1895 5525 Hebreis.
1914 5471 2057 5541 posi-

452 5553 573 5597 tum
589 5555 667 5598 est
693 5544 1024 5615 Sidonios-um
1036 5586 1048 5599 .

535 5624 559 5651 ι
589 5616 665 5668 Ad
713 5613 844 5672 rites.
879 5616 1041 5672 ﬁdem
1074 5616 1416 5671 restituimns
1444 5622 1571 5685 post
1594 5613 1903 5669 Victorium
1947 5626 2057 5667 ntro

455 5707 620 5768 ribus.
648 5708 800 5778 juﬂa
826 5708 1109 5764 Hebraeum
1142 5693 1479 5794 19111572123,
1512 5707 1836 5764 etLatinam
1864 5708 2058 5763 mero-

461 5801 607 5872 nymi
636 5801 969 5861 versionem.
1002 5803 1350 5863 Martianqu
1395 5818 1519 5861 cum
1560 5800 1798 5885 Erasmo
1846 5800 2059 5858 urbibus

2159 4665 2411 4763 praesenti
2434 4665 3098 4759 loco,sedetinlsaia,ubi
3123 4686 3385 4756 scriptum
3412 4686 3514 4734 est:
3545 4665 3736 4725 Ululale

2152 4803 2305 4841 naves
2335 4782 2667 4856 Carthaginis
2697 4781 2854 4853 (Isai.
2889 4798 3042 4850 mu,
3074 4779 3190 4852 14),
3214 4775 3399 4834 ςαξιωί
3424 4764 3736 4856 Interpretes

2153 4881 2376 4936 verbum
2429 4852 2754 4933 llebraicum
2790 4875 3194 4930 transtulerunt
3234 4881 3454 4927 ruansrs
3479 4852 3728 4934 (ωηυππ),

2153 4984 2316 5043 quam
2334 4970 2599 5024 coloniam
2620 4967 3043 5040 esse'l’yriorum
3059 4966 3193 5020 nam
3215 4964 3436 5019 dubium
3450 4963 3546 5010 est.
3567 4937 3735 5043 llislde

2156 5035 2469 5119 decidentis
2482 5058 2727 5134 partibus
2740 5035 2990 5132 argento,
3015 5054 3180 5127 ferra’,
3198 5068 3415 5119 stanno,
3436 5059 3488 5106 et
3510 5035 3733 5117 plumbo.

2159 5152 2289 5230 Tyri
2318 5156 2589 5212 nundinas
2619 5150 2993 5226 repleverunt.
3030 5150 3215 5208 Tomis
3246 5153 3298 5207 in
3336 5142 3518 5217 lingua
3568 5134 3731 5189 nostra

2162 5323 2407 5381 retirmit.

2232 5440 2260 5479 Β
2288 5439 2506 5495 Duobus
2531 5436 2688 5507 facile
2715 5436 2901 5493 verbis
2925 5440 3080 5495 εητεδ
3114 5431 3211 5499 E13.
3243 5430 3377 5490 Cant
3402 5418 3618 5507 infula???

2163 5530 2271 5595 uno
2328 5504 2855 5595 Gmnadini'legerit
2890 5487 3306 5592 _Sytnmacliius,
3349 5497 3467 5595 gulf

2161 5556 2467 5675 sed
2491 5593 2546 5675 Jet
2777 5556 3306 5675 esti-inierpretat’ns‘.’
3349 5556 3734 5675 biitfr

2162 5636 2625 5736 Ev'l’htolodotip
2668 5636 2941 5736 deodipt
2984 5636 3194 5736 iit-sunt,
3242 5636 3733 5736 etcrfiilj'ﬁmﬁ

2162 5700 3205 5799 legeba-t'bomidiin:-tton_Gaminadirn
3230 5766 3245 5791 ,
3277 5733 3336 5776 ut
3366 5712 3502 5770 falso
3532 5700 3705 5772 PM"ul

2164 5794 2399 5862 in'autca
2428 5798 2588 5856 editis
2613 5797 2786 5855 libris.
2818 5794 2996 5853 MART.
