4038 6328
437 209 549 268 ass
1695 208 1753 264 s.
1797 205 2074 266 EUSEBII
2100 207 2487 268 HIERONYMI
3629 176 3736 267 ssc

435 323 588 382 tione
616 324 671 382 in
704 325 1062 398 Septuaginta
1097 323 1342 381 additum
1391 331 1476 380 est
1506 341 1519 377 :
1569 338 1672 396 pro
1721 339 1828 396 quo
1873 322 2034 397 Sym-
2061 343 2114 403 Α
2140 325 2257 382 falsi
2289 327 2527 400 nominis
2553 329 2858 396 scientiam,
2888 328 3086 384 multas
3110 329 3425 404 varietates,
3451 338 3505 384 et
3529 336 3738 384 stacten

441 419 671 475 machus
697 419 884 482 vertit,
914 417 1186 489 polymita.
1228 416 1450 475 Stacten
1482 431 1698 489 quoque
1725 461 1739 486 ,
1781 432 1882 488 pro
1929 433 2039 489 quo
2141 419 2327 476 odoris
2353 421 2544 491 Optimi
2575 423 2988 493 repromittens,
3022 431 3077 478 et
3109 439 3403 494 purpuram
3451 424 3614 494 regia:
3657 421 3743 478 di-

439 525 634 567 omnes
657 509 747 566 alii
773 526 1062 578 purpuram
1086 509 1432 580 interpretati
1460 519 1606 578 sunt,
1637 526 1756 578 qua:
1777 509 2040 568 Hebraiee
2143 513 2384 583 gnitatis,
2410 526 2464 570 et
2493 517 2768 570 scutulata
2791 531 2859 570 ex
2893 525 3012 571 arte
3058 516 3370 583 dialectica,
3408 525 3463 573 et
3495 517 3740 588 byssum,

443 603 643 660 dicitur
668 618 917 660 anesum
942 603 1170 693 (τω-ω)
1193 613 1277 660 :et
1292 603 1563 659 varietates
1587 620 1650 658 ea:
1669 601 1888 658 Tltarsis
1907 646 1921 671 ,
1947 617 2042 671 pro

447 714 555 770 quo
582 698 637 753 in
671 698 903 753 Hebraeo
929 713 1024 753 nos
1065 699 1216 785 (γῇ)
1247 696 1471 763 dicitur,
1513 713 1632 768 quae
1677 697 1746 751 ab
1792 697 2043 752 omnibus

443 789 499 845 in
533 789 740 861 byssum
772 789 1035 844 translata
1059 799 1164 846 est.
1198 789 1422 844 Tharsis
1457 796 1639 844 autem
1686 789 1740 842 in
1787 789 2044 860 prmsenti

449 880 570 936 loco
603 880 821 950 penitus
844 897 953 936 non
991 879 1244 937 habetur.
1280 880 1348 935 Et
1387 880 1624 946 ramotlt,
1675 881 1943 950 inquiunt,
1997 889 2049 934 et

447 972 718 1027 cltodcliod
755 973 1006 1028 dederunt
1028 973 1083 1027 in
1106 973 1355 1033 nundinis
1381 975 1522 1040 tuis;
1547 973 1690 1044 quod
1720 975 1792 1027 ita
1820 972 2050 1028 habetur

449 1066 505 1121 in
541 1066 792 1132 Hebraeo,
826 1066 930 1122 nisi
961 1065 1106 1137 quod
1135 1081 1228 1136 pro
1261 1065 1486 1131 ramotli,
1518 1065 1713 1136 Aquila
1742 1066 1931 1131 serica,
1968 1064 2050 1120 vel

450 1158 687 1230 subtilia,
721 1142 1245 1231 interpretatus'eSt.
1281 1158 1565 1214 Chodchod
1590 1174 1719 1214 vero
1750 1172 1943 1214 omnes
1969 1157 2054 1212 in-

449 1261 748 1323 terpretes,
770 1255 842 1308 ita
865 1253 987 1310 utin
1011 1253 1240 1309 Hebraeo
1261 1253 1499 1324 positum
1533 1262 1619 1308 est
1641 1252 1843 1323 (131:),
1878 1261 2055 1306 trans-

454 1347 721 1400 tulerunt.
756 1347 944 1417 Igitur,
973 1346 1129 1416 juxta
1161 1346 1548 1417 Septuaginta,
1582 1346 1679 1401 lilii
1708 1345 2053 1400 Rhodiorum

454 1439 828 1510 negotiatores
868 1440 1023 1513 Tyri,
1056 1442 1124 1498 de
1155 1440 1346 1498 insulis
1387 1442 1632 1512 plurimis
1667 1441 2059 1512 multiplicave-

457 1545 585 1588 runt
610 1533 1042 1603 negetiationem
1070 1535 1227 1606 ejus:
1253 1535 1411 1606 juxta
1449 1534 1796 1603 Hebraicum,
1844 1543 1966 1606 post
1993 1535 2058 1590 Ii-

458 1623 564 1679 Iios
588 1624 776 1680 Dadau
817 1627 1194 1697 negotiatores
1231 1631 1368 1698 ejus,
1405 1629 1596 1684 insulse
1625 1644 1841 1699 quoque
1878 1628 2057 1683 diver-

2147 622 2244 678 pro
2267 625 2368 679 qua
2401 608 2761 680 Septuaginta
2791 609 3006 664 Tharsis
3035 609 3379 680 interpretati
3426 620 3554 666 sunt
3585 620 3744 664 terra:

2147 702 2398 770 operibus
2426 701 2640 757 deditus
2674 720 2686 755 :
2721 715 2777 758 et
2805 702 3038 758 sericum
3067 745 3081 770 ,
3117 718 3217 774 pro
3259 720 3367 774 quo
3417 705 3470 757 in
3518 702 3746 756 Hebrmo

2148 796 2408 864 scriptum
2441 806 2524 851 est
2549 811 2764 852 mmora
2794 797 3050 869 (mum),
3079 796 3222 868 quod
3253 797 3650 866 interpretatur
3680 796 3751 848 vi-

2148 888 2225 943 sio
2257 889 2451 942 mortis.
2479 889 2670 943 Omnia
2701 889 2846 944 enim
2883 905 3043 960 opera
3094 901 3310 945 terrena
3358 889 3425 944 ad
3469 887 3750 944 interitum

2131 994 2485 1070 .properant;
2531 995 2585 1037 et
2633 982 2940 1050 chodchod,
2988 983 3252 1054 quidquid
3305 983 3437 1038 illud
3482 997 3566 1038 est
3605 979 3751 1048 quod

2154 1075 2492 1146 intelligitur,
2523 1093 2831 1148 proponens
2865 1079 2914 1131 in
2948 1077 3202 1132 nundinis
3237 1077 3389 1147 Tyri.
3427 1076 3610 1130 Dadan
3654 1089 3752 1128 au-

2155 1176 2262 1222 tem
2292 1183 2356 1222 es
2389 1169 2471 1223 his
2496 1170 2769 1224 mercibus
2797 1185 2914 1239 quae
2946 1187 2974 1223 ιι
3007 1169 3444 1240 negotiatoribus
3467 1167 3584 1239 ejus
3606 1167 3754 1221 insu-

2154 1258 2329 1328 lisque
2358 1258 2610 1314 dicuntur
2634 1259 2837 1325 afferri,
2873 1260 2959 1315 vel
2989 1260 3155 1315 [mlite
3204 1261 3354 1332 regio
3404 1257 3756 1329 intelligenda

2156 1359 2256 1414 est,
2282 1351 2370 1404 vel
2403 1351 2760 1419 Idinnseorum
2809 1366 2874 1406 ac
2922 1362 3089 1406 vastae
3117 1349 3430 1406 solitudinis
3456 1394 3470 1418 ,
3525 1360 3582 1406 ut
3622 1365 3759 1403 non-

2159 1443 2292 1496 nulli
2320 1445 2613 1513 :Bstimant,
2640 1455 2908 1514 sonatque
2951 1447 3312 1514 cognationem
3339 1485 3354 1510 ,
3399 1451 3460 1498 ut
3504 1443 3762 1497 similitu-

2159 1532 2339 1590 dinem
2394 1536 2702 1592 divinoruni
2748 1537 3062 1608 dogmatuni
3104 1537 3160 1591 in
3217 1536 3492 1592 haereticis
3551 1550 3757 1608 cogno-

2161 1642 2403 1684 εοῖιιιιυε.

460 1731 644 1774 sarum
674 1728 914 1790 gentium
947 1731 1211 1778 auxerunt
1237 1723 1292 1778 in
1321 1721 1735 1778 mercimonium
1764 1723 1902 1792 ejus,
1930 1721 2061 1778 al'fe-
2091 1741 2138 1800 B
2235 1720 2416 1792 (Vers.
2449 1722 2564 1781 I7.)
2605 1722 2750 1778 Juda
2769 1733 2820 1779 et
2841 1734 2979 1779 terra
2999 1723 3168 1779 Israel
3195 1725 3294 1797 ipsi
3343 1725 3606 1779 institores
3663 1725 3759 1789 tui,

460 1823 646 1868 rentes
673 1815 867 1870 dentes
893 1816 1164 1872 eburneos
1193 1831 1261 1872 ex
1290 1815 1439 1871 India
1461 1857 1475 1882 ,
1509 1826 1564 1872 et
1591 1817 1733 1887 ligna
1769 1816 2058 1884 hebenina,

460 1917 582 1974 quae
611 1906 756 1974 nigri
781 1906 986 1962 coloris
1030 1908 1426 1978 pretiosissima
1475 1917 1622 1976 sunt,
1666 1920 1721 1964 et
1763 1917 2063 1963 commota-.-

462 2008 664 2052 verunt
701 2013 825 2054 cum
857 2001 981 2056 aliis
1011 2000 1142 2072 Tyri
1172 2003 1464 2057 mercibus.
1491 2002 1660 2074 Syrus
1696 2017 1915 2073 quoque
1965 2003 2066 2058 luit

465 2093 772 2163 negotiator
799 2094 928 2167 Tyri
964 2113 977 2148 :
1034 2111 1133 2166 pro
1177 2098 1292 2166 quo
1333 2097 1388 2151 in
1440 2097 1669 2152 Hebraeo
1718 2097 1953 2167 positum
1981 2109 2066 2153 est

466 2201 610 2243 ARAI
636 2187 822 2262 (tam),
858 2191 911 2244 in
945 2190 1104 2261 cujus
1131 2192 1250 2245 loco
1265 2190 1616 2262 Septuaginta
1638 2191 1868 2246 homines
1891 2192 2063 2248 inter-

468 2282 669 2350 pretati
702 2291 868 2347 sunt,
907 2299 1001 2352 pro
1031 2298 1176 2338 anan
1207 2286 1449 2353 legentes
1471 2285 1660 2352 Anan,
1684 2294 1738 2340 et
1761 2301 1858 2339 nes
1884 2293 1938 2339 et
1967 2301 2065 2340 na-

471 2385 614 2426 LETII
646 2371 975 2441 litterarum,
1020 2375 1160 2430 sicut
1204 2390 1390 2446 supra,
1439 2375 1653 2446 decepti
1688 2375 2067 2432 similitudine.

471 2462 655 2535 Usque
684 2464 842 2520 hodie
878 2477 1055 2522 autem
1089 2477 1372 2536 permanet
1400 2469 1456 2523 in
1488 2467 1644 2540 Syris
1671 2469 1945 2539 ingenitus
1976 2483 2071 2524 ne-

470 2557 786 2628 godationis
808 2560 994 2629 ardor,
1024 2561 1117 2632 qui
1155 2577 1251 2632 per
1283 2569 1456 2617 totum
1489 2561 1750 2618 mundum
1799 2563 1932 2617 lucri
1979 2577 2073 2617 cu-

476 2651 705 2721 piditate
736 2653 1086 2724 discurrunt,
1115 2666 1172 2710 et
1203 2664 1407 2710 tantam
1438 2656 1720 2712 mercandi
1747 2655 1951 2711 habent
1978 2671 2074 2712 ve-

475 2747 712 2814 saniam,
746 2756 827 2815 ut,
859 2755 1131 2818 occupato
1159 2763 1302 2802 nunc
1328 2748 1460 2804 orbe
1491 2747 1755 2817 Romano,
1791 2749 1933 2803 inter
1956 2749 2069 2819 gla-

478 2837 618 2907 dios,
649 2847 704 2893 et
733 2838 1062 2894 miserorum
1093 2855 1258 2895 neces
1285 2853 1534 2910 quairant
1563 2839 1806 2904 divitias,
1849 2851 1906 2896 et
1945 2857 2076 2911 pau-

478 2941 744 3004 pertatem
770 2934 1030 3002 periculis
1054 2934 1279 3006 fugiant.
1301 2935 1610 2992 istiusmodi
1639 2937 1890 2991 homines
1912 2951 2078 3007 nego-

484 3026 714 3080 tiatores
755 3023 884 3096 Tyri
917 3036 1062 3094 sunt,
1111 3028 1200 3096 qui
1236 3028 1520 3098 polymita,
1556 3043 1846 3099 purpuram
1874 3039 1928 3082 et
1954 3043 2079 3083 scu-

2166 1814 2220 1866 in
2247 1817 2501 1877 frumento
2527 1817 2694 1886 primo
2722 1832 2742 1871 :
2774 1818 3059 1872 balsamum
3084 1831 3130 1870 et
3157 1818 3277 1884 mel,
3307 1827 3355 1872 et
3390 1817 3582 1882 oleum,
3613 1827 3659 1872 et
3685 1834 3771 1872 re-

2167 1906 2336 1959 sinam
2365 1921 2744 1978 proposuerunt
2775 1911 2828 1963 in
2857 1909 3104 1963 nundinis
3127 1911 3248 1964 tuis.
3279 1907 3425 1964 LXX
3456 1928 3469 1964 :
3502 1907 3672 1964 Iudas
3718 1916 3770 1962 et

2169 1988 2269 2068 ﬁlii
2301 1997 2493 2066 Israel,
2519 2001 2607 2055 isti
2629 2002 2972 2071 negotiatores
3004 2002 3082 2056 tui
3111 2003 3162 2055 in
3197 2002 3442 2069 frumenti
3463 2000 3772 2055 commercio

2171 2102 2216 2146 et
2246 2094 2522 2162 unguentis
2555 2111 2566 2147 :
2599 2077 2946 2164 primumimel
2975 2104 3021 2148 et
3040 2095 3230 2161 oleum,
3261 2108 3310 2147 et
3339 2097 3561 2148 resinam
3613 2094 3773 2148 dede-

2170 2196 2291 2240 runt
2322 2187 2374 2240 in
2417 2189 2665 2242 nundinis
2713 2189 2832 2243 tuis.
2891 2189 3123 2244 Verbum
3174 2189 3498 2244 Hebraicuni
3559 2203 3770 2243 PBANAG

2173 2280 2314 2350 (ΠΒ)
2347 2279 2564 2350 Aquila,
2591 2279 2951 2352 Symmachus
2979 2291 3032 2337 et
3063 2281 3371 2336 Theodotio
3405 2285 3508 2347 ita,
3541 2295 3600 2335 ut
3629 2279 3776 2350 apud

2174 2371 2430 2428 Hebraeos
2459 2375 2693 2443 positum
2735 2386 2852 2442 est,
2887 2377 3321 2431 tranStnlerunt:
3353 2391 3452 2446 pro
3479 2391 3587 2446 quo
3623 2373 3772 2430 LXX

2173 2478 2457 2538 unguenta,
2496 2483 2594 2523 nos
2625 2468 2913 2523 balsamum
2944 2469 3228 2525 vertimus.
3290 2468 3499 2524 Dicitur
3560 2479 3770 2535 autem,

2175 2561 2373 2630 quibus
2403 2568 2543 2616 terra
2569 2560 2782 2629 Judzea,
2801 2578 2922 2632 quae
2946 2576 3091 2616 nunc
3121 2562 3425 2633 appellatur
3454 2561 3770 2630 Palaestina,

2176 2651 2414 2707 abundet
2434 2653 2626 2722 copiis,
2653 2653 2946 2720 frumento,
2983 2655 3249 2721 balsamo,
3279 2654 3442 2711 melle
3469 2664 3524 2709 et
3543 2655 3686 2720 oleo,
3714 2659 3776 2708 et

2178 2746 2379 2809 resina,
2409 2745 2570 2820 315
2599 2761 2722 2816 quae
2747 2763 2776 2800 a
2807 2746 2967 2815 Juda,
2995 2753 3051 2802 et
3075 2747 3321 2814 Israelad
3338 2747 3467 2820 Tyri
3497 2745 3780 2802 nundinas

2179 2837 2518 2896 deferuntur.
2545 2839 2789 2911 Cumque
2820 2841 3103 2896 manifesta
3135 2841 3206 2896 sit
3237 2842 3436 2909 littera,
3481 2841 3632 2912 juxta
3665 2841 3783 2912 spi-

2179 2932 2432 2986 ritualeni
2463 2948 2682 2988 sensum
2719 2933 2981 3002 dicemus,
3016 2945 3123 2989 non
3155 2933 3358 2990 debere
3400 2945 3600 2991 terram
3645 2948 3785 2988 con--

2183 3020 2456 3091 fessionis,
2480 3034 2536 3079 et
2557 3039 2776 3080 sensum
2804 3028 3082 3082 cernentis
3128 3026 3297 3080 Deum
3331 3028 3422 3098 qui
3447 3025 3679 3081 refertur
3710 3025 3783 3080 ad

482 3117 649 3172 tulata
683 3126 998 3172 mercantur
1033 3137 1046 3172 :
1096 3119 1314 3189 byssum
1361 3135 1576 3190 quoque
1622 3131 1675 3174 et
1723 3121 1979 3186 sericum,
2025 3130 2079 3174 et
2105 3134 2150 3198 ρ
2186 3116 2506 3184 Ecelesiam,
2536 3117 2749 3174 deferre
2776 3117 2922 3190 Tyro
2950 3119 3184 3189 primum
3216 3119 3476 3186 triticum,
3503 3119 3648 3186 quod
3681 3131 3782 3172 ca-

479 3209 762 3266 chodchod
809 3221 1115 3281 proponunt
1144 3210 1198 3266 in
1224 3223 1465 3266 mercatu
1514 3212 1655 3282 ejus.
1687 3211 1791 3266 Pro
1819 3227 2072 3282 purpura,

481 3318 642 3374 quam
672 3319 862 3359 omnes
894 3306 1238 3375 interpretati
1267 3318 1393 3362 sunt
1420 3324 1437 3373 ;
1483 3316 1704 3376 stacten,
1737 3305 1792 3361 id
1820 3318 1924 3374 est,
1955 3315 2074 3380 guto

479 3406 626 3464 tam,
670 3396 1030 3468 Septuaginta
1083 3399 1496 3456 transtulerunt.
1551 3399 1850 3455 Chodchod
1892 3409 2074 3456 autem

481 3489 608 3560 quid
636 3490 929 3562 signiticet,
980 3503 1005 3529 ιι
1052 3508 1224 3562 usque
1269 3494 1323 3549 in
1366 3497 1782 3564 praesentiarum
1835 3496 2078 3552 invenire

483 3598 594 3638 non
625 3585 795 3654 potui.
830 3583 997 3639 Aiunt
1027 3586 1472 3654 Hebraei,omues
1489 3589 1914 3660 pretiosissimas
1935 3607 2078 3645 mer-

479 3688 572 3730 ces
600 3675 703 3730 hoc
729 3677 950 3732 nomine
992 3678 1292 3748 signiﬁcari
1316 3722 1332 3748 ,
1385 3683 1471 3737 vel
1516 3684 1756 3753 speciem
1786 3684 2074 3756 quamdam

480 3781 605 3822 esse
639 3767 998 3836 pretiosarum
1028 3777 1315 3840 mercium,
1358 3790 1523 3846 quam
1571 3775 1848 3833 Romanus
1895 3792 2076 3832 sermo

483 3875 594 3914 non
625 3871 864 3929 resonet,
919 3865 1004 3919 vel
1052 3868 1330 3922 communi
1375 3871 1643 3925 vocabulo
1687 3869 1853 3942 314
1896 3883 2075 3927 scruta

483 3953 854 4008 vendentium.
887 3955 966 4011 De
995 3959 1179 4012 multis
1207 3971 1387 4015 autem
1416 3963 1626 4028 insulis,
1655 3974 1712 4018 ut
1736 3976 2076 4020 transeamus

488 4043 555 4100 ad
584 4061 892 4118 anagogen,
919 4064 1042 4120 qua:
1067 4052 1228 4107 salsis
1257 4051 1365 4124 [Αι.
1395 4052 1572 4127 falsis]
1601 4066 1656 4111 et
1681 4059 1883 4111 amaris
1914 4057 2077 4128 hujus

486 4139 673 4194 saeculi
721 4143 1021 4197 tunduntur
1065 4142 1360 4213 ﬂuctibus,
1413 4147 1666 4202 delerunt
1711 4151 2076 4219 negotiatores

485 4231 670 4288 Dadan
699 4232 891 4290 dentes
920 4237 1214 4306 eburneos,
1249 4239 1541 4296 candorem
1569 4241 1898 4312 eloquentiae
1920 4246 2078 4313 polli-

485 4340 714 4395 centes;
738 4329 808 4385 de
837 4331 1032 4401 quibus
1060 4335 1320 4404 scriptum
1353 4343 1438 4390 est
1465 4353 1477 4389 :
1509 4335 1556 4388 Α
1580 4336 1816 4390 domibus
1839 4337 2077 4392 eburneis

486 4438 552 4477 ea:
581 4423 764 4493 quibus
794 4426 1174 4482 delectaverunt
1203 4439 1248 4481 te
1275 4427 1402 4497 ﬁlice
1439 4446 1617 4503 regum
1655 4432 1712 4485 in
1751 4432 1948 4486 honore
1987 4442 2076 4486 tuo

2182 3209 2316 3265 dens
2344 3213 2395 3264 in
2429 3221 2629 3266 terram
2663 3211 3076 3281 multiplicatur,
3111 3221 3164 3267 et
3187 3211 3454 3281 accipitur
3487 3228 3583 3280 pro
3612 3210 3785 3265 VCI‘bO

2180 3302 2275 3358 Dei
2311 3321 2324 3356 :
2358 3301 2479 3357 Non
2505 3305 2642 3358 enim
2665 3305 2719 3357 in
2747 3321 2881 3376 parte
2901 3302 3012 3358 solo
3033 3305 3151 3358 vivit
3179 3305 3350 3371 homo,
3402 3307 3490 3357 sed
3533 3304 3587 3356 in
3640 3303 3787 3356 omni

2179 3412 2408 3451 sermone
2432 3394 2864 3467 Dei(Deut.vttt,
2910 3398 2988 3466 5).
3026 3395 3226 3451 Deinde
3283 3395 3585 3450 balsamum
3632 3395 3786 3464 quod

2179 3490 2420 3544 nascitur
2451 3490 2503 3543 in
2528 3490 2706 3543 vineis
2734 3489 3004 3560 Engaddi,
3038 3490 3153 3543 sive
3180 3499 3536 3559 unguentum,
3579 3486 3646 3542 de
3668 3501 3784 3556 quo

2179 3580 2438 3649 scriptum
2469 3589 2553 3634 est
2579 3593 2592 3632 :
2623 3579 2771 3634 Sicut
2801 3589 3117 3652 unguentum
3153 3580 3208 3632 in
3237 3580 3406 3650 capite
3432 3618 3447 3644 ,
3497 3575 3636 3648 quod
3689 3578 3790 3632 de-

2177 3671 2375 3727 scendit
2399 3673 2454 3725 in
2493 3672 2726 3734 barbam,
2759 3671 2972 3726 barbam
3006 3672 3181 3726 Aaron
3216 3669 3335 3741 (Ps.
3359 3685 3581 3735 csxxu,
3611 3669 3690 3739 2).
3715 3669 3788 3723 Et

2179 3767 2288 3820 mel
2332 3781 2493 3835 super
2524 3782 2632 3836 quo
2677 3768 2913 3837 loquitur
2942 3777 2998 3822 et
3041 3765 3300 3822 Salomon
3337 3785 3349 3818 :
3382 3763 3492 3818 Mel
3515 3763 3779 3830 inuenisti,

2179 3861 2385 3914 comede
2403 3872 2652 3931 quantum
2678 3862 2804 3915 satis
2833 3870 2927 3914 est.
2963 3859 3024 3914 Si
3042 3860 3179 3913 enim
3203 3860 3317 3928 plus
3341 3855 3643 3922 comederis,
3667 3871 3790 3908 euo-

2180 3969 2286 4007 ines
2315 3953 2450 4008 illud
2481 3954 2667 4023 (Prov.
2689 3969 2816 4018 xxv,
2845 3955 2935 4022 Ili)
2964 3993 2978 4018 ,
3008 3953 3136 4007 dum
3168 3951 3451 4006 Saturitate
3479 3951 3645 4003 nimia
3674 3949 3788 4002 mel

2179 4045 2410 4102 vertitur
2439 4063 2489 4101 III
2519 4046 2891 4118 absynthium.
2920 4044 3112 4100 Oleum
3145 4058 3364 4113 quoque
3394 4042 3462 4096 de
3490 4057 3600 4112 quo
3619 4043 3670 4094 in
3701 4048 3790 4093 ta-

2178 4141 2475 4196 bernaculo
2526 4139 2623 4195 Dei
2667 4139 2888 4194 lucerna
2921 4137 3258 4203 accenditur,
3291 4152 3360 4192 ne
3381 4147 3599 4206 aptetur
3625 4133 3790 4190 nobis

2180 4233 2312 4287 illud
2367 4233 2743 4302 propheticum
2779 4229 3010 4286 :Oleum
3057 4231 3110 4284 in
3149 4229 3386 4300 zEgyplo
3448 4227 3790 4283 venundabas

2179 4325 2338 4396 (Osee
2362 4341 2459 4393 xit,
2492 4325 2567 4396 I).
2593 4325 2749 4393 Quod
2772 4327 2816 4380 si
2845 4325 2900 4381 in
2927 4323 3188 4396 Egypto,
3215 4335 3272 4380 et
3304 4327 3356 4378 in
3386 4323 3533 4393 Tyro
3583 4323 3776 4390 fuerit,

2177 4429 2424 4477 vertetur
2454 4421 2508 4475 in
2535 4421 2894 4484 contrarium,
2922 4429 2978 4475 et
3003 4421 3217 4475 dicetur
3238 4417 3307 4474 de
3336 4433 3404 4473 eo
3431 4459 3446 4482 ,
3473 4414 3660 4470 Oleum
3691 4433 3800 4469 au-

493 4515 613 4588 (Ps.
648 4533 756 4586 LIV,
791 4521 868 4591 9).
901 4521 1007 4577 Sed
1052 4538 1158 4576 non
1209 4535 1340 4580 sunt
1385 4525 1626 4592 candidi,
1661 4541 1765 4582 nec
1802 4529 2069 4582 itnitantui

2189 4525 2289 4568 tem
2327 4515 2610 4584 peccatoris
2640 4529 2739 4567 non
2769 4513 3052 4582 impinguet
3079 4522 3232 4582 caput
3280 4525 3452 4563 meum
3480 4507 3600 4581 (Ps.
3658 4521 3796 4574 CXL,

487 4623 767 4680 sponsam,
797 4613 866 4668 de
897 4628 1000 4684 qua
1035 4615 1236 4671 dicitur
1271 4635 1284 4670 :
1320 4619 1450 4685 Qua:
1477 4630 1550 4675 est
1576 4621 1679 4674 ista
1701 4636 1820 4692 qua:
1847 4621 2086 4674 ascendit

487 4702 753 4768 dealbata,
787 4705 1013 4760 innitens
1043 4725 1198 4779 super
1229 4712 1534 4782 fratruelem
1561 4729 1713 4767 suum
1761 4711 1941 4782 (Cant.
1965 4729 2083 4780 vui,

493 4797 592 4867 5)?
621 4812 809 4852 verum
841 4797 1093 4856 hebenini
1121 4803 1261 4872 nigri
1289 4805 1512 4873 coloris,
1555 4806 1648 4875 qui
1697 4819 1804 4860 non
1859 4816 2086 4875 possunt

489 4901 645 4943 suam
676 4899 888 4947 mutare
919 4895 1281 4964 nigredinem,
1309 4895 1544 4951 Jeremia
1582 4898 1797 4953 dicente
1824 4915 1838 4951 :
1881 4899 1943 4954 Si
1973 4915 2089 4952 mu-

491 4982 616 5037 tabit
639 4982 890 5056 ΔΞιΙιὶορδ
913 4987 1096 5056 pellem
1117 5004 1283 5052 suant,
1310 4995 1360 5042 et
1387 4988 1584 5058 pardus
1619 4992 1915 5046 varietatem
1937 5009 2086 5046 suam

2189 4607 2267 4679 5).
2294 4607 2404 4663 Sed
2433 4615 2488 4662 et
2519 4608 2698 4661 resina
2729 4606 2867 4661 lenis
2892 4604 3002 4678 [Αι.
3041 4601 3196 4675 levis]
3225 4612 3330 4669 est,
3360 4609 3486 4670 apta
3541 4601 3802 4670 corpori-

2189 4703 2312 4770 bus,
2335 4713 2390 4758 et
2420 4717 2516 4772 pro
2539 4701 2808 4758 medicina
2837 4699 3124 4768 accipitur.
3154 4696 3307 4752 Unde
3347 4702 3406 4752 et
3448 4694 3504 4750 in
3550 4693 3798 4749 Ieremia

2189 4800 2452 4868 scriptum
2477 4806 2561 4852 est
2589 4813 2602 4848 :
2633 4791 2902 4865 Numquid
2933 4793 3103 4846 resina
3131 4807 3233 4845 non
3249 4801 3322 4844 est
3348 4789 3406 4842 in
3425 4785 3631 4841 Galaad
3659 4802 3678 4840 :
3698 4796 3800 4840 aut

2161 4892 2419 4946 'medicus
2447 4907 2550 4944 non
2576 4898 2647 4943 est
2671 4882 2791 4942 ibi?
2815 4886 2988 4954 Quare
3013 4902 3115 4940 non
3151 4882 3386 4938 ascendit
3428 4881 3630 4936 curatio
3661 4879 3801 4950 ﬁlim

2195 4985 2376 5059 populi
2407 4987 2503 5040 mei
2529 4983 2660 5057 (Jer.
2694 4999 2809 5049 vin,
2834 4982 2951 5052 ἓξ).
2997 4983 3147 5037 Ilanc
3175 4981 3414 5034 resinam
3450 4978 3687 5032 habebat
3735 4986 3801 5031 et

495 5075 628 5151 (Jer.
655 5095 772 5150 χιιι,
795 5079 912 5152 21).
943 5083 1114 5153 Syrus
1135 5097 1374 5152 quoque,
1403 5083 1454 5138 id
1483 5093 1588 5152 est,
1639 5085 1820 5153 Aram,
1870 5086 1958 5154 qui
2003 5085 2093 5140 ind
2183 5081 2382 5147 Iacob,
2412 5095 2572 5151 quam
2603 5079 2852 5134 mittebat
2879 5077 2990 5131 tilio
3014 5090 3114 5131 suo
3142 5073 3346 5143 Joseph
3373 5087 3496 5127 cum
3523 5072 3706 5136 melle,
3735 5081 3800 5126 et

491 5181 825 5241 terpretatiir
850 5173 1108 5240 excelsus,
1159 5182 1216 5232 et
1259 5185 1431 5231 tumet
1473 5178 1748 5248 superbia,
1779 5177 2086 5248 negotiator
2187 5176 2528 5242 terebintho,
2591 5176 2821 5230 nucibus
2875 5171 3252 5245 thymiamate,
3306 5177 3362 5223 et
3398 5163 3792 5238 stacte(Gen.

492 5261 619 5336 Tyri
648 5276 753 5331 est,
782 5275 838 5321 et
867 5266 919 5321 in
948 5268 1300 5325 multitudine
1327 5262 1555 5340 Ope'rum
1589 5270 1875 5342 Tyriorum
1910 5271 2086 5327 del‘ert
2185 5271 2670 5342 xt.ttt).lsmaelit:e
2685 5283 2900 5339 quoque
2926 5268 3016 5336 qui
3048 5269 3304 5321 emerunt
3321 5260 3528 5331 Joseph
3555 5259 3625 5314 de
3644 5270 3798 5314 terra

489 5467 760 5524 concursu
789 5455 1018 5512 duarum
1042 5455 1084 5510 N
1116 5455 1314 5510 factum
1343 5466 1448 5524 est,
1483 5467 1712 5524 quarum
1759 5454 1986 5508 alteram
2023 5453 2088 5510 li-

2196 5450 2498 5527 Cltodcltod,
2531 5452 2667 5524 quod
2693 5451 2834 5506 solus
2862 5448 3207 5527 Symmachus
3243 5440 3569 5527 κᾳρχιδὸνιον
3623 5451 3802 5527 trans-

492 5523 654 5581 brarii
679 5543 960 5598 perperam
1008 5529 1260 5582 omisere.

2196 5523 2337 5581 tulit.
2393 5527 2460 5581 Et
2482 5513 2612 5580 vero
2637 5513 2971 5578 recentiori-5
3014 5519 3260 5591 plerique
3288 5513 3616 5591 inti-rpretes
3654 5513 3803 5591 lapif

570 5607 597 5636 α
640 5599 758 5666 Ipse
782 5596 1169 5666 interpretatus
1193 5608 1278 5671 est
1293 5597 1562 5671 jaspidem
1592 5597 1644 5671 in
1670 5596 1824 5671 Isaiae
1849 5596 2083 5671 uv,_12,

495 5685 599 5741 qua
622 5671 687 5724 de
711 5687 769 5726 re
793 5673 844 5726 in
877 5669 1312 5727 commentariis}
1340 5669 1460 5741 Ubi,
1479 5670 1671 5739 inquit,
1691 5685 1783 5723 nos
1799 5669 2081 5740 jaspidem,

495 5740 763 5812 sequentes
787 5742 957 5813 LXX,
988 5744 1240 5810 diaimus,
1274 5744 1328 5798 in
1359 5740 1635 5814 Hebraico.
1655 5742 1914 5813 scriptum’
1935 5741 2082 5799 liabet

2195 5596 2318 5668 dem
2345 5600 2640 5668 pretiosum
2661 5595 2937 5665 designari
2987 5587 3292 5668 autumant.
3344 5589 3640 5652 Victorius,
3698 5587 3798 5655 qui

2193 5663 2482 5740 saphirnm
2512 5663 2929 5739 interpretatur,
2961 5665 3134 5737 magis
3163 5663 3374 5734 probat.
