4038 6328
194 303 297 365 357

825 306 1479 368 COMMENTARIORUM
1520 309 1587 367 IN
1630 305 2075 367 EZECIIIELEM
2114 306 2243 367 LIB.
2292 306 2431 366 VIII.
2472 308 2623 366 CAP.
2666 308 2879 370 XXVII.

3396 308 3501 369 268

188 422 359 478 Israel
386 467 399 485 ,
458 422 579 479 lure
629 425 679 480 in
715 424 1011 501 Egyptum
1064 430 1352 498 portabant
1404 430 1755 502 thymiamata
1779 472 1795 498 ,
1830 432 1872 491 Λ
1903 425 2017 493 guis
2041 424 2223 490 osculi,
2260 424 2520 494 praesenti
2546 441 2648 480 non
2674 423 2937 481 convenit
2962 422 3104 479 loco.
3158 420 3504 491 Frequenter

186 526 238 569 et
271 518 521 572 resinam
573 518 642 574 de
693 519 918 587 Galaad,
963 532 1013 577 et
1045 532 1252 579 stacten
1277 521 1439 596 (Ibid.
1462 565 1477 589 ,
1508 522 1619 594 57).
1654 523 1718 578 Et
1749 531 1805 578 ut

186 609 547 667 manifestius
604 612 747 668 scire
807 615 1080 684 possimus
1128 615 1379 697 quid’sit
1428 615 1800 685 frumentum,

184 702 533 773 balsamum,
566 707 667 761 mel
693 718 747 764 et
775 708 955 764 oleum
1001 711 1349 782 resinamqne
1390 712 1455 766 ad
1501 722 1806 768 mercatum

184 794 317 850 ferri
346 797 509 868 Tyri,
537 799 819 855 audiamus
859 801 1073 858 Domini
1124 804 1287 858 verba
1313 804 1549 859 dicentis
1576 822 1587 859 :
1626 804 1808 861 Nolite

186 888 317 943 dare
350 902 594 945 sanctum
616 894 828 948 canibus
861 913 879 949 :
903 912 1063 961 neque
1094 897 1406 966 margaritas
1446 906 1644 952 vestras
1689 900 1809 952 ntit-

186 986 317 1037 tatis
342 994 470 1037 ante
493 1002 676 1054 porcos
708 984 925 1055 (Matth.
964 1003 1054 1055 ιιι,
1088 986 1165 1055 6).
1191 987 1398 1044 Mulieri
1428 1005 1644 1059 quoque
1672 990 1809 1045 (lha-
1836 990 1839 993 ’

186 1094 426 1145 uanae,
458 1094 582 1149 qua:
604 1095 702 1149 pro
728 1079 835 1135 ﬁlia
866 1081 1212 1151 precabatur,
1238 1082 1425 1138 dicens
1455 1100 1467 1136 :
1507 1081 1651 1138 Filia
1698 1100 1809 1138 mea

186 1176 333 1227 male
367 1187 585 1228 vexatur
608 1191 639 1227 a
667 1175 944 1243 dwmonio,
1005 1176 1286 1246 respondit
1341 1177 1603 1232 Dominus
1636 1195 1649 1232 :
1684 1176 1809 1233 Non

185 1278 403 1334 Oportet
436 1267 620 1321 tollere
650 1284 833 1336 panem
866 1268 1116 1339 ﬁliorum,
1165 1278 1212 1323 et
1258 1270 1381 1325 dare
1433 1288 1549 1324 eum
1595 1271 1811 1328 canibus

187 1359 421 1430 (Hattlt.
449 1376 556 1425 xv,
591 1361 662 1415 22
685 1402 700 1425 ,
724 1361 838 1431 26).
872 1361 979 1417 Sed
1003 1363 1126 1433 quia
1147 1364 1434 1418 exieratde
1456 1364 1651 1420 ﬁnibus
1681 1365 1808 1435 Tyri

185 1462 243 1507 et
282 1453 526 1509 Sidonis
550 1494 564 1517 ,
598 1463 651 1508 et
684 1454 1080 1524 propinquabat
1127 1465 1286 1512 terra:
1331 1456 1498 1513 Israel
1530 1500 1545 1523 ,
1604 1458 1810 1516 idcirco

186 1548 337 1619 quod
368 1557 658 1618 rogaverat
697 1561 987 1605 consecuta
1017 1559 1121 1606 est.
1326 1534 1329 1535 ν

260 1643 458 1714 (\‘ers.
502 1643 617 1711 18.)
661 1642 1019 1700 Damascenus
1071 1648 1355 1716 negotiator
1393 1655 1513 1701 tuus
1545 1648 1596 1700 in
1629 1648 1808 1701 multi-

193 1736 385 1789 tudine
417 1754 639 1804 operum
672 1747 879 1792 tuorum
909 1756 927 1793 :
958 1739 1009 1791 in
1043 1741 1191 1812 cOpia
1225 1739 1405 1812 [Vulg.
1456 1738 1811 1811 multitudine]

1908 520 2056 573 enim
2089 518 2318 574 Hebrtea
2352 520 2573 574 nomina
2602 534 2699 589 pro
2729 520 3049 575 diversitate
3071 525 3422 579 accentuum,
3448 523 3505 572 et

1909 615 2211 670 mutatione
2238 615 2544 669 litterarum
2574 614 2972 683 vocaliumque,
3004 614 3089 669 vel
3120 610 3358 667 maxime
3386 625 3507 682 qua:

1908 706 2053 777 apud
2079 706 2203 762 illos
2228 706 2434 763 habent
2474 707 2834 778 proprietates
2863 720 3012 773 suas,
3044 703 3197 760 varie
3237 704 3510 774 interpre-

1916 811 2117 859 tantur.

1981 895 2162 965 (Vers.
2197 893 2310 965 l9.)
2352 892 2473 949 Dan
2501 903 2548 949 et
2598 894 2801 949 Graecia
2840 902 2889 948 et
2932 892 3104 948 Mozel
3152 894 3203 946 in
3261 891 3507 946 nundinis

1911 987 2011 1040 tuis
2029 997 2308 1058 posuerunt
2325 986 2505 1059 [Vulg
2528 984 2919 1060 proposuerunt]
2934 990 3123 1056 ferrum
3140 985 3479 1056 fabrefactum
3493 999 3511 1035 :

1912 1090 2075 1133 stacte
2097 1080 2258 1151 317
2282 1092 2328 1132 et
2376 1079 2609 1134 calamus
2642 1083 2693 1133 in
2719 1080 3064 1151 negotiatione
3094 1088 3201 1131 tua.
3231 1076 3375 1132 LXX

1911 1171 2034 1227 Dan
2088 1185 2135 1228 et
2186 1174 2359 1229 Jaran
2414 1184 2463 1229 et
2510 1174 2683 1229 Μοίρι
2733 1176 2785 1227 in
2830 1173 3079 1229 nundinis
3112 1176 3214 1227 tuis
3245 1174 3260 1223 ἴ
3297 1187 3419 1238 qua:
3460 1172 3513 1226 in

1913 1266 2154 1321 editione
2186 1281 2375 1321 eorum
2406 1266 2473 1322 de
2502 1265 2876 1322 Theodotione
2904 1265 3083 1320 addita
3115 1273 3261 1320 sunt.
3293 1259 3519 1317 Ferrum

1912 1361 2103 1432 factum
2136 1379 2314 1430 opere,
2344 1371 2393 1415 et
2421 1372 2535 1416 rota
2567 1363 2616 1415 in
2649 1363 3013 1416 commixtione
3043 1370 3130 1415 tua
3154 1370 3248 1416 est.
3294 1360 3375 1414 Ex
3423 1374 3522 1414 no-

1920 1453 2068 1507 mine
2093 1453 2417 1522 patriarchae
2453 1454 2564 1507 Dan
2596 1461 2652 1509 et
2679 1453 2876 1519 tribus,
2920 1465 2972 1508 et
3018 1453 3171 1508 locus
3198 1452 3252 1506 in
3285 1466 3390 1519 quo
3421 1451 3519 1525 ha-

1915 1546 2109 1601 bitavit
2166 1546 2360 1609 tribus,
2420 1561 2617 1600 nomen
2663 1548 2897 1615 accepit,
2948 1544 3038 1600 ubi
3087 1544 3250 1599 hodie
3281 1544 3519 1647 Paneag,

1916 1651 2035 1707 qua:
2065 1637 2338 1707 quondam
2383 1638 2634 1693 Caesarea
2682 1636 2916 1707 Philippi
2945 1638 3260 1692 vocabatur.
3287 1635 3441 1692 Unde
3468 1635 3524 1691 et

1916 1727 2169 1782 Iordanis
2200 1728 2393 1783 ﬂuvius
2427 1730 2653 1784 sortitus
2676 1739 2759 1784 est
2786 1728 3129 1795 vocabulum,
3159 1727 3185 1766 ι)
3214 1727 3332 1794 Jor,
3376 1730 3525 1784 rivus

194 1831 527 1884 dirersarunt
551 1848 706 1901 apum
738 1849 753 1884 :
782 1833 835 1885 in
858 1833 976 1886 riuo
997 1833 1199 1905 pingui,
1227 1834 1280 1885 in
1312 1834 1446 1887 lanis
1470 1831 1659 1886 coloris
1690 1833 1815 1904 apti-
1844 1825 1893 1886 B
1921 1819 2195 1885 Videlicet:
2246 1819 2389 1884 Da":
2439 1822 2528 1890 (Ιυί
2589 1819 2705 1874 θηίί
2760 1819 2829 1875 de
2888 1820 3116 1877 Libal'o-
3144 1818 3312 1873 Ῑαυαη
3336 1830 3519 1877 amem

193 1926 284 1977 uti.
308 1924 462 1979 LXX
488 1941 504 1977 :
535 1923 824 1979 Damascus
856 1926 1147 1996 negotiator
1171 1926 1334 1998 316
1364 1936 1481 1979 tuus
1510 1927 1561 1979 in
1577 1925 1816 1979 multitu-

193 2021 316 2071 dine
337 2035 564 2084 opcrum
587 2028 795 2072 tuorum
815 2059 829 2081 ,
855 2034 918 2074 ex
938 2018 1271 2073 multitudine
1300 2021 1466 2074 omnis
1494 2020 1819 2090 fortitudinis

195 2120 303 2166 tum
336 2132 351 2164 :
384 2113 568 2165 vinum
595 2128 659 2166 ea:
689 2110 941 2178 Chelbon,
967 2123 1015 2166 et
1047 2112 1193 2167 lanas
1220 2113 1283 2166 de
1314 2111 1518 2166 Mileto.
1552 2112 1658 2167 Pro
1700 2113 1828 2180 vino

195 2206 414 2277 pingui,
439 2204 588 2275 quod
624 2205 1015 2275 interpretatus
1066 2215 1149 2261 est
1178 2205 1563 2277 Symmachus,
1599 2214 1654 2260 et
1678 2205 1820 2276 apud

197 2300 467 2369 Aquilam
523 2308 580 2353 et
630 2298 1087 2365 Theodotionem,
1120 2308 1176 2355 et
1204 2298 1256 2352 in
1291 2301 1407 2369 ipso
1430 2297 1696 2353 Hebraico
1728 2297 1824 2351 ba-

198 2393 314 2455 bet,
346 2394 533 2446 tinum
577 2392 642 2445 de
697 2407 906 2448 BELBON
939 2376 1156 2476 (tutan).
1208 2390 1550 2461 Rursumque
1603 2390 1691 2445 ubi
1727 2405 1824 2445 nos

200 2487 505 2557 po-ttintus
534 2486 669 2540 lanis
707 2486 895 2540 coloris
927 2486 1128 2558 optimi,
1185 2486 1298 2540 sive
1337 2484 1740 2557 splendentibus,
1770 2493 1827 2538 et

204 2582 411 2651 Aquila
475 2591 533 2636 et
589 2580 899 2636 Theodotio
948 2581 1351 2635 transtulerunt
1396 2581 1448 2634 in
1490 2580 1625 2633 lanis
1668 2578 1824 2633 Soor.

207 2674 506 2744 Signiﬁcat
539 2683 721 2728 autem
771 2672 915 2743 quod
960 2673 1101 2727 inter
1150 2683 1376 2727 catteras
1425 2670 1827 2739 negotiationes

206 2766 367 2839 Tyri,
396 2767 465 2821 ad
500 2766 774 2821 nundinas
802 2766 923 2835 ejus
954 2765 1019 2820 de
1051 2766 1321 2822 Damasco
1372 2764 1722 2821 deferebatur
1750 2764 1833 2819 vi-

214 2876 351 2913 num
390 2859 839 2927 pinguissimum,
873 2868 928 2914 et
958 2859 1077 2913 lana
1115 2860 1386 2928 pratcipua
1421 2876 1431 2911 :
1464 2858 1612 2927 quod
1656 2872 1831 2926 usque

208 2953 392 3007 hodie
417 2953 723 3007 cernimus.
755 2951 847 3007 Sin
877 2961 1057 3007 autem
1111 2952 1405 3007 Damascus
1439 2952 1834 3020 interpretatur

216 3048 542 3118 sanguinem
573 3046 768 3108 bibens,
802 3054 856 3100 et
885 3044 1237 3100 Hebrtrorum
1272 3062 1399 3100 vera
1456 3043 1677 3100 traditio
1726 3055 1833 3112 est,

218 3156 484 3209 campum
515 3140 567 3193 in
596 3154 707 3211 quo
734 3139 1056 3197 interfectus
1088 3150 1171 3194 est
1197 3139 1332 3195 Abel
1360 3138 1673 3210 aparricida
1700 3136 1832 3191 Cain

223 3234 392 3306 (Gen.
426 3231 531 3301 tv),
562 3233 732 3289 fuisse
763 3234 815 3288 in
849 3233 1132 3299 Datnasco,
1176 3234 1318 3288 unde
1340 3244 1393 3288 et
1424 3233 1577 3287 locus
1626 3233 1727 3286 hoc
1754 3231 1837 3285 in-
1867 3223 1912 3286 C

222 3328 466 3397 signitus
495 3327 770 3381 vocabulo
810 3328 913 3393 sit,
941 3327 1085 3396 ju5te
1115 3334 1170 3382 et
1196 3326 1395 3381 Paulus
1437 3334 1563 3395 post
1612 3323 1837 3379 interfe-

227 3422 474 3477 ctionem
496 3422 758 3492 Stephani
794 3421 953 3491 primi
984 3422 1035 3476 in
1056 3421 1274 3477 ChriSto
1297 3421 1553 3492 martyris
1586 3418 1840 3490 perrexit

231 3516 602 3580 Damascum,
635 3524 690 3570 ut
719 3514 1006 3571 credentes
1031 3514 1081 3568 in
1110 3513 1331 3569 Christo
1356 3515 1569 3569 vinctos
1617 3513 1843 3567 duceret

232 3612 556 3667 Ierusalem
586 3628 597 3663 :
629 3611 835 3682 Deique
862 3609 1257 3675 misericordia,
1286 3609 1377 3680 qui
1423 3609 1549 3663 lecit
1570 3608 1843 3662 videntem

233 3714 287 3760 et
313 3720 559 3767 arcum,
584 3707 777 3760 oculos
801 3704 983 3759 carnis
1014 3702 1216 3769 amisit,
1243 3711 1299 3756 ut
1316 3701 1512 3755 mentis
1536 3701 1841 3769 acciperet:

232 3798 676 3868 cecideruntque
706 3787 943 3866 squama:
975 3796 1229 3851 draconis
1260 3810 1323 3850 ex
1356 3794 1532 3849 oculis
1556 3794 1698 3863 ejus,
1729 3793 1847 3863 qui-

232 3890 337 3945 bus
370 3890 565 3945 lumen
601 3888 910 3958 perdiderat
934 3888 1201 3951 veritatis,
1232 3897 1288 3941 ut
1318 3887 1424 3941 iret
1453 3886 1518 3940 ad
1552 3886 1736 3940 vicum-
1757 3884 1847 3955 qui

235 3986 559 4056 appellatur
584 3996 789 4048 rectus,
824 3991 879 4038 et
906 3982 1175 4037 inveniret
1205 3982 1491 4050 Ananiam,
1525 3982 1614 4051 qui
1661 3981 1713 4035 in
1748 3980 1851 4035 lin-

236 4095 340 4149 gua
383 4088 574 4134 nostra
603 4078 995 4147 interpretatur
1017 4077 1258 4131 obediens
1285 4074 1427 4147 (Act.
1484 4073 1586 4143 ιχ).
1640 4074 1717 4128 De
1749 4072 1851 4127 hac

238 4172 422 4241 igitur
480 4180 651 4237 terra,
713 4171 797 4225 cui
842 4170 1060 4224 ‘dictum
1086 4179 1167 4223 est
1196 4162 1213 4220 ’τ
1248 4168 1531 4223 Maledicta
1572 4177 1707 4221 terra
1738 4182 1853 4236 qua:

240 4269 453 4337 aperuit
480 4283 542 4319 os
562 4282 738 4332 suum,
759 4275 806 4319 et
833 4264 1009 4318 hausit
1036 4264 1341 4336 sanguinem
1370 4263 1550 4335 fratris
1579 4263 1655 4317 tui
1682 4260 1850 4334 (Gen.

240 4376 317 4426 tv,
354 4358 481 4428 Η),
508 4358 639 4429 Tyri
664 4357 921 4411 nundinae
950 4365 1375 4428 congregantur,
1408 4364 1464 4410 et
1494 4355 1680 4408 vinum
1736 4354 1857 4423 pin-

244 4465 379 4520 gue,
412 4459 438 4485 ⁸
465 4450 529 4503 et
555 4448 694 4502 lanas
742 4446 1094 4517 splendentes
1129 4465 1140 4499 :
1176 4447 1292 4501 sive
1314 4445 1498 4500 vinum
1532 4445 1601 4501 de
1631 4442 1861 4498 Chelbon

242 4545 394 4616 quod
447 4544 843 4611 interpretatur
897 4542 1111 4614 lacteus.
1166 4539 1522 4611 Septuaginta
1567 4554 1666 4610 pro
1721 4537 1857 4592 lanis

1923 1913 2187 1969 Graeciam
2221 1925 2402 1981 sonat,
2429 1932 2548 1986 qua:
2580 1914 2991 1985 interpretatur,
3035 1927 3093 1971 ut
3123 1916 3379 1983 diximus,
3424 1926 3521 1986 est,

1921 2016 1966 2060 et
1998 2024 2098 2069 non
2130 2016 2222 2061 est.
2255 2007 2359 2062 Pro
2386 2008 2551 2063 Mozel
2579 2023 2794 2079 quoque
2826 2009 3191 2080 Symmachus
3244 2009 3527 2064 transtulit

1924 2100 2184 2168 deferens,
2217 2110 2274 2154 ut
2304 2101 2372 2155 sit
2404 2116 2599 2155 sensus
2630 2118 2643 2153 :
2682 2103 2792 2155 Dan
2817 2111 2873 2156 et
2896 2102 3103 2157 Graecia
3128 2103 3441 2159 detulerunt
3470 2101 3526 2158 in

1925 2192 2182 2247 nundinis
2238 2193 2341 2247 tuis
2384 2191 2585 2247 ferrum
2611 2191 2984 2261 fabrefactum,
3015 2204 3070 2248 et
3094 2204 3313 2251 ett-tera.
3334 2194 3530 2264 Aquila

1927 2299 2055 2339 vero
2086 2299 2181 2354 pro
2205 2282 2395 2350 Μοίρι,
2435 2286 2618 2355 posuit
2639 2285 2702 2339 de
2737 2284 2890 2340 Uzal.
2940 2285 3016 2341 De
3056 2286 3249 2356 quibus
3300 2288 3529 2343 creden-

1928 2377 2053 2431 dum
2104 2389 2188 2433 est
2239 2378 2577 2449 regionibus,
2614 2378 2818 2434 ferrum
2842 2389 2895 2435 et
2936 2387 3149 2435 stacten
3179 2391 3232 2436 et
3260 2381 3530 2438 calamum

1929 2472 1994 2527 ad
2025 2472 2153 2545 Tyri
2179 2473 2449 2529 nundinas
2480 2473 2787 2544 deportata.
2811 2474 3171 2543 DicamuSque
3202 2476 3348 2547 quod
3378 2476 3533 2532 Grae-

1931 2567 2035 2628 cia.
2066 2567 2118 2621 id
2142 2577 2246 2632 est,
2278 2566 2469 2636 Javan,
2505 2570 2705 2623 ferrum
2731 2570 2929 2623 habeat
2960 2569 3347 2638 fabrefactum,
3381 2580 3436 2627 et
3465 2570 3533 2626 ad

1932 2658 2073 2714 bella
2095 2659 2580 2729 promptissimum,
2602 2661 3135 2732 dialecticaqnearte
3162 2672 3536 2719 constructum

1932 2752 2144 2820 jactans
2176 2767 2235 2807 se
2262 2762 2454 2807 cuncta
2479 2752 2682 2824 judicio
2712 2763 2766 2809 et
2796 2754 3010 2810 ratione
3053 2755 3339 2825 proferre:
3364 2770 3525 2810 voca-

1936 2842 2155 2914 lemque
2186 2859 2405 2910 sonum,
2436 2845 2529 2916 qui
2559 2847 2953 2916 interpretatur
2974 2846 3025 2901 in
3057 2847 3293 2913 calamo,
3326 2856 3383 2903 et
3424 2856 3533 2903 sta-

1938 2944 2059 2988 cten
2116 2936 2301 2991 odoris
2349 2937 2538 3006 optimi
2594 2939 2959 3008 repromittat,
2990 2942 3104 2996 sive
3136 2940 3337 2997 ferrum
3367 2942 3543 2998 labre-

1942 3025 2168 3093 factum,
2213 3040 2267 3083 et
2302 3038 2476 3084 rotam
2509 3046 2628 3100 quae
2656 3031 2948 3088 verborum
2994 3033 3396 3104 compositione
3425 3033 3545 3089 vol-

1942 3129 2122 3188 vatur,
2154 3131 2207 3176 et
2234 3137 2455 3178 cursum
2481 3121 2677 3178 habeat
2710 3126 2996 3181 orationis.

2020 3215 2200 3287 (Vers.
2233 3218 2355 3285 ‘20.)
2396 3215 2588 3271 Dadan
2633 3219 2893 3274 institores
2948 3220 3044 3286 tui,
3094 3222 3145 3274 in
3187 3221 3439 3293 tapetibus
3478 3219 3547 3275 ad

1943 3309 2248 3364 sedendum.
2276 3310 2419 3365 LXX
2446 3329 2457 3365 :
2491 3310 2678 3367 Dedau
2710 3316 3053 3385 negotiatores
3074 3316 3171 3381 tui,
3206 3318 3550 3385 cumjunten-

1946 3404 2009 3456 tis
2043 3403 2217 3457 electis
2248 3405 2317 3455 ad
2356 3421 2561 3459 currus.
2610 3405 2833 3461 Multum
2889 3407 3214 3463 llebraicum
3238 3420 3289 3464 et
3312 3408 3550 3480 Septua-

1944 3497 2092 3567 ginta
2123 3498 2175 3552 in
2201 3501 2455 3568 prasenti
2487 3500 2607 3554 loco
2637 3499 2972 3571 discrepant,
3003 3512 3201 3572 praeter
3226 3518 3423 3558 nomen
3464 3518 3555 3557 re-

1946 3590 2123 3660 gionis
2156 3591 2307 3661 quod
2334 3593 2573 3647 vicinum
2620 3601 2705 3647 est
2751 3591 2959 3659 Dedau,
2991 3604 3046 3649 et
3074 3593 3289 3649 Dadan.
3336 3594 3551 3650 Inﬁnita

1946 3686 2148 3756 quippe
2175 3685 2430 3741 distantia
2461 3686 2515 3741 in
2543 3687 2893 3756 tapetibusad
2914 3687 3236 3756 sedendum,
3266 3684 3554 3758 etjumen-

1952 3780 2023 3834 tis
2042 3779 2236 3835 electis
2248 3780 2315 3835 ad
2347 3795 2541 3835 currus
2568 3798 2580 3835 :
2610 3796 2711 3837 nec
2733 3781 2956 3836 dubium
2979 3782 3108 3852 quin
3130 3782 3407 3853 quadriga:
3429 3797 3559 3836 cur-

1952 3886 2044 3927 rus
2072 3881 2127 3928 et
2149 3873 2293 3941 equi,
2347 3873 2400 3926 in
2427 3874 2622 3929 malam
2655 3875 3236 3945 partemaccipiantur,
3270 3874 3316 3929 si
3350 3873 3558 3930 terreni

1954 3967 2083 4019 sint.
2130 3965 2385 4036 Alioquin
2436 3975 2492 4021 et
2536 3965 2683 4021 Elias
2713 3966 2779 4022 ad
2812 3968 3057 4024 caelestia
3114 3982 3278 4022 curru
3328 3966 3558 4037 rapitur,

1956 4059 2368 4129 appellaturque
2399 4060 2467 4114 ab
2491 4059 2687 4115 Elisaeo
2711 4070 2881 4133 pater,
2911 4062 3077 4133 pater,
3108 4063 3291 4134 auriga
3319 4072 3367 4115 et
3381 4078 3562 4116 currus

1957 4150 2126 4207 Israel
2153 4151 2244 4223 (IV
2278 4152 2409 4226 Reg.
2441 4168 2501 4218 ιι,
2522 4152 2636 4225 12).
2664 4153 2732 4208 Et
2761 4153 2912 4210 Giezi
2962 4155 3281 4225 aperiuntur
3306 4154 3479 4222 oculi,
3510 4163 3568 4209 ut

1958 4257 2157 4299 currus
2190 4244 2242 4297 in
2267 4253 2475 4311 monte,
2508 4254 2564 4300 et
2595 4260 2767 4315 equos
2793 4246 2975 4300 videat
3002 4247 3122 4302 sine
3147 4248 3564 4315 ascensoribus,

1958 4337 2185 4393 sessioni
2223 4337 2436 4393 Domini
2468 4347 2802 4409 prteparatos
2830 4339 2850 4411 (
2879 4338 3020 4394 Ibid.
3056 4341 3088 4396 6
3119 4342 3159 4412 ).
3192 4340 3247 4396 In
3293 4341 3569 4411 tapetibus

1960 4442 2163 4497 autem,
2190 4447 2506 4488 sermonum
2541 4432 2890 4503 pulchritudo
2921 4444 3301 4501 monstratur;
3331 4435 3385 4490 in
3433 4438 3561 4507 qui-

1961 4524 2061 4580 bus
2082 4528 2350 4581 vehuntur
2375 4534 2432 4582 et
2458 4527 2808 4597 requiescunt
2830 4528 3107 4585 institores
3139 4529 3321 4585 Dedau
3350 4532 3562 4587 sessio-

246 4614 443 4691 coloris
472 4635 677 4707 Optimi,
712 4636 847 4687 laute
898 4632 963 4689 de
992 4631 1194 4697 Mileto,
1228 4632 1344 4687 sive
1376 4630 1513 4686 Soor
1548 4638 1860 4685 senserunt.
1887 4614 1940 4675 Ῑ)
1967 4635 2035 4676 ne
2066 4624 2391 4692 οοηιροεῖῑθν
2423 4623 2709 4679 venientes
2740 4623 2808 4679 ad
2832 4624 3100 4679 nundinas
3128 4626 3277 4698 Tyri.

244 4728 494 4785 Miletum
524 4729 576 4782 in
601 4718 869 4783 Hebraieo
900 4741 1008 4780 non
1035 4725 1307 4789 habetur;
1338 4723 1436 4779 sed
1468 4723 1591 4793 quia
1626 4722 1750 4777 inde
1781 4723 1861 4776 la-

246 4840 335 4879 na:
372 4823 672 4892 praecipua:
700 4819 1042 4886 deferuntur,
1085 4833 1184 4889 pro
1208 4818 1374 4883 Sooa,
1409 4816 1646 4872 Miletum
1696 4818 1866 4871 inter-

246 4917 452 4988 pretati
485 4923 637 4970 sunt.
675 4914 754 4969 Ex
775 4928 884 4985 quo
912 4914 1281 4982 perspicuum,
1309 4911 1453 4982 quod
1495 4911 1671 4981 Tyrus
1723 4911 1865 4966 lacte

250 5022 513 5068 vescatur
538 5008 811 5073 infantiae,
831 5016 886 5063 et
907 5007 1227 5062 vestimenta
1259 5022 1365 5061 non
1390 5006 1583 5061 habeat
1603 5006 1821 5075 pr0pria
1850 5047 1863 5071 ,

252 5106 353 5161 sed
384 5103 612 5160 aliunde
639 5112 695 5158 et
739 5117 807 5158 ex
837 5100 1009 5156 variis
1051 5108 1312 5171 congesta
1364 5098 1679 5169 provinciis.
1732 5094 1870 5153 Illud

254 5201 406 5271 quod
438 5197 727 5253 Damascus
756 5194 1149 5266 interpretatur
1178 5192 1393 5266 sanguis
1421 5192 1597 5261 cilicii,
1642 5198 1699 5246 et
1750 5206 1873 5245 san-

340 5432 367 5460 ι
406 5422 743 5477 Concinnior
775 5418 893 5474 haec
921 5426 1026 5485 est,
1068 5432 1232 5486 quam
1288 5415 1535 5485 reposuit
1577 5414 1875 5481 Victorius,

263 5496 455 5558 lectio,
511 5493 597 5548 cui
626 5502 683 5548 et
710 5491 965 5547 Rabanus
995 5506 1060 5545 ex
1092 5498 1248 5559 parte
1288 5489 1578 5543 consentit.
1604 5487 1878 5559 rMartian.

264 5577 395 5637 post
426 5566 735 5637 Erasmnm,
769 5563 948 5637 vinum
975 5558 1187 5633 pingue,
1224 5562 1327 5615 sive
1353 5560 1488 5614 lanae
1529 5558 1879 5628 splendentes.

272 5635 475 5692 Vinum
505 5638 565 5690 de
588 5635 821 5691 Chelbon
851 5635 1249 5706 interpretatur,
1274 5641 1380 5688 etc.

344 5709 378 5748 ’³
418 5708 474 5764 In
508 5707 646 5764 hanc
696 5700 1034 5763 sententiain
1066 5702 1339 5775 Iosephus
1362 5700 1653 5775 Antiquitt.
1680 5717 1759 5775 tu,
1793 5702 1883 5769 ll,

272 5780 548 5848 laudatur,
581 5778 725 5836 haud
775 5778 893 5834 scio
936 5787 1169 5848 tamen,
1199 5774 1361 5847 quam
1382 5789 1552 5848 Avere.
1580 5774 1890 5848 Congcinunt

275 5851 499 5923 quidem
521 5846 859 5912 recentiores
896 5848 1102 5919 aliquot
1144 5846 1343 5915 Graeci,
1381 5846 1794 5917 Philostorgius,
1835 5852 1892 5900 et

2046 4714 2225 4787 (Vers.
2249 4715 2369 4787 21.)
2409 4716 2600 4770 Arabia
2630 4725 2677 4771 et
2715 4717 2942 4772 universi
2962 4718 3221 4791 principes
3252 4718 3444 4786 Cedar,
3474 4722 3574 4791 ipsi

1972 4810 2137 4882 318
2164 4810 2513 4881 negotiatores
2551 4828 2737 4867 manus
2761 4822 2883 4877 tuae,
2919 4828 3039 4865 cum
3067 4813 3241 4884 agnis,
3264 4816 3575 4870 etarietibus

1974 4913 2021 4959 et
2046 4903 2212 4959 htedis
2248 4915 2494 4960 venerunt
2516 4905 2585 4960 ad
2615 4914 2663 4961 te
2696 4917 2741 4960 ο.
2778 4905 2884 4962 Pro
2914 4907 3364 4978 agnis,arietibus
3385 4920 3439 4964 et
3468 4910 3577 4964 hat-

1974 4997 2078 5064 dis,
2121 4998 2474 5071 Septuaginta
2502 4999 2744 5055 camelos
2784 5011 2836 5054 et
2860 5002 3083 5069 arietes,
3110 5013 3165 5057 et
3194 5019 3364 5073 agnos
3412 5004 3576 5058 inter-

1978 5095 2176 5164 pretati
2200 5102 2347 5150 sunt.
2395 5094 2595 5151 Arabia
2624 5103 2804 5150 autem
2832 5103 2888 5150 et
2908 5094 3182 5166 principes
3210 5095 3385 5153 Cedar
3410 5096 3429 5166 (
3455 5111 3579 5166 qua:

1981 5188 2144 5246 hodie
2180 5189 2611 5246 Sarracenorum
2634 5188 2788 5263 regio
2808 5197 2913 5258 est,
2948 5189 3089 5246 sicut.
3108 5188 3161 5244 in
3184 5187 3437 5245 Ieremia:
3466 5201 3581 5244 ser-

1980 5412 2221 5496 Joannes
2248 5414 2624 5496 Antioeltenus
2646 5420 2768 5496 ’ξι-τρὶ
2795 5415 3224 5496 ᾎρχαιολογίαω
3272 5417 3367 5496 sed
3392 5418 3587 5496 confer

1982 5501 2102 5556 quin
2131 5485 2199 5542 ad
2227 5487 2390 5557 epist.
2422 5486 2513 5556 78,
2554 5488 2624 5545 de
2649 5485 3041 5555 Mansiotitbus,
3073 5485 3248 5545 inans.
3277 5489 3345 5545 41
3391 5490 3444 5547 ἰιι
3472 5490 3585 5548 ﬁne

1984 5557 2365 5614 observamus.

2062 5641 2087 5703 ον
2126 5630 2357 5702 Supplet
2385 5631 2594 5689 Victor.
2629 5631 2695 5686 ad
2726 5630 2973 5703 Vulgatae
2986 5630 3260 5688 versionis
3283 5633 3465 5703 ﬁdem,
3496 5652 3589 5692 ne-

1986 5702 2264 5779 gotiatores
2290 5704 2381 5779 tui.
2417 5703 2521 5779 P50
2556 5713 2800 5759 venerunt
2826 5702 3031 5773 autem,
3065 5703 3331 5766 Hebraice
3349 5702 3588 5779 estin,

1985 5772 2041 5829 ἐι
2094 5774 2303 5840 Graec,
2352 5772 2524 5839 ἕνοῖς.
