  <div class='ocr_page' id='page_1' title='image "/cluster/home/n/w/nwhite01/storage/ocr_20150623/25/hvd.32044015471394/139.png"; bbox 0 0 4038 6328; ppageno 0'>
   <div class='ocr_carea' id='block_1_1' title="bbox 22 1974 31 2313">
    <p class='ocr_par' dir='ltr' id='par_1_1' title="bbox 22 2096 31 2275">
     <span class='ocr_line' id='line_1_1' title="bbox 22 2096 31 2147; baseline 0 0"><span class='ocrx_word' id='word_1_1' title='bbox 22 2096 31 2147; x_wconf 57' lang='grc' dir='ltr'><strong>ι</strong></span> 
     </span>
     <span class='ocr_line' id='line_1_2' title="bbox 22 2156 31 2205; baseline 0 0"><span class='ocrx_word' id='word_1_2' title='bbox 22 2156 31 2205; x_wconf 69' lang='grc' dir='ltr'><strong>ι</strong></span> 
     </span>
     <span class='ocr_line' id='line_1_3' title="bbox 22 2210 29 2275; baseline 0 0"><span class='ocrx_word' id='word_1_3' title='bbox 22 2210 29 2275; x_wconf 69' lang='lat' dir='ltr'><strong>l</strong></span> 
     </span>
    </p>
   </div>
   <div class='ocr_carea' id='block_1_2' title="bbox 538 202 3839 292">
    <p class='ocr_par' dir='ltr' id='par_1_2' title="bbox 538 202 3839 292">
     <span class='ocr_line' id='line_1_4' title="bbox 538 202 3839 292; baseline -0.004 -1"><span class='ocrx_word' id='word_1_4' title='bbox 538 230 648 292; x_wconf 69' lang='lat' dir='ltr'><strong>es:</strong></span> <span class='ocrx_word' id='word_1_5' title='bbox 1794 226 1853 289; x_wconf 87' lang='lat' dir='ltr'><strong>s.</strong></span> <span class='ocrx_word' id='word_1_6' title='bbox 1897 225 2171 289; x_wconf 74' lang='lat' dir='ltr'><strong>susse&quot;</strong></span> <span class='ocrx_word' id='word_1_7' title='bbox 2211 222 2597 288; x_wconf 73' lang='lat' dir='ltr'><strong>ntenomut</strong></span> <span class='ocrx_word' id='word_1_8' title='bbox 2774 202 2782 212; x_wconf 86' lang='lat'>&#39;</span> <span class='ocrx_word' id='word_1_9' title='bbox 3732 212 3839 281; x_wconf 77' lang='lat' dir='ltr'><strong>tet</strong></span> 
     </span>
    </p>
   </div>
   <div class='ocr_carea' id='block_1_3' title="bbox 537 332 3835 416">
    <p class='ocr_par' dir='ltr' id='par_1_3' title="bbox 537 332 3835 416">
     <span class='ocr_line' id='line_1_5' title="bbox 537 332 3835 416; baseline -0.005 -11"><span class='ocrx_word' id='word_1_10' title='bbox 537 357 716 405; x_wconf 86' lang='lat' dir='ltr'><strong>tentes</strong></span> <span class='ocrx_word' id='word_1_11' title='bbox 746 345 935 402; x_wconf 87' lang='lat' dir='ltr'><strong>vivant</strong></span> <span class='ocrx_word' id='word_1_12' title='bbox 970 345 1025 399; x_wconf 86' lang='lat' dir='ltr'><strong>in</strong></span> <span class='ocrx_word' id='word_1_13' title='bbox 1061 345 1381 401; x_wconf 89' lang='lat' dir='ltr'><strong>austeritate</strong></span> <span class='ocrx_word' id='word_1_14' title='bbox 1422 351 1585 415; x_wconf 88' lang='lat' dir='ltr'><strong>atque</strong></span> <span class='ocrx_word' id='word_1_15' title='bbox 1612 345 1839 405; x_wconf 84' lang='lat' dir='ltr'><strong>duritia.</strong></span> <span class='ocrx_word' id='word_1_16' title='bbox 1885 348 2139 404; x_wconf 66' lang='lat' dir='ltr'><strong>Ninivitre</strong></span> <span class='ocrx_word' id='word_1_17' title='bbox 2166 353 2219 412; x_wconf 80' lang='grc' dir='ltr'><strong>Α</strong></span> <span class='ocrx_word' id='word_1_18' title='bbox 2243 364 2306 403; x_wconf 89' lang='lat' dir='ltr'><strong>ac</strong></span> <span class='ocrx_word' id='word_1_19' title='bbox 2325 349 2576 404; x_wconf 90' lang='lat' dir='ltr'><strong>noctibus</strong></span> <span class='ocrx_word' id='word_1_20' title='bbox 2603 342 2845 416; x_wconf 85' lang='lat' dir='ltr'><strong>peritura</strong></span> <span class='ocrx_word' id='word_1_21' title='bbox 2868 338 3159 412; x_wconf 80' lang='lat' dir='ltr'><strong>naufragio</strong></span> <span class='ocrx_word' id='word_1_22' title='bbox 3179 333 3577 410; x_wconf 71' lang='lat' dir='ltr'><strong>congregatas?</strong></span> <span class='ocrx_word' id='word_1_23' title='bbox 3596 332 3835 405; x_wconf 74' lang='lat' dir='ltr'><strong>Impleati</strong></span> 
     </span>
    </p>
   </div>
   <div class='ocr_carea' id='block_1_4' title="bbox 540 437 2133 511">
    <p class='ocr_par' dir='ltr' id='par_1_4' title="bbox 540 437 2133 511">
     <span class='ocr_line' id='line_1_6' title="bbox 540 437 2133 511; baseline -0.002 -11"><span class='ocrx_word' id='word_1_24' title='bbox 540 443 784 500; x_wconf 83' lang='lat' dir='ltr'><strong>habuere</strong></span> <span class='ocrx_word' id='word_1_25' title='bbox 816 454 1004 496; x_wconf 88' lang='lat' dir='ltr'><strong>saccos</strong></span> <span class='ocrx_word' id='word_1_26' title='bbox 1035 438 1186 511; x_wconf 81' lang='lat' dir='ltr'><strong>(Jan.</strong></span> <span class='ocrx_word' id='word_1_27' title='bbox 1233 437 1338 511; x_wconf 88' lang='lat' dir='ltr'><strong>nt).</strong></span> <span class='ocrx_word' id='word_1_28' title='bbox 1372 440 1437 496; x_wconf 88' lang='lat' dir='ltr'><strong>Et</strong></span> <span class='ocrx_word' id='word_1_29' title='bbox 1481 440 1679 497; x_wconf 92' lang='lat' dir='ltr'><strong>iterum</strong></span> <span class='ocrx_word' id='word_1_30' title='bbox 1713 443 1781 497; x_wconf 90' lang='lat' dir='ltr'><strong>ad</strong></span> <span class='ocrx_word' id='word_1_31' title='bbox 1824 443 2133 499; x_wconf 83' lang='lat' dir='ltr'><strong>Jerusalem</strong></span> 
     </span>
    </p>
   </div>
   <div class='ocr_carea' id='block_1_5' title="bbox 539 534 2136 605">
    <p class='ocr_par' dir='ltr' id='par_1_5' title="bbox 539 534 2136 605">
     <span class='ocr_line' id='line_1_7' title="bbox 539 534 2136 605; baseline -0.001 -13"><span class='ocrx_word' id='word_1_32' title='bbox 539 535 736 592; x_wconf 83' lang='lat' dir='ltr'><strong>dicitur</strong></span> <span class='ocrx_word' id='word_1_33' title='bbox 766 554 777 588; x_wconf 91' lang='lat'>:</span> <span class='ocrx_word' id='word_1_34' title='bbox 810 535 1007 604; x_wconf 78' lang='lat' dir='ltr'><strong>Plange</strong></span> <span class='ocrx_word' id='word_1_35' title='bbox 1049 534 1114 588; x_wconf 91' lang='lat' dir='ltr'><strong>ad</strong></span> <span class='ocrx_word' id='word_1_36' title='bbox 1149 550 1233 590; x_wconf 91' lang='lat' dir='ltr'><strong>me</strong></span> <span class='ocrx_word' id='word_1_37' title='bbox 1273 536 1424 605; x_wconf 92' lang='lat' dir='ltr'><strong>quasi</strong></span> <span class='ocrx_word' id='word_1_38' title='bbox 1455 550 1656 605; x_wconf 89' lang='lat' dir='ltr'><strong>sponsa</strong></span> <span class='ocrx_word' id='word_1_39' title='bbox 1685 540 1929 591; x_wconf 90' lang='lat' dir='ltr'><strong>accincta</strong></span> <span class='ocrx_word' id='word_1_40' title='bbox 1960 537 2136 591; x_wconf 90' lang='lat' dir='ltr'><strong>cilicio</strong></span> 
     </span>
    </p>
   </div>
   <div class='ocr_carea' id='block_1_6' title="bbox 538 627 2136 700">
    <p class='ocr_par' dir='ltr' id='par_1_6' title="bbox 538 627 2136 700">
     <span class='ocr_line' id='line_1_8' title="bbox 538 627 2136 700; baseline -0.001 -15"><span class='ocrx_word' id='word_1_41' title='bbox 538 644 702 700; x_wconf 86' lang='lat' dir='ltr'><strong>super</strong></span> <span class='ocrx_word' id='word_1_42' title='bbox 719 628 891 683; x_wconf 89' lang='lat' dir='ltr'><strong>virum</strong></span> <span class='ocrx_word' id='word_1_43' title='bbox 915 642 1071 683; x_wconf 90' lang='lat' dir='ltr'><strong>suum</strong></span> <span class='ocrx_word' id='word_1_44' title='bbox 1102 628 1420 697; x_wconf 83' lang='lat' dir='ltr'><strong>virginalem</strong></span> <span class='ocrx_word' id='word_1_45' title='bbox 1444 627 1634 699; x_wconf 81' lang='lat' dir='ltr'><strong>(Joelt,</strong></span> <span class='ocrx_word' id='word_1_46' title='bbox 1653 629 1731 700; x_wconf 91' lang='lat'><strong>8).</strong></span> <span class='ocrx_word' id='word_1_47' title='bbox 1758 630 1823 684; x_wconf 85' lang='lat' dir='ltr'><strong>Et.</strong></span> <span class='ocrx_word' id='word_1_48' title='bbox 1845 630 2136 698; x_wconf 77' lang='lat' dir='ltr'><strong>plorabant</strong></span> 
     </span>
    </p>
   </div>
   <div class='ocr_carea' id='block_1_7' title="bbox 537 720 2131 791">
    <p class='ocr_par' dir='ltr' id='par_1_7' title="bbox 537 720 2131 791">
     <span class='ocr_line' id='line_1_9' title="bbox 537 720 2131 791; baseline -0.001 -14"><span class='ocrx_word' id='word_1_49' title='bbox 537 732 612 785; x_wconf 91' lang='lat' dir='ltr'><strong>te,</strong></span> <span class='ocrx_word' id='word_1_50' title='bbox 635 721 828 791; x_wconf 82' lang='lat' dir='ltr'><strong>inquit,</strong></span> <span class='ocrx_word' id='word_1_51' title='bbox 849 720 902 775; x_wconf 92' lang='lat' dir='ltr'><strong>in</strong></span> <span class='ocrx_word' id='word_1_52' title='bbox 927 720 1293 776; x_wconf 88' lang='lat' dir='ltr'><strong>amaritudine</strong></span> <span class='ocrx_word' id='word_1_53' title='bbox 1316 723 1510 776; x_wconf 74' lang='lat' dir='ltr'><strong>animae</strong></span> <span class='ocrx_word' id='word_1_54' title='bbox 1535 722 1748 791; x_wconf 91' lang='lat' dir='ltr'><strong>ploratu</strong></span> <span class='ocrx_word' id='word_1_55' title='bbox 1768 723 2131 777; x_wconf 88' lang='lat' dir='ltr'><strong>amarissimo.</strong></span> 
     </span>
    </p>
   </div>
   <div class='ocr_carea' id='block_1_8' title="bbox 540 813 2131 884">
    <p class='ocr_par' dir='ltr' id='par_1_8' title="bbox 540 813 2131 884">
     <span class='ocr_line' id='line_1_10' title="bbox 540 813 2131 884; baseline -0.001 -14"><span class='ocrx_word' id='word_1_56' title='bbox 540 814 731 870; x_wconf 85' lang='lat' dir='ltr'><strong>Melius</strong></span> <span class='ocrx_word' id='word_1_57' title='bbox 770 822 855 869; x_wconf 90' lang='lat' dir='ltr'><strong>est</strong></span> <span class='ocrx_word' id='word_1_58' title='bbox 883 814 1026 869; x_wconf 89' lang='lat' dir='ltr'><strong>enim</strong></span> <span class='ocrx_word' id='word_1_59' title='bbox 1058 813 1266 882; x_wconf 83' lang='lat' dir='ltr'><strong>ingredi</strong></span> <span class='ocrx_word' id='word_1_60' title='bbox 1297 814 1350 867; x_wconf 91' lang='lat' dir='ltr'><strong>in</strong></span> <span class='ocrx_word' id='word_1_61' title='bbox 1379 814 1601 868; x_wconf 91' lang='lat' dir='ltr'><strong>domum</strong></span> <span class='ocrx_word' id='word_1_62' title='bbox 1636 815 1836 879; x_wconf 88' lang='lat' dir='ltr'><strong>luctus,</strong></span> <span class='ocrx_word' id='word_1_63' title='bbox 1871 829 2033 884; x_wconf 82' lang='lat' dir='ltr'><strong>quam</strong></span> <span class='ocrx_word' id='word_1_64' title='bbox 2077 813 2131 868; x_wconf 93' lang='lat' dir='ltr'><strong>in</strong></span> 
     </span>
    </p>
   </div>
   <div class='ocr_carea' id='block_1_9' title="bbox 489 902 2134 979">
    <p class='ocr_par' dir='ltr' id='par_1_9' title="bbox 489 902 2134 979">
     <span class='ocr_line' id='line_1_11' title="bbox 489 902 2134 979; baseline 0 -17"><span class='ocrx_word' id='word_1_65' title='bbox 489 902 499 912; x_wconf 90' lang='grc'><em>’</em></span> <span class='ocrx_word' id='word_1_66' title='bbox 533 907 753 963; x_wconf 89' lang='lat' dir='ltr'><strong>domum</strong></span> <span class='ocrx_word' id='word_1_67' title='bbox 786 908 1020 963; x_wconf 91' lang='lat' dir='ltr'><strong>convivii</strong></span> <span class='ocrx_word' id='word_1_68' title='bbox 1049 906 1240 976; x_wconf 80' lang='lat' dir='ltr'><strong>(Eccli.</strong></span> <span class='ocrx_word' id='word_1_69' title='bbox 1266 907 1362 977; x_wconf 86' lang='lat' dir='ltr'><strong>vn)</strong></span> <span class='ocrx_word' id='word_1_70' title='bbox 1398 926 1408 961; x_wconf 91' lang='lat'>:</span> <span class='ocrx_word' id='word_1_71' title='bbox 1441 916 1499 962; x_wconf 91' lang='lat' dir='ltr'><strong>ut</strong></span> <span class='ocrx_word' id='word_1_72' title='bbox 1529 909 1789 979; x_wconf 86' lang='lat' dir='ltr'><strong>plangant</strong></span> <span class='ocrx_word' id='word_1_73' title='bbox 1820 907 2046 978; x_wconf 84' lang='lat' dir='ltr'><strong>Tyrum,</strong></span> <span class='ocrx_word' id='word_1_74' title='bbox 2078 915 2134 962; x_wconf 87' lang='lat' dir='ltr'><strong>et</strong></span> 
     </span>
    </p>
   </div>
   <div class='ocr_carea' id='block_1_10' title="bbox 534 999 2131 1073">
    <p class='ocr_par' dir='ltr' id='par_1_10' title="bbox 534 999 2131 1073">
     <span class='ocr_line' id='line_1_12' title="bbox 534 999 2131 1073; baseline -0.003 -15"><span class='ocrx_word' id='word_1_75' title='bbox 534 1018 755 1058; x_wconf 89' lang='lat' dir='ltr'><strong>carmen</strong></span> <span class='ocrx_word' id='word_1_76' title='bbox 791 1002 1019 1073; x_wconf 81' lang='lat' dir='ltr'><strong>lugubre</strong></span> <span class='ocrx_word' id='word_1_77' title='bbox 1056 1001 1441 1071; x_wconf 86' lang='lat' dir='ltr'><strong>congentiuent</strong></span> <span class='ocrx_word' id='word_1_78' title='bbox 1465 1044 1479 1068; x_wconf 94' lang='lat'><strong>,</strong></span> <span class='ocrx_word' id='word_1_79' title='bbox 1511 1001 1657 1071; x_wconf 91' lang='lat' dir='ltr'><strong>quod</strong></span> <span class='ocrx_word' id='word_1_80' title='bbox 1695 1016 1933 1071; x_wconf 88' lang='lat' dir='ltr'><strong>sequens</strong></span> <span class='ocrx_word' id='word_1_81' title='bbox 1978 999 2131 1056; x_wconf 87' lang='lat' dir='ltr'><strong>Scri-</strong></span> 
     </span>
    </p>
   </div>
   <div class='ocr_carea' id='block_1_11' title="bbox 534 1093 2131 1166">
    <p class='ocr_par' dir='ltr' id='par_1_11' title="bbox 534 1093 2131 1166">
     <span class='ocr_line' id='line_1_13' title="bbox 534 1093 2131 1166; baseline 0.001 -17"><span class='ocrx_word' id='word_1_82' title='bbox 534 1106 693 1166; x_wconf 89' lang='lat' dir='ltr'><strong>ptura</strong></span> <span class='ocrx_word' id='word_1_83' title='bbox 725 1096 1026 1165; x_wconf 88' lang='lat' dir='ltr'><strong>subjungit.</strong></span> <span class='ocrx_word' id='word_1_84' title='bbox 1057 1093 1329 1159; x_wconf 81' lang='lat' dir='ltr'><strong>Utautem</strong></span> <span class='ocrx_word' id='word_1_85' title='bbox 1376 1095 1611 1150; x_wconf 78' lang='lat' dir='ltr'><strong>sciamus</strong></span> <span class='ocrx_word' id='word_1_86' title='bbox 1652 1093 1956 1164; x_wconf 82' lang='lat' dir='ltr'><strong>profectum</strong></span> <span class='ocrx_word' id='word_1_87' title='bbox 2008 1109 2131 1151; x_wconf 90' lang='lat' dir='ltr'><strong>esse</strong></span> 
     </span>
    </p>
   </div>
   <div class='ocr_carea' id='block_1_12' title="bbox 530 1186 2131 1258">
    <p class='ocr_par' dir='ltr' id='par_1_12' title="bbox 530 1186 2131 1258">
     <span class='ocr_line' id='line_1_14' title="bbox 530 1186 2131 1258; baseline -0.002 -13"><span class='ocrx_word' id='word_1_88' title='bbox 530 1204 742 1254; x_wconf 85' lang='lat' dir='ltr'><strong>eorum,</strong></span> <span class='ocrx_word' id='word_1_89' title='bbox 772 1188 866 1258; x_wconf 87' lang='lat' dir='ltr'><strong>qui</strong></span> <span class='ocrx_word' id='word_1_90' title='bbox 900 1188 1159 1258; x_wconf 89' lang='lat' dir='ltr'><strong>plangunt</strong></span> <span class='ocrx_word' id='word_1_91' title='bbox 1188 1195 1460 1253; x_wconf 88' lang='lat' dir='ltr'><strong>ruentem,</strong></span> <span class='ocrx_word' id='word_1_92' title='bbox 1496 1194 1551 1241; x_wconf 94' lang='lat' dir='ltr'><strong>et</strong></span> <span class='ocrx_word' id='word_1_93' title='bbox 1578 1187 1670 1256; x_wconf 89' lang='lat' dir='ltr'><strong>qui</strong></span> <span class='ocrx_word' id='word_1_94' title='bbox 1703 1186 1853 1255; x_wconf 91' lang='lat' dir='ltr'><strong>prius</strong></span> <span class='ocrx_word' id='word_1_95' title='bbox 1880 1188 1935 1239; x_wconf 91' lang='lat' dir='ltr'><strong>in</strong></span> <span class='ocrx_word' id='word_1_96' title='bbox 1967 1188 2131 1241; x_wconf 87' lang='lat' dir='ltr'><strong>maris</strong></span> 
     </span>
    </p>
   </div>
   <div class='ocr_carea' id='block_1_13' title="bbox 531 1280 2130 1350">
    <p class='ocr_par' dir='ltr' id='par_1_13' title="bbox 531 1280 2130 1350">
     <span class='ocr_line' id='line_1_15' title="bbox 531 1280 2130 1350; baseline -0.002 -12"><span class='ocrx_word' id='word_1_97' title='bbox 531 1282 720 1348; x_wconf 90' lang='lat' dir='ltr'><strong>corde,</strong></span> <span class='ocrx_word' id='word_1_98' title='bbox 749 1291 803 1337; x_wconf 89' lang='lat' dir='ltr'><strong>et</strong></span> <span class='ocrx_word' id='word_1_99' title='bbox 824 1282 877 1337; x_wconf 92' lang='lat' dir='ltr'><strong>in</strong></span> <span class='ocrx_word' id='word_1_100' title='bbox 911 1280 1090 1336; x_wconf 91' lang='lat' dir='ltr'><strong>medio</strong></span> <span class='ocrx_word' id='word_1_101' title='bbox 1123 1280 1267 1334; x_wconf 90' lang='lat' dir='ltr'><strong>illius</strong></span> <span class='ocrx_word' id='word_1_102' title='bbox 1294 1282 1675 1345; x_wconf 84' lang='lat' dir='ltr'><strong>versabantur,</strong></span> <span class='ocrx_word' id='word_1_103' title='bbox 1715 1281 1994 1350; x_wconf 74' lang='lat' dir='ltr'><strong>propheta:</strong></span> <span class='ocrx_word' id='word_1_104' title='bbox 2031 1293 2130 1335; x_wconf 90' lang='lat' dir='ltr'><strong>nos</strong></span> 
     </span>
    </p>
   </div>
   <div class='ocr_carea' id='block_1_14' title="bbox 472 1372 2130 1442">
    <p class='ocr_par' dir='ltr' id='par_1_14' title="bbox 472 1372 2130 1442">
     <span class='ocr_line' id='line_1_16' title="bbox 472 1372 2130 1442; baseline -0.002 -13"><span class='ocrx_word' id='word_1_105' title='bbox 472 1404 479 1408; x_wconf 95' lang='lat'><em>-</em></span> <span class='ocrx_word' id='word_1_106' title='bbox 530 1374 723 1429; x_wconf 82' lang='lat' dir='ltr'><strong>doceat</strong></span> <span class='ocrx_word' id='word_1_107' title='bbox 775 1375 1123 1442; x_wconf 82' lang='lat' dir='ltr'><strong>exemplum:</strong></span> <span class='ocrx_word' id='word_1_108' title='bbox 1168 1372 1259 1442; x_wconf 87' lang='lat' dir='ltr'><strong>qui</strong></span> <span class='ocrx_word' id='word_1_109' title='bbox 1312 1382 1367 1427; x_wconf 93' lang='lat' dir='ltr'><strong>et</strong></span> <span class='ocrx_word' id='word_1_110' title='bbox 1419 1373 1535 1440; x_wconf 90' lang='lat' dir='ltr'><strong>ipse</strong></span> <span class='ocrx_word' id='word_1_111' title='bbox 1594 1372 1849 1441; x_wconf 87' lang='lat' dir='ltr'><strong>plangere</strong></span> <span class='ocrx_word' id='word_1_112' title='bbox 1908 1372 2130 1440; x_wconf 88' lang='lat' dir='ltr'><strong>jubetur</strong></span> 
     </span>
    </p>
   </div>
   <div class='ocr_carea' id='block_1_15' title="bbox 533 1466 2129 1541">
    <p class='ocr_par' dir='ltr' id='par_1_15' title="bbox 533 1466 2129 1541">
     <span class='ocr_line' id='line_1_17' title="bbox 533 1466 2129 1541; baseline -0.003 -17"><span class='ocrx_word' id='word_1_113' title='bbox 533 1469 760 1541; x_wconf 88' lang='lat' dir='ltr'><strong>Tyrum,</strong></span> <span class='ocrx_word' id='word_1_114' title='bbox 796 1478 873 1537; x_wconf 91' lang='lat' dir='ltr'><strong>ut,</strong></span> <span class='ocrx_word' id='word_1_115' title='bbox 894 1470 1117 1538; x_wconf 83' lang='lat' dir='ltr'><strong>expleto</strong></span> <span class='ocrx_word' id='word_1_116' title='bbox 1144 1477 1389 1537; x_wconf 89' lang='lat' dir='ltr'><strong>tempore</strong></span> <span class='ocrx_word' id='word_1_117' title='bbox 1414 1466 1771 1536; x_wconf 72' lang='lat' dir='ltr'><strong>ptenitentim,</strong></span> <span class='ocrx_word' id='word_1_118' title='bbox 1806 1467 2129 1520; x_wconf 87' lang='lat' dir='ltr'><strong>restituatur</strong></span> 
     </span>
    </p>
   </div>
   <div class='ocr_carea' id='block_1_16' title="bbox 534 1556 2128 1633">
    <p class='ocr_par' dir='ltr' id='par_1_16' title="bbox 534 1556 2128 1633">
     <span class='ocr_line' id='line_1_18' title="bbox 534 1556 2128 1633; baseline -0.003 -16"><span class='ocrx_word' id='word_1_119' title='bbox 534 1563 588 1617; x_wconf 92' lang='lat' dir='ltr'><strong>in</strong></span> <span class='ocrx_word' id='word_1_120' title='bbox 620 1564 900 1633; x_wconf 92' lang='lat' dir='ltr'><strong>antiquum</strong></span> <span class='ocrx_word' id='word_1_121' title='bbox 933 1569 1158 1625; x_wconf 85' lang='lat' dir='ltr'><strong>statum,</strong></span> <span class='ocrx_word' id='word_1_122' title='bbox 1196 1570 1270 1628; x_wconf 89' lang='lat' dir='ltr'><strong>et,</strong></span> <span class='ocrx_word' id='word_1_123' title='bbox 1303 1568 1577 1629; x_wconf 87' lang='lat' dir='ltr'><strong>assumpta</strong></span> <span class='ocrx_word' id='word_1_124' title='bbox 1610 1558 1847 1624; x_wconf 89' lang='lat' dir='ltr'><strong>cithara,</strong></span> <span class='ocrx_word' id='word_1_125' title='bbox 1901 1556 2128 1612; x_wconf 91' lang='lat' dir='ltr'><strong>Domino</strong></span> 
     </span>
    </p>
   </div>
   <div class='ocr_carea' id='block_1_17' title="bbox 533 1650 2124 1726">
    <p class='ocr_par' dir='ltr' id='par_1_17' title="bbox 533 1650 2124 1726">
     <span class='ocr_line' id='line_1_19' title="bbox 533 1650 2124 1726; baseline -0.005 -14"><span class='ocrx_word' id='word_1_126' title='bbox 533 1666 806 1726; x_wconf 89' lang='lat' dir='ltr'><strong>personet.</strong></span> <span class='ocrx_word' id='word_1_127' title='bbox 832 1656 974 1726; x_wconf 85' lang='lat' dir='ltr'><strong>Lege</strong></span> <span class='ocrx_word' id='word_1_128' title='bbox 1006 1656 1217 1709; x_wconf 84' lang='lat' dir='ltr'><strong>Isaiam.</strong></span> <span class='ocrx_word' id='word_1_129' title='bbox 1267 1653 1496 1719; x_wconf 85' lang='lat' dir='ltr'><strong>Quidam</strong></span> <span class='ocrx_word' id='word_1_130' title='bbox 1529 1652 1758 1707; x_wconf 84' lang='lat' dir='ltr'><strong>ridicule</strong></span> <span class='ocrx_word' id='word_1_131' title='bbox 1792 1650 1913 1722; x_wconf 89' lang='lat' dir='ltr'><strong>(sed</strong></span> <span class='ocrx_word' id='word_1_132' title='bbox 1945 1659 2124 1705; x_wconf 88' lang='lat' dir='ltr'><strong>tamen</strong></span> 
     </span>
    </p>
   </div>
   <div class='ocr_carea' id='block_1_18' title="bbox 2246 428 3833 513">
    <p class='ocr_par' dir='ltr' id='par_1_18' title="bbox 2246 428 3833 513">
     <span class='ocr_line' id='line_1_20' title="bbox 2246 428 3833 513; baseline -0.01 -16"><span class='ocrx_word' id='word_1_133' title='bbox 2246 444 2464 513; x_wconf 80' lang='lat' dir='ltr'><strong>quidem</strong></span> <span class='ocrx_word' id='word_1_134' title='bbox 2500 440 2727 512; x_wconf 90' lang='lat' dir='ltr'><strong>populos</strong></span> <span class='ocrx_word' id='word_1_135' title='bbox 2775 439 2977 494; x_wconf 89' lang='lat' dir='ltr'><strong>multos</strong></span> <span class='ocrx_word' id='word_1_136' title='bbox 3002 480 3016 505; x_wconf 95' lang='lat'><strong>,</strong></span> <span class='ocrx_word' id='word_1_137' title='bbox 3048 446 3104 492; x_wconf 91' lang='lat' dir='ltr'><strong>et</strong></span> <span class='ocrx_word' id='word_1_138' title='bbox 3140 434 3336 505; x_wconf 84' lang='lat' dir='ltr'><strong>Opibus</strong></span> <span class='ocrx_word' id='word_1_139' title='bbox 3362 432 3468 487; x_wconf 87' lang='lat' dir='ltr'><strong>tuis</strong></span> <span class='ocrx_word' id='word_1_140' title='bbox 3498 428 3833 500; x_wconf 84' lang='lat' dir='ltr'><strong>locupletasti</strong></span> 
     </span>
    </p>
   </div>
   <div class='ocr_carea' id='block_1_19' title="bbox 2241 516 3834 607">
    <p class='ocr_par' dir='ltr' id='par_1_19' title="bbox 2241 516 3834 607">
     <span class='ocr_line' id='line_1_21' title="bbox 2241 516 3834 607; baseline -0.009 -15"><span class='ocrx_word' id='word_1_141' title='bbox 2241 553 2434 607; x_wconf 86' lang='lat' dir='ltr'><strong>reges,</strong></span> <span class='ocrx_word' id='word_1_142' title='bbox 2488 536 2555 591; x_wconf 92' lang='lat' dir='ltr'><strong>de</strong></span> <span class='ocrx_word' id='word_1_143' title='bbox 2598 534 2796 604; x_wconf 85' lang='lat' dir='ltr'><strong>quibus</strong></span> <span class='ocrx_word' id='word_1_144' title='bbox 2832 531 3097 600; x_wconf 88' lang='lat' dir='ltr'><strong>scriptum</strong></span> <span class='ocrx_word' id='word_1_145' title='bbox 3143 539 3228 585; x_wconf 92' lang='lat' dir='ltr'><strong>est</strong></span> <span class='ocrx_word' id='word_1_146' title='bbox 3273 546 3285 582; x_wconf 89' lang='lat'><strong>:</strong></span> <span class='ocrx_word' id='word_1_147' title='bbox 3333 526 3637 584; x_wconf 88' lang='lat' dir='ltr'><strong>Astiterunt</strong></span> <span class='ocrx_word' id='word_1_148' title='bbox 3681 516 3834 593; x_wconf 81' lang='lat' dir='ltr'><strong>reges</strong></span> 
     </span>
    </p>
   </div>
   <div class='ocr_carea' id='block_1_20' title="bbox 2242 618 3832 699">
    <p class='ocr_par' dir='ltr' id='par_1_20' title="bbox 2242 618 3832 699">
     <span class='ocr_line' id='line_1_22' title="bbox 2242 618 3832 699; baseline -0.009 -14"><span class='ocrx_word' id='word_1_149' title='bbox 2242 640 2425 695; x_wconf 70' lang='lat' dir='ltr'><strong>terrre,</strong></span> <span class='ocrx_word' id='word_1_150' title='bbox 2457 641 2510 684; x_wconf 88' lang='lat' dir='ltr'><strong>et</strong></span> <span class='ocrx_word' id='word_1_151' title='bbox 2539 627 2819 699; x_wconf 86' lang='lat' dir='ltr'><strong>principes</strong></span> <span class='ocrx_word' id='word_1_152' title='bbox 2842 630 3221 681; x_wconf 81' lang='lat' dir='ltr'><strong>convenerunt</strong></span> <span class='ocrx_word' id='word_1_153' title='bbox 3249 622 3299 675; x_wconf 91' lang='lat' dir='ltr'><strong>in</strong></span> <span class='ocrx_word' id='word_1_154' title='bbox 3327 635 3519 683; x_wconf 88' lang='lat' dir='ltr'><strong>unum,</strong></span> <span class='ocrx_word' id='word_1_155' title='bbox 3545 618 3832 671; x_wconf 84' lang='lat' dir='ltr'><strong>adversum</strong></span> 
     </span>
    </p>
   </div>
   <div class='ocr_carea' id='block_1_21' title="bbox 2240 706 3829 783">
    <p class='ocr_par' dir='ltr' id='par_1_21' title="bbox 2240 706 3829 783">
     <span class='ocr_line' id='line_1_23' title="bbox 2240 706 3829 783; baseline -0.01 -6"><span class='ocrx_word' id='word_1_156' title='bbox 2240 722 2531 777; x_wconf 88' lang='lat' dir='ltr'><strong>Dominum</strong></span> <span class='ocrx_word' id='word_1_157' title='bbox 2585 730 2639 774; x_wconf 92' lang='lat' dir='ltr'><strong>et</strong></span> <span class='ocrx_word' id='word_1_158' title='bbox 2679 718 2944 774; x_wconf 90' lang='lat' dir='ltr'><strong>adversus</strong></span> <span class='ocrx_word' id='word_1_159' title='bbox 2981 715 3257 771; x_wconf 88' lang='lat' dir='ltr'><strong>Christum</strong></span> <span class='ocrx_word' id='word_1_160' title='bbox 3309 712 3426 783; x_wconf 87' lang='lat' dir='ltr'><strong>ejus</strong></span> <span class='ocrx_word' id='word_1_161' title='bbox 3454 709 3625 783; x_wconf 85' lang='lat' dir='ltr'><strong>(Psal.</strong></span> <span class='ocrx_word' id='word_1_162' title='bbox 3652 725 3721 774; x_wconf 89' lang='grc' dir='ltr'><strong>ιι,</strong></span> <span class='ocrx_word' id='word_1_163' title='bbox 3752 706 3829 778; x_wconf 76' lang='lat'><strong>&#39;2).</strong></span> 
     </span>
    </p>
   </div>
   <div class='ocr_carea' id='block_1_22' title="bbox 2236 806 3832 874">
    <p class='ocr_par' dir='ltr' id='par_1_22' title="bbox 2236 806 3832 874">
     <span class='ocr_line' id='line_1_24' title="bbox 2236 806 3832 874; baseline -0.011 -4"><span class='ocrx_word' id='word_1_164' title='bbox 2236 812 2344 869; x_wconf 89' lang='lat' dir='ltr'><strong>Sed</strong></span> <span class='ocrx_word' id='word_1_165' title='bbox 2379 826 2520 867; x_wconf 92' lang='lat' dir='ltr'><strong>nunc</strong></span> <span class='ocrx_word' id='word_1_166' title='bbox 2545 811 2782 868; x_wconf 90' lang='lat' dir='ltr'><strong>contrita</strong></span> <span class='ocrx_word' id='word_1_167' title='bbox 2821 827 2883 865; x_wconf 88' lang='lat' dir='ltr'><strong>es</strong></span> <span class='ocrx_word' id='word_1_168' title='bbox 2908 810 2964 864; x_wconf 89' lang='lat' dir='ltr'><strong>in</strong></span> <span class='ocrx_word' id='word_1_169' title='bbox 3006 808 3184 873; x_wconf 89' lang='lat' dir='ltr'><strong>mari,</strong></span> <span class='ocrx_word' id='word_1_170' title='bbox 3227 814 3282 861; x_wconf 90' lang='lat' dir='ltr'><strong>et</strong></span> <span class='ocrx_word' id='word_1_171' title='bbox 3327 806 3381 859; x_wconf 90' lang='lat' dir='ltr'><strong>in</strong></span> <span class='ocrx_word' id='word_1_172' title='bbox 3420 817 3679 874; x_wconf 86' lang='lat' dir='ltr'><strong>aquarum</strong></span> <span class='ocrx_word' id='word_1_173' title='bbox 3711 815 3832 871; x_wconf 89' lang='lat' dir='ltr'><strong>pro-</strong></span> 
     </span>
    </p>
   </div>
   <div class='ocr_carea' id='block_1_23' title="bbox 2238 895 3827 974">
    <p class='ocr_par' dir='ltr' id='par_1_23' title="bbox 2238 895 3827 974">
     <span class='ocr_line' id='line_1_25' title="bbox 2238 895 3827 974; baseline -0.008 -16"><span class='ocrx_word' id='word_1_174' title='bbox 2238 904 2421 959; x_wconf 85' lang='lat' dir='ltr'><strong>fundis</strong></span> <span class='ocrx_word' id='word_1_175' title='bbox 2446 950 2460 974; x_wconf 89' lang='lat'><strong>,</strong></span> <span class='ocrx_word' id='word_1_176' title='bbox 2485 904 2639 974; x_wconf 82' lang='lat' dir='ltr'><strong>juxta</strong></span> <span class='ocrx_word' id='word_1_177' title='bbox 2682 903 2812 958; x_wconf 90' lang='lat' dir='ltr'><strong>illud</strong></span> <span class='ocrx_word' id='word_1_178' title='bbox 2838 901 2983 971; x_wconf 89' lang='lat' dir='ltr'><strong>quod</strong></span> <span class='ocrx_word' id='word_1_179' title='bbox 3010 900 3080 955; x_wconf 92' lang='lat' dir='ltr'><strong>de</strong></span> <span class='ocrx_word' id='word_1_180' title='bbox 3109 899 3396 954; x_wconf 86' lang='lat' dir='ltr'><strong>Pharaone</strong></span> <span class='ocrx_word' id='word_1_181' title='bbox 3422 895 3681 964; x_wconf 87' lang='lat' dir='ltr'><strong>scriptum</strong></span> <span class='ocrx_word' id='word_1_182' title='bbox 3710 902 3827 948; x_wconf 88' lang='lat' dir='ltr'><strong>est:</strong></span> 
     </span>
    </p>
   </div>
   <div class='ocr_carea' id='block_1_24' title="bbox 2235 988 3827 1065">
    <p class='ocr_par' dir='ltr' id='par_1_24' title="bbox 2235 988 3827 1065">
     <span class='ocr_line' id='line_1_26' title="bbox 2235 988 3827 1065; baseline -0.008 -11"><span class='ocrx_word' id='word_1_183' title='bbox 2235 998 2440 1054; x_wconf 90' lang='lat' dir='ltr'><strong>Currus</strong></span> <span class='ocrx_word' id='word_1_184' title='bbox 2472 998 2770 1053; x_wconf 85' lang='lat' dir='ltr'><strong>Pharaonis</strong></span> <span class='ocrx_word' id='word_1_185' title='bbox 2791 1038 2807 1065; x_wconf 91' lang='lat'><strong>,</strong></span> <span class='ocrx_word' id='word_1_186' title='bbox 2842 1006 2897 1051; x_wconf 88' lang='lat' dir='ltr'><strong>ct</strong></span> <span class='ocrx_word' id='word_1_187' title='bbox 2942 993 3317 1050; x_wconf 80' lang='lat' dir='ltr'><strong>fortitudinem</strong></span> <span class='ocrx_word' id='word_1_188' title='bbox 3366 992 3484 1062; x_wconf 88' lang='lat' dir='ltr'><strong>ejus</strong></span> <span class='ocrx_word' id='word_1_189' title='bbox 3515 988 3747 1062; x_wconf 88' lang='lat' dir='ltr'><strong>projecit</strong></span> <span class='ocrx_word' id='word_1_190' title='bbox 3776 988 3827 1042; x_wconf 92' lang='lat' dir='ltr'><strong>in</strong></span> 
     </span>
    </p>
   </div>
   <div class='ocr_carea' id='block_1_25' title="bbox 2234 1084 3829 1167">
    <p class='ocr_par' dir='ltr' id='par_1_25' title="bbox 2234 1084 3829 1167">
     <span class='ocr_line' id='line_1_27' title="bbox 2234 1084 3829 1167; baseline -0.006 -18"><span class='ocrx_word' id='word_1_191' title='bbox 2234 1110 2385 1150; x_wconf 89' lang='lat' dir='ltr'><strong>mare</strong></span> <span class='ocrx_word' id='word_1_192' title='bbox 2414 1094 2615 1167; x_wconf 74' lang='lat' dir='ltr'><strong>(Exod.</strong></span> <span class='ocrx_word' id='word_1_193' title='bbox 2651 1110 2740 1160; x_wconf 81' lang='lat' dir='ltr'><strong>xv,</strong></span> <span class='ocrx_word' id='word_1_194' title='bbox 2771 1091 2849 1164; x_wconf 72' lang='grc'><strong>4).</strong></span> <span class='ocrx_word' id='word_1_195' title='bbox 2877 1093 2979 1161; x_wconf 85' lang='lat' dir='ltr'><strong>Qui</strong></span> <span class='ocrx_word' id='word_1_196' title='bbox 3006 1092 3292 1147; x_wconf 86' lang='lat' dir='ltr'><strong>demersus</strong></span> <span class='ocrx_word' id='word_1_197' title='bbox 3315 1098 3397 1144; x_wconf 90' lang='lat' dir='ltr'><strong>est</strong></span> <span class='ocrx_word' id='word_1_198' title='bbox 3418 1088 3470 1143; x_wconf 93' lang='lat' dir='ltr'><strong>in</strong></span> <span class='ocrx_word' id='word_1_199' title='bbox 3500 1084 3829 1157; x_wconf 80' lang='lat' dir='ltr'><strong>profundum</strong></span> 
     </span>
    </p>
   </div>
   <div class='ocr_carea' id='block_1_26' title="bbox 2234 1178 3826 1257">
    <p class='ocr_par' dir='ltr' id='par_1_26' title="bbox 2234 1178 3826 1257">
     <span class='ocr_line' id='line_1_28' title="bbox 2234 1178 3826 1257; baseline -0.004 -18"><span class='ocrx_word' id='word_1_200' title='bbox 2234 1187 2388 1256; x_wconf 88' lang='lat' dir='ltr'><strong>quasi</strong></span> <span class='ocrx_word' id='word_1_201' title='bbox 2420 1187 2589 1257; x_wconf 88' lang='lat' dir='ltr'><strong>lapis,</strong></span> <span class='ocrx_word' id='word_1_202' title='bbox 2619 1196 2674 1241; x_wconf 93' lang='lat' dir='ltr'><strong>et</strong></span> <span class='ocrx_word' id='word_1_203' title='bbox 2701 1186 2885 1241; x_wconf 87' lang='lat' dir='ltr'><strong>dicere</strong></span> <span class='ocrx_word' id='word_1_204' title='bbox 2929 1192 3143 1255; x_wconf 88' lang='lat' dir='ltr'><strong>poterat</strong></span> <span class='ocrx_word' id='word_1_205' title='bbox 3173 1202 3186 1239; x_wconf 91' lang='lat'><strong>:</strong></span> <span class='ocrx_word' id='word_1_206' title='bbox 3218 1181 3357 1238; x_wconf 79' lang='lat' dir='ltr'><strong>Veni</strong></span> <span class='ocrx_word' id='word_1_207' title='bbox 3405 1182 3457 1236; x_wconf 90' lang='lat' dir='ltr'><strong>in</strong></span> <span class='ocrx_word' id='word_1_208' title='bbox 3500 1178 3826 1251; x_wconf 78' lang='lat' dir='ltr'><strong>profundum</strong></span> 
     </span>
    </p>
   </div>
   <div class='ocr_carea' id='block_1_27' title="bbox 2233 1274 3829 1348">
    <p class='ocr_par' dir='ltr' id='par_1_27' title="bbox 2233 1274 3829 1348">
     <span class='ocr_line' id='line_1_29' title="bbox 2233 1274 3829 1348; baseline -0.006 -13"><span class='ocrx_word' id='word_1_209' title='bbox 2233 1281 2438 1348; x_wconf 89' lang='lat' dir='ltr'><strong>maris,</strong></span> <span class='ocrx_word' id='word_1_210' title='bbox 2470 1291 2523 1335; x_wconf 90' lang='lat' dir='ltr'><strong>et</strong></span> <span class='ocrx_word' id='word_1_211' title='bbox 2554 1289 2847 1346; x_wconf 82' lang='lat' dir='ltr'><strong>tempestas</strong></span> <span class='ocrx_word' id='word_1_212' title='bbox 2886 1277 3150 1334; x_wconf 87' lang='lat' dir='ltr'><strong>demersit</strong></span> <span class='ocrx_word' id='word_1_213' title='bbox 3181 1293 3267 1332; x_wconf 93' lang='lat' dir='ltr'><strong>me</strong></span> <span class='ocrx_word' id='word_1_214' title='bbox 3296 1274 3415 1344; x_wconf 91' lang='lat' dir='ltr'><strong>(Ps.</strong></span> <span class='ocrx_word' id='word_1_215' title='bbox 3449 1290 3559 1341; x_wconf 81' lang='lat' dir='ltr'><strong>xtv,</strong></span> <span class='ocrx_word' id='word_1_216' title='bbox 3590 1274 3668 1344; x_wconf 72' lang='grc'><strong>4).</strong></span> <span class='ocrx_word' id='word_1_217' title='bbox 3700 1274 3829 1328; x_wconf 84' lang='grc' dir='ltr'>Οιιι-</span> 
     </span>
    </p>
   </div>
   <div class='ocr_carea' id='block_1_28' title="bbox 2235 1366 3825 1437">
    <p class='ocr_par' dir='ltr' id='par_1_28' title="bbox 2235 1366 3825 1437">
     <span class='ocr_line' id='line_1_30' title="bbox 2235 1366 3825 1437; baseline -0.002 -13"><span class='ocrx_word' id='word_1_218' title='bbox 2235 1389 2331 1428; x_wconf 85' lang='lat' dir='ltr'><strong>nes</strong></span> <span class='ocrx_word' id='word_1_219' title='bbox 2361 1372 2586 1435; x_wconf 63' lang='lat' dir='ltr'><strong>insulae,</strong></span> <span class='ocrx_word' id='word_1_220' title='bbox 2620 1372 2706 1428; x_wconf 87' lang='lat' dir='ltr'><strong>vel</strong></span> <span class='ocrx_word' id='word_1_221' title='bbox 2748 1372 3083 1427; x_wconf 85' lang='lat' dir='ltr'><strong>habitatores</strong></span> <span class='ocrx_word' id='word_1_222' title='bbox 3116 1370 3412 1425; x_wconf 88' lang='lat' dir='ltr'><strong>insularum</strong></span> <span class='ocrx_word' id='word_1_223' title='bbox 3438 1410 3453 1435; x_wconf 93' lang='lat'><strong>,</strong></span> <span class='ocrx_word' id='word_1_224' title='bbox 3489 1367 3609 1437; x_wconf 71' lang='lat' dir='ltr'><strong>qua:</strong></span> <span class='ocrx_word' id='word_1_225' title='bbox 3639 1366 3825 1422; x_wconf 66' lang='lat' dir='ltr'><strong>steculi</strong></span> 
     </span>
    </p>
   </div>
   <div class='ocr_carea' id='block_1_29' title="bbox 2233 1462 3826 1534">
    <p class='ocr_par' dir='ltr' id='par_1_29' title="bbox 2233 1462 3826 1534">
     <span class='ocr_line' id='line_1_31' title="bbox 2233 1462 3826 1534; baseline -0.001 -17"><span class='ocrx_word' id='word_1_226' title='bbox 2233 1465 2394 1534; x_wconf 88' lang='lat' dir='ltr'><strong>hujus</strong></span> <span class='ocrx_word' id='word_1_227' title='bbox 2422 1465 2678 1520; x_wconf 84' lang='lat' dir='ltr'><strong>fluctibus</strong></span> <span class='ocrx_word' id='word_1_228' title='bbox 2721 1465 3107 1530; x_wconf 87' lang='lat' dir='ltr'><strong>verberantur,</strong></span> <span class='ocrx_word' id='word_1_229' title='bbox 3148 1462 3441 1531; x_wconf 89' lang='lat' dir='ltr'><strong>stupebunt</strong></span> <span class='ocrx_word' id='word_1_230' title='bbox 3466 1475 3628 1529; x_wconf 87' lang='lat' dir='ltr'><strong>super</strong></span> <span class='ocrx_word' id='word_1_231' title='bbox 3656 1471 3737 1529; x_wconf 88' lang='lat' dir='ltr'><strong>te,</strong></span> <span class='ocrx_word' id='word_1_232' title='bbox 3770 1467 3826 1515; x_wconf 88' lang='lat' dir='ltr'><strong>et</strong></span> 
     </span>
    </p>
   </div>
   <div class='ocr_carea' id='block_1_30' title="bbox 2232 1554 3821 1628">
    <p class='ocr_par' dir='ltr' id='par_1_30' title="bbox 2232 1554 3821 1628">
     <span class='ocr_line' id='line_1_32' title="bbox 2232 1554 3821 1628; baseline -0.003 -15"><span class='ocrx_word' id='word_1_233' title='bbox 2232 1573 2390 1628; x_wconf 86' lang='lat' dir='ltr'><strong>reges</strong></span> <span class='ocrx_word' id='word_1_234' title='bbox 2410 1575 2619 1627; x_wconf 89' lang='lat' dir='ltr'><strong>earum,</strong></span> <span class='ocrx_word' id='word_1_235' title='bbox 2641 1567 2968 1628; x_wconf 88' lang='lat' dir='ltr'><strong>tempestate</strong></span> <span class='ocrx_word' id='word_1_236' title='bbox 2995 1556 3256 1626; x_wconf 86' lang='lat' dir='ltr'><strong>perculsi,</strong></span> <span class='ocrx_word' id='word_1_237' title='bbox 3282 1557 3523 1612; x_wconf 92' lang='lat' dir='ltr'><strong>sentient</strong></span> <span class='ocrx_word' id='word_1_238' title='bbox 3543 1554 3821 1611; x_wconf 87' lang='lat' dir='ltr'><strong>interitum</strong></span> 
     </span>
    </p>
   </div>
   <div class='ocr_carea' id='block_1_31' title="bbox 2230 1648 3827 1722">
    <p class='ocr_par' dir='ltr' id='par_1_31' title="bbox 2230 1648 3827 1722">
     <span class='ocr_line' id='line_1_33' title="bbox 2230 1648 3827 1722; baseline -0.002 -16"><span class='ocrx_word' id='word_1_239' title='bbox 2230 1666 2423 1717; x_wconf 87' lang='lat' dir='ltr'><strong>suum,</strong></span> <span class='ocrx_word' id='word_1_240' title='bbox 2476 1652 2856 1722; x_wconf 89' lang='lat' dir='ltr'><strong>imitantesque</strong></span> <span class='ocrx_word' id='word_1_241' title='bbox 2896 1664 3085 1705; x_wconf 90' lang='lat' dir='ltr'><strong>vocem</strong></span> <span class='ocrx_word' id='word_1_242' title='bbox 3135 1649 3379 1714; x_wconf 90' lang='lat' dir='ltr'><strong>colubri,</strong></span> <span class='ocrx_word' id='word_1_243' title='bbox 3426 1648 3728 1704; x_wconf 88' lang='lat' dir='ltr'><strong>sibilabunt</strong></span> <span class='ocrx_word' id='word_1_244' title='bbox 3769 1654 3827 1703; x_wconf 90' lang='lat' dir='ltr'><strong>et</strong></span> 
     </span>
    </p>
   </div>
   <div class='ocr_carea' id='block_1_32' title="bbox 530 1742 3824 1821">
    <p class='ocr_par' dir='ltr' id='par_1_32' title="bbox 530 1742 3824 1821">
     <span class='ocr_line' id='line_1_34' title="bbox 530 1742 3824 1821; baseline -0.002 -17"><span class='ocrx_word' id='word_1_245' title='bbox 530 1750 671 1821; x_wconf 91' lang='lat' dir='ltr'><strong>quod</strong></span> <span class='ocrx_word' id='word_1_246' title='bbox 701 1749 929 1819; x_wconf 79' lang='lat' dir='ltr'><strong>legimus</strong></span> <span class='ocrx_word' id='word_1_247' title='bbox 957 1757 1043 1804; x_wconf 89' lang='lat' dir='ltr'><strong>est</strong></span> <span class='ocrx_word' id='word_1_248' title='bbox 1066 1746 1379 1817; x_wconf 89' lang='lat' dir='ltr'><strong>dicendum)</strong></span> <span class='ocrx_word' id='word_1_249' title='bbox 1409 1747 1807 1818; x_wconf 83' lang='lat' dir='ltr'><strong>gubernatores</strong></span> <span class='ocrx_word' id='word_1_250' title='bbox 1837 1746 2124 1814; x_wconf 88' lang='lat' dir='ltr'><strong>episcopos</strong></span> <span class='ocrx_word' id='word_1_251' title='bbox 2154 1759 2202 1820; x_wconf 83' lang='grc' dir='ltr'><strong>Β</strong></span> <span class='ocrx_word' id='word_1_252' title='bbox 2229 1747 2416 1802; x_wconf 86' lang='lat' dir='ltr'><strong>dicent</strong></span> <span class='ocrx_word' id='word_1_253' title='bbox 2443 1763 2456 1799; x_wconf 91' lang='lat'>:</span> <span class='ocrx_word' id='word_1_254' title='bbox 2491 1745 2571 1801; x_wconf 90' lang='lat' dir='ltr'><strong>Ad</strong></span> <span class='ocrx_word' id='word_1_255' title='bbox 2615 1744 2845 1800; x_wconf 89' lang='lat' dir='ltr'><strong>nihilum</strong></span> <span class='ocrx_word' id='word_1_256' title='bbox 2878 1744 3110 1800; x_wconf 82' lang='lat' dir='ltr'><strong>deducta</strong></span> <span class='ocrx_word' id='word_1_257' title='bbox 3136 1759 3225 1811; x_wconf 91' lang='lat' dir='ltr'><strong>es,</strong></span> <span class='ocrx_word' id='word_1_258' title='bbox 3268 1745 3383 1798; x_wconf 92' lang='lat' dir='ltr'><strong>sive</strong></span> <span class='ocrx_word' id='word_1_259' title='bbox 3421 1742 3558 1797; x_wconf 82' lang='lat' dir='ltr'><strong>facta</strong></span> <span class='ocrx_word' id='word_1_260' title='bbox 3590 1743 3824 1812; x_wconf 88' lang='lat' dir='ltr'><strong>perditio</strong></span> 
     </span>
    </p>
   </div>
   <div class='ocr_carea' id='block_1_33' title="bbox 529 1840 2124 1909">
    <p class='ocr_par' dir='ltr' id='par_1_33' title="bbox 529 1840 2124 1909">
     <span class='ocr_line' id='line_1_35' title="bbox 529 1840 2124 1909; baseline -0.003 -14"><span class='ocrx_word' id='word_1_261' title='bbox 529 1841 948 1905; x_wconf 68' lang='lat' dir='ltr'><strong>haereticorum,</strong></span> <span class='ocrx_word' id='word_1_262' title='bbox 1006 1840 1386 1895; x_wconf 83' lang='lat' dir='ltr'><strong>consiliatores</strong></span> <span class='ocrx_word' id='word_1_263' title='bbox 1439 1840 1829 1909; x_wconf 84' lang='lat' dir='ltr'><strong>presbyteros,</strong></span> <span class='ocrx_word' id='word_1_264' title='bbox 1878 1846 2124 1906; x_wconf 86' lang='lat' dir='ltr'><strong>proretas</strong></span> 
     </span>
    </p>
   </div>
   <div class='ocr_carea' id='block_1_34' title="bbox 526 1932 2124 2002">
    <p class='ocr_par' dir='ltr' id='par_1_34' title="bbox 526 1932 2124 2002">
     <span class='ocr_line' id='line_1_36' title="bbox 526 1932 2124 2002; baseline -0.001 -15"><span class='ocrx_word' id='word_1_265' title='bbox 526 1932 965 1997; x_wconf 86' lang='lat' dir='ltr'><strong>archidiaconos,</strong></span> <span class='ocrx_word' id='word_1_266' title='bbox 994 1932 1227 2002; x_wconf 87' lang='lat' dir='ltr'><strong>remiges</strong></span> <span class='ocrx_word' id='word_1_267' title='bbox 1249 1940 1413 2001; x_wconf 87' lang='lat' dir='ltr'><strong>atque</strong></span> <span class='ocrx_word' id='word_1_268' title='bbox 1444 1942 1634 1987; x_wconf 84' lang='lat' dir='ltr'><strong>nautas</strong></span> <span class='ocrx_word' id='word_1_269' title='bbox 1660 1932 1927 1987; x_wconf 88' lang='lat' dir='ltr'><strong>diaconos</strong></span> <span class='ocrx_word' id='word_1_270' title='bbox 1956 1933 2124 1986; x_wconf 88' lang='lat' dir='ltr'><strong>inter-</strong></span> 
     </span>
    </p>
   </div>
   <div class='ocr_carea' id='block_1_35' title="bbox 526 2022 2119 2095">
    <p class='ocr_par' dir='ltr' id='par_1_35' title="bbox 526 2022 2119 2095">
     <span class='ocr_line' id='line_1_37' title="bbox 526 2022 2119 2095; baseline -0.002 -15"><span class='ocrx_word' id='word_1_271' title='bbox 526 2035 831 2095; x_wconf 85' lang='lat' dir='ltr'><strong>pretantur,</strong></span> <span class='ocrx_word' id='word_1_272' title='bbox 862 2035 1111 2079; x_wconf 82' lang='lat' dir='ltr'><strong>vectores</strong></span> <span class='ocrx_word' id='word_1_273' title='bbox 1138 2038 1269 2079; x_wconf 89' lang='lat' dir='ltr'><strong>vero</strong></span> <span class='ocrx_word' id='word_1_274' title='bbox 1298 2023 1363 2078; x_wconf 88' lang='lat' dir='ltr'><strong>ad</strong></span> <span class='ocrx_word' id='word_1_275' title='bbox 1395 2035 1654 2079; x_wconf 89' lang='lat' dir='ltr'><strong>cunctum</strong></span> <span class='ocrx_word' id='word_1_276' title='bbox 1687 2024 1943 2093; x_wconf 84' lang='lat' dir='ltr'><strong>pupulum</strong></span> <span class='ocrx_word' id='word_1_277' title='bbox 1976 2022 2119 2078; x_wconf 82' lang='lat' dir='ltr'><strong>refe-</strong></span> 
     </span>
    </p>
   </div>
   <div class='ocr_carea' id='block_1_36' title="bbox 525 2117 2121 2189">
    <p class='ocr_par' dir='ltr' id='par_1_36' title="bbox 525 2117 2121 2189">
     <span class='ocr_line' id='line_1_38' title="bbox 525 2117 2121 2189; baseline -0.003 -15"><span class='ocrx_word' id='word_1_278' title='bbox 525 2129 675 2185; x_wconf 91' lang='lat' dir='ltr'><strong>runt,</strong></span> <span class='ocrx_word' id='word_1_279' title='bbox 706 2117 847 2189; x_wconf 93' lang='lat' dir='ltr'><strong>quod</strong></span> <span class='ocrx_word' id='word_1_280' title='bbox 872 2118 915 2173; x_wconf 88' lang='lat' dir='ltr'><strong>si</strong></span> <span class='ocrx_word' id='word_1_281' title='bbox 944 2117 1287 2173; x_wconf 89' lang='lat' dir='ltr'><strong>addidissent</strong></span> <span class='ocrx_word' id='word_1_282' title='bbox 1315 2118 1629 2172; x_wconf 87' lang='lat' dir='ltr'><strong>nauclerum</strong></span> <span class='ocrx_word' id='word_1_283' title='bbox 1655 2117 1929 2172; x_wconf 89' lang='lat' dir='ltr'><strong>diabolum</strong></span> <span class='ocrx_word' id='word_1_284' title='bbox 1955 2158 1969 2183; x_wconf 96' lang='lat'><strong>,</strong></span> <span class='ocrx_word' id='word_1_285' title='bbox 2021 2117 2121 2170; x_wconf 92' lang='lat' dir='ltr'><strong>im-</strong></span> 
     </span>
    </p>
   </div>
   <div class='ocr_carea' id='block_1_37' title="bbox 524 2210 2121 2281">
    <p class='ocr_par' dir='ltr' id='par_1_37' title="bbox 524 2210 2121 2281">
     <span class='ocr_line' id='line_1_39' title="bbox 524 2210 2121 2281; baseline -0.001 -16"><span class='ocrx_word' id='word_1_286' title='bbox 524 2212 765 2280; x_wconf 89' lang='lat' dir='ltr'><strong>plessent</strong></span> <span class='ocrx_word' id='word_1_287' title='bbox 788 2212 1126 2281; x_wconf 64' lang='lat' dir='ltr'><strong>tragoediam.</strong></span> <span class='ocrx_word' id='word_1_288' title='bbox 1159 2211 1261 2278; x_wconf 85' lang='lat' dir='ltr'><strong>Qui</strong></span> <span class='ocrx_word' id='word_1_289' title='bbox 1286 2225 1478 2280; x_wconf 73' lang='lat' dir='ltr'><strong>omnes</strong></span> <span class='ocrx_word' id='word_1_290' title='bbox 1506 2210 1787 2279; x_wconf 90' lang='lat' dir='ltr'><strong>ejulabunt</strong></span> <span class='ocrx_word' id='word_1_291' title='bbox 1819 2210 2041 2280; x_wconf 85' lang='lat' dir='ltr'><strong>pariter,</strong></span> <span class='ocrx_word' id='word_1_292' title='bbox 2065 2218 2121 2264; x_wconf 87' lang='lat' dir='ltr'><strong>et</strong></span> 
     </span>
    </p>
   </div>
   <div class='ocr_carea' id='block_1_38' title="bbox 521 2302 2115 2373">
    <p class='ocr_par' dir='ltr' id='par_1_38' title="bbox 521 2302 2115 2373">
     <span class='ocr_line' id='line_1_40' title="bbox 521 2302 2115 2373; baseline -0.001 -15"><span class='ocrx_word' id='word_1_293' title='bbox 521 2303 727 2360; x_wconf 85' lang='lat' dir='ltr'><strong>ﬂebunt</strong></span> <span class='ocrx_word' id='word_1_294' title='bbox 755 2302 1116 2369; x_wconf 91' lang='lat' dir='ltr'><strong>amarissime,</strong></span> <span class='ocrx_word' id='word_1_295' title='bbox 1143 2313 1196 2357; x_wconf 90' lang='lat' dir='ltr'><strong>et</strong></span> <span class='ocrx_word' id='word_1_296' title='bbox 1218 2310 1378 2373; x_wconf 83' lang='lat' dir='ltr'><strong>agent</strong></span> <span class='ocrx_word' id='word_1_297' title='bbox 1408 2303 1803 2370; x_wconf 64' lang='lat' dir='ltr'><strong>paenitentiam,</strong></span> <span class='ocrx_word' id='word_1_298' title='bbox 1832 2314 2115 2373; x_wconf 89' lang='lat' dir='ltr'><strong>postquam</strong></span> 
     </span>
    </p>
   </div>
   <div class='ocr_carea' id='block_1_39' title="bbox 521 2395 2114 2467">
    <p class='ocr_par' dir='ltr' id='par_1_39' title="bbox 521 2395 2114 2467">
     <span class='ocr_line' id='line_1_41' title="bbox 521 2395 2114 2467; baseline -0.001 -18"><span class='ocrx_word' id='word_1_299' title='bbox 521 2395 861 2467; x_wconf 77' lang='lat' dir='ltr'><strong>naufragium</strong></span> <span class='ocrx_word' id='word_1_300' title='bbox 888 2396 1163 2450; x_wconf 88' lang='lat' dir='ltr'><strong>senserint</strong></span> <span class='ocrx_word' id='word_1_301' title='bbox 1184 2396 1337 2449; x_wconf 88' lang='lat' dir='ltr'><strong>navis</strong></span> <span class='ocrx_word' id='word_1_302' title='bbox 1359 2411 1491 2462; x_wconf 62' lang='lat' dir='ltr'><strong>suae,</strong></span> <span class='ocrx_word' id='word_1_303' title='bbox 1518 2395 1641 2449; x_wconf 92' lang='lat' dir='ltr'><strong>etin</strong></span> <span class='ocrx_word' id='word_1_304' title='bbox 1667 2396 2114 2463; x_wconf 26' lang='lat' dir='ltr'><strong>terraISIeterint,</strong></span> 
     </span>
    </p>
   </div>
   <div class='ocr_carea' id='block_1_40' title="bbox 518 2487 2112 2559">
    <p class='ocr_par' dir='ltr' id='par_1_40' title="bbox 518 2487 2112 2559">
     <span class='ocr_line' id='line_1_42' title="bbox 518 2487 2112 2559; baseline 0.001 -16"><span class='ocrx_word' id='word_1_305' title='bbox 518 2503 846 2559; x_wconf 90' lang='lat' dir='ltr'><strong>omnemque</strong></span> <span class='ocrx_word' id='word_1_306' title='bbox 867 2489 1121 2543; x_wconf 89' lang='lat' dir='ltr'><strong>decorem</strong></span> <span class='ocrx_word' id='word_1_307' title='bbox 1166 2487 1285 2543; x_wconf 81' lang='lat' dir='ltr'><strong>falsi</strong></span> <span class='ocrx_word' id='word_1_308' title='bbox 1332 2487 1572 2544; x_wconf 91' lang='lat' dir='ltr'><strong>nominis</strong></span> <span class='ocrx_word' id='word_1_309' title='bbox 1614 2490 1857 2544; x_wconf 70' lang='lat' dir='ltr'><strong>scientia:</strong></span> <span class='ocrx_word' id='word_1_310' title='bbox 1911 2490 2112 2545; x_wconf 87' lang='lat' dir='ltr'><strong>amise-</strong></span> 
     </span>
    </p>
   </div>
   <div class='ocr_carea' id='block_1_41' title="bbox 519 2580 2115 2653">
    <p class='ocr_par' dir='ltr' id='par_1_41' title="bbox 519 2580 2115 2653">
     <span class='ocr_line' id='line_1_43' title="bbox 519 2580 2115 2653; baseline -0.001 -16"><span class='ocrx_word' id='word_1_311' title='bbox 519 2581 625 2637; x_wconf 91' lang='lat' dir='ltr'><strong>rint</strong></span> <span class='ocrx_word' id='word_1_312' title='bbox 647 2598 662 2649; x_wconf 91' lang='lat'><strong>;</strong></span> <span class='ocrx_word' id='word_1_313' title='bbox 682 2591 741 2637; x_wconf 87' lang='lat' dir='ltr'><strong>et</strong></span> <span class='ocrx_word' id='word_1_314' title='bbox 770 2596 867 2651; x_wconf 91' lang='lat' dir='ltr'><strong>pro</strong></span> <span class='ocrx_word' id='word_1_315' title='bbox 893 2580 1094 2653; x_wconf 88' lang='lat' dir='ltr'><strong>gaudio</strong></span> <span class='ocrx_word' id='word_1_316' title='bbox 1120 2591 1286 2651; x_wconf 89' lang='lat' dir='ltr'><strong>atque</strong></span> <span class='ocrx_word' id='word_1_317' title='bbox 1317 2582 1521 2649; x_wconf 69' lang='lat' dir='ltr'><strong>lmtitia,</strong></span> <span class='ocrx_word' id='word_1_318' title='bbox 1562 2582 1617 2637; x_wconf 92' lang='lat' dir='ltr'><strong>in</strong></span> <span class='ocrx_word' id='word_1_319' title='bbox 1646 2583 1827 2638; x_wconf 85' lang='lat' dir='ltr'><strong>cordis</strong></span> <span class='ocrx_word' id='word_1_320' title='bbox 1857 2584 2115 2638; x_wconf 88' lang='lat' dir='ltr'><strong>amaritu-</strong></span> 
     </span>
    </p>
   </div>
   <div class='ocr_carea' id='block_1_42' title="bbox 519 2673 1697 2745">
    <p class='ocr_par' dir='ltr' id='par_1_42' title="bbox 519 2673 1697 2745">
     <span class='ocr_line' id='line_1_44' title="bbox 519 2673 1697 2745; baseline 0 -16"><span class='ocrx_word' id='word_1_321' title='bbox 519 2673 645 2730; x_wconf 90' lang='lat' dir='ltr'><strong>dine</strong></span> <span class='ocrx_word' id='word_1_322' title='bbox 672 2675 1044 2744; x_wconf 82' lang='lat' dir='ltr'><strong>paenitentiam</strong></span> <span class='ocrx_word' id='word_1_323' title='bbox 1077 2690 1313 2730; x_wconf 79' lang='lat' dir='ltr'><strong>mterore</strong></span> <span class='ocrx_word' id='word_1_324' title='bbox 1341 2676 1697 2745; x_wconf 85' lang='lat' dir='ltr'><strong>signaverint.</strong></span> 
     </span>
    </p>
   </div>
   <div class='ocr_carea' id='block_1_43' title="bbox 590 2765 2114 2839">
    <p class='ocr_par' dir='ltr' id='par_1_43' title="bbox 590 2765 2114 2839">
     <span class='ocr_line' id='line_1_45' title="bbox 590 2765 2114 2839; baseline 0.001 -19"><span class='ocrx_word' id='word_1_325' title='bbox 590 2765 773 2836; x_wconf 83' lang='lat' dir='ltr'><strong>(Vers.</strong></span> <span class='ocrx_word' id='word_1_326' title='bbox 809 2766 878 2821; x_wconf 79' lang='grc'><strong>55</strong></span> <span class='ocrx_word' id='word_1_327' title='bbox 900 2765 1092 2839; x_wconf 90' lang='lat' dir='ltr'><strong>seqq.)</strong></span> <span class='ocrx_word' id='word_1_328' title='bbox 1116 2768 1248 2834; x_wconf 69' lang='lat' dir='ltr'><strong>Quae</strong></span> <span class='ocrx_word' id='word_1_329' title='bbox 1269 2778 1353 2823; x_wconf 89' lang='lat' dir='ltr'><strong>est</strong></span> <span class='ocrx_word' id='word_1_330' title='bbox 1375 2776 1433 2822; x_wconf 92' lang='lat' dir='ltr'><strong>ut</strong></span> <span class='ocrx_word' id='word_1_331' title='bbox 1452 2768 1629 2839; x_wconf 90' lang='lat' dir='ltr'><strong>Tyrus</strong></span> <span class='ocrx_word' id='word_1_332' title='bbox 1646 2812 1661 2835; x_wconf 96' lang='lat'><strong>,</strong></span> <span class='ocrx_word' id='word_1_333' title='bbox 1693 2783 1816 2836; x_wconf 74' lang='lat' dir='ltr'><strong>qua:</strong></span> <span class='ocrx_word' id='word_1_334' title='bbox 1839 2768 2114 2824; x_wconf 89' lang='lat' dir='ltr'><strong>obmutuit</strong></span> 
     </span>
    </p>
   </div>
   <div class='ocr_carea' id='block_1_44' title="bbox 521 2857 2109 2937">
    <p class='ocr_par' dir='ltr' id='par_1_44' title="bbox 521 2857 2109 2937">
     <span class='ocr_line' id='line_1_46' title="bbox 521 2857 2109 2937; baseline 0.003 -24"><span class='ocrx_word' id='word_1_335' title='bbox 521 2857 684 2931; x_wconf 89' lang='lat' dir='ltr'><strong>(sive</strong></span> <span class='ocrx_word' id='word_1_336' title='bbox 712 2859 1026 2926; x_wconf 88' lang='lat' dir='ltr'><strong>conticuit)</strong></span> <span class='ocrx_word' id='word_1_337' title='bbox 1077 2861 1130 2915; x_wconf 92' lang='lat' dir='ltr'><strong>in</strong></span> <span class='ocrx_word' id='word_1_338' title='bbox 1172 2860 1352 2917; x_wconf 89' lang='lat' dir='ltr'><strong>medio</strong></span> <span class='ocrx_word' id='word_1_339' title='bbox 1388 2862 1603 2937; x_wconf 82' lang='lat' dir='ltr'><strong>maris?</strong></span> <span class='ocrx_word' id='word_1_340' title='bbox 1636 2861 1811 2934; x_wconf 87' lang='lat' dir='ltr'><strong>(Quod</strong></span> <span class='ocrx_word' id='word_1_341' title='bbox 1864 2862 1918 2918; x_wconf 92' lang='lat' dir='ltr'><strong>in</strong></span> <span class='ocrx_word' id='word_1_342' title='bbox 1964 2861 2109 2918; x_wconf 80' lang='lat' dir='ltr'><strong>LXX</strong></span> 
     </span>
    </p>
   </div>
   <div class='ocr_carea' id='block_1_45' title="bbox 515 2952 2108 3026">
    <p class='ocr_par' dir='ltr' id='par_1_45' title="bbox 515 2952 2108 3026">
     <span class='ocr_line' id='line_1_47' title="bbox 515 2952 2108 3026; baseline 0.003 -19"><span class='ocrx_word' id='word_1_343' title='bbox 515 2968 624 3007; x_wconf 92' lang='lat' dir='ltr'><strong>non</strong></span> <span class='ocrx_word' id='word_1_344' title='bbox 648 2952 930 3023; x_wconf 87' lang='lat' dir='ltr'><strong>habetur.)</strong></span> <span class='ocrx_word' id='word_1_345' title='bbox 974 2952 1105 3021; x_wconf 77' lang='lat' dir='ltr'><strong>Quae</strong></span> <span class='ocrx_word' id='word_1_346' title='bbox 1139 2953 1191 3008; x_wconf 94' lang='lat' dir='ltr'><strong>in</strong></span> <span class='ocrx_word' id='word_1_347' title='bbox 1225 2955 1372 3009; x_wconf 84' lang='lat' dir='ltr'><strong>exitu</strong></span> <span class='ocrx_word' id='word_1_348' title='bbox 1414 2956 1844 3026; x_wconf 90' lang='lat' dir='ltr'><strong>negotiationum</strong></span> <span class='ocrx_word' id='word_1_349' title='bbox 1897 2967 2108 3012; x_wconf 91' lang='lat' dir='ltr'><strong>tuarum</strong></span> 
     </span>
    </p>
   </div>
   <div class='ocr_carea' id='block_1_46' title="bbox 521 3044 2106 3121">
    <p class='ocr_par' dir='ltr' id='par_1_46' title="bbox 521 3044 2106 3121">
     <span class='ocr_line' id='line_1_48' title="bbox 521 3044 2106 3121; baseline 0.004 -21"><span class='ocrx_word' id='word_1_350' title='bbox 521 3044 661 3118; x_wconf 81' lang='lat' dir='ltr'><strong>(sive</strong></span> <span class='ocrx_word' id='word_1_351' title='bbox 689 3044 846 3109; x_wconf 81' lang='lat' dir='ltr'><strong>quam</strong></span> <span class='ocrx_word' id='word_1_352' title='bbox 880 3046 1132 3101; x_wconf 77' lang='lat' dir='ltr'><strong>invenisti</strong></span> <span class='ocrx_word' id='word_1_353' title='bbox 1162 3047 1505 3119; x_wconf 90' lang='lat' dir='ltr'><strong>mercedem)</strong></span> <span class='ocrx_word' id='word_1_354' title='bbox 1539 3049 1608 3103; x_wconf 91' lang='lat' dir='ltr'><strong>de</strong></span> <span class='ocrx_word' id='word_1_355' title='bbox 1646 3050 1780 3105; x_wconf 89' lang='lat' dir='ltr'><strong>mari</strong></span> <span class='ocrx_word' id='word_1_356' title='bbox 1812 3092 1827 3115; x_wconf 95' lang='lat'><strong>,</strong></span> <span class='ocrx_word' id='word_1_357' title='bbox 1870 3051 2106 3121; x_wconf 87' lang='lat' dir='ltr'><strong>implesti</strong></span> 
     </span>
    </p>
   </div>
   <div class='ocr_carea' id='block_1_47' title="bbox 2228 1835 3825 1907">
    <p class='ocr_par' dir='ltr' id='par_1_47' title="bbox 2228 1835 3825 1907">
     <span class='ocr_line' id='line_1_49' title="bbox 2228 1835 3825 1907; baseline -0.002 -13"><span class='ocrx_word' id='word_1_358' title='bbox 2228 1854 2319 1905; x_wconf 89' lang='lat' dir='ltr'><strong>es;</strong></span> <span class='ocrx_word' id='word_1_359' title='bbox 2373 1845 2431 1892; x_wconf 91' lang='lat' dir='ltr'><strong>ut</strong></span> <span class='ocrx_word' id='word_1_360' title='bbox 2473 1853 2582 1892; x_wconf 92' lang='lat' dir='ltr'><strong>non</strong></span> <span class='ocrx_word' id='word_1_361' title='bbox 2623 1849 2870 1893; x_wconf 89' lang='lat' dir='ltr'><strong>naturam</strong></span> <span class='ocrx_word' id='word_1_362' title='bbox 2912 1836 3238 1907; x_wconf 90' lang='lat' dir='ltr'><strong>perditionis</strong></span> <span class='ocrx_word' id='word_1_363' title='bbox 3278 1835 3534 1890; x_wconf 84' lang='lat' dir='ltr'><strong>habueris</strong></span> <span class='ocrx_word' id='word_1_364' title='bbox 3559 1877 3573 1899; x_wconf 94' lang='lat'><strong>,</strong></span> <span class='ocrx_word' id='word_1_365' title='bbox 3610 1835 3706 1890; x_wconf 87' lang='lat' dir='ltr'><strong>sed</strong></span> <span class='ocrx_word' id='word_1_366' title='bbox 3731 1851 3825 1891; x_wconf 82' lang='lat' dir='ltr'><strong>vo-</strong></span> 
     </span>
    </p>
   </div>
   <div class='ocr_carea' id='block_1_48' title="bbox 2228 1910 3819 2000">
    <p class='ocr_par' dir='ltr' id='par_1_48' title="bbox 2228 1910 3819 2000">
     <span class='ocr_line' id='line_1_50' title="bbox 2228 1910 3819 2000; baseline -0.001 -15"><span class='ocrx_word' id='word_1_367' title='bbox 2228 1910 2519 1987; x_wconf 81' lang='lat' dir='ltr'><strong>luntatem.</strong></span> <span class='ocrx_word' id='word_1_368' title='bbox 2555 1933 2615 1985; x_wconf 88' lang='lat' dir='ltr'><strong>Et</strong></span> <span class='ocrx_word' id='word_1_369' title='bbox 2648 1946 2758 1987; x_wconf 93' lang='lat' dir='ltr'><strong>non</strong></span> <span class='ocrx_word' id='word_1_370' title='bbox 2787 1932 2920 1986; x_wconf 88' lang='lat' dir='ltr'><strong>eris.</strong></span> <span class='ocrx_word' id='word_1_371' title='bbox 2954 1930 3109 1999; x_wconf 85' lang='lat' dir='ltr'><strong>Quod</strong></span> <span class='ocrx_word' id='word_1_372' title='bbox 3150 1931 3196 1985; x_wconf 92' lang='lat' dir='ltr'><strong>si</strong></span> <span class='ocrx_word' id='word_1_373' title='bbox 3246 1929 3527 2000; x_wconf 86' lang='lat' dir='ltr'><strong>hucusque</strong></span> <span class='ocrx_word' id='word_1_374' title='bbox 3556 1929 3819 1995; x_wconf 80' lang='lat' dir='ltr'><strong>dixisset,</strong></span> 
     </span>
    </p>
   </div>
   <div class='ocr_carea' id='block_1_49' title="bbox 2228 2025 3818 2095">
    <p class='ocr_par' dir='ltr' id='par_1_49' title="bbox 2228 2025 3818 2095">
     <span class='ocr_line' id='line_1_51' title="bbox 2228 2025 3818 2095; baseline -0.001 -17"><span class='ocrx_word' id='word_1_375' title='bbox 2228 2038 2418 2095; x_wconf 83' lang='lat' dir='ltr'><strong>magna</strong></span> <span class='ocrx_word' id='word_1_376' title='bbox 2468 2025 2702 2094; x_wconf 85' lang='lat' dir='ltr'><strong>quaestio</strong></span> <span class='ocrx_word' id='word_1_377' title='bbox 2754 2031 3093 2089; x_wconf 89' lang='lat' dir='ltr'><strong>nasceretur,</strong></span> <span class='ocrx_word' id='word_1_378' title='bbox 3146 2025 3421 2093; x_wconf 91' lang='lat' dir='ltr'><strong>quomodo</strong></span> <span class='ocrx_word' id='word_1_379' title='bbox 3478 2038 3585 2078; x_wconf 90' lang='lat' dir='ltr'><strong>non</strong></span> <span class='ocrx_word' id='word_1_380' title='bbox 3641 2034 3818 2088; x_wconf 88' lang='lat' dir='ltr'><strong>esset,</strong></span> 
     </span>
    </p>
   </div>
   <div class='ocr_carea' id='block_1_50' title="bbox 2224 2116 3822 2188">
    <p class='ocr_par' dir='ltr' id='par_1_50' title="bbox 2224 2116 3822 2188">
     <span class='ocr_line' id='line_1_52' title="bbox 2224 2116 3822 2188; baseline 0 -17"><span class='ocrx_word' id='word_1_381' title='bbox 2224 2134 2384 2188; x_wconf 90' lang='lat' dir='ltr'><strong>quam</strong></span> <span class='ocrx_word' id='word_1_382' title='bbox 2414 2134 2559 2173; x_wconf 88' lang='lat' dir='ltr'><strong>nunc</strong></span> <span class='ocrx_word' id='word_1_383' title='bbox 2593 2118 2842 2173; x_wconf 89' lang='lat' dir='ltr'><strong>videmus</strong></span> <span class='ocrx_word' id='word_1_384' title='bbox 2868 2126 3219 2173; x_wconf 75' lang='lat' dir='ltr'><strong>exstructam.</strong></span> <span class='ocrx_word' id='word_1_385' title='bbox 3249 2116 3358 2173; x_wconf 90' lang='lat' dir='ltr'><strong>Sed</strong></span> <span class='ocrx_word' id='word_1_386' title='bbox 3383 2132 3449 2171; x_wconf 82' lang='lat' dir='ltr'><strong>ex</strong></span> <span class='ocrx_word' id='word_1_387' title='bbox 3477 2132 3543 2173; x_wconf 81' lang='lat' dir='ltr'><strong>eo</strong></span> <span class='ocrx_word' id='word_1_388' title='bbox 3565 2116 3706 2186; x_wconf 89' lang='lat' dir='ltr'><strong>quod</strong></span> <span class='ocrx_word' id='word_1_389' title='bbox 3736 2132 3822 2171; x_wconf 84' lang='lat' dir='ltr'><strong>se—</strong></span> 
     </span>
    </p>
   </div>
   <div class='ocr_carea' id='block_1_51' title="bbox 2223 2210 3818 2281">
    <p class='ocr_par' dir='ltr' id='par_1_51' title="bbox 2223 2210 3818 2281">
     <span class='ocr_line' id='line_1_53' title="bbox 2223 2210 3818 2281; baseline -0.001 -16"><span class='ocrx_word' id='word_1_390' title='bbox 2223 2211 2408 2281; x_wconf 89' lang='lat' dir='ltr'><strong>quitur</strong></span> <span class='ocrx_word' id='word_1_391' title='bbox 2433 2226 2446 2263; x_wconf 89' lang='lat'><strong>:</strong></span> <span class='ocrx_word' id='word_1_392' title='bbox 2477 2210 2660 2280; x_wconf 84' lang='lat' dir='ltr'><strong>Usque</strong></span> <span class='ocrx_word' id='word_1_393' title='bbox 2682 2210 2734 2265; x_wconf 91' lang='lat' dir='ltr'><strong>iu</strong></span> <span class='ocrx_word' id='word_1_394' title='bbox 2769 2210 3026 2265; x_wconf 65' lang='lat' dir='ltr'><strong>saeculum</strong></span> <span class='ocrx_word' id='word_1_395' title='bbox 3048 2254 3061 2276; x_wconf 92' lang='lat'><strong>,</strong></span> <span class='ocrx_word' id='word_1_396' title='bbox 3099 2210 3259 2265; x_wconf 91' lang='lat' dir='ltr'><strong>unius</strong></span> <span class='ocrx_word' id='word_1_397' title='bbox 3283 2210 3470 2265; x_wconf 77' lang='lat' dir='ltr'><strong>saeculi</strong></span> <span class='ocrx_word' id='word_1_398' title='bbox 3497 2220 3706 2281; x_wconf 89' lang='lat' dir='ltr'><strong>tempus</strong></span> <span class='ocrx_word' id='word_1_399' title='bbox 3728 2224 3818 2265; x_wconf 86' lang='lat' dir='ltr'><strong>os-</strong></span> 
     </span>
    </p>
   </div>
   <div class='ocr_carea' id='block_1_52' title="bbox 2223 2305 3818 2377">
    <p class='ocr_par' dir='ltr' id='par_1_52' title="bbox 2223 2305 3818 2377">
     <span class='ocr_line' id='line_1_54' title="bbox 2223 2305 3818 2377; baseline -0.001 -16"><span class='ocrx_word' id='word_1_400' title='bbox 2223 2305 2443 2373; x_wconf 90' lang='lat' dir='ltr'><strong>tendit,</strong></span> <span class='ocrx_word' id='word_1_401' title='bbox 2490 2306 2633 2377; x_wconf 91' lang='lat' dir='ltr'><strong>quod</strong></span> <span class='ocrx_word' id='word_1_402' title='bbox 2680 2306 2835 2376; x_wconf 80' lang='lat' dir='ltr'><strong>juxta</strong></span> <span class='ocrx_word' id='word_1_403' title='bbox 2879 2314 3097 2363; x_wconf 79' lang='lat' dir='ltr'><strong>aetatem</strong></span> <span class='ocrx_word' id='word_1_404' title='bbox 3141 2305 3375 2361; x_wconf 89' lang='lat' dir='ltr'><strong>hominis</strong></span> <span class='ocrx_word' id='word_1_405' title='bbox 3420 2321 3684 2360; x_wconf 84' lang='lat' dir='ltr'><strong>annorum</strong></span> <span class='ocrx_word' id='word_1_406' title='bbox 3731 2320 3818 2360; x_wconf 82' lang='lat' dir='ltr'><strong>se-</strong></span> 
     </span>
    </p>
   </div>
   <div class='ocr_carea' id='block_1_53' title="bbox 2222 2398 3819 2477">
    <p class='ocr_par' dir='ltr' id='par_1_53' title="bbox 2222 2398 3819 2477">
     <span class='ocr_line' id='line_1_55' title="bbox 2222 2398 3819 2477; baseline -0.002 -22"><span class='ocrx_word' id='word_1_407' title='bbox 2222 2402 2497 2477; x_wconf 80' lang='lat' dir='ltr'><strong>ptuaginta</strong></span> <span class='ocrx_word' id='word_1_408' title='bbox 2527 2401 2735 2456; x_wconf 91' lang='lat' dir='ltr'><strong>circulo</strong></span> <span class='ocrx_word' id='word_1_409' title='bbox 2757 2410 3105 2470; x_wconf 78' lang='lat' dir='ltr'><strong>supputetur.</strong></span> <span class='ocrx_word' id='word_1_410' title='bbox 3141 2400 3267 2455; x_wconf 80' lang='lat' dir='ltr'><strong>Sive</strong></span> <span class='ocrx_word' id='word_1_411' title='bbox 3298 2416 3405 2454; x_wconf 89' lang='lat' dir='ltr'><strong>nun</strong></span> <span class='ocrx_word' id='word_1_412' title='bbox 3434 2398 3543 2455; x_wconf 91' lang='lat' dir='ltr'><strong>eris</strong></span> <span class='ocrx_word' id='word_1_413' title='bbox 3566 2399 3701 2466; x_wconf 92' lang='lat' dir='ltr'><strong>Deo,</strong></span> <span class='ocrx_word' id='word_1_414' title='bbox 3735 2398 3819 2452; x_wconf 86' lang='lat' dir='ltr'><strong>di-</strong></span> 
     </span>
    </p>
   </div>
   <div class='ocr_carea' id='block_1_54' title="bbox 2218 2493 3821 2566">
    <p class='ocr_par' dir='ltr' id='par_1_54' title="bbox 2218 2493 3821 2566">
     <span class='ocr_line' id='line_1_56' title="bbox 2218 2493 3821 2566; baseline -0.002 -16"><span class='ocrx_word' id='word_1_415' title='bbox 2218 2505 2375 2550; x_wconf 91' lang='lat' dir='ltr'><strong>cente</strong></span> <span class='ocrx_word' id='word_1_416' title='bbox 2426 2495 2691 2566; x_wconf 80' lang='lat' dir='ltr'><strong>Apostolo</strong></span> <span class='ocrx_word' id='word_1_417' title='bbox 2737 2512 2751 2548; x_wconf 90' lang='lat'><strong>:</strong></span> <span class='ocrx_word' id='word_1_418' title='bbox 2801 2493 2907 2563; x_wconf 92' lang='lat' dir='ltr'><strong>Qui</strong></span> <span class='ocrx_word' id='word_1_419' title='bbox 2959 2493 3177 2549; x_wconf 84' lang='lat' dir='ltr'><strong>voravit</strong></span> <span class='ocrx_word' id='word_1_420' title='bbox 3222 2508 3285 2549; x_wconf 89' lang='lat' dir='ltr'><strong>ea</strong></span> <span class='ocrx_word' id='word_1_421' title='bbox 3337 2508 3460 2563; x_wconf 75' lang='lat' dir='ltr'><strong>qua:</strong></span> <span class='ocrx_word' id='word_1_422' title='bbox 3508 2508 3613 2546; x_wconf 93' lang='lat' dir='ltr'><strong>non</strong></span> <span class='ocrx_word' id='word_1_423' title='bbox 3662 2500 3821 2547; x_wconf 87' lang='lat' dir='ltr'><strong>erant</strong></span> 
     </span>
    </p>
   </div>
   <div class='ocr_carea' id='block_1_55' title="bbox 2219 2585 3813 2658">
    <p class='ocr_par' dir='ltr' id='par_1_55' title="bbox 2219 2585 3813 2658">
     <span class='ocr_line' id='line_1_57' title="bbox 2219 2585 3813 2658; baseline -0.003 -15"><span class='ocrx_word' id='word_1_424' title='bbox 2219 2588 2397 2657; x_wconf 85' lang='lat' dir='ltr'><strong>(Rom.</strong></span> <span class='ocrx_word' id='word_1_425' title='bbox 2430 2605 2504 2653; x_wconf 85' lang='lat' dir='ltr'><strong>tv,</strong></span> <span class='ocrx_word' id='word_1_426' title='bbox 2538 2588 2652 2657; x_wconf 84' lang='lat' dir='ltr'><strong>l7).</strong></span> <span class='ocrx_word' id='word_1_427' title='bbox 2674 2588 2741 2644; x_wconf 89' lang='lat' dir='ltr'><strong>Et</strong></span> <span class='ocrx_word' id='word_1_428' title='bbox 2767 2586 2933 2644; x_wconf 85' lang='lat' dir='ltr'><strong>Isaias</strong></span> <span class='ocrx_word' id='word_1_429' title='bbox 2964 2588 3228 2658; x_wconf 88' lang='lat' dir='ltr'><strong>propheta</strong></span> <span class='ocrx_word' id='word_1_430' title='bbox 3260 2603 3275 2643; x_wconf 87' lang='lat'><strong>:</strong></span> <span class='ocrx_word' id='word_1_431' title='bbox 3312 2586 3454 2641; x_wconf 86' lang='lat' dir='ltr'><strong>Ecce</strong></span> <span class='ocrx_word' id='word_1_432' title='bbox 3476 2585 3813 2640; x_wconf 87' lang='lat' dir='ltr'><strong>contunden-</strong></span> 
     </span>
    </p>
   </div>
   <div class='ocr_carea' id='block_1_56' title="bbox 2219 2677 3810 2748">
    <p class='ocr_par' dir='ltr' id='par_1_56' title="bbox 2219 2677 3810 2748">
     <span class='ocr_line' id='line_1_58' title="bbox 2219 2677 3810 2748; baseline -0.003 -12"><span class='ocrx_word' id='word_1_433' title='bbox 2219 2691 2324 2748; x_wconf 93' lang='lat' dir='ltr'><strong>tur,</strong></span> <span class='ocrx_word' id='word_1_434' title='bbox 2356 2692 2410 2737; x_wconf 90' lang='lat' dir='ltr'><strong>et</strong></span> <span class='ocrx_word' id='word_1_435' title='bbox 2438 2681 2974 2737; x_wconf 87' lang='lat' dir='ltr'><strong>erubescentomnes</strong></span> <span class='ocrx_word' id='word_1_436' title='bbox 3004 2679 3304 2736; x_wconf 88' lang='lat' dir='ltr'><strong>adversarii</strong></span> <span class='ocrx_word' id='word_1_437' title='bbox 3335 2680 3431 2734; x_wconf 92' lang='lat' dir='ltr'><strong>tui.</strong></span> <span class='ocrx_word' id='word_1_438' title='bbox 3463 2678 3640 2733; x_wconf 87' lang='lat' dir='ltr'><strong>Erunt</strong></span> <span class='ocrx_word' id='word_1_439' title='bbox 3664 2677 3810 2733; x_wconf 89' lang='lat' dir='ltr'><strong>enim</strong></span> 
     </span>
    </p>
   </div>
   <div class='ocr_carea' id='block_1_57' title="bbox 2215 2771 3813 2846">
    <p class='ocr_par' dir='ltr' id='par_1_57' title="bbox 2215 2771 3813 2846">
     <span class='ocr_line' id='line_1_59' title="bbox 2215 2771 3813 2846; baseline -0.001 -17"><span class='ocrx_word' id='word_1_440' title='bbox 2215 2775 2369 2845; x_wconf 88' lang='lat' dir='ltr'><strong>quasi</strong></span> <span class='ocrx_word' id='word_1_441' title='bbox 2400 2790 2509 2828; x_wconf 87' lang='lat' dir='ltr'><strong>non</strong></span> <span class='ocrx_word' id='word_1_442' title='bbox 2552 2774 2663 2830; x_wconf 89' lang='lat' dir='ltr'><strong>sint</strong></span> <span class='ocrx_word' id='word_1_443' title='bbox 2708 2772 2844 2845; x_wconf 86' lang='lat' dir='ltr'><strong>(Isa.</strong></span> <span class='ocrx_word' id='word_1_444' title='bbox 2880 2789 2999 2844; x_wconf 79' lang='lat' dir='ltr'><strong>xu,</strong></span> <span class='ocrx_word' id='word_1_445' title='bbox 3031 2771 3118 2846; x_wconf 80' lang='lat' dir='ltr'><strong>ll)</strong></span> <span class='ocrx_word' id='word_1_446' title='bbox 3154 2791 3166 2827; x_wconf 91' lang='lat'><strong>:</strong></span> <span class='ocrx_word' id='word_1_447' title='bbox 3212 2774 3277 2828; x_wconf 87' lang='lat' dir='ltr'><strong>Et</strong></span> <span class='ocrx_word' id='word_1_448' title='bbox 3309 2772 3506 2828; x_wconf 83' lang='lat' dir='ltr'><strong>Esther</strong></span> <span class='ocrx_word' id='word_1_449' title='bbox 3527 2772 3681 2841; x_wconf 83' lang='lat' dir='ltr'><strong>juxta</strong></span> <span class='ocrx_word' id='word_1_450' title='bbox 3709 2771 3813 2828; x_wconf 84' lang='lat' dir='ltr'><strong>Se-</strong></span> 
     </span>
    </p>
   </div>
   <div class='ocr_carea' id='block_1_58' title="bbox 2215 2866 3812 2940">
    <p class='ocr_par' dir='ltr' id='par_1_58' title="bbox 2215 2866 3812 2940">
     <span class='ocr_line' id='line_1_60' title="bbox 2215 2866 3812 2940; baseline -0.002 -16"><span class='ocrx_word' id='word_1_451' title='bbox 2215 2869 2490 2940; x_wconf 85' lang='lat' dir='ltr'><strong>ptuaginta</strong></span> <span class='ocrx_word' id='word_1_452' title='bbox 2516 2868 2848 2939; x_wconf 89' lang='lat' dir='ltr'><strong>Interpretes</strong></span> <span class='ocrx_word' id='word_1_453' title='bbox 2881 2868 3004 2925; x_wconf 80' lang='lat' dir='ltr'><strong>:Ne</strong></span> <span class='ocrx_word' id='word_1_454' title='bbox 3033 2868 3215 2924; x_wconf 89' lang='lat' dir='ltr'><strong>tradas</strong></span> <span class='ocrx_word' id='word_1_455' title='bbox 3244 2878 3521 2939; x_wconf 88' lang='lat' dir='ltr'><strong>sceptrum</strong></span> <span class='ocrx_word' id='word_1_456' title='bbox 3547 2877 3694 2924; x_wconf 92' lang='lat' dir='ltr'><strong>tuum</strong></span> <span class='ocrx_word' id='word_1_457' title='bbox 3726 2866 3812 2921; x_wconf 89' lang='lat' dir='ltr'><strong>his</strong></span> 
     </span>
    </p>
   </div>
   <div class='ocr_carea' id='block_1_59' title="bbox 2214 2962 3809 3035">
    <p class='ocr_par' dir='ltr' id='par_1_59' title="bbox 2214 2962 3809 3035">
     <span class='ocr_line' id='line_1_61' title="bbox 2214 2962 3809 3035; baseline 0 -18"><span class='ocrx_word' id='word_1_458' title='bbox 2214 2964 2302 3034; x_wconf 91' lang='lat' dir='ltr'><strong>qui</strong></span> <span class='ocrx_word' id='word_1_459' title='bbox 2335 2979 2443 3018; x_wconf 94' lang='lat' dir='ltr'><strong>non</strong></span> <span class='ocrx_word' id='word_1_460' title='bbox 2476 2972 2605 3017; x_wconf 90' lang='lat' dir='ltr'><strong>sunt</strong></span> <span class='ocrx_word' id='word_1_461' title='bbox 2637 2963 2859 3035; x_wconf 79' lang='lat' dir='ltr'><strong>(Esther</strong></span> <span class='ocrx_word' id='word_1_462' title='bbox 2899 2978 3031 3033; x_wconf 79' lang='lat' dir='ltr'><strong>xw,</strong></span> <span class='ocrx_word' id='word_1_463' title='bbox 3074 2964 3187 3033; x_wconf 83' lang='grc'><strong>11).</strong></span> <span class='ocrx_word' id='word_1_464' title='bbox 3217 2962 3287 3018; x_wconf 85' lang='grc' dir='ltr'>Ει</span> <span class='ocrx_word' id='word_1_465' title='bbox 3317 2964 3370 3018; x_wconf 90' lang='lat' dir='ltr'><strong>in</strong></span> <span class='ocrx_word' id='word_1_466' title='bbox 3413 2963 3619 3032; x_wconf 89' lang='lat' dir='ltr'><strong>psalmo</strong></span> <span class='ocrx_word' id='word_1_467' title='bbox 3653 2980 3667 3017; x_wconf 86' lang='lat'><strong>:</strong></span> <span class='ocrx_word' id='word_1_468' title='bbox 3713 2962 3809 3017; x_wconf 88' lang='lat' dir='ltr'><strong>Di—</strong></span> 
     </span>
    </p>
   </div>
   <div class='ocr_carea' id='block_1_60' title="bbox 2215 3057 3812 3127">
    <p class='ocr_par' dir='ltr' id='par_1_60' title="bbox 2215 3057 3812 3127">
     <span class='ocr_line' id='line_1_62' title="bbox 2215 3057 3812 3127; baseline -0.001 -16"><span class='ocrx_word' id='word_1_469' title='bbox 2215 3057 2369 3112; x_wconf 87' lang='lat' dir='ltr'><strong>mitte</strong></span> <span class='ocrx_word' id='word_1_470' title='bbox 2398 3057 2531 3111; x_wconf 91' lang='lat' dir='ltr'><strong>mihi</strong></span> <span class='ocrx_word' id='word_1_471' title='bbox 2561 3066 2616 3112; x_wconf 93' lang='lat' dir='ltr'><strong>ut</strong></span> <span class='ocrx_word' id='word_1_472' title='bbox 2661 3058 2956 3127; x_wconf 78' lang='lat' dir='ltr'><strong>refrigercr</strong></span> <span class='ocrx_word' id='word_1_473' title='bbox 2987 3058 3301 3127; x_wconf 88' lang='lat' dir='ltr'><strong>priusquam</strong></span> <span class='ocrx_word' id='word_1_474' title='bbox 3352 3057 3542 3112; x_wconf 90' lang='lat' dir='ltr'><strong>abeam</strong></span> <span class='ocrx_word' id='word_1_475' title='bbox 3562 3100 3576 3123; x_wconf 94' lang='lat'><strong>,</strong></span> <span class='ocrx_word' id='word_1_476' title='bbox 3612 3066 3668 3111; x_wconf 91' lang='lat' dir='ltr'><strong>et</strong></span> <span class='ocrx_word' id='word_1_477' title='bbox 3693 3072 3812 3109; x_wconf 84' lang='lat' dir='ltr'><strong>am-</strong></span> 
     </span>
    </p>
   </div>
   <div class='ocr_carea' id='block_1_61' title="bbox 515 3138 3811 3222">
    <p class='ocr_par' dir='ltr' id='par_1_61' title="bbox 515 3138 3811 3222">
     <span class='ocr_line' id='line_1_63' title="bbox 515 3138 3811 3222; baseline 0.003 -29"><span class='ocrx_word' id='word_1_478' title='bbox 515 3138 744 3209; x_wconf 86' lang='lat' dir='ltr'><strong>p0pulns</strong></span> <span class='ocrx_word' id='word_1_479' title='bbox 786 3139 1007 3195; x_wconf 92' lang='lat' dir='ltr'><strong>multos.</strong></span> <span class='ocrx_word' id='word_1_480' title='bbox 1044 3140 1099 3195; x_wconf 91' lang='lat' dir='ltr'><strong>In</strong></span> <span class='ocrx_word' id='word_1_481' title='bbox 1122 3142 1472 3198; x_wconf 91' lang='lat' dir='ltr'><strong>multitudine</strong></span> <span class='ocrx_word' id='word_1_482' title='bbox 1495 3142 1804 3198; x_wconf 90' lang='lat' dir='ltr'><strong>divitiarum</strong></span> <span class='ocrx_word' id='word_1_483' title='bbox 1832 3152 2059 3199; x_wconf 81' lang='lat' dir='ltr'><strong>tuarum</strong></span> <span class='ocrx_word' id='word_1_484' title='bbox 2087 3186 2102 3213; x_wconf 95' lang='lat'><strong>,</strong></span> <span class='ocrx_word' id='word_1_485' title='bbox 2133 3156 2177 3218; x_wconf 74' lang='grc' dir='ltr'><strong>ρ</strong></span> <span class='ocrx_word' id='word_1_486' title='bbox 2213 3149 2352 3219; x_wconf 88' lang='lat' dir='ltr'><strong>plius</strong></span> <span class='ocrx_word' id='word_1_487' title='bbox 2392 3165 2497 3204; x_wconf 94' lang='lat' dir='ltr'><strong>nun</strong></span> <span class='ocrx_word' id='word_1_488' title='bbox 2525 3165 2620 3205; x_wconf 90' lang='lat' dir='ltr'><strong>ero</strong></span> <span class='ocrx_word' id='word_1_489' title='bbox 2650 3148 2772 3222; x_wconf 87' lang='lat' dir='ltr'><strong>(Ps.</strong></span> <span class='ocrx_word' id='word_1_490' title='bbox 2803 3165 2965 3219; x_wconf 79' lang='lat' dir='ltr'><strong>xxxv,</strong></span> <span class='ocrx_word' id='word_1_491' title='bbox 3011 3150 3124 3220; x_wconf 75' lang='grc'><strong>14).</strong></span> <span class='ocrx_word' id='word_1_492' title='bbox 3172 3151 3303 3218; x_wconf 59' lang='lat' dir='ltr'><strong>Quae</strong></span> <span class='ocrx_word' id='word_1_493' title='bbox 3344 3149 3653 3206; x_wconf 88' lang='lat' dir='ltr'><strong>testimonia</strong></span> <span class='ocrx_word' id='word_1_494' title='bbox 3699 3164 3811 3218; x_wconf 91' lang='lat' dir='ltr'><strong>quo</strong></span> 
     </span>
    </p>
   </div>
   <div class='ocr_carea' id='block_1_62' title="bbox 512 3232 2101 3302">
    <p class='ocr_par' dir='ltr' id='par_1_62' title="bbox 512 3232 2101 3302">
     <span class='ocr_line' id='line_1_64' title="bbox 512 3232 2101 3302; baseline 0.004 -16"><span class='ocrx_word' id='word_1_495' title='bbox 512 3239 567 3287; x_wconf 89' lang='lat' dir='ltr'><strong>et</strong></span> <span class='ocrx_word' id='word_1_496' title='bbox 611 3232 935 3302; x_wconf 83' lang='lat' dir='ltr'><strong>pepulorum</strong></span> <span class='ocrx_word' id='word_1_497' title='bbox 994 3241 1019 3269; x_wconf 73' lang='grc'><strong><em>⁸</em></strong></span> <span class='ocrx_word' id='word_1_498' title='bbox 1066 3232 1251 3289; x_wconf 87' lang='lat' dir='ltr'><strong>ditasti</strong></span> <span class='ocrx_word' id='word_1_499' title='bbox 1309 3249 1466 3298; x_wconf 58' lang='lat' dir='ltr'><strong>reges</strong></span> <span class='ocrx_word' id='word_1_500' title='bbox 1509 3236 1728 3291; x_wconf 86' lang='lat' dir='ltr'><strong>multos.</strong></span> <span class='ocrx_word' id='word_1_501' title='bbox 1771 3236 1927 3293; x_wconf 84' lang='lat' dir='ltr'><strong>Nunc</strong></span> <span class='ocrx_word' id='word_1_502' title='bbox 1965 3253 2101 3293; x_wconf 84' lang='lat' dir='ltr'><strong>con-</strong></span> 
     </span>
    </p>
   </div>
   <div class='ocr_carea' id='block_1_63' title="bbox 515 3324 2108 3401">
    <p class='ocr_par' dir='ltr' id='par_1_63' title="bbox 515 3324 2108 3401">
     <span class='ocr_line' id='line_1_65' title="bbox 515 3324 2108 3401; baseline 0.003 -20"><span class='ocrx_word' id='word_1_503' title='bbox 515 3326 638 3382; x_wconf 87' lang='lat' dir='ltr'><strong>trita</strong></span> <span class='ocrx_word' id='word_1_504' title='bbox 673 3342 733 3381; x_wconf 91' lang='lat' dir='ltr'><strong>es</strong></span> <span class='ocrx_word' id='word_1_505' title='bbox 778 3342 808 3382; x_wconf 89' lang='lat' dir='ltr'><strong>a</strong></span> <span class='ocrx_word' id='word_1_506' title='bbox 853 3328 987 3382; x_wconf 90' lang='lat' dir='ltr'><strong>mari</strong></span> <span class='ocrx_word' id='word_1_507' title='bbox 1025 3328 1163 3397; x_wconf 83' lang='lat' dir='ltr'><strong>(sive</strong></span> <span class='ocrx_word' id='word_1_508' title='bbox 1190 3329 1241 3381; x_wconf 91' lang='lat' dir='ltr'><strong>in</strong></span> <span class='ocrx_word' id='word_1_509' title='bbox 1294 3328 1471 3400; x_wconf 87' lang='lat' dir='ltr'><strong>mari)</strong></span> <span class='ocrx_word' id='word_1_510' title='bbox 1508 3331 1560 3383; x_wconf 90' lang='lat' dir='ltr'><strong>in</strong></span> <span class='ocrx_word' id='word_1_511' title='bbox 1604 3324 1889 3399; x_wconf 71' lang='lat' dir='ltr'><strong>prbfundis</strong></span> <span class='ocrx_word' id='word_1_512' title='bbox 1935 3346 2108 3401; x_wconf 85' lang='lat' dir='ltr'><strong>aqua-</strong></span> 
     </span>
    </p>
   </div>
   <div class='ocr_carea' id='block_1_64' title="bbox 506 3421 2107 3492">
    <p class='ocr_par' dir='ltr' id='par_1_64' title="bbox 506 3421 2107 3492">
     <span class='ocr_line' id='line_1_66' title="bbox 506 3421 2107 3492; baseline 0.002 -17"><span class='ocrx_word' id='word_1_513' title='bbox 506 3434 632 3475; x_wconf 87' lang='lat' dir='ltr'><strong>rum</strong></span> <span class='ocrx_word' id='word_1_514' title='bbox 672 3434 803 3489; x_wconf 90' lang='lat' dir='ltr'><strong>opes</strong></span> <span class='ocrx_word' id='word_1_515' title='bbox 833 3430 936 3474; x_wconf 74' lang='lat' dir='ltr'><strong>ltlIB</strong></span> <span class='ocrx_word' id='word_1_516' title='bbox 980 3421 1117 3491; x_wconf 81' lang='lat' dir='ltr'><strong>(sive</strong></span> <span class='ocrx_word' id='word_1_517' title='bbox 1159 3423 1455 3490; x_wconf 87' lang='lat' dir='ltr'><strong>negotiatio</strong></span> <span class='ocrx_word' id='word_1_518' title='bbox 1488 3422 1608 3492; x_wconf 64' lang='lat' dir='ltr'><strong>tua!)</strong></span> <span class='ocrx_word' id='word_1_519' title='bbox 1667 3433 1720 3478; x_wconf 92' lang='lat' dir='ltr'><strong>et</strong></span> <span class='ocrx_word' id='word_1_520' title='bbox 1758 3426 1934 3478; x_wconf 82' lang='lat' dir='ltr'><strong>omnis</strong></span> <span class='ocrx_word' id='word_1_521' title='bbox 1965 3424 2107 3478; x_wconf 86' lang='lat' dir='ltr'><strong>ntul-</strong></span> 
     </span>
    </p>
   </div>
   <div class='ocr_carea' id='block_1_65' title="bbox 508 3510 2105 3581">
    <p class='ocr_par' dir='ltr' id='par_1_65' title="bbox 508 3510 2105 3581">
     <span class='ocr_line' id='line_1_67' title="bbox 508 3510 2105 3581; baseline 0.003 -16"><span class='ocrx_word' id='word_1_522' title='bbox 508 3510 837 3576; x_wconf 85' lang='lat' dir='ltr'><strong>titudo‘tna,</strong></span> <span class='ocrx_word' id='word_1_523' title='bbox 877 3527 998 3581; x_wconf 74' lang='lat' dir='ltr'><strong>qua:</strong></span> <span class='ocrx_word' id='word_1_524' title='bbox 1039 3521 1159 3566; x_wconf 86' lang='lat' dir='ltr'><strong>erat</strong></span> <span class='ocrx_word' id='word_1_525' title='bbox 1198 3513 1250 3566; x_wconf 91' lang='lat' dir='ltr'><strong>in</strong></span> <span class='ocrx_word' id='word_1_526' title='bbox 1280 3513 1463 3568; x_wconf 91' lang='lat' dir='ltr'><strong>medio</strong></span> <span class='ocrx_word' id='word_1_527' title='bbox 1492 3514 1567 3569; x_wconf 91' lang='lat' dir='ltr'><strong>tui</strong></span> <span class='ocrx_word' id='word_1_528' title='bbox 1607 3515 1942 3570; x_wconf 91' lang='lat' dir='ltr'><strong>ceciderunt.</strong></span> <span class='ocrx_word' id='word_1_529' title='bbox 1973 3516 2105 3572; x_wconf 88' lang='lat' dir='ltr'><strong>Uni-</strong></span> 
     </span>
    </p>
   </div>
   <div class='ocr_carea' id='block_1_66' title="bbox 507 3601 2103 3681">
    <p class='ocr_par' dir='ltr' id='par_1_66' title="bbox 507 3601 2103 3681">
     <span class='ocr_line' id='line_1_68' title="bbox 507 3601 2103 3681; baseline 0.006 -25"><span class='ocrx_word' id='word_1_530' title='bbox 507 3603 652 3657; x_wconf 91' lang='lat' dir='ltr'><strong>versi</strong></span> <span class='ocrx_word' id='word_1_531' title='bbox 715 3601 1057 3658; x_wconf 84' lang='lat' dir='ltr'><strong>habitatores</strong></span> <span class='ocrx_word' id='word_1_532' title='bbox 1123 3603 1426 3660; x_wconf 89' lang='lat' dir='ltr'><strong>insularum</strong></span> <span class='ocrx_word' id='word_1_533' title='bbox 1487 3607 1891 3677; x_wconf 90' lang='lat' dir='ltr'><strong>obstupuerunt</strong></span> <span class='ocrx_word' id='word_1_534' title='bbox 1954 3609 2103 3681; x_wconf 88' lang='lat' dir='ltr'><strong>(sive</strong></span> 
     </span>
    </p>
   </div>
   <div class='ocr_carea' id='block_1_67' title="bbox 505 3693 2102 3771">
    <p class='ocr_par' dir='ltr' id='par_1_67' title="bbox 505 3693 2102 3771">
     <span class='ocr_line' id='line_1_69' title="bbox 505 3693 2102 3771; baseline 0.006 -20"><span class='ocrx_word' id='word_1_535' title='bbox 505 3694 732 3753; x_wconf 90' lang='lat' dir='ltr'><strong>contriti</strong></span> <span class='ocrx_word' id='word_1_536' title='bbox 779 3693 955 3765; x_wconf 90' lang='lat' dir='ltr'><strong>sunt)</strong></span> <span class='ocrx_word' id='word_1_537' title='bbox 993 3711 1159 3767; x_wconf 87' lang='lat' dir='ltr'><strong>super</strong></span> <span class='ocrx_word' id='word_1_538' title='bbox 1208 3708 1259 3753; x_wconf 92' lang='lat' dir='ltr'><strong>te</strong></span> <span class='ocrx_word' id='word_1_539' title='bbox 1290 3739 1306 3766; x_wconf 91' lang='lat'><strong>,</strong></span> <span class='ocrx_word' id='word_1_540' title='bbox 1356 3708 1412 3755; x_wconf 91' lang='lat' dir='ltr'><strong>et</strong></span> <span class='ocrx_word' id='word_1_541' title='bbox 1460 3715 1618 3771; x_wconf 86' lang='lat' dir='ltr'><strong>reges</strong></span> <span class='ocrx_word' id='word_1_542' title='bbox 1668 3718 1858 3758; x_wconf 88' lang='lat' dir='ltr'><strong>earum</strong></span> <span class='ocrx_word' id='word_1_543' title='bbox 1907 3719 2102 3760; x_wconf 92' lang='lat' dir='ltr'><strong>omnes</strong></span> 
     </span>
    </p>
   </div>
   <div class='ocr_carea' id='block_1_68' title="bbox 507 3789 2099 3867">
    <p class='ocr_par' dir='ltr' id='par_1_68' title="bbox 507 3789 2099 3867">
     <span class='ocr_line' id='line_1_70' title="bbox 507 3789 2099 3867; baseline 0.006 -25"><span class='ocrx_word' id='word_1_544' title='bbox 507 3794 835 3857; x_wconf 88' lang='lat' dir='ltr'><strong>tempestate</strong></span> <span class='ocrx_word' id='word_1_545' title='bbox 875 3789 1112 3857; x_wconf 87' lang='lat' dir='ltr'><strong>perculsi</strong></span> <span class='ocrx_word' id='word_1_546' title='bbox 1144 3790 1303 3859; x_wconf 88' lang='lat' dir='ltr'><strong>(sive</strong></span> <span class='ocrx_word' id='word_1_547' title='bbox 1338 3794 1478 3847; x_wconf 89' lang='lat' dir='ltr'><strong>versi</strong></span> <span class='ocrx_word' id='word_1_548' title='bbox 1514 3794 1567 3849; x_wconf 91' lang='lat' dir='ltr'><strong>in</strong></span> <span class='ocrx_word' id='word_1_549' title='bbox 1596 3795 1887 3850; x_wconf 85' lang='lat' dir='ltr'><strong>amentiam</strong></span> <span class='ocrx_word' id='word_1_550' title='bbox 1917 3796 1936 3867; x_wconf 93' lang='lat'><strong>)</strong></span> <span class='ocrx_word' id='word_1_551' title='bbox 1976 3812 2099 3851; x_wconf 86' lang='lat' dir='ltr'><strong>mu—</strong></span> 
     </span>
    </p>
   </div>
   <div class='ocr_carea' id='block_1_69' title="bbox 508 3883 2100 3962">
    <p class='ocr_par' dir='ltr' id='par_1_69' title="bbox 508 3883 2100 3962">
     <span class='ocr_line' id='line_1_71' title="bbox 508 3883 2100 3962; baseline 0.006 -26"><span class='ocrx_word' id='word_1_552' title='bbox 508 3889 763 3938; x_wconf 85' lang='lat' dir='ltr'><strong>taverunt</strong></span> <span class='ocrx_word' id='word_1_553' title='bbox 786 3883 969 3939; x_wconf 83' lang='lat' dir='ltr'><strong>vultus</strong></span> <span class='ocrx_word' id='word_1_554' title='bbox 1008 3884 1027 3956; x_wconf 95' lang='lat'><strong>(</strong></span> <span class='ocrx_word' id='word_1_555' title='bbox 1051 3883 1129 3938; x_wconf 85' lang='lat' dir='ltr'><strong>vel</strong></span> <span class='ocrx_word' id='word_1_556' title='bbox 1156 3884 1486 3956; x_wconf 85' lang='lat' dir='ltr'><strong>ﬂeverunt).</strong></span> <span class='ocrx_word' id='word_1_557' title='bbox 1530 3887 1909 3959; x_wconf 84' lang='lat' dir='ltr'><strong>Negetiatores</strong></span> <span class='ocrx_word' id='word_1_558' title='bbox 1930 3889 1957 3929; x_wconf 70' lang='grc' dir='ltr'>δ</span> <span class='ocrx_word' id='word_1_559' title='bbox 1974 3906 2100 3962; x_wconf 84' lang='lat' dir='ltr'><strong>gen-</strong></span> 
     </span>
    </p>
   </div>
   <div class='ocr_carea' id='block_1_70' title="bbox 507 3976 2099 4054">
    <p class='ocr_par' dir='ltr' id='par_1_70' title="bbox 507 3976 2099 4054">
     <span class='ocr_line' id='line_1_72' title="bbox 507 3976 2099 4054; baseline 0.008 -24"><span class='ocrx_word' id='word_1_560' title='bbox 507 3976 638 4031; x_wconf 91' lang='lat' dir='ltr'><strong>tium</strong></span> <span class='ocrx_word' id='word_1_561' title='bbox 681 3978 812 4048; x_wconf 75' lang='lat' dir='ltr'><strong>(sive</strong></span> <span class='ocrx_word' id='word_1_562' title='bbox 845 3978 1193 4049; x_wconf 90' lang='lat' dir='ltr'><strong>populorum)</strong></span> <span class='ocrx_word' id='word_1_563' title='bbox 1233 3980 1596 4038; x_wconf 89' lang='lat' dir='ltr'><strong>sibilaverunt</strong></span> <span class='ocrx_word' id='word_1_564' title='bbox 1616 4000 1781 4054; x_wconf 92' lang='lat' dir='ltr'><strong>super</strong></span> <span class='ocrx_word' id='word_1_565' title='bbox 1803 3994 1878 4053; x_wconf 91' lang='lat' dir='ltr'><strong>te,</strong></span> <span class='ocrx_word' id='word_1_566' title='bbox 1920 3986 1986 4040; x_wconf 88' lang='lat' dir='ltr'><strong>ad</strong></span> <span class='ocrx_word' id='word_1_567' title='bbox 2017 3987 2099 4042; x_wconf 90' lang='lat' dir='ltr'><strong>ni-</strong></span> 
     </span>
    </p>
   </div>
   <div class='ocr_carea' id='block_1_71' title="bbox 503 4070 2097 4146">
    <p class='ocr_par' dir='ltr' id='par_1_71' title="bbox 503 4070 2097 4146">
     <span class='ocr_line' id='line_1_73' title="bbox 503 4070 2097 4146; baseline 0.009 -22"><span class='ocrx_word' id='word_1_568' title='bbox 503 4071 673 4126; x_wconf 90' lang='lat' dir='ltr'><strong>hilum</strong></span> <span class='ocrx_word' id='word_1_569' title='bbox 697 4070 928 4128; x_wconf 89' lang='lat' dir='ltr'><strong>deducta</strong></span> <span class='ocrx_word' id='word_1_570' title='bbox 962 4089 1021 4128; x_wconf 90' lang='lat' dir='ltr'><strong>es</strong></span> <span class='ocrx_word' id='word_1_571' title='bbox 1039 4074 1162 4145; x_wconf 82' lang='lat' dir='ltr'><strong>(sive</strong></span> <span class='ocrx_word' id='word_1_572' title='bbox 1188 4074 1327 4129; x_wconf 79' lang='lat' dir='ltr'><strong>facta</strong></span> <span class='ocrx_word' id='word_1_573' title='bbox 1358 4076 1593 4146; x_wconf 91' lang='lat' dir='ltr'><strong>perditio</strong></span> <span class='ocrx_word' id='word_1_574' title='bbox 1617 4094 1676 4133; x_wconf 93' lang='lat' dir='ltr'><strong>es</strong></span> <span class='ocrx_word' id='word_1_575' title='bbox 1703 4095 1717 4133; x_wconf 91' lang='lat'><strong>:</strong></span> <span class='ocrx_word' id='word_1_576' title='bbox 1759 4089 1816 4135; x_wconf 89' lang='lat' dir='ltr'><strong>et</strong></span> <span class='ocrx_word' id='word_1_577' title='bbox 1855 4095 1962 4135; x_wconf 91' lang='lat' dir='ltr'><strong>non</strong></span> <span class='ocrx_word' id='word_1_578' title='bbox 1987 4082 2097 4139; x_wconf 85' lang='lat' dir='ltr'><strong>eris</strong></span> 
     </span>
    </p>
   </div>
   <div class='ocr_carea' id='block_1_72' title="bbox 500 4162 2095 4243">
    <p class='ocr_par' dir='ltr' id='par_1_72' title="bbox 500 4162 2095 4243">
     <span class='ocr_line' id='line_1_74' title="bbox 500 4162 2095 4243; baseline 0.008 -25"><span class='ocrx_word' id='word_1_579' title='bbox 500 4162 664 4237; x_wconf 66' lang='grc'><strong>324</strong></span> <span class='ocrx_word' id='word_1_580' title='bbox 708 4166 846 4220; x_wconf 89' lang='lat' dir='ltr'><strong>ultra</strong></span> <span class='ocrx_word' id='word_1_581' title='bbox 889 4164 1080 4238; x_wconf 84' lang='lat' dir='ltr'><strong>[Vulg.</strong></span> <span class='ocrx_word' id='word_1_582' title='bbox 1123 4176 1265 4224; x_wconf 82' lang='lat' dir='ltr'><strong>tacet</strong></span> <span class='ocrx_word' id='word_1_583' title='bbox 1303 4168 1491 4243; x_wconf 80' lang='lat' dir='ltr'><strong>ultra]</strong></span> <span class='ocrx_word' id='word_1_584' title='bbox 1541 4186 1715 4242; x_wconf 90' lang='lat' dir='ltr'><strong>usque</strong></span> <span class='ocrx_word' id='word_1_585' title='bbox 1741 4173 1794 4227; x_wconf 92' lang='lat' dir='ltr'><strong>in</strong></span> <span class='ocrx_word' id='word_1_586' title='bbox 1836 4176 2095 4231; x_wconf 58' lang='lat' dir='ltr'><strong>saeculum</strong></span> 
     </span>
    </p>
   </div>
   <div class='ocr_carea' id='block_1_73' title="bbox 500 4258 2096 4339">
    <p class='ocr_par' dir='ltr' id='par_1_73' title="bbox 500 4258 2096 4339">
     <span class='ocr_line' id='line_1_75' title="bbox 500 4258 2096 4339; baseline 0.009 -28"><span class='ocrx_word' id='word_1_587' title='bbox 500 4258 648 4331; x_wconf 79' lang='lat' dir='ltr'><strong>(sive</strong></span> <span class='ocrx_word' id='word_1_588' title='bbox 678 4261 731 4314; x_wconf 92' lang='lat' dir='ltr'><strong>in</strong></span> <span class='ocrx_word' id='word_1_589' title='bbox 760 4264 1143 4333; x_wconf 90' lang='lat' dir='ltr'><strong>perpetuum).</strong></span> <span class='ocrx_word' id='word_1_590' title='bbox 1195 4261 1605 4320; x_wconf 88' lang='lat' dir='ltr'><strong>Gubernatores</strong></span> <span class='ocrx_word' id='word_1_591' title='bbox 1626 4307 1639 4332; x_wconf 90' lang='lat'><strong>,</strong></span> <span class='ocrx_word' id='word_1_592' title='bbox 1681 4267 1943 4338; x_wconf 86' lang='lat' dir='ltr'><strong>remiges,</strong></span> <span class='ocrx_word' id='word_1_593' title='bbox 1973 4284 2096 4339; x_wconf 89' lang='lat' dir='ltr'><strong>pro-</strong></span> 
     </span>
    </p>
   </div>
   <div class='ocr_carea' id='block_1_74' title="bbox 498 4357 2093 4431">
    <p class='ocr_par' dir='ltr' id='par_1_74' title="bbox 498 4357 2093 4431">
     <span class='ocr_line' id='line_1_76' title="bbox 498 4357 2093 4431; baseline 0.006 -21"><span class='ocrx_word' id='word_1_594' title='bbox 498 4367 629 4411; x_wconf 75' lang='lat' dir='ltr'><strong>reta:</strong></span> <span class='ocrx_word' id='word_1_595' title='bbox 656 4399 671 4423; x_wconf 92' lang='lat'><strong>,</strong></span> <span class='ocrx_word' id='word_1_596' title='bbox 709 4363 868 4426; x_wconf 88' lang='lat' dir='ltr'><strong>atque</strong></span> <span class='ocrx_word' id='word_1_597' title='bbox 914 4366 1199 4424; x_wconf 86' lang='lat' dir='ltr'><strong>vectores,</strong></span> <span class='ocrx_word' id='word_1_598' title='bbox 1235 4358 1288 4411; x_wconf 92' lang='lat' dir='ltr'><strong>in</strong></span> <span class='ocrx_word' id='word_1_599' title='bbox 1323 4357 1544 4427; x_wconf 89' lang='lat' dir='ltr'><strong>planctu</strong></span> <span class='ocrx_word' id='word_1_600' title='bbox 1585 4359 1714 4431; x_wconf 86' lang='lat' dir='ltr'><strong>Tyri</strong></span> <span class='ocrx_word' id='word_1_601' title='bbox 1746 4360 1845 4416; x_wconf 82' lang='lat' dir='ltr'><strong>ista</strong></span> <span class='ocrx_word' id='word_1_602' title='bbox 1890 4378 2093 4418; x_wconf 89' lang='lat' dir='ltr'><strong>memo-</strong></span> 
     </span>
    </p>
   </div>
   <div class='ocr_carea' id='block_1_75' title="bbox 495 4447 2088 4527">
    <p class='ocr_par' dir='ltr' id='par_1_75' title="bbox 495 4447 2088 4527">
     <span class='ocr_line' id='line_1_77' title="bbox 495 4447 2088 4527; baseline 0.005 -23"><span class='ocrx_word' id='word_1_603' title='bbox 495 4447 713 4511; x_wconf 84' lang='lat' dir='ltr'><strong>rabunt,</strong></span> <span class='ocrx_word' id='word_1_604' title='bbox 748 4464 869 4515; x_wconf 67' lang='lat' dir='ltr'><strong>qua:</strong></span> <span class='ocrx_word' id='word_1_605' title='bbox 891 4448 995 4502; x_wconf 89' lang='lat' dir='ltr'><strong>alia</strong></span> <span class='ocrx_word' id='word_1_606' title='bbox 1026 4448 1306 4504; x_wconf 91' lang='lat' dir='ltr'><strong>civitatum</strong></span> <span class='ocrx_word' id='word_1_607' title='bbox 1334 4452 1406 4504; x_wconf 89' lang='lat' dir='ltr'><strong>ita</strong></span> <span class='ocrx_word' id='word_1_608' title='bbox 1435 4454 1719 4519; x_wconf 91' lang='lat' dir='ltr'><strong>conticuit,</strong></span> <span class='ocrx_word' id='word_1_609' title='bbox 1749 4466 1803 4508; x_wconf 92' lang='lat' dir='ltr'><strong>ut</strong></span> <span class='ocrx_word' id='word_1_610' title='bbox 1835 4455 2088 4527; x_wconf 60' lang='lat' dir='ltr'><strong>loquendi</strong></span> 
     </span>
    </p>
   </div>
   <div class='ocr_carea' id='block_1_76' title="bbox 2211 3242 3807 3313">
    <p class='ocr_par' dir='ltr' id='par_1_76' title="bbox 2211 3242 3807 3313">
     <span class='ocr_line' id='line_1_78' title="bbox 2211 3242 3807 3313; baseline 0 -17"><span class='ocrx_word' id='word_1_611' title='bbox 2211 3258 2373 3298; x_wconf 90' lang='lat' dir='ltr'><strong>sensu</strong></span> <span class='ocrx_word' id='word_1_612' title='bbox 2404 3243 2725 3313; x_wconf 86' lang='lat' dir='ltr'><strong>accipienda</strong></span> <span class='ocrx_word' id='word_1_613' title='bbox 2755 3243 2893 3310; x_wconf 93' lang='lat' dir='ltr'><strong>sint,</strong></span> <span class='ocrx_word' id='word_1_614' title='bbox 2923 3258 3086 3313; x_wconf 89' lang='lat' dir='ltr'><strong>supra</strong></span> <span class='ocrx_word' id='word_1_615' title='bbox 3114 3243 3372 3298; x_wconf 85' lang='lat' dir='ltr'><strong>diximus.</strong></span> <span class='ocrx_word' id='word_1_616' title='bbox 3400 3242 3595 3296; x_wconf 88' lang='lat' dir='ltr'><strong>Omnia</strong></span> <span class='ocrx_word' id='word_1_617' title='bbox 3624 3249 3807 3297; x_wconf 87' lang='lat' dir='ltr'><strong>autem</strong></span> 
     </span>
    </p>
   </div>
   <div class='ocr_carea' id='block_1_77' title="bbox 2210 3334 3806 3406">
    <p class='ocr_par' dir='ltr' id='par_1_77' title="bbox 2210 3334 3806 3406">
     <span class='ocr_line' id='line_1_79' title="bbox 2210 3334 3806 3406; baseline 0 -17"><span class='ocrx_word' id='word_1_618' title='bbox 2210 3334 2326 3390; x_wconf 67' lang='lat' dir='ltr'><strong>haec</strong></span> <span class='ocrx_word' id='word_1_619' title='bbox 2362 3336 2426 3389; x_wconf 89' lang='lat' dir='ltr'><strong>ad</strong></span> <span class='ocrx_word' id='word_1_620' title='bbox 2475 3335 2859 3391; x_wconf 70' lang='lat' dir='ltr'><strong>hmreticorum</strong></span> <span class='ocrx_word' id='word_1_621' title='bbox 2909 3350 3201 3406; x_wconf 89' lang='lat' dir='ltr'><strong>possumus</strong></span> <span class='ocrx_word' id='word_1_622' title='bbox 3236 3338 3438 3391; x_wconf 79' lang='lat' dir='ltr'><strong>referre</strong></span> <span class='ocrx_word' id='word_1_623' title='bbox 3479 3350 3765 3404; x_wconf 86' lang='lat' dir='ltr'><strong>personam</strong></span> <span class='ocrx_word' id='word_1_624' title='bbox 3788 3375 3806 3402; x_wconf 86' lang='lat'><strong>,</strong></span> 
     </span>
    </p>
   </div>
   <div class='ocr_carea' id='block_1_78' title="bbox 2164 3430 3811 3504">
    <p class='ocr_par' dir='ltr' id='par_1_78' title="bbox 2164 3430 3811 3504">
     <span class='ocr_line' id='line_1_80' title="bbox 2164 3430 3811 3504; baseline -0.001 -19"><span class='ocrx_word' id='word_1_625' title='bbox 2164 3475 2185 3485; x_wconf 90' lang='lat'><strong>-</strong></span> <span class='ocrx_word' id='word_1_626' title='bbox 2208 3432 2298 3501; x_wconf 88' lang='lat' dir='ltr'><strong>qui</strong></span> <span class='ocrx_word' id='word_1_627' title='bbox 2329 3431 2382 3485; x_wconf 92' lang='lat' dir='ltr'><strong>in</strong></span> <span class='ocrx_word' id='word_1_628' title='bbox 2405 3432 2737 3487; x_wconf 90' lang='lat' dir='ltr'><strong>contritione</strong></span> <span class='ocrx_word' id='word_1_629' title='bbox 2776 3430 2905 3503; x_wconf 86' lang='lat' dir='ltr'><strong>Tyri</strong></span> <span class='ocrx_word' id='word_1_630' title='bbox 2951 3440 3113 3501; x_wconf 87' lang='lat' dir='ltr'><strong>atque</strong></span> <span class='ocrx_word' id='word_1_631' title='bbox 3153 3431 3454 3501; x_wconf 78' lang='lat' dir='ltr'><strong>naufragio,</strong></span> <span class='ocrx_word' id='word_1_632' title='bbox 3487 3430 3651 3504; x_wconf 74' lang='lat'><strong>325</strong></span> <span class='ocrx_word' id='word_1_633' title='bbox 3678 3446 3811 3485; x_wconf 85' lang='lat' dir='ltr'><strong>sen-</strong></span> 
     </span>
    </p>
   </div>
   <div class='ocr_carea' id='block_1_79' title="bbox 2210 3516 3807 3592">
    <p class='ocr_par' dir='ltr' id='par_1_79' title="bbox 2210 3516 3807 3592">
     <span class='ocr_line' id='line_1_81' title="bbox 2210 3516 3807 3592; baseline 0.001 -15"><span class='ocrx_word' id='word_1_634' title='bbox 2210 3523 2343 3578; x_wconf 90' lang='lat' dir='ltr'><strong>tient</strong></span> <span class='ocrx_word' id='word_1_635' title='bbox 2372 3516 2619 3579; x_wconf 85' lang='lat' dir='ltr'><strong>errorem</strong></span> <span class='ocrx_word' id='word_1_636' title='bbox 2650 3538 2839 3586; x_wconf 91' lang='lat' dir='ltr'><strong>suum,</strong></span> <span class='ocrx_word' id='word_1_637' title='bbox 2868 3531 2925 3579; x_wconf 90' lang='lat' dir='ltr'><strong>et</strong></span> <span class='ocrx_word' id='word_1_638' title='bbox 2952 3525 3003 3578; x_wconf 91' lang='lat' dir='ltr'><strong>in</strong></span> <span class='ocrx_word' id='word_1_639' title='bbox 3035 3522 3213 3579; x_wconf 88' lang='lat' dir='ltr'><strong>medio</strong></span> <span class='ocrx_word' id='word_1_640' title='bbox 3238 3522 3404 3578; x_wconf 88' lang='lat' dir='ltr'><strong>maris</strong></span> <span class='ocrx_word' id='word_1_641' title='bbox 3435 3524 3633 3592; x_wconf 86' lang='lat' dir='ltr'><strong>positi,</strong></span> <span class='ocrx_word' id='word_1_642' title='bbox 3667 3522 3807 3578; x_wconf 84' lang='lat' dir='ltr'><strong>lihe-</strong></span> 
     </span>
    </p>
   </div>
   <div class='ocr_carea' id='block_1_80' title="bbox 2206 3617 3810 3690">
    <p class='ocr_par' dir='ltr' id='par_1_80' title="bbox 2206 3617 3810 3690">
     <span class='ocr_line' id='line_1_82' title="bbox 2206 3617 3810 3690; baseline 0 -18"><span class='ocrx_word' id='word_1_643' title='bbox 2206 3632 2331 3673; x_wconf 90' lang='lat' dir='ltr'><strong>rare</strong></span> <span class='ocrx_word' id='word_1_644' title='bbox 2360 3632 2485 3672; x_wconf 90' lang='lat' dir='ltr'><strong>suas</strong></span> <span class='ocrx_word' id='word_1_645' title='bbox 2529 3618 2739 3673; x_wconf 88' lang='lat' dir='ltr'><strong>animas</strong></span> <span class='ocrx_word' id='word_1_646' title='bbox 2777 3617 3195 3689; x_wconf 90' lang='lat' dir='ltr'><strong>concupiscent,</strong></span> <span class='ocrx_word' id='word_1_647' title='bbox 3245 3618 3615 3690; x_wconf 87' lang='lat' dir='ltr'><strong>plangentque</strong></span> <span class='ocrx_word' id='word_1_648' title='bbox 3659 3618 3810 3672; x_wconf 90' lang='lat' dir='ltr'><strong>male</strong></span> 
     </span>
    </p>
   </div>
   <div class='ocr_carea' id='block_1_81' title="bbox 2205 3709 3808 3783">
    <p class='ocr_par' dir='ltr' id='par_1_81' title="bbox 2205 3709 3808 3783">
     <span class='ocr_line' id='line_1_83' title="bbox 2205 3709 3808 3783; baseline -0.001 -17"><span class='ocrx_word' id='word_1_649' title='bbox 2205 3709 2429 3766; x_wconf 85' lang='lat' dir='ltr'><strong>divitias</strong></span> <span class='ocrx_word' id='word_1_650' title='bbox 2497 3721 2894 3783; x_wconf 86' lang='lat' dir='ltr'><strong>congregatas,</strong></span> <span class='ocrx_word' id='word_1_651' title='bbox 2965 3713 3162 3783; x_wconf 88' lang='lat' dir='ltr'><strong>quibus</strong></span> <span class='ocrx_word' id='word_1_652' title='bbox 3228 3712 3427 3768; x_wconf 90' lang='lat' dir='ltr'><strong>multos</strong></span> <span class='ocrx_word' id='word_1_653' title='bbox 3487 3711 3808 3766; x_wconf 89' lang='lat' dir='ltr'><strong>ditaverant</strong></span> 
     </span>
    </p>
   </div>
   <div class='ocr_carea' id='block_1_82' title="bbox 2205 3801 3806 3875">
    <p class='ocr_par' dir='ltr' id='par_1_82' title="bbox 2205 3801 3806 3875">
     <span class='ocr_line' id='line_1_84' title="bbox 2205 3801 3806 3875; baseline 0 -17"><span class='ocrx_word' id='word_1_654' title='bbox 2205 3818 2360 3873; x_wconf 86' lang='lat' dir='ltr'><strong>reges</strong></span> <span class='ocrx_word' id='word_1_655' title='bbox 2384 3845 2397 3871; x_wconf 96' lang='lat'><strong>,</strong></span> <span class='ocrx_word' id='word_1_656' title='bbox 2430 3806 2771 3874; x_wconf 88' lang='lat' dir='ltr'><strong>patriarchas</strong></span> <span class='ocrx_word' id='word_1_657' title='bbox 2816 3801 3070 3862; x_wconf 80' lang='lat' dir='ltr'><strong>videlicet</strong></span> <span class='ocrx_word' id='word_1_658' title='bbox 3110 3821 3273 3873; x_wconf 91' lang='lat' dir='ltr'><strong>suos,</strong></span> <span class='ocrx_word' id='word_1_659' title='bbox 3305 3816 3364 3861; x_wconf 90' lang='lat' dir='ltr'><strong>et</strong></span> <span class='ocrx_word' id='word_1_660' title='bbox 3407 3806 3601 3875; x_wconf 83' lang='lat' dir='ltr'><strong>vulgus</strong></span> <span class='ocrx_word' id='word_1_661' title='bbox 3642 3806 3806 3874; x_wconf 81' lang='lat' dir='ltr'><strong>igno-</strong></span> 
     </span>
    </p>
   </div>
   <div class='ocr_carea' id='block_1_83' title="bbox 2202 3899 3799 3972">
    <p class='ocr_par' dir='ltr' id='par_1_83' title="bbox 2202 3899 3799 3972">
     <span class='ocr_line' id='line_1_85' title="bbox 2202 3899 3799 3972; baseline 0.002 -21"><span class='ocrx_word' id='word_1_662' title='bbox 2202 3899 2312 3954; x_wconf 86' lang='lat' dir='ltr'><strong>bile</strong></span> <span class='ocrx_word' id='word_1_663' title='bbox 2335 3942 2350 3964; x_wconf 88' lang='lat'><strong>,</strong></span> <span class='ocrx_word' id='word_1_664' title='bbox 2381 3916 2610 3971; x_wconf 91' lang='lat' dir='ltr'><strong>quorum</strong></span> <span class='ocrx_word' id='word_1_665' title='bbox 2636 3915 2770 3972; x_wconf 90' lang='lat' dir='ltr'><strong>opes</strong></span> <span class='ocrx_word' id='word_1_666' title='bbox 2801 3903 2853 3956; x_wconf 91' lang='lat' dir='ltr'><strong>in</strong></span> <span class='ocrx_word' id='word_1_667' title='bbox 2881 3901 3059 3957; x_wconf 89' lang='lat' dir='ltr'><strong>medio</strong></span> <span class='ocrx_word' id='word_1_668' title='bbox 3084 3912 3341 3958; x_wconf 91' lang='lat' dir='ltr'><strong>corruent</strong></span> <span class='ocrx_word' id='word_1_669' title='bbox 3388 3902 3543 3956; x_wconf 92' lang='lat' dir='ltr'><strong>mari.</strong></span> <span class='ocrx_word' id='word_1_670' title='bbox 3578 3901 3799 3955; x_wconf 83' lang='lat' dir='ltr'><strong>Habita-</strong></span> 
     </span>
    </p>
   </div>
   <div class='ocr_carea' id='block_1_84' title="bbox 2205 3992 3803 4067">
    <p class='ocr_par' dir='ltr' id='par_1_84' title="bbox 2205 3992 3803 4067">
     <span class='ocr_line' id='line_1_86' title="bbox 2205 3992 3803 4067; baseline 0.001 -22"><span class='ocrx_word' id='word_1_671' title='bbox 2205 4002 2347 4049; x_wconf 88' lang='lat' dir='ltr'><strong>tores</strong></span> <span class='ocrx_word' id='word_1_672' title='bbox 2376 4010 2592 4065; x_wconf 87' lang='lat' dir='ltr'><strong>quoque</strong></span> <span class='ocrx_word' id='word_1_673' title='bbox 2615 3995 2860 4050; x_wconf 88' lang='lat' dir='ltr'><strong>omnium</strong></span> <span class='ocrx_word' id='word_1_674' title='bbox 2890 3995 3188 4050; x_wconf 88' lang='lat' dir='ltr'><strong>insularum</strong></span> <span class='ocrx_word' id='word_1_675' title='bbox 3236 3994 3304 4067; x_wconf 87' lang='lat' dir='ltr'><strong>[si</strong></span> <span class='ocrx_word' id='word_1_676' title='bbox 3336 4007 3514 4050; x_wconf 87' lang='lat' dir='ltr'><strong>tamen</strong></span> <span class='ocrx_word' id='word_1_677' title='bbox 3556 3992 3803 4048; x_wconf 88' lang='lat' dir='ltr'><strong>volueri-</strong></span> 
     </span>
    </p>
   </div>
   <div class='ocr_carea' id='block_1_85' title="bbox 2203 4083 3803 4159">
    <p class='ocr_par' dir='ltr' id='par_1_85' title="bbox 2203 4083 3803 4159">
     <span class='ocr_line' id='line_1_87' title="bbox 2203 4083 3803 4159; baseline -0.003 -17"><span class='ocrx_word' id='word_1_678' title='bbox 2203 4103 2325 4143; x_wconf 90' lang='lat' dir='ltr'><strong>mus</strong></span> <span class='ocrx_word' id='word_1_679' title='bbox 2379 4090 2445 4143; x_wconf 88' lang='lat' dir='ltr'><strong>ad</strong></span> <span class='ocrx_word' id='word_1_680' title='bbox 2494 4089 2695 4144; x_wconf 89' lang='lat' dir='ltr'><strong>bonam</strong></span> <span class='ocrx_word' id='word_1_681' title='bbox 2756 4098 2962 4158; x_wconf 89' lang='lat' dir='ltr'><strong>partem</strong></span> <span class='ocrx_word' id='word_1_682' title='bbox 3017 4089 3226 4144; x_wconf 84' lang='lat' dir='ltr'><strong>referre</strong></span> <span class='ocrx_word' id='word_1_683' title='bbox 3278 4103 3400 4159; x_wconf 70' lang='lat' dir='ltr'><strong>qua:</strong></span> <span class='ocrx_word' id='word_1_684' title='bbox 3451 4088 3596 4142; x_wconf 88' lang='lat' dir='ltr'><strong>dicta</strong></span> <span class='ocrx_word' id='word_1_685' title='bbox 3646 4083 3803 4157; x_wconf 90' lang='lat' dir='ltr'><strong>sunt]</strong></span> 
     </span>
    </p>
   </div>
   <div class='ocr_carea' id='block_1_86' title="bbox 2200 4183 3802 4256">
    <p class='ocr_par' dir='ltr' id='par_1_86' title="bbox 2200 4183 3802 4256">
     <span class='ocr_line' id='line_1_88' title="bbox 2200 4183 3802 4256; baseline -0.002 -18"><span class='ocrx_word' id='word_1_686' title='bbox 2200 4184 2584 4255; x_wconf 90' lang='lat' dir='ltr'><strong>obstupescent</strong></span> <span class='ocrx_word' id='word_1_687' title='bbox 2616 4200 2783 4256; x_wconf 88' lang='lat' dir='ltr'><strong>super</strong></span> <span class='ocrx_word' id='word_1_688' title='bbox 2809 4185 3137 4241; x_wconf 87' lang='lat' dir='ltr'><strong>contritione</strong></span> <span class='ocrx_word' id='word_1_689' title='bbox 3176 4184 3337 4256; x_wconf 81' lang='lat' dir='ltr'><strong>Tyri,</strong></span> <span class='ocrx_word' id='word_1_690' title='bbox 3374 4194 3428 4239; x_wconf 93' lang='lat' dir='ltr'><strong>et</strong></span> <span class='ocrx_word' id='word_1_691' title='bbox 3456 4196 3614 4254; x_wconf 87' lang='lat' dir='ltr'><strong>reges</strong></span> <span class='ocrx_word' id='word_1_692' title='bbox 3646 4183 3802 4237; x_wconf 88' lang='lat' dir='ltr'><strong>insu-</strong></span> 
     </span>
    </p>
   </div>
   <div class='ocr_carea' id='block_1_87' title="bbox 2198 4279 3802 4352">
    <p class='ocr_par' dir='ltr' id='par_1_87' title="bbox 2198 4279 3802 4352">
     <span class='ocr_line' id='line_1_89' title="bbox 2198 4279 3802 4352; baseline 0.001 -19"><span class='ocrx_word' id='word_1_693' title='bbox 2198 4279 2371 4335; x_wconf 83' lang='lat' dir='ltr'><strong>larum</strong></span> <span class='ocrx_word' id='word_1_694' title='bbox 2404 4280 2569 4352; x_wconf 73' lang='lat'><strong>326</strong></span> <span class='ocrx_word' id='word_1_695' title='bbox 2596 4281 2867 4345; x_wconf 90' lang='lat' dir='ltr'><strong>omnium,</strong></span> <span class='ocrx_word' id='word_1_696' title='bbox 2900 4281 2985 4336; x_wconf 81' lang='lat' dir='ltr'><strong>vel</strong></span> <span class='ocrx_word' id='word_1_697' title='bbox 3012 4280 3111 4351; x_wconf 92' lang='lat' dir='ltr'><strong>ipsi</strong></span> <span class='ocrx_word' id='word_1_698' title='bbox 3142 4283 3291 4350; x_wconf 90' lang='lat' dir='ltr'><strong>quasi</strong></span> <span class='ocrx_word' id='word_1_699' title='bbox 3329 4287 3653 4350; x_wconf 89' lang='lat' dir='ltr'><strong>tempestate</strong></span> <span class='ocrx_word' id='word_1_700' title='bbox 3674 4294 3802 4348; x_wconf 81' lang='lat' dir='ltr'><strong>per-</strong></span> 
     </span>
    </p>
   </div>
   <div class='ocr_carea' id='block_1_88' title="bbox 2197 4373 3795 4441">
    <p class='ocr_par' dir='ltr' id='par_1_88' title="bbox 2197 4373 3795 4441">
     <span class='ocr_line' id='line_1_90' title="bbox 2197 4373 3795 4441; baseline -0.001 -14"><span class='ocrx_word' id='word_1_701' title='bbox 2197 4374 2366 4439; x_wconf 91' lang='lat' dir='ltr'><strong>culsi,</strong></span> <span class='ocrx_word' id='word_1_702' title='bbox 2400 4375 2685 4429; x_wconf 87' lang='lat' dir='ltr'><strong>mutabunt</strong></span> <span class='ocrx_word' id='word_1_703' title='bbox 2709 4374 2925 4441; x_wconf 89' lang='lat' dir='ltr'><strong>vultus,</strong></span> <span class='ocrx_word' id='word_1_704' title='bbox 2957 4374 3042 4429; x_wconf 92' lang='lat' dir='ltr'><strong>vel</strong></span> <span class='ocrx_word' id='word_1_705' title='bbox 3080 4382 3233 4429; x_wconf 87' lang='lat' dir='ltr'><strong>certe</strong></span> <span class='ocrx_word' id='word_1_706' title='bbox 3274 4373 3454 4428; x_wconf 85' lang='lat' dir='ltr'><strong>cordis</strong></span> <span class='ocrx_word' id='word_1_707' title='bbox 3495 4386 3795 4429; x_wconf 73' lang='lat' dir='ltr'><strong>mmrorem</strong></span> 
     </span>
    </p>
   </div>
   <div class='ocr_carea' id='block_1_89' title="bbox 2196 4466 3798 4540">
    <p class='ocr_par' dir='ltr' id='par_1_89' title="bbox 2196 4466 3798 4540">
     <span class='ocr_line' id='line_1_91' title="bbox 2196 4466 3798 4540; baseline -0.002 -19"><span class='ocrx_word' id='word_1_708' title='bbox 2196 4466 2327 4522; x_wconf 87' lang='lat' dir='ltr'><strong>ﬂetu</strong></span> <span class='ocrx_word' id='word_1_709' title='bbox 2346 4509 2359 4532; x_wconf 88' lang='lat'><strong>,</strong></span> <span class='ocrx_word' id='word_1_710' title='bbox 2389 4479 2443 4523; x_wconf 89' lang='lat' dir='ltr'><strong>et</strong></span> <span class='ocrx_word' id='word_1_711' title='bbox 2474 4469 2733 4540; x_wconf 85' lang='lat' dir='ltr'><strong>lacrymis</strong></span> <span class='ocrx_word' id='word_1_712' title='bbox 2775 4468 3121 4536; x_wconf 89' lang='lat' dir='ltr'><strong>indicabunt,</strong></span> <span class='ocrx_word' id='word_1_713' title='bbox 3148 4468 3495 4538; x_wconf 56' lang='lat' dir='ltr'><strong>stuporisque</strong></span> <span class='ocrx_word' id='word_1_714' title='bbox 3525 4468 3798 4537; x_wconf 77' lang='lat' dir='ltr'><strong>magnitu-</strong></span> 
     </span>
    </p>
   </div>
   <div class='ocr_carea' id='block_1_90' title="bbox 494 4538 3797 4635">
    <p class='ocr_par' dir='ltr' id='par_1_90' title="bbox 494 4538 3797 4635">
     <span class='ocr_line' id='line_1_92' title="bbox 494 4538 3797 4635; baseline 0.002 -27"><span class='ocrx_word' id='word_1_715' title='bbox 494 4538 745 4635; x_wconf 52' lang='lat' dir='ltr'><strong>‘iducmm</strong></span> <span class='ocrx_word' id='word_1_716' title='bbox 775 4555 883 4635; x_wconf 76' lang='lat' dir='ltr'><strong>“0_n</strong></span> <span class='ocrx_word' id='word_1_717' title='bbox 910 4540 1171 4608; x_wconf 68' lang='lat' dir='ltr'><strong>haberel;</strong></span> <span class='ocrx_word' id='word_1_718' title='bbox 1196 4552 1251 4635; x_wconf 55' lang='lat' dir='ltr'><strong>ei</strong></span> <span class='ocrx_word' id='word_1_719' title='bbox 1277 4543 1487 4600; x_wconf 68' lang='lat' dir='ltr'><strong>avdire!</strong></span> <span class='ocrx_word' id='word_1_720' title='bbox 1512 4546 1647 4635; x_wconf 59' lang='lat' dir='ltr'><strong>illud</strong></span> <span class='ocrx_word' id='word_1_721' title='bbox 1677 4547 2086 4619; x_wconf 73' lang='lat' dir='ltr'><strong>Evangelicum,</strong></span> <span class='ocrx_word' id='word_1_722' title='bbox 2116 4567 2171 4628; x_wconf 80' lang='lat'><strong>1)</strong></span> <span class='ocrx_word' id='word_1_723' title='bbox 2195 4558 2375 4616; x_wconf 90' lang='lat' dir='ltr'><strong>dinem</strong></span> <span class='ocrx_word' id='word_1_724' title='bbox 2400 4602 2415 4626; x_wconf 93' lang='lat'><strong>,</strong></span> <span class='ocrx_word' id='word_1_725' title='bbox 2455 4538 2819 4619; x_wconf 86' lang='lat' dir='ltr'><strong>admiratione</strong></span> <span class='ocrx_word' id='word_1_726' title='bbox 2859 4571 2913 4617; x_wconf 92' lang='lat' dir='ltr'><strong>et</strong></span> <span class='ocrx_word' id='word_1_727' title='bbox 2951 4562 3114 4616; x_wconf 91' lang='lat' dir='ltr'><strong>sibilo</strong></span> <span class='ocrx_word' id='word_1_728' title='bbox 3149 4564 3492 4618; x_wconf 81' lang='lat' dir='ltr'><strong>testabantur</strong></span> <span class='ocrx_word' id='word_1_729' title='bbox 3515 4561 3797 4635; x_wconf 88' lang='lat' dir='ltr'><strong>quomodo</strong></span> 
     </span>
    </p>
   </div>
   <div class='ocr_carea' id='block_1_91' title="bbox 495 4610 2089 4709">
    <p class='ocr_par' dir='ltr' id='par_1_91' title="bbox 495 4610 2089 4709">
     <span class='ocr_line' id='line_1_93' title="bbox 495 4610 2089 4709; baseline 0.009 -23"><span class='ocrx_word' id='word_1_730' title='bbox 495 4630 643 4687; x_wconf 87' lang='lat' dir='ltr'><strong>Tace</strong></span> <span class='ocrx_word' id='word_1_731' title='bbox 667 4673 682 4699; x_wconf 94' lang='lat'><strong>,</strong></span> <span class='ocrx_word' id='word_1_732' title='bbox 718 4644 770 4686; x_wconf 88' lang='lat' dir='ltr'><strong>et</strong></span> <span class='ocrx_word' id='word_1_733' title='bbox 797 4633 1119 4690; x_wconf 89' lang='lat' dir='ltr'><strong>obmutesce</strong></span> <span class='ocrx_word' id='word_1_734' title='bbox 1151 4634 1344 4704; x_wconf 82' lang='lat' dir='ltr'><strong>(Marc.</strong></span> <span class='ocrx_word' id='word_1_735' title='bbox 1381 4653 1453 4704; x_wconf 88' lang='lat' dir='ltr'><strong>tv,</strong></span> <span class='ocrx_word' id='word_1_736' title='bbox 1483 4610 1597 4709; x_wconf 60' lang='grc' dir='ltr'><strong>δῦ).</strong></span> <span class='ocrx_word' id='word_1_737' title='bbox 1629 4641 1693 4695; x_wconf 85' lang='grc' dir='ltr'>Ει</span> <span class='ocrx_word' id='word_1_738' title='bbox 1722 4641 1790 4697; x_wconf 88' lang='lat' dir='ltr'><strong>de</strong></span> <span class='ocrx_word' id='word_1_739' title='bbox 1832 4610 2089 4699; x_wconf 71' lang='lat' dir='ltr'><strong>Psalmis:</strong></span> 
     </span>
    </p>
   </div>
   <div class='ocr_carea' id='block_1_92' title="bbox 492 4724 2087 4807">
    <p class='ocr_par' dir='ltr' id='par_1_92' title="bbox 492 4724 2087 4807">
     <span class='ocr_line' id='line_1_94' title="bbox 492 4724 2087 4807; baseline 0.008 -27"><span class='ocrx_word' id='word_1_740' title='bbox 492 4724 775 4780; x_wconf 89' lang='lat' dir='ltr'><strong>Peccatori</strong></span> <span class='ocrx_word' id='word_1_741' title='bbox 802 4737 986 4782; x_wconf 90' lang='lat' dir='ltr'><strong>autem</strong></span> <span class='ocrx_word' id='word_1_742' title='bbox 1013 4728 1150 4783; x_wconf 89' lang='lat' dir='ltr'><strong>dixit</strong></span> <span class='ocrx_word' id='word_1_743' title='bbox 1175 4730 1340 4801; x_wconf 89' lang='lat' dir='ltr'><strong>Deus,</strong></span> <span class='ocrx_word' id='word_1_744' title='bbox 1379 4731 1560 4797; x_wconf 82' lang='lat' dir='ltr'><strong>Quare</strong></span> <span class='ocrx_word' id='word_1_745' title='bbox 1593 4744 1647 4788; x_wconf 93' lang='lat' dir='ltr'><strong>tu</strong></span> <span class='ocrx_word' id='word_1_746' title='bbox 1676 4750 1903 4803; x_wconf 86' lang='lat' dir='ltr'><strong>enarras</strong></span> <span class='ocrx_word' id='word_1_747' title='bbox 1925 4737 2087 4807; x_wconf 89' lang='lat' dir='ltr'><strong>justi-</strong></span> 
     </span>
    </p>
   </div>
   <div class='ocr_carea' id='block_1_93' title="bbox 490 4816 2091 4902">
    <p class='ocr_par' dir='ltr' id='par_1_93' title="bbox 490 4816 2091 4902">
     <span class='ocr_line' id='line_1_95' title="bbox 490 4816 2091 4902; baseline 0.009 -29"><span class='ocrx_word' id='word_1_748' title='bbox 490 4816 594 4874; x_wconf 85' lang='lat' dir='ltr'><strong>tias</strong></span> <span class='ocrx_word' id='word_1_749' title='bbox 635 4834 787 4874; x_wconf 87' lang='lat' dir='ltr'><strong>meas</strong></span> <span class='ocrx_word' id='word_1_750' title='bbox 812 4861 828 4888; x_wconf 93' lang='lat'><strong>,</strong></span> <span class='ocrx_word' id='word_1_751' title='bbox 866 4831 921 4876; x_wconf 92' lang='lat' dir='ltr'><strong>et</strong></span> <span class='ocrx_word' id='word_1_752' title='bbox 970 4824 1204 4879; x_wconf 86' lang='lat' dir='ltr'><strong>assumis</strong></span> <span class='ocrx_word' id='word_1_753' title='bbox 1252 4834 1639 4882; x_wconf 89' lang='lat' dir='ltr'><strong>testamentum</strong></span> <span class='ocrx_word' id='word_1_754' title='bbox 1680 4845 1857 4884; x_wconf 90' lang='lat' dir='ltr'><strong>meum</strong></span> <span class='ocrx_word' id='word_1_755' title='bbox 1902 4846 2000 4902; x_wconf 90' lang='lat' dir='ltr'><strong>per</strong></span> <span class='ocrx_word' id='word_1_756' title='bbox 2029 4846 2091 4887; x_wconf 93' lang='lat' dir='ltr'><strong>os</strong></span> 
     </span>
    </p>
   </div>
   <div class='ocr_carea' id='block_1_94' title="bbox 489 4911 2088 4997">
    <p class='ocr_par' dir='ltr' id='par_1_94' title="bbox 489 4911 2088 4997">
     <span class='ocr_line' id='line_1_96' title="bbox 489 4911 2088 4997; baseline 0.008 -29"><span class='ocrx_word' id='word_1_757' title='bbox 489 4920 639 4968; x_wconf 89' lang='lat' dir='ltr'><strong>tuum</strong></span> <span class='ocrx_word' id='word_1_758' title='bbox 670 4911 793 4986; x_wconf 82' lang='lat' dir='ltr'><strong>(Ps.</strong></span> <span class='ocrx_word' id='word_1_759' title='bbox 842 4929 999 4981; x_wconf 73' lang='lat' dir='ltr'><strong>XLVI,</strong></span> <span class='ocrx_word' id='word_1_760' title='bbox 1052 4915 1179 4987; x_wconf 72' lang='lat'><strong>16)?</strong></span> <span class='ocrx_word' id='word_1_761' title='bbox 1226 4917 1459 4984; x_wconf 89' lang='lat' dir='ltr'><strong>Quantis</strong></span> <span class='ocrx_word' id='word_1_762' title='bbox 1492 4922 1769 4979; x_wconf 88' lang='lat' dir='ltr'><strong>mercibus</strong></span> <span class='ocrx_word' id='word_1_763' title='bbox 1793 4968 1808 4993; x_wconf 89' lang='lat'><strong>,</strong></span> <span class='ocrx_word' id='word_1_764' title='bbox 1848 4938 1883 4981; x_wconf 95' lang='lat' dir='ltr'><strong>o</strong></span> <span class='ocrx_word' id='word_1_765' title='bbox 1909 4924 2088 4997; x_wconf 88' lang='lat' dir='ltr'><strong>Tyre,</strong></span> 
     </span>
    </p>
   </div>
   <div class='ocr_carea' id='block_1_95' title="bbox 487 5006 2090 5087">
    <p class='ocr_par' dir='ltr' id='par_1_95' title="bbox 487 5006 2090 5087">
     <span class='ocr_line' id='line_1_97' title="bbox 487 5006 2090 5087; baseline 0.011 -25"><span class='ocrx_word' id='word_1_766' title='bbox 487 5006 663 5062; x_wconf 80' lang='lat' dir='ltr'><strong>ditata</strong></span> <span class='ocrx_word' id='word_1_767' title='bbox 688 5008 789 5064; x_wconf 87' lang='lat' dir='ltr'><strong>es?</strong></span> <span class='ocrx_word' id='word_1_768' title='bbox 817 5009 886 5064; x_wconf 88' lang='lat' dir='ltr'><strong>Et</strong></span> <span class='ocrx_word' id='word_1_769' title='bbox 911 5009 1039 5081; x_wconf 88' lang='lat' dir='ltr'><strong>quid</strong></span> <span class='ocrx_word' id='word_1_770' title='bbox 1070 5021 1220 5067; x_wconf 92' lang='lat' dir='ltr'><strong>tanto</strong></span> <span class='ocrx_word' id='word_1_771' title='bbox 1263 5013 1449 5071; x_wconf 90' lang='lat' dir='ltr'><strong>labore</strong></span> <span class='ocrx_word' id='word_1_772' title='bbox 1475 5019 1751 5087; x_wconf 83' lang='lat' dir='ltr'><strong>quaesisti,</strong></span> <span class='ocrx_word' id='word_1_773' title='bbox 1796 5030 1857 5075; x_wconf 91' lang='lat' dir='ltr'><strong>ut</strong></span> <span class='ocrx_word' id='word_1_774' title='bbox 1899 5022 2090 5080; x_wconf 91' lang='lat' dir='ltr'><strong>diebus</strong></span> 
     </span>
    </p>
   </div>
   <div class='ocr_carea' id='block_1_96' title="bbox 560 5174 2081 5241">
    <p class='ocr_par' dir='ltr' id='par_1_96' title="bbox 560 5174 2081 5241">
     <span class='ocr_line' id='line_1_98' title="bbox 560 5174 2081 5241; baseline 0.006 -10"><span class='ocrx_word' id='word_1_775' title='bbox 560 5184 586 5213; x_wconf 78' lang='grc'>⁸</span> <span class='ocrx_word' id='word_1_776' title='bbox 630 5174 793 5232; x_wconf 86' lang='lat' dir='ltr'><strong>Addit</strong></span> <span class='ocrx_word' id='word_1_777' title='bbox 828 5174 1087 5232; x_wconf 83' lang='lat' dir='ltr'><strong>Rabanus</strong></span> <span class='ocrx_word' id='word_1_778' title='bbox 1116 5183 1173 5232; x_wconf 92' lang='lat' dir='ltr'><strong>et</strong></span> <span class='ocrx_word' id='word_1_779' title='bbox 1211 5176 1483 5233; x_wconf 85' lang='lat' dir='ltr'><strong>Victorius</strong></span> <span class='ocrx_word' id='word_1_780' title='bbox 1530 5189 1757 5236; x_wconf 84' lang='lat' dir='ltr'><strong>tuorum.</strong></span> <span class='ocrx_word' id='word_1_781' title='bbox 1803 5181 1939 5238; x_wconf 89' lang='lat' dir='ltr'><strong>Tum</strong></span> <span class='ocrx_word' id='word_1_782' title='bbox 1992 5184 2081 5241; x_wconf 88' lang='lat' dir='ltr'><strong>hic</strong></span> 
     </span>
    </p>
   </div>
   <div class='ocr_carea' id='block_1_97' title="bbox 485 5248 2077 5323">
    <p class='ocr_par' dir='ltr' id='par_1_97' title="bbox 485 5248 2077 5323">
     <span class='ocr_line' id='line_1_99' title="bbox 485 5248 2077 5323; baseline 0.006 -22"><span class='ocrx_word' id='word_1_783' title='bbox 485 5262 584 5323; x_wconf 71' lang='lat' dir='ltr'><strong>pro</strong></span> <span class='ocrx_word' id='word_1_784' title='bbox 612 5263 747 5303; x_wconf 90' lang='lat' dir='ltr'><strong>voce</strong></span> <span class='ocrx_word' id='word_1_785' title='bbox 774 5248 986 5315; x_wconf 82' lang='lat' dir='ltr'><strong>multos,</strong></span> <span class='ocrx_word' id='word_1_786' title='bbox 1024 5250 1153 5319; x_wconf 86' lang='lat' dir='ltr'><strong>legit</strong></span> <span class='ocrx_word' id='word_1_787' title='bbox 1180 5258 1351 5323; x_wconf 67' lang='lat' dir='ltr'><strong>terras,</strong></span> <span class='ocrx_word' id='word_1_788' title='bbox 1387 5266 1451 5306; x_wconf 84' lang='lat' dir='ltr'><strong>ex</strong></span> <span class='ocrx_word' id='word_1_789' title='bbox 1486 5251 1733 5322; x_wconf 83' lang='lat' dir='ltr'><strong>Vulgata,</strong></span> <span class='ocrx_word' id='word_1_790' title='bbox 1768 5256 2037 5310; x_wconf 81' lang='lat' dir='ltr'><strong>Hebraico</strong></span> <span class='ocrx_word' id='word_1_791' title='bbox 2063 5299 2077 5323; x_wconf 94' lang='lat'><strong>,</strong></span> 
     </span>
    </p>
   </div>
   <div class='ocr_carea' id='block_1_98' title="bbox 487 5318 2076 5397">
    <p class='ocr_par' dir='ltr' id='par_1_98' title="bbox 487 5318 2076 5397">
     <span class='ocr_line' id='line_1_100' title="bbox 487 5318 2076 5397; baseline 0.004 -22"><span class='ocrx_word' id='word_1_792' title='bbox 487 5318 783 5397; x_wconf 76' lang='lat' dir='ltr'><strong>Graecoque</strong></span> <span class='ocrx_word' id='word_1_793' title='bbox 839 5328 1037 5397; x_wconf 68' lang='lat' dir='ltr'><strong>textu:</strong></span> <span class='ocrx_word' id='word_1_794' title='bbox 1084 5318 1281 5397; x_wconf 83' lang='lat' dir='ltr'><strong>quibus</strong></span> <span class='ocrx_word' id='word_1_795' title='bbox 1330 5332 1386 5377; x_wconf 89' lang='lat' dir='ltr'><strong>et</strong></span> <span class='ocrx_word' id='word_1_796' title='bbox 1426 5318 1641 5397; x_wconf 65' lang='lat' dir='ltr'><strong>codicES</strong></span> <span class='ocrx_word' id='word_1_797' title='bbox 1694 5327 1900 5397; x_wconf 92' lang='lat' dir='ltr'><strong>aliquot</strong></span> <span class='ocrx_word' id='word_1_798' title='bbox 1945 5318 2076 5383; x_wconf 53' lang='lat' dir='ltr'><strong>mss;</strong></span> 
     </span>
    </p>
   </div>
   <div class='ocr_carea' id='block_1_99' title="bbox 480 5392 2081 5474">
    <p class='ocr_par' dir='ltr' id='par_1_99' title="bbox 480 5392 2081 5474">
     <span class='ocr_line' id='line_1_101' title="bbox 480 5392 2081 5474; baseline 0.006 -28"><span class='ocrx_word' id='word_1_799' title='bbox 480 5399 543 5474; x_wconf 63' lang='lat' dir='ltr'><strong>et</strong></span> <span class='ocrx_word' id='word_1_800' title='bbox 578 5393 875 5449; x_wconf 81' lang='lat' dir='ltr'><strong>subnexam</strong></span> <span class='ocrx_word' id='word_1_801' title='bbox 921 5392 1689 5465; x_wconf 29' lang='lat' dir='ltr'><strong>Hicronymihexpositionem</strong></span> <span class='ocrx_word' id='word_1_802' title='bbox 1730 5392 1803 5453; x_wconf 77' lang='lat' dir='ltr'><strong>aii</strong></span> <span class='ocrx_word' id='word_1_803' title='bbox 1848 5414 2081 5458; x_wconf 87' lang='lat' dir='ltr'><strong>consen-</strong></span> 
     </span>
    </p>
   </div>
   <div class='ocr_carea' id='block_1_100' title="bbox 483 5470 608 5520">
    <p class='ocr_par' dir='ltr' id='par_1_100' title="bbox 483 5470 608 5520">
     <span class='ocr_line' id='line_1_102' title="bbox 483 5470 608 5520; baseline 0.024 -3"><span class='ocrx_word' id='word_1_804' title='bbox 483 5470 608 5520; x_wconf 88' lang='lat' dir='ltr'><strong>tire.</strong></span> 
     </span>
    </p>
   </div>
   <div class='ocr_carea' id='block_1_101' title="bbox 2196 4653 3797 4727">
    <p class='ocr_par' dir='ltr' id='par_1_101' title="bbox 2196 4653 3797 4727">
     <span class='ocr_line' id='line_1_103' title="bbox 2196 4653 3797 4727; baseline 0.001 -18"><span class='ocrx_word' id='word_1_805' title='bbox 2196 4653 2351 4709; x_wconf 89' lang='lat' dir='ltr'><strong>nihili</strong></span> <span class='ocrx_word' id='word_1_806' title='bbox 2403 4655 2552 4711; x_wconf 85' lang='lat' dir='ltr'><strong>facta</strong></span> <span class='ocrx_word' id='word_1_807' title='bbox 2596 4656 2715 4725; x_wconf 90' lang='lat' dir='ltr'><strong>sit,</strong></span> <span class='ocrx_word' id='word_1_808' title='bbox 2771 4667 2826 4711; x_wconf 91' lang='lat' dir='ltr'><strong>et</strong></span> <span class='ocrx_word' id='word_1_809' title='bbox 2873 4656 3095 4726; x_wconf 90' lang='lat' dir='ltr'><strong>perierit</strong></span> <span class='ocrx_word' id='word_1_810' title='bbox 3145 4671 3267 4727; x_wconf 82' lang='lat' dir='ltr'><strong>quae</strong></span> <span class='ocrx_word' id='word_1_811' title='bbox 3316 4657 3549 4712; x_wconf 87' lang='lat' dir='ltr'><strong>salutem</strong></span> <span class='ocrx_word' id='word_1_812' title='bbox 3600 4656 3797 4717; x_wconf 87' lang='lat' dir='ltr'><strong>multis</strong></span> 
     </span>
    </p>
   </div>
   <div class='ocr_carea' id='block_1_102' title="bbox 2193 4746 3790 4824">
    <p class='ocr_par' dir='ltr' id='par_1_102' title="bbox 2193 4746 3790 4824">
     <span class='ocr_line' id='line_1_104' title="bbox 2193 4746 3790 4824; baseline 0.001 -23"><span class='ocrx_word' id='word_1_813' title='bbox 2193 4746 2447 4824; x_wconf 74' lang='lat' dir='ltr'><strong>gentibus</strong></span> <span class='ocrx_word' id='word_1_814' title='bbox 2480 4748 2851 4817; x_wconf 88' lang='lat' dir='ltr'><strong>promittebat.</strong></span> <span class='ocrx_word' id='word_1_815' title='bbox 2886 4748 2953 4804; x_wconf 89' lang='lat' dir='ltr'><strong>Et</strong></span> <span class='ocrx_word' id='word_1_816' title='bbox 2981 4749 3122 4803; x_wconf 90' lang='lat' dir='ltr'><strong>ultra</strong></span> <span class='ocrx_word' id='word_1_817' title='bbox 3142 4764 3249 4804; x_wconf 90' lang='lat' dir='ltr'><strong>non</strong></span> <span class='ocrx_word' id='word_1_818' title='bbox 3276 4750 3415 4817; x_wconf 87' lang='lat' dir='ltr'><strong>erit,</strong></span> <span class='ocrx_word' id='word_1_819' title='bbox 3446 4764 3790 4819; x_wconf 89' lang='lat' dir='ltr'><strong>nequaquam</strong></span> 
     </span>
    </p>
   </div>
   <div class='ocr_carea' id='block_1_103' title="bbox 2192 4843 3787 4913">
    <p class='ocr_par' dir='ltr' id='par_1_103' title="bbox 2192 4843 3787 4913">
     <span class='ocr_line' id='line_1_105' title="bbox 2192 4843 3787 4913; baseline 0.002 -19"><span class='ocrx_word' id='word_1_820' title='bbox 2192 4848 2345 4895; x_wconf 91' lang='lat' dir='ltr'><strong>certo</strong></span> <span class='ocrx_word' id='word_1_821' title='bbox 2393 4852 2674 4911; x_wconf 85' lang='lat' dir='ltr'><strong>tempore,</strong></span> <span class='ocrx_word' id='word_1_822' title='bbox 2720 4849 2780 4896; x_wconf 90' lang='lat' dir='ltr'><strong>ut</strong></span> <span class='ocrx_word' id='word_1_823' title='bbox 2807 4845 2963 4899; x_wconf 80' lang='grc' dir='ltr'><strong>αἰῶνα</strong></span> <span class='ocrx_word' id='word_1_824' title='bbox 3003 4843 3426 4913; x_wconf 88' lang='lat' dir='ltr'><strong>interpretemur</strong></span> <span class='ocrx_word' id='word_1_825' title='bbox 3455 4844 3513 4900; x_wconf 90' lang='lat' dir='ltr'><strong>in</strong></span> <span class='ocrx_word' id='word_1_826' title='bbox 3542 4846 3787 4910; x_wconf 67' lang='lat' dir='ltr'><strong>stecnlo;</strong></span> 
     </span>
    </p>
   </div>
   <div class='ocr_carea' id='block_1_104' title="bbox 2192 4933 3791 5012">
    <p class='ocr_par' dir='ltr' id='par_1_104' title="bbox 2192 4933 3791 5012">
     <span class='ocr_line' id='line_1_106' title="bbox 2192 4933 3791 5012; baseline 0.006 -26"><span class='ocrx_word' id='word_1_827' title='bbox 2192 4933 2288 4987; x_wconf 91' lang='lat' dir='ltr'><strong>sed</strong></span> <span class='ocrx_word' id='word_1_828' title='bbox 2344 4934 2395 4987; x_wconf 90' lang='lat' dir='ltr'><strong>in</strong></span> <span class='ocrx_word' id='word_1_829' title='bbox 2448 4945 2772 5006; x_wconf 90' lang='lat' dir='ltr'><strong>perpetuum</strong></span> <span class='ocrx_word' id='word_1_830' title='bbox 2823 4955 2836 4991; x_wconf 89' lang='lat'><strong>:</strong></span> <span class='ocrx_word' id='word_1_831' title='bbox 2888 4936 3016 5009; x_wconf 89' lang='lat' dir='ltr'><strong>quia</strong></span> <span class='ocrx_word' id='word_1_832' title='bbox 3065 4936 3210 4994; x_wconf 90' lang='lat' dir='ltr'><strong>idem</strong></span> <span class='ocrx_word' id='word_1_833' title='bbox 3261 4952 3443 5012; x_wconf 86' lang='lat' dir='ltr'><strong>sermo</strong></span> <span class='ocrx_word' id='word_1_834' title='bbox 3496 4947 3791 5008; x_wconf 84' lang='lat' dir='ltr'><strong>utrumque</strong></span> 
     </span>
    </p>
   </div>
   <div class='ocr_carea' id='block_1_105' title="bbox 2190 5026 2482 5097">
    <p class='ocr_par' dir='ltr' id='par_1_105' title="bbox 2190 5026 2482 5097">
     <span class='ocr_line' id='line_1_107' title="bbox 2190 5026 2482 5097; baseline 0.014 -18"><span class='ocrx_word' id='word_1_835' title='bbox 2190 5026 2482 5097; x_wconf 82' lang='lat' dir='ltr'><strong>signiﬁcat.</strong></span> 
     </span>
    </p>
   </div>
   <div class='ocr_carea' id='block_1_106' title="bbox 2259 5185 3792 5275">
    <p class='ocr_par' dir='ltr' id='par_1_106' title="bbox 2259 5185 3792 5275">
     <span class='ocr_line' id='line_1_108' title="bbox 2259 5185 3792 5275; baseline 0.007 -32"><span class='ocrx_word' id='word_1_836' title='bbox 2259 5185 2287 5275; x_wconf 67' lang='grc' dir='ltr'><strong>ξ)</strong></span> <span class='ocrx_word' id='word_1_837' title='bbox 2312 5189 2517 5275; x_wconf 77' lang='lat' dir='ltr'><strong>Ordine</strong></span> <span class='ocrx_word' id='word_1_838' title='bbox 2549 5191 2805 5275; x_wconf 61' lang='lat' dir='ltr'><strong>inverso,</strong></span> <span class='ocrx_word' id='word_1_839' title='bbox 2826 5194 3045 5275; x_wconf 21' lang='lat' dir='ltr'><strong>Victor;2</strong></span> <span class='ocrx_word' id='word_1_840' title='bbox 3074 5198 3418 5275; x_wconf 72' lang='lat' dir='ltr'><strong>negotiatores</strong></span> <span class='ocrx_word' id='word_1_841' title='bbox 3441 5201 3755 5275; x_wconf 71' lang='lat' dir='ltr'><strong>pepulerunt</strong></span> <span class='ocrx_word' id='word_1_842' title='bbox 3776 5249 3792 5267; x_wconf 80' lang='grc'>,</span> 
     </span>
    </p>
   </div>
   <div class='ocr_carea' id='block_1_107' title="bbox 2190 5259 3783 5341">
    <p class='ocr_par' dir='ltr' id='par_1_107' title="bbox 2190 5259 3783 5341">
     <span class='ocr_line' id='line_1_109' title="bbox 2190 5259 3783 5341; baseline 0.01 -28"><span class='ocrx_word' id='word_1_843' title='bbox 2190 5259 2547 5341; x_wconf 61' lang='lat' dir='ltr'><strong>vclgentium.</strong></span> <span class='ocrx_word' id='word_1_844' title='bbox 2574 5263 2728 5332; x_wconf 80' lang='lat' dir='ltr'><strong>Nam,</strong></span> <span class='ocrx_word' id='word_1_845' title='bbox 2778 5259 3289 5341; x_wconf 36' lang='lat' dir='ltr'><strong>inquitLHehr&#39;iettm</strong></span> <span class='ocrx_word' id='word_1_846' title='bbox 3316 5259 3546 5341; x_wconf 61' lang='grc' dir='ltr'><strong>ειηοῄέ,</strong></span> <span class='ocrx_word' id='word_1_847' title='bbox 3582 5259 3783 5329; x_wconf 40' lang='lat' dir='ltr'><strong>Hiero;</strong></span> 
     </span>
    </p>
   </div>
   <div class='ocr_carea' id='block_1_108' title="bbox 2189 5336 3784 5418">
    <p class='ocr_par' dir='ltr' id='par_1_108' title="bbox 2189 5336 3784 5418">
     <span class='ocr_line' id='line_1_110' title="bbox 2189 5336 3784 5418; baseline 0.009 -35"><span class='ocrx_word' id='word_1_848' title='bbox 2189 5348 2385 5418; x_wconf 70' lang='lat' dir='ltr'><strong>nypitts</strong></span> <span class='ocrx_word' id='word_1_849' title='bbox 2412 5336 2596 5418; x_wconf 76' lang='lat' dir='ltr'><strong>vertit,</strong></span> <span class='ocrx_word' id='word_1_850' title='bbox 2622 5340 3130 5418; x_wconf 32' lang='lat' dir='ltr'><strong>populorumtiixx</strong></span> <span class='ocrx_word' id='word_1_851' title='bbox 3169 5360 3299 5418; x_wconf 84' lang='lat' dir='ltr'><strong>vero</strong></span> <span class='ocrx_word' id='word_1_852' title='bbox 3328 5336 3476 5401; x_wconf 73' lang='grc' dir='ltr'>ἐθνῶν</span> <span class='ocrx_word' id='word_1_853' title='bbox 3506 5336 3735 5418; x_wconf 72' lang='lat' dir='ltr'><strong>gentium</strong></span> <span class='ocrx_word' id='word_1_854' title='bbox 3760 5362 3784 5411; x_wconf 77' lang='lat'><strong>,-</strong></span> 
     </span>
    </p>
   </div>
   <div class='ocr_carea' id='block_1_109' title="bbox 2188 5403 3783 5531">
    <p class='ocr_par' dir='ltr' id='par_1_109' title="bbox 2188 5403 3783 5531">
     <span class='ocr_line' id='line_1_111' title="bbox 2188 5403 3783 5531; baseline 0.009 -72"><span class='ocrx_word' id='word_1_855' title='bbox 2188 5403 2460 5531; x_wconf 54' lang='lat' dir='ltr'><strong>ggggrtgue</strong></span> <span class='ocrx_word' id='word_1_856' title='bbox 2484 5403 2630 5464; x_wconf 85' lang='lat' dir='ltr'><strong>adeo</strong></span> <span class='ocrx_word' id='word_1_857' title='bbox 2651 5409 2763 5477; x_wconf 84' lang='lat' dir='ltr'><strong>illa,</strong></span> <span class='ocrx_word' id='word_1_858' title='bbox 2791 5426 2911 5482; x_wconf 69' lang='lat' dir='ltr'><strong>qua:</strong></span> <span class='ocrx_word' id='word_1_859' title='bbox 2941 5411 3267 5485; x_wconf 76' lang='lat' dir='ltr'><strong>Hieronymi</strong></span> <span class='ocrx_word' id='word_1_860' title='bbox 3290 5424 3372 5473; x_wconf 89' lang='lat' dir='ltr'><strong>est</strong></span> <span class='ocrx_word' id='word_1_861' title='bbox 3404 5403 3612 5485; x_wconf 66' lang='lat' dir='ltr'><strong>versio,</strong></span> <span class='ocrx_word' id='word_1_862' title='bbox 3642 5403 3783 5489; x_wconf 60' lang='lat' dir='ltr'><strong>pra;</strong></span> 
     </span>
    </p>
   </div>
   <div class='ocr_carea' id='block_1_110' title="bbox 2187 5490 2404 5533">
    <p class='ocr_par' dir='ltr' id='par_1_110' title="bbox 2187 5490 2404 5533">
     <span class='ocr_line' id='line_1_112' title="bbox 2187 5490 2404 5533; baseline 0.014 -3"><span class='ocrx_word' id='word_1_863' title='bbox 2187 5490 2404 5533; x_wconf 83' lang='lat' dir='ltr'><strong>cedere.</strong></span> 
     </span>
    </p>
   </div>
   <div class='ocr_carea' id='block_1_111' title="bbox 1816 5698 2427 5742">
    <p class='ocr_par' dir='ltr' id='par_1_111' title="bbox 1816 5698 2427 5742">
     <span class='ocr_line' id='line_1_113' title="bbox 1816 5698 2427 5742; baseline 0.011 -7"><span class='ocrx_word' id='word_1_864' title='bbox 1816 5698 2427 5742; x_wconf 73' lang='lat'><strong>=================</strong></span> 
     </span>
    </p>
   </div>
  </div>
