4038 6328
801 224 1452 286 COMMENTARIORUM
1491 227 1559 286 IN
1599 224 2035 288 EZECHIELEM
2075 228 2206 286 LIB.
2236 229 2331 287 IX.
2371 228 2522 287 CAP.
2567 229 2806 289 XXVIII.

3346 229 3453 286 266

203 349 3435 377 Μῂ--ᾓῄῂ-Ἷ-Ψ-

1200 478 1719 599 LIBER
1790 480 1937 588 Ν
1939 479 2155 588 ΟΝ
2171 480 2365 589 US.

268 792 605 869 335336
641 790 994 865 Consequens
1038 802 1189 858 erat,
1245 792 1354 849 tilia
1387 790 1763 861 Eustochium,
1793 791 1848 851 Α
1878 809 1898 844 ‹
1943 793 2243 865 sapientior
2281 807 2341 851 es
2370 793 2595 851 Daniele
2617 801 2643 853 ?
2683 794 2974 866 Sapientes
3002 810 3111 851 non
3150 795 3465 853 erudierunt

219 888 599 961 ntprophetiam
624 887 777 960 Tyri,
810 895 865 945 et
886 887 1147 959 principis
1175 887 1326 960 Tyri,
1360 901 1470 943 uno
1491 885 1771 943 volumine

229 980 708 1053 comprehenderem
734 1022 752 1050 ,
802 991 858 1038 et
884 991 994 1037 tam
1023 980 1164 1038 locis
1204 995 1365 1052 quam
1389 978 1774 1036 vaticinatione

235 1080 521 1148 coniunctos,
556 1090 899 1148 nequaquam
924 1075 1187 1132 librorum
1214 1074 1409 1131 ordine
1432 1088 1772 1145 separarem.

245 1171 321 1230 sed
347 1171 449 1241 quia
492 1168 652 1240 plura
683 1179 811 1227 sunt
853 1185 973 1241 qua:
1001 1170 1283 1237 dicuntur,
1318 1180 1372 1226 et
1401 1168 1621 1225 modum
1651 1183 1779 1240 pro-

244 1264 414 1321 lixitatis
454 1262 773 1320 excedunt:
802 1263 928 1319 ideo
956 1263 1010 1319 in
1045 1279 1246 1319 nonum
1278 1262 1473 1318 librum
1504 1262 1670 1318 dilata
1698 1268 1782 1316 est

233 1360 499 1429 explanatio
522 1400 537 1425 ,
585 1373 751 1428 quam
782 1358 1122 1415 orationibus
1154 1358 1260 1415 tuis
1283 1359 1636 1430 omniumque
1659 1373 1784 1413 san-

225 1464 390 1509 dorum
415 1452 489 1507 ad
518 1453 735 1510 calcem
760 1454 1035 1510 credimus
1059 1463 1478 1527 perventuram:
1506 1464 1565 1510 ut
1591 1463 1782 1511 contra

222 1546 526 1602 Pharaonem
571 1561 797 1617 quoque
824 1588 839 1615 ,
877 1557 932 1604 et
958 1547 1273 1605 universam
1311 1548 1625 1620 Egyptnm,
1661 1562 1784 1617 qua:

218 1638 527 1694 inhechiel
556 1640 765 1710 scripta
794 1650 957 1705 sunt,
1002 1639 1359 1697 disseramus.
1401 1640 1535 1707 Quae
1575 1648 1631 1695 et
1668 1638 1785 1710 ipsa

215 1733 347 1789 nobis
372 1734 748 1805 longitudine,
780 1735 884 1801 sui,
911 1736 964 1791 in
984 1736 1185 1791 librum
1207 1736 1478 1793 decimum
1500 1734 1788 1790 dividenda

210 1840 340 1885 sunt:
363 1845 475 1899 quo
500 1838 558 1885 et
587 1830 930 1885 voluminum
962 1829 1108 1887 inter
1132 1845 1191 1885 se
1215 1845 1473 1886 mensura
1504 1838 1786 1893 servetur;

215 1935 265 1982 et
286 1925 479 1981 divisus
506 1925 799 1992 dictantis,
831 1925 1251 1997 scribentisque,
1294 1935 1349 1981 et
1374 1923 1605 1996 legentis
1630 1923 1787 1980 labor

216 2018 424 2089 rapit-et
446 2018 503 2073 in
529 2018 805 2090 partibus.

1880 905 1900 939 ι
1946 894 2000 942 te
2028 886 2310 960 disciplina
2342 904 2439 944 sua
2467 906 2479 943 :
2512 887 2775 961 numquid
2807 889 2864 944 in
2894 889 3200 947 eruditione
3228 901 3347 961 tua,
3376 901 3473 947 aut

1882 996 1903 1031 α
1949 980 2236 1049 prudentia
2284 989 2375 1037 tua
2408 981 2583 1037 fecisti
2616 980 2713 1038 tibi
2750 980 3159 1049 fortitudinem,
3201 992 3255 1038 et
3295 983 3471 1039 fecisti

1883 1093 1903 1126 ‹
1949 1088 2139 1131 aurum
2168 1083 2226 1133 et
2252 1088 2534 1149 argentum
2560 1076 2614 1132 in
2645 1076 2913 1133 thesauris
2938 1078 3063 1145 tuis,
3113 1086 3208 1133 aut
3228 1077 3283 1132 in
3305 1078 3476 1133 multa

1886 1189 1905 1223 ‹
1952 1171 2261 1227 eruditione
2293 1180 2407 1237 tua,
2439 1171 2598 1244 327
2628 1180 2685 1227 et
2708 1172 3080 1243 negotiatione
3104 1180 3194 1227 tua
3214 1169 3477 1239 multipli-

1889 1283 1908 1315 ‹
1954 1264 2091 1319 casti
2118 1263 2492 1321 fortitudinem
2524 1266 2715 1320 tuam?
2761 1266 2979 1321 Elatum
3011 1276 3095 1321 est
3123 1282 3217 1322 cor
3245 1275 3393 1320 tuutn
3420 1265 3473 1319 in

1891 1377 1909 1410 ‹
1954 1356 2272 1414 fortitudine
2323 1369 2453 1423 tua,
2513 1367 2808 1429 propterea
2877 1359 2997 1414 haec
3039 1357 3167 1413 dicit
3222 1357 3484 1413 Dominus

1892 1471 1910 1505 ι
1959 1452 2142 1512 Deus:
2194 1453 2331 1521 Quia
2388 1451 2585 1508 dedisti
2640 1468 2737 1508 cor
2795 1463 2941 1507 tuum
3000 1453 3156 1523 quasi
3204 1468 3299 1506 cor
3351 1450 3484 1517 Dei,

1893 1566 1912 1599 ‹
1959 1557 2181 1618 propter
2222 1547 2326 1604 hoc
2364 1564 2494 1604 ecce
2539 1564 2640 1619 ego
2671 1547 2937 1604 adducam
2988 1563 3157 1619 super
3186 1556 3239 1603 te
3270 1548 3484 1603 alienos

1895 1657 1913 1690 (
1960 1640 2277 1709 pestilentes
2325 1638 2395 1696 de
2438 1640 2693 1711 gentibus
2720 1682 2733 1706 ,
2768 1651 2823 1695 et
2865 1640 3237 1712 evaginabunt
3276 1638 3488 1712 gladios

1897 1752 1915 1783 ‹
1964 1746 2095 1788 suos
2124 1734 2176 1786 in
2210 1741 2263 1788 te
2303 1747 2473 1803 super
2515 1732 2921 1803 pulchritudine
2950 1733 3216 1790 doctrinae
3248 1744 3387 1802 tute,
3433 1745 3491 1790 et

1898 1844 1917 1875 ‹
1968 1821 2333 1880 humiliabunt
2377 1824 2838 1896 pulchritudinem
2885 1834 3034 1881 tuam
3067 1824 3121 1881 in
3154 1826 3489 1897 perditione,

1900 1936 1920 1968 (
1966 1927 2022 1973 et
2082 1916 2355 1974 deducent
2408 1925 2496 1984 te,
2550 1926 2605 1973 et
2648 1918 2946 1989 disponent
3001 1928 3083 1983 te,
3142 1928 3196 1974 et
3242 1919 3495 1974 morieris

1902 2029 1920 2063 ‹
1970 2020 2144 2066 morte
2173 2011 2579 2067 vulneratorum
2609 2013 2663 2066 in
2691 2011 2859 2069 corde
2890 2013 3081 2068 maris.
3117 2012 3385 2084 Numquid
3417 2012 3497 2067 lo-

1906 2125 1924 2159 ‹
1970 2121 2143 2177 quens
2166 2106 2341 2173 dices,
2392 2106 2536 2163 Deus
2572 2121 2672 2177 ego
2698 2123 2841 2174 sum,
2884 2107 2940 2162 in
2970 2117 3263 2178 conspectu
3289 2106 3500 2163 interli-

286 2196 415 2266 (Περ.
451 2196 711 2253 XXVIII.
745 2226 814 2238 —
859 2194 1014 2254 Vers.
1058 2199 1085 2253 1
1121 2197 1302 2269 seqq.)
1330 2217 1349 2250 ί
1390 2196 1461 2253 Ει
1502 2197 1674 2253 factus
1715 2184 1876 2252 estB
1911 2218 1931 2252 ‹
1975 2199 2235 2254 cientium
2270 2200 2362 2255 te?
2402 2200 2483 2255 Tu
2523 2210 2709 2255 autem
2751 2215 2812 2256 es
2850 2199 3050 2267 homo,
3096 2211 3289 2256 etnon
3336 2201 3502 2268 Deus,

227 2310 245 2342 ι
277 2306 439 2346 sermo
474 2290 705 2347 Domini
731 2291 801 2347 ad
828 2307 917 2349 me
941 2333 957 2357 ,
999 2292 1219 2347 dicens:
1251 2291 1354 2346 Fili
1384 2290 1621 2347 hominis
1646 2333 1662 2359 ,
1710 2289 1801 2347 dic

217 2403 236 2437 r
269 2386 498 2456 principi
529 2386 702 2459 Tyri:
730 2386 859 2443 Haec
888 2387 1023 2442 dicit
1049 2386 1315 2443 Dominus
1338 2386 1513 2443 Deus:
1545 2386 1627 2442 Eo
1655 2385 1800 2457 quod

216 2497 233 2531 ‹
264 2480 541 2536 elevatum
575 2489 665 2536 est
688 2496 785 2537 cor
806 2488 986 2547 tuum,
1015 2490 1073 2537 et
1099 2479 1285 2536 dixisti
1310 2499 1322 2535 :
1355 2482 1498 2537 Deus
1526 2495 1628 2551 ego
1656 2495 1799 2548 sum,

220 2594 235 2628 t
267 2586 316 2631 et
336 2577 393 2632 in
425 2576 703 2632 cathedra
724 2577 819 2632 Dei
844 2576 963 2634 sedi
993 2575 1182 2649 (Vulg.
1204 2575 1396 2648 sedeo)
1427 2576 1480 2631 in
1503 2575 1666 2631 corde
1687 2590 1803 2631 ma-

220 2688 235 2720 ι
268 2671 375 2725 ris:
412 2687 545 2727 cum
592 2671 672 2729 sis
711 2670 878 2727 homo
902 2712 919 2739 ,
950 2680 1005 2726 et
1042 2687 1149 2726 non
1176 2671 1350 2739 Deus,
1399 2679 1456 2726 et
1483 2669 1681 2726 dedisti
1707 2685 1805 2726 cor

216 2782 233 2815 ί
272 2774 420 2819 tuum
447 2766 610 2835 quasi
638 2779 737 2820 cor
762 2764 861 2819 Dei
884 2781 899 2818 :
927 2779 1054 2821 ecce
1071 2764 1371 2835 sapientior
1384 2779 1445 2820 es
1468 2771 1524 2819 tu
1541 2763 1805 2820 Daniele?

218 2876 234 2911 ι
271 2858 446 2915 Omne
477 2868 758 2916 secretum
788 2872 899 2914 non
928 2869 1011 2915 est
1037 2857 1416 2914 absconditum
1449 2873 1475 2911 a
1506 2867 1580 2915 te.
1624 2857 1682 2913 In
1711 2873 1804 2914 sa-

218 2970 234 3004 t
274 2954 481 3023 pientia
529 2963 588 3009 et
628 2952 924 3024 prudentia
972 2961 1062 3008 tua
1100 2953 1277 3008 fecisti
1306 2952 1402 3008 tibi
1430 2951 1806 3009 fortitudinem

217 3062 236 3097 ι
272 3054 325 3099 et
364 3045 657 3116 acquisisti
682 3060 875 3101 aurum
900 3053 961 3101 et‘
983 3057 1271 3117 argentum
1302 3045 1357 3100 in
1383 3044 1655 3101 thesauris
1683 3045 1807 3101 tuis.

221 3158 239 3193 ‹
275 3140 331 3195 In
360 3141 724 3197 multitudine
752 3141 1036 3213 sapientia:
1068 3150 1174 3198 tuae
1201 3184 1216 3211 ,
1266 3148 1323 3197 et
1352 3140 1405 3196 in
1437 3140 1811 3212 negociatione

223 3250 241 3284 ι
278 3241 369 3288 tua
392 3232 784 3305 multiplicasti
807 3234 905 3289 tibi
932 3233 1334 3303 fortitudinem,
1360 3241 1415 3289 et
1431 3233 1702 3289 elevatum
1728 3240 1813 3289 est

226 3343 243 3376 ι
280 3342 374 3382 cor
404 3334 568 3383 tuum
596 3327 650 3381 in
688 3327 891 3383 robore
923 3336 1042 3385 tuo.
1069 3327 1369 3398 Propterea
1394 3325 1514 3382 haec
1543 3326 1675 3382 dicit
1707 3326 1812 3380 Do-

226 3441 244 3473 ι
284 3422 468 3477 minus
498 3421 689 3494 (Vulg.
721 3421 868 3476 addit
897 3422 1063 3493 Deus)
1089 3437 1104 3477 :
1155 3422 1234 3477 Eo
1259 3421 1400 3493 quod
1429 3421 1699 3477 elevatum
1727 3429 1814 3476 est

229 3532 246 3566 ι
285 3531 382 3572 cor
428 3526 583 3571 tuum
614 3517 771 3587 quasi
800 3531 899 3573 cor
927 3517 1068 3573 Dei:
1108 3517 1315 3575 idcirco
1345 3532 1473 3574 ecce
1504 3533 1603 3588 ego
1637 3516 1811 3572 addu-

1911 2311 1930 2344 ‹
1979 2291 2033 2347 in
2082 2290 2437 2348 multitudine
2487 2290 2893 2348 vulnerantium
2928 2304 3000 2348 te.
3044 2292 3307 2348 Mortibus
3338 2292 3501 2347 incir-

1912 2403 1931 2437 ι
1976 2386 2340 2440 cumcisorum
2426 2384 2679 2441 morieris
2742 2385 2795 2439 in
2861 2385 3110 2441 manibus
3171 2387 3499 2454 alienorum,

1912 2495 1931 2528 ‹
1984 2477 2108 2548 quia
2152 2490 2253 2548 ego
2298 2477 2515 2535 locutus
2556 2493 2712 2547 sum,
2759 2478 2889 2534 dicit
2934 2479 3146 2535 Adonai
3179 2480 3496 2535 Dominus.)

1906 2570 2242 2643 Ubicumque
2265 2572 2420 2643 juxta
2448 2573 2804 2645 Septuaginta
2841 2574 3081 2630 secundo
3122 2575 3364 2645 poliitur,
3399 2574 3507 2631 Do-

1907 2665 2099 2728 minus,
2138 2662 2416 2735 Dominus,
2451 2665 2684 2735 primum
2724 2663 2752 2703 b
2784 2679 2980 2721 nomen
3014 2675 3505 2738 tetragrammaton

1909 2767 1993 2813 est
2021 2757 2214 2832 (mm),
2245 2757 2389 2829 quod
2416 2756 2638 2829 proprie
2665 2757 2733 2813 ad
2756 2758 2924 2813 Deum
2954 2759 3210 2830 pertinet,
3234 2769 3289 2814 et
3315 2760 3509 2815 ineffa-

1909 2852 2016 2909 bile
2044 2852 2279 2907 dicitur:
2323 2852 2625 2909 secundum
2663 2868 2956 2910 commune
2996 2837 3152 2926 (ΗΝ),
3201 2854 3345 2926 quod
3365 2870 3511 2925 saepe

1908 2946 1965 3002 in
1995 2947 2308 3003 hominibus
2336 2947 2631 3004 invenitur.
2687 2948 2973 3017 Quomodo
2997 2958 3176 3005 autem
3205 2949 3394 3021 Tyriae
3424 2968 3513 3005 ur-

1910 3040 1995 3098 bis
2042 3041 2145 3097 sub
2188 3042 2355 3113 ﬁgura
2397 3042 2550 3099 navis
2590 3043 2824 3114 primum
2855 3044 3089 3112 divitiae,
3125 3044 3327 3100 deinde
3353 3047 3507 3100 ruina

1912 3135 2271 3209 planctusque
2314 3137 2628 3211 descriptus
2656 3149 2781 3195 est:
2832 3141 2910 3196 sic
2953 3140 3022 3195 ad
3054 3140 3352 3211 principem
3381 3141 3514 3214 Tyri

1913 3233 2149 3303 primum
2199 3247 2380 3289 sermo
2407 3235 2466 3289 lit
2508 3234 2867 3305 prophetalis,
2898 3235 3043 3305 quod
3067 3246 3282 3291 erectus
3313 3237 3383 3292 sit
3420 3254 3514 3306 per

1916 3326 2257 3397 superbiam,
2312 3341 2413 3383 nec
2464 3328 2605 3384 bene
2658 3328 2858 3384 abusus
2911 3329 3108 3399 apibus
3156 3346 3288 3400 quas
3339 3330 3511 3387 habe-

1916 3418 2044 3473 bat:
2076 3417 2273 3475 deinde
2299 3417 2477 3475 luctus
2505 3430 2559 3474 et
2601 3419 2943 3489 lamentatio,
2988 3421 3057 3477 de
3098 3423 3312 3492 quantis
3352 3423 3512 3478 bonis

1918 3514 1987 3568 ad
2032 3514 2169 3569 mala
2221 3524 2422 3585 quanta
2455 3514 2785 3584 pervenerit.
2847 3514 3091 3569 Primum
3141 3516 3305 3586 igitur
3346 3518 3515 3587 prima

231 3626 247 3658 ι
287 3624 405 3665 eam
448 3626 619 3683 super
669 3619 722 3666 te
768 3609 978 3667 alienos
1003 3610 1421 3669 robustissimos
1448 3610 1715 3684 gentium,
1758 3620 1815 3666 et
1843 3590 1890 3655 (ἶ
1921 3607 2147 3663 dicenda
2169 3617 2317 3663 sunt.
2343 3608 2621 3679 Scriptum
2646 3621 2732 3665 est
2752 3610 2804 3664 in
2823 3607 2962 3665 Isaia
2986 3608 3214 3682 (lsa.tv)
3237 3610 3305 3666 ad
3326 3627 3512 3682 regem

233 3720 251 3752 ι
288 3704 575 3759 nudabunt
620 3704 834 3777 gladios
865 3720 994 3761 suos
1019 3721 1184 3776 super
1222 3704 1688 3777 pulchritudinem
1727 3719 1815 3760 sa-

237 3814 253 3847 ε
290 3797 508 3866 pientize
536 3806 673 3865 tum,
722 3806 780 3855 et
809 3798 1054 3870 polluent
1087 3798 1343 3856 decorem
1375 3809 1549 3856 tuum.
1598 3797 1813 3855 Interii-

237 3907 255 3941 ι
292 3891 437 3947 cient
463 3900 523 3949 et
552 3900 581 3929 ι
606 3891 822 3949 tradent
845 3901 934 3962 te,
964 3903 1019 3950 et
1046 3894 1302 3950 morieris
1330 3894 1383 3949 in
1410 3894 1633 3949 interitu
1661 3892 1815 3949 occi-

239 4000 257 4034 ι
297 3998 478 4039 sarum
504 3984 564 4039 in
591 3983 758 4042 corde
785 3985 973 4041 maris.
1014 3984 1289 4057 Numquid
1315 3984 1509 4043 dicens
1532 3984 1810 4057 loqueris:

244 4096 262 4130 ι
301 4079 439 4136 Dens
464 4095 567 4151 ego
594 4096 741 4148 sum,
781 4095 963 4138 coram
996 4080 1455 4138 interficientibus
1482 4092 1555 4150 te,
1586 4095 1709 4136 cum
1740 4079 1816 4137 sis

245 4191 264 4225 ι
303 4172 463 4230 homo
478 4182 536 4231 et
554 4188 664 4231 non
688 4174 850 4245 Deus,
880 4175 934 4231 in
956 4190 1120 4231 manu
1150 4173 1517 4231 occidentium
1536 4172 1622 4229 te?
1645 4172 1818 4230 Morte

246 4284 263 4317 ι
304 4266 809 4324 incircumcisorum
854 4268 1111 4325 morieris
1162 4268 1218 4323 in
1270 4283 1432 4323 manu
1485 4267 1815 4335 alienorum,

245 4376 263 4411 ι
301 4362 423 4431 quia
459 4376 566 4433 ego
597 4361 814 4418 locutus
839 4375 958 4417 sum
978 4401 993 4427 ,
1036 4361 1114 4416 ait
1145 4360 1406 4417 Dominus
1431 4360 1597 4417 Deus.
1630 4358 1816 4416 LXX:

242 4470 260 4504 ι
302 4452 369 4508 Et
410 4451 589 4510 factus
616 4462 702 4511 est
740 4468 925 4510 sermo
960 4453 1173 4509 Domini
1205 4453 1272 4509 ad
1303 4469 1391 4510 me
1416 4494 1433 4522 ,
1473 4451 1701 4510 dicens:
1754 4452 1824 4507 Et

243 4562 261 4595 ι
307 4556 387 4610 tu,
423 4546 498 4601 fili
528 4545 783 4615 hominis,
818 4546 906 4602 dic
940 4546 1171 4617 principi
1202 4546 1367 4619 Tyri:
1401 4546 1526 4602 Haec
1550 4545 1682 4603 dicit
1717 4545 1824 4601 Do-

243 4658 262 4691 c
305 4640 478 4695 minus
499 4640 644 4696 Deus
670 4658 681 4695 :
716 4640 823 4696 Pro
837 4655 905 4697 eo
929 4640 1076 4712 quod
1092 4639 1391 4697 exaltatum
1407 4648 1493 4697 est
1519 4655 1614 4696 cor
1641 4647 1817 4706 tuum,

241 4750 259 4782 ‹
305 4744 357 4788 et
378 4732 565 4789 dixisti
590 4752 603 4786 :
650 4735 793 4789 Deus
820 4749 920 4805 ego
944 4749 1088 4801 sum,
1116 4733 1511 4791 habitationem
1544 4731 1641 4789 Dei
1667 4733 1822 4788 habi-

238 4843 257 4877 ι
302 4828 413 4882 tavi
459 4827 515 4883 in
544 4825 712 4882 corde
760 4826 968 4883 maris:
1020 4833 1076 4882 tu
1103 4836 1285 4883 autem
1312 4843 1370 4884 es
1402 4826 1597 4894 homo,
1630 4836 1686 4883 et
1714 4842 1824 4883 non

1923 3700 2213 3773 Babylonis
2253 3699 2759 3757 Nabuchodonosor
2786 3745 2800 3769 ,
2847 3702 2995 3774 quod
3042 3717 3103 3759 se
3132 3701 3228 3759 Dei
3262 3704 3521 3772 potentiae

1923 3795 2254 3867 comquarit,
2295 3804 2353 3852 et
2393 3796 2447 3851 in
2476 3805 2682 3851 tantam
2712 3795 2885 3852 elatus
2914 3798 2989 3853 sit
3016 3799 3382 3868 arrogantiam
3405 3842 3420 3867 ,
3459 3809 3520 3853 ut

1924 3889 2149 3946 auderet
2178 3888 2362 3945 dicere
2387 3905 2401 3943 :
2443 3888 2617 3960 Super
2638 3889 2813 3945 sidera
2854 3889 2967 3946 σα)ιὶ
2994 3890 3271 3947 ascendam
3290 3938 3304 3962 ,
3338 3903 3386 3947 et
3429 3908 3517 3949 ero

1924 3983 2110 4038 similis
2156 3983 2442 4039 Altissimo.
2484 3982 2966 4055 Praacipitatusque
3004 3983 3072 4041 de
3093 3986 3270 4053 solio,
3324 3988 3524 4043 meruit

1924 4077 2146 4133 audire:
2181 4076 2449 4144 Quomodo
2473 4077 2655 4133 cecidit
2676 4076 2886 4149 Lucifer
2905 4080 2997 4150 qui
3037 4096 3187 4135 mane
3225 4081 3521 4137 oriebatur?

1924 4172 1992 4229 Et
2019 4172 2089 4230 de
2114 4172 2401 4229 Pharaone
2430 4173 2485 4228 in
2530 4173 2635 4229 hoc
2663 4172 2857 4229 eodem
2906 4174 3170 4245 propheta
3198 4194 3211 4231 :
3243 4173 3365 4229 Mea
3400 4186 3521 4232 sunt

1924 4266 2164 4336 ﬂumina,
2194 4275 2240 4320 et
2268 4282 2359 4339 ego
2386 4265 2486 4337 feci
2515 4282 2575 4320 ea
2599 4263 2779 4337 (Infra
2803 4280 2954 4331 XXIX,
2982 4265 3064 4337 9).
3097 4266 3163 4320 Et
3184 4265 3252 4322 de
3276 4266 3523 4338 principe

1926 4359 2074 4431 Tyri,
2116 4360 2261 4430 quod
2286 4358 2431 4414 elato
2456 4358 2625 4414 corde
2651 4357 2853 4414 dixerit
2875 4368 3234 4429 arroganter:
3266 4356 3408 4414 Deus
3431 4377 3525 4432 ego

1926 4475 2041 4513 sum
2065 4499 2079 4521 ,
2130 4468 2177 4512 et
2221 4458 2277 4512 in
2306 4455 2554 4511 cathedra
2576 4453 2677 4509 Dei
2701 4455 2844 4523 sedi,
2872 4456 2989 4512 sive
3018 4452 3073 4509 in
3100 4453 3398 4511 habitaculo
3425 4456 3525 4513 Dci

1930 4551 2175 4620 habitavi,
2222 4566 2347 4606 cum
2391 4551 2465 4606 sit
2508 4550 2694 4617 homo,
2740 4560 2933 4606 etnon
2966 4549 3131 4607 Deus.
3177 4551 3308 4621 Quae
3335 4569 3529 4624 quam-

1929 4661 2091 4717 quam
2115 4643 2402 4699 videantur
2429 4643 2573 4698 vires
2605 4642 2857 4699 humana:
2892 4641 3202 4714 fragilitatis
3229 4646 3523 4715 excedere,

1932 4747 1988 4794 et
2013 4753 2118 4793 non
2144 4745 2252 4791 tam
2290 4735 2570 4792 hominum
2601 4736 2767 4791 verba
2792 4750 2915 4793 esse
2943 4753 3105 4808 quam
3133 4738 3521 4796 insanientium

1933 4830 2279 4900 daemonum,
2339 4839 2522 4886 tamen
2559 4829 2899 4901 hyperbolen
2952 4831 3215 4888 debemus
3254 4835 3523 4905 accipere,

240 4937 259 4971 ε
300 4920 468 4988 Deus,
500 4929 559 4976 et
586 4920 784 4977 dedisti
808 4936 905 4977 cor
934 4930 1083 4977 tuum
1111 4924 1269 4994 quasi
1293 4938 1391 4980 cor
1414 4923 1532 4992 Dei,
1564 4924 1823 4995 numquid
1849 4917 1904 4979 D
1930 4925 2073 4998 quod
2103 4924 2369 4980 intantum
2402 4923 2778 4991 intumuerint,
2810 4935 2865 4980 et
2895 4924 3188 4981 nescierint
3217 4942 3527 4986 mensuram

300 5157 325 5185 ³
358 5146 655 5222 Vit-torret
677 5143 962 5211 deirahenl,
995 5162 1119 5203 nam
1128 5157 1196 5222 _et
1217 5147 1373 5220 Vulg.
1407 5148 1539 5205 edit.
1573 5150 1646 5205 ita
1673 5152 1823 5222 legit,

234 5230 283 5273 et
303 5228 469 5301 so-nat
492 5218 781 5301 Hebraeum
810 5226 1015 5301 πγτῇπν,
1036 5227 1092 5274 et
1117 5219 1271 5301 Graec
1298 5218 1710 5280 κᾶταϐιϐἀσουσί
1728 5218 1819 5280 ira.

302 5291 327 5329 δ
358 5291 535 5365 Immo
573 5289 801 5344 alterum
818 5289 851 5357 ','
877 5290 992 5345 sive
1019 5293 1315 5347 secundum
1345 5302 1823 5365 tetragrammaton

231 5373 336 5426 est,
370 5364 623 5437 primum
642 5376 770 5415 vero
791 5376 1079 5437 commune
1102 5382 1118 5437 ς
1148 5380 1247 5420 nec
1272 5380 1432 5435 porro
1452 5364 1662 5434 dubito,
1694 5368 1821 5437 quin

233 5437 301 5487 sit
324 5431 586 5489 mendum
610 5431 778 5488 hocce
794 5441 1033 5489 veterum
1054 5431 1397 5492 librariorum
1421 5431 1826 5495 incurimas’cri—

234 5506 502 5571 bendum,
536 5504 626 5575 qui
659 5507 963 5560 numericas
993 5517 1149 5563 notas
1178 5516 1382 5564 temere
1400 5518 1822 5565 commutarunt.

237 5579 361 5633 Sua:
388 5579 535 5654 enim
559 5586 725 5654 rectae
748 5576 1056 5654 scriptionis
1081 5580 1206 5654 ipse,
1224 5580 1329 5636 fide
1354 5581 1538 5654 jussor
1561 5581 1829 5654 Hierony-

239 5664 356 5723 mos
374 5659 463 5705 est
492 5649 544 5702 in
577 5647 825 5723 hoc‘ipso
843 5647 1248 5723 Commentario
1276 5647 1431 5723 paulo
1448 5654 1697 5723 superius
1725 5647 1828 5710 sub

244 5720 357 5774 init.
386 5737 512 5790 cap.
545 5735 627 5774 vr:
676 5719 895 5794 Quando
922 5765 935 5789 ,
979 5723 1192 5794 inquit,
1246 5719 1348 5778 duo
1377 5719 1591 5780 Domini
1615 5724 1830 5780 Domini

242 5793 421 5862 juncta
467 5800 588 5848 sunt
616 5792 860 5847 nomina:
904 5792 1359 5862 priua'commune
1388 5806 1461 5853 est
1487 5840 1503 5865 ,
1547 5796 1830 5854 secundum

693 5884 968 5950 Parnoc.
1013 5887 1223 5953 XXV.

1936 5151 2140 5227 proprie
2167 5149 2265 5205 Dei
2282 5190 2311 5227 ,_
2333 5149 2475 5227 quod
2501 5151 2798 5227 appellatur
2824 5149 3069 5227 ἄρῤητον,
3102 5155 3159 5208 id
3178 5165 3281 5222 est,
3340 5157 3524 5224 ine/7a-

1933 5212 2065 5298 bile.
2103 5232 2151 5276 et
2175 5212 2314 5293 quod
2338 5212 2590 5298 scriptum
2631 5224 2731 5291 fuit
2765 5224 2820 5298 in
2846 5212 3246 5293 [dmina'aurem
3268 5212 3389 5298 ante
3417 5212 3529 5284 erat

1931 5295 1984 5348 in
2012 5296 2181 5367 fronte
2222 5295 2502 5367 pontiﬁcis.
2552 5299 2726 5367 Atque
2777 5296 2892 5350 haec
2940 5305 3085 5352 certe
3131 5298 3184 5351 in
3222 5295 3521 5357 Eiecliielis

1931 5366 2219 5436 praphetia
2274 5375 2530 5436 perpetua
2584 5366 2792 5420 obtinet
2854 5368 3220 5435 consuetudo;
3268 5372 3363 5425 sed
3413 5388 3519 5428 non

1932 5440 2269 5508 ignoramus,
2314 5439 2367 5492 in
2398 5438 2518 5510 aliis
2542 5437 2813 5493 interdum
2844 5438 3014 5505 libris,
3049 5441 3318 5510 pratcipue
3340 5452 3518 5499 autem

1934 5510 1988 5565 in
2010 5510 2247 5586 ‘Psalmis
2274 5509 2473 5579 passim
2507 5514 3254 5586 tetragrammatonprteponi
3281 5523 3355 5586 τῷ
3379 5517 3521 5571 Ado-

1934 5581 2021 5636 ηαξ
2043 5599 2061 5635 :
2094 5595 2406 5658 quaecausa
2435 5592 2550 5649 est,
2582 5581 2759 5658 curin
2791 5580 3068 5658 proposito
3098 5580 3521 5658 Hieronymiano

1936 5662 2086 5708 textu
2122 5652 2261 5708 nihil
2290 5662 2582 5709 mutemus.
2626 5651 2764 5706 Vide
2789 5667 2912 5722 qua:
2942 5652 3081 5708 infra
3112 5655 3162 5709 in
3193 5651 3456 5715 Homilias
3485 5664 3519 5717 4

1935 5734 1990 5782 et
2013 5725 2077 5782 12
2102 5724 2359 5796 Origenis
2382 5725 2438 5782 in
2466 5724 2612 5780 hunc
2636 5723 2813 5794 ipsum
2839 5722 3157 5795 prophetam
3180 5741 3525 5790 annotamus.

3071 5900 3110 5958 9
