4038 6328
493 231 597 288 267

1762 225 1820 297 S.
1868 224 2139 303 EUSEBll
2174 226 2557 301 [HERONYMI

3667 232 3825 297 263.

487 361 639 402 suam
658 387 673 412 ,
916 349 973 399 ut
996 343 1121 399 elati
1151 340 1408 397 felicitate
1435 341 1621 397 seaculi
1645 387 1659 413 ,
1705 352 1760 398 et
1786 344 1937 414 regni
1978 359 2079 414 po-
2107 353 2161 411 Α
2185 349 2409 405 alterius
2434 348 2686 420 jussione
2712 347 2982 419 pendere,
3012 347 3189 419 qualis
3214 360 3394 419 nuper
3420 345 3781 405 Heraclianus
3812 376 3819 379 λ

493 443 661 499 tentia
688 486 702 509 ,
756 442 883 496 dum
919 438 1207 509 praesentia
1241 438 1387 495 bona
1418 448 1610 508 putant
1638 453 1761 495 esse
1791 448 2078 510 perpetua,

490 535 739 593 homines
778 549 836 590 se
865 548 987 592 esse
1028 532 1366 597 nescierint,
1410 542 1466 589 et
1488 543 1751 605 πίει-ειμι
1777 533 1880 599 sibi
1910 533 2081 606 impe-

492 634 631 689 rium
656 629 1021 686 vendicarint.
1056 628 1205 683 Licet
1226 628 1326 685 sub
1350 637 1477 701 typo
1501 629 1834 700 principum,
1869 643 2077 699 regum,

488 734 545 781 et
570 724 904 796 singularum
934 720 1044 793 (ΑΙ.
1070 721 1459 793 Singularium)
1484 722 1722 790 urbium,
1754 722 1844 776 vel
1866 722 2082 791 provin-

488 817 692 872 ciarum
716 860 730 884 ,
784 821 1084 886 potestates
1128 813 1456 871 adversariae
1484 814 1934 869 demonstrentur
1958 857 1973 882 ,
2014 812 2083 868 de

488 909 686 981 quibus
728 906 916 964 scribit
960 916 1014 962 et
1054 907 1335 978 apostolus
1362 905 1601 961 Paulus:
1651 904 1777 961 Non
1819 916 1893 961 est
1934 906 2082 960 nobis

488 1018 666 1076 pugna
709 1001 981 1055 adversum
1026 1015 1232 1053 carnem
1255 1040 1270 1066 ,
1317 1007 1366 1054 et
1406 998 1709 1071 sanguinem
1733 1041 1746 1062 ,
1779 998 1869 1054 sed
1902 1006 2082 1052 contra

485 1096 764 1169 principes,
789 1102 835 1148 et
859 1102 1129 1165 potestates
1150 1091 1470 1163 rectoresque
1493 1092 1819 1147 tenebrarum
1837 1092 2076 1157 istarum,

487 1205 535 1247 et
576 1186 872 1263 spiritualia
911 1188 1149 1261 nequitia:
1190 1187 1243 1240 in
1283 1186 1573 1243 cwlestibus
1616 1185 1832 1259 (Ep/tes.
1864 1203 1933 1254 η,
1966 1184 2077 1257 12).

490 1281 559 1336 Ει
586 1282 640 1336 in
667 1282 773 1336 alio
802 1281 954 1335 loco:
1004 1279 1327 1351 Sapientiam
1347 1278 1608 1349 loquimur
1634 1278 1766 1333 inter
1792 1278 2042 1351 perfectos
2062 1292 2081 1329 :

491 1374 813 1445 Sapientiam
858 1391 973 1428 vero
1018 1390 1120 1427 non
1147 1373 1327 1426 mundi
1354 1371 1509 1446 hujus
1538 1414 1552 1438 ,
1601 1389 1761 1445 neque
1791 1372 2082 1445 principum

490 1471 665 1527 surculi
691 1471 858 1536 istius,
902 1470 988 1539 qui
1016 1468 1352 1522 destruantur
1379 1465 1425 1538 (Ι
1452 1464 1569 1521 Cor.
1595 1482 1655 1534 ll,
1687 1466 1763 1539 b).
1797 1466 1864 1521 Et
1887 1467 2081 1522 iterum

490 1565 558 1621 de
590 1567 855 1635 sapientia
887 1563 1190 1633 disputans,
1226 1563 1323 1628 ait,
1355 1576 1510 1631 quam
1538 1560 1716 1615 nullus
1743 1561 1807 1614 de
1829 1560 2082 1629 principi—

489 1662 580 1715 bus
604 1661 757 1735 hujus
784 1660 963 1713 mundi
988 1658 1246 1732 cognorit.
1282 1656 1342 1712 Si
1368 1657 1503 1711 enint
1531 1655 1902 1727 cognovissent,
1934 1670 2081 1709 num-

2186 441 2293 515 (Αἰ.
2323 441 2685 513 Heradianus)
2718 442 2770 496 in
2808 440 2990 497 Africa
3033 441 3169 509 fuit,
3223 443 3389 498 erecti
3427 452 3553 498 sunt
3600 453 3781 498 mente

2186 535 2472 606 tyrannica
2486 541 2674 593 contra
2695 548 2879 605 regem
2896 542 2954 589 et
2974 533 3262 588 Dominum
3290 548 3447 588 suum
3475 535 3634 588 :utin
3663 542 3781 588 toto

2186 631 2321 686 orbe
2360 629 2627 700 dispersi,
2660 629 2763 683 sub
2807 628 3125 685 nominibus
3158 628 3504 695 idololatriae,
3551 628 3779 684 deorum

2185 722 2291 778 sibi
2323 724 2541 778 nomina
2569 733 2943 791 assumerent,
2975 732 3035 779 et
3059 722 3225 777 inﬂati
3253 722 3530 793 superbia,
3563 722 3617 776 in
3632 721 3781 792 judi-

2182 818 2329 875 cium
2359 815 2563 879 diaboli
2591 816 2898 879 inciderent.
2919 825 2976 873 et
3004 816 3278 886 laqueum.
3335 815 3412 877 De
3436 828 3548 886 ιιιιρ
3569 820 3626 879 ei
3654 814 3780 883 Ss!-

2186 917 2341 966 vator
2381 910 2596 969 locutus
2628 909 2682 975 in
2721 908 3024 980 Evangelia
3051 916 3168 969 est:
3207 907 3331 971 Vidi
3358 906 3783 975 Salaan

2187 1002 2365 1078 fulgur
2402 1005 2668 1061 cadentem
2708 1004 2774 1065 de
2798 1004 2925 1063 casto
2952 1002 3110 1075 (Luc.
3146 1019 3199 1071 ι,
3232 1000 3344 1075 l8).

2257 1098 2458 1168 (Vers.
2489 1100 2551 1161 tl
2589 1098 2783 1169 seqq.)
2832 1097 2904 1159 Et
2934 1102 3102 1169 factus
3128 1104 3204 1155 est
3244 1112 3414 1165 sentio
3460 1095 3671 1153 Dotnini
3710 1098 3783 1152 ad

2187 1210 2286 1260 me,
2311 1194 2485 1248 dicens
2509 1208 2529 1247 :
2561 1190 2670 1246 Fili
2700 1192 2943 1259 hominis,
2986 1190 3100 1249 leua
3134 1191 3399 1263 planctum
3434 1206 3590 1263 super
3616 1207 3785 1263 regem

2185 1286 2332 1359 Tyri,
2360 1298 2408 1342 et
2430 1288 2565 1341 dices
2591 1286 2637 1342 ei
2663 1302 2680 1341 :
2711 1285 2839 1343 Haec
2865 1286 2990 1341 dicit
3022 1283 3276 1343 Dominus
3302 1281 3442 1340 Deus
3464 1300 3484 1339 :
3512 1284 3589 1339 Tu
3610 1287 3787 1356 signo-

2186 1382 2358 1437 culum
2383 1380 2761 1448 similitudinis,
2787 1381 2971 1453 plenus
2991 1380 3278 1451 sapientior,
3323 1390 3371 1435 et
3396 1384 3653 1452 perfectus
3690 1381 3787 1439 de-

2186 1490 2338 1530 core:
2362 1475 2414 1528 in
2438 1474 2636 1529 deliciis
2656 1474 2891 1544 paradisi
2915 1470 3015 1527 Dei
3036 1472 3201 1543 fuisti.
3233 1470 3416 1529 Omnis
3440 1472 3574 1541 lapis
3598 1473 3793 1542 pretio-

2184 1583 2292 1635 sus,
2339 1568 2715 1639 operimentum
2745 1577 2886 1627 tuum
2907 1582 2927 1621 :
2957 1566 3187 1633 sardius,
3235 1566 3490 1638 topasius,
3525 1574 3573 1619 et
3592 1566 3787 1636 jaspis,

2186 1662 2567 1734 chrysolythus,
2591 1677 2748 1732 onyx,
2772 1670 2821 1717 et
2841 1660 3071 1729 berillus,
3095 1658 3394 1731 sapphirus,
3416 1658 3789 1727 carbunculus,

490 1773 646 1823 quam
695 1754 970 1808 Dominum
1017 1750 1198 1825 gloria:
1248 1750 1619 1820 cruciﬁxissent
1663 1747 1707 1822 (I
1733 1748 1853 1804 Cor.
1886 1764 1923 1803 tt
1950 1790 1964 1813 ,
1998 1749 2077 1820 8).

2194 1765 2231 1810 et
2257 1756 2579 1827 smaragdus.
2612 1754 2811 1813 Aurum
2839 1772 2970 1825 opus
2997 1754 3197 1813 decoris
3218 1755 3315 1821 tui,
3339 1762 3387 1811 et
3416 1754 3671 1825 foramina
3698 1763 3795 1808 tua

490 1848 546 1905 In
599 1846 842 1903 Danielis
898 1860 1116 1919 quoque
1172 1843 1458 1915 prophetia
1520 1843 1811 1912 perspicue
1864 1841 2079 1912 legitur,

494 1944 749 2015 Princeps
779 1941 1055 1998 lsraelitici
1083 1940 1266 2012 populi
1294 1938 1547 2003 Michael,
1575 1945 1630 1993 et
1655 1939 1909 2009 princeps
1935 1935 2084 1992 Gras-

491 2038 626 2104 cim,
679 2036 1043 2109 princepsque
1093 2033 1384 2089 Persarum
1436 2029 1705 2105 (Dan.x).
1756 2030 1825 2087 Et
1872 2029 2085 2102 Moyses

491 2133 733 2203 apertius
770 2131 962 2188 scribit
1000 2131 1055 2186 in
1097 2128 1508 2185 Deuteronomii
1557 2126 1817 2185 Cantica:
1864 2126 2084 2194 Quando

495 2225 753 2281 dividebat
804 2225 1101 2279 Altissimus
1145 2235 1352 2294 gentes,
1419 2233 1469 2278 et
1529 2223 1901 2279 disseminabat
1950 2222 2087 2293 ﬁlios

495 2322 681 2384 Adam,
720 2320 984 2374 constituit
1028 2318 1271 2373 terminos
1313 2317 1607 2383 nationum,
1635 2314 1794 2388 juxta
1819 2330 2086 2370 numerum

494 2413 797 2486 angelorum
826 2410 924 2466 Dei
953 2408 1131 2484 (Deut.
1166 2426 1352 2477 χχχιι,
1385 2411 1440 2481 8)
1467 2424 1483 2477 ;
1527 2410 1643 2465 sive
1685 2419 1742 2465 ut
1770 2408 1965 2466 melius
1992 2407 2088 2465 ha-

491 2508 648 2565 betur
696 2510 747 2562 in
794 2508 1097 2566 Hebraico:
1133 2512 1292 2582 juxta
1336 2524 1605 2563 numerum
1637 2507 1867 2574 filiorum
1894 2504 2083 2560 Israel.

494 2604 563 2658 Et
599 2602 738 2658 facta
780 2613 867 2659 est
909 2619 1035 2674 pars
1066 2601 1287 2659 Domini
1318 2602 1550 2674 populus
1576 2602 1696 2673 eius
1726 2600 1913 2667 Jacob,
1944 2600 2088 2657 futti-

492 2697 645 2753 culus
694 2696 1030 2753 htereditatis
1065 2696 1182 2767 ejus
1216 2695 1268 2751 in
1300 2695 1493 2753 Israel.
1543 2694 1655 2750 Nec
1685 2694 2003 2751 mirabimur
2033 2693 2086 2749 in

495 2801 645 2863 parte
678 2793 950 2847 contraria
995 2790 1257 2862 pessimos
1304 2789 1553 2861 regesin
1595 2800 1724 2861 typo
1768 2790 2090 2859 pratvarica-

492 2898 670 2945 torum
722 2889 1033 2961 pratcedere
1080 2888 1423 2959 principum,
1478 2903 1600 2943 cum
1648 2885 1882 2957 optimos
1932 2898 2090 2953 reges

496 2981 700 3047 David,
742 2994 795 3039 et
837 2982 1219 3047 Salomonem,
1264 2991 1318 3038 et
1349 2980 1582 3047 Josiam,
1629 2986 1687 3037 et
1727 2974 2087 3050 patriarchas,

492 3094 554 3133 ac
585 3078 909 3149 prophetas,
949 3078 1004 3132 in
1054 3078 1223 3151 ﬁgura
1272 3076 1488 3132 Domini
1520 3074 1825 3131 Salvatoris
1853 3086 2088 3142 pt'mces-

2187 1850 2241 1902 in
2271 1849 2355 1903 die
2377 1866 2480 1918 qua
2509 1849 2749 1904 conditus
2778 1865 2852 1915 es,
2885 1856 3180 1919 praeparata
3202 1857 3343 1907 sunt.
3369 1846 3449 1902 Tu
3479 1845 3681 1903 Cherub
3700 1862 3797 1901 ca:-

2188 1952 2353 1998 tentus
2380 1953 2427 1999 et
2452 1955 2738 2015 protegens,
2768 1952 2816 1996 et
2845 1942 2997 2014 posui
3021 1952 3070 1998 te
3096 1942 3151 2005 in
3178 1949 3347 2001 monte
3372 1950 3550 2001 sancto
3576 1938 3693 1997 Dei.
3718 1939 3797 1995 In

2186 2037 2356 2090 medio
2403 2034 2640 2107 lapidum
2669 2036 2943 2107 ignitorum
2987 2035 3259 2091 ambulasti
3282 2051 3301 2090 :
3328 2038 3583 2105 perfectus
3609 2034 3666 2089 in
3695 2033 3799 2090 viis

2188 2130 2308 2192 tuis,
2334 2147 2366 2183 a
2396 2129 2479 2183 die
2512 2129 2819 2184 conditionis
2844 2138 2948 2184 tua:
2971 2145 2989 2183 :
3017 2131 3178 2182 donec
3212 2128 3414 2182 inventa
3442 2136 3516 2181 est
3544 2126 3795 2197 iniquitas

2184 2225 2241 2279 in
2268 2236 2336 2280 te.
2379 2223 2446 2279 In
2472 2221 2799 2281 multitudine
2827 2215 3191 2293 negotiationis
3215 2231 3318 2277 tute
3343 2220 3541 2292 repleta
3564 2229 3681 2274 sunt
3707 2220 3795 2273 in-

2189 2318 2377 2372 teriora
2407 2326 2497 2372 tua
2527 2317 2820 2386 iniquitate,
2852 2326 2902 2373 et
2930 2316 3174 2386 peccasti,
3212 2323 3260 2368 et
3290 2314 3420 2386 ejeei
3450 2322 3501 2366 te
3525 2312 3586 2366 de
3620 2320 3797 2366 monte

2190 2408 2307 2478 Dei,
2342 2420 2389 2465 et
2435 2410 2640 2480 perdidi
2665 2419 2734 2475 te,
2764 2426 2794 2464 ο
2824 2407 3045 2475 Cherub,
3078 2416 3346 2479 protegens
3371 2406 3436 2463 ds
3465 2405 3631 2461 medio
3656 2404 3803 2474 lapi-

2189 2510 2310 2557 dum
2339 2504 2639 2575 ignitorum.
2663 2502 2729 2559 Et
2758 2503 2982 2561 levatum
3001 2513 3079 2557 est
3101 2518 3189 2557 cor
3215 2512 3357 2556 tuum
3375 2502 3430 2555 in
3459 2500 3643 2555 decore
3664 2508 3753 2552 tuo
3785 2513 3805 2551 :

2189 2594 2459 2665 perdidisti
2479 2595 2787 2665 sapientiam
2812 2596 2866 2649 in
2890 2593 3279 2667 pulchritudine
3306 2603 3397 2651 tua
3427 2591 3446 2664 [
3471 2591 3631 2662 Vulg.
3656 2601 3803 2647 tuam

2189 2688 2243 2743 in
2270 2689 2454 2743 decore
2468 2697 2557 2747 tuo
2576 2699 2628 2760 j,
2661 2689 2713 2741 in
2737 2696 2926 2743 terram
2946 2687 3145 2759 projeci
3167 2695 3215 2741 te
3236 2702 3255 2743 .'
3274 2696 3391 2745 ants
3413 2686 3599 2754 [aciem
3620 2700 3807 2755 regum

2192 2782 2312 2838 dedi
2343 2792 2410 2852 te,
2457 2792 2511 2837 ut
2552 2792 2816 2839 cernerent
2863 2791 2930 2841 te.
2990 2779 3058 2835 In
3106 2779 3438 2841 multitudine
3466 2779 3823 2849 iniquitatum.

2192 2887 2401 2933 tuarum
2445 2886 2491 2932 ct
2529 2878 2799 2948 iniquitate
2833 2877 2999 2949 330
3026 2877 3392 2949 negotiationis
3436 2884 3539 2931 tua:
3569 2873 3807 2945 polluisti

2191 2971 2651 3043 sanctiﬁcationem
2675 2983 2836 3035 tuam.
2866 2969 3165 3031 Producam
3193 2988 3312 3043 ergo
3341 2972 3513 3043 ignem
3541 2970 3604 3025 de
3630 2969 3802 3025 medio

2193 3065 2291 3135 tui,
2310 3066 2402 3137 qui
2427 3065 2656 3123 comedat
2681 3075 2749 3132 te,
2773 3075 2821 3127 et
2848 3065 2982 3127 dabo
3007 3076 3055 3123 te
3077 3066 3133 3121 in
3158 3065 3382 3121 cinerem
3402 3080 3559 3134 super
3587 3072 3800 3125 terram,

494 3172 633 3227 sisse
673 3171 990 3226 doceamus.
1039 3168 1206 3241 Igitur
1246 3167 1399 3237 juxta
1441 3175 1729 3237 utramque
1786 3162 2090 3233 intelligen-
2116 3157 2163 3222 C
2192 3158 2249 3215 in
2275 3168 2543 3232 conspectu
2571 3158 2796 3221 omnium
2827 3158 3199 3221 ridentiumte.
3243 3156 3434 3213 Omnes
3460 3157 3552 3227 qui
3584 3155 3810 3210 uiderint

494 3266 621 3318 tiam
656 3306 669 3329 ,
720 3279 907 3335 regum
954 3262 1159 3333 pariter
1214 3260 1574 3330 superborum
1630 3268 1686 3313 et
1719 3265 2089 3329 apostatarum

492 3355 823 3426 principum,
856 3369 977 3426 quae
1008 3352 1213 3419 scripta
1240 3357 1384 3417 sunt,
1440 3350 1793 3406 disseramus.
1842 3347 1931 3402 Ait
1960 3362 2091 3418 ergo

493 3448 602 3520 (Al.
647 3448 780 3503 Cum
810 3447 899 3512 sit,
939 3444 1074 3517 ait):
1128 3445 1283 3500 Licet
1310 3445 1361 3498 in
1392 3442 1575 3498 medio
1600 3442 1784 3507 maris,
1819 3450 1875 3497 et
1902 3440 2092 3496 insula:

491 3540 726 3596 tenearis
751 3538 1031 3610 angustiis,
1071 3538 1192 3608 plus
1217 3537 1414 3602 dicam,
1448 3551 1571 3591 cum
1598 3534 1673 3589 sis
1698 3534 1880 3597 homo,
1916 3540 1973 3589 et
1992 3532 2093 3586 hu-

492 3647 667 3688 mana:
708 3631 889 3686 carnis
925 3628 1219 3701 fragilitate
1250 3628 1635 3690 circumdatus,
1673 3636 1887 3681 tumore
1912 3623 2092 3679 cordis

494 3730 690 3795 elatus,
742 3725 795 3780 in
823 3724 967 3780 solio
996 3723 1121 3789 Dei,
1155 3722 1207 3776 in
1240 3721 1394 3778 cmlis
1421 3730 1474 3775 te
1518 3720 1767 3774 habitare
1796 3717 2092 3773 arbitratus

492 3837 572 3878 es.
605 3820 886 3890 Simulque
933 3816 1056 3888 quia
1098 3817 1269 3885 iaetas
1312 3813 1661 3883 sapientiam,
1706 3810 1758 3865 in
1797 3819 2003 3864 tantum
2038 3818 2093 3863 ut

494 3912 646 3985 regni
688 3911 765 3966 tui
794 3908 1067 3976 homines,
1100 3906 1451 3963 Salomonem
1487 3904 1865 3973 mnigmatibus
1899 3917 2093 3971 provo-

494 4011 719 4061 carent:
769 4001 1027 4072 numquid
1077 3997 1379 4070 sapientior
1431 4012 1491 4051 cs
1550 3995 1814 4061 Danielo,
1859 3994 1948 4067 qui
1999 3994 2094 4050 Dei

494 4100 665 4170 gratia
696 4097 827 4152 vicit
854 4110 1045 4150 omnes
1073 4106 1260 4163 magos
1286 4098 1340 4145 et
1370 4088 1633 4154 hariolos,
1664 4088 1827 4161 329
1855 4096 1912 4142 et
1953 4102 2097 4143 nunc

496 4193 547 4247 in
574 4190 853 4263 Babylone
884 4185 1323 4257 sapientissimus
1368 4181 1489 4236 est?
1530 4180 1656 4236 Sive
1699 4182 1770 4235 ita
1795 4179 2097 4251 intelligen-

497 4287 657 4342 dum:
707 4284 884 4338 Etiam
916 4281 965 4336 si
991 4279 1293 4351 sapientior
1318 4276 1395 4332 sis
1425 4275 1645 4330 Daniele
1673 4318 1687 4342 ,
1739 4274 1830 4345 qui
1856 4272 2096 4329 omnium

497 4380 839 4437 confessione
881 4375 1321 4445 sapientissimus
1351 4381 1462 4437 est,
1499 4380 1555 4425 et
1577 4370 1886 4426 divitiarum
1910 4385 1973 4424 ac
2003 4384 2098 4441 po-

500 4473 683 4531 tentia:
705 4468 1072 4543 magnitudine
1095 4468 1189 4522 Dei
1222 4477 1270 4521 te
1291 4464 1478 4535 cupias
1502 4464 1754 4535 potentia:
1776 4478 2095 4533 coaequare:

2194 3260 2241 3305 te
2279 3254 2332 3307 in
2362 3252 2615 3323 gentibus,
2650 3254 3000 3323 obstupescent
3024 3269 3182 3324 super
3223 3262 3290 3309 te.
3326 3251 3501 3309 Nihili
3528 3253 3700 3322 factus
3725 3267 3809 3320 es,

2192 3355 2240 3399 et
2266 3362 2371 3400 non
2397 3347 2499 3402 eris
2544 3348 2597 3401 in
2634 3356 2961 3419 perpetuum.
2999 3345 3179 3407 LXX:
3228 3344 3297 3401 Et
3339 3347 3505 3417 factus
3534 3353 3608 3400 est
3635 3360 3815 3399 sermo

2195 3436 2407 3492 Domini
2434 3439 2504 3493 ad
2532 3456 2632 3507 me,
2668 3439 2844 3497 dicens
2868 3457 2887 3494 :
2933 3437 3045 3497 Fili
3091 3439 3335 3505 hominis,
3374 3453 3515 3495 sume
3540 3437 3813 3508 planctum

2191 3548 2348 3604 super
2381 3534 2666 3605 principem
2697 3533 2839 3605 Tyri,
2874 3542 2919 3589 et
2949 3534 3088 3589 dices
3119 3536 3162 3588 ei
3186 3550 3205 3589 :
3235 3532 3365 3591 Iltec
3388 3532 3517 3588 dicit
3544 3530 3809 3589 Dominus

2192 3622 2334 3679 Deus
2363 3642 2379 3677 :
2416 3624 2493 3681 Tu
2520 3626 2847 3699 signaculum
2895 3625 3278 3694 similitudinis,
3310 3626 3491 3697 plenus
3521 3625 3804 3693 sapientia,

2194 3726 2241 3771 et
2280 3733 2475 3775 corona
2499 3719 2731 3775 decoris:
2756 3720 2811 3775 in
2836 3718 3035 3775 deliciis
3056 3718 3291 3791 paradisi
3322 3716 3423 3779 Dei
3450 3719 3614 3789 fuisti.
3646 3717 3809 3773 Omni

2196 3810 2370 3883 lapide
2398 3813 2528 3869 bona
2549 3812 2899 3873 circumdatus
2920 3829 2972 3869 es
2995 3828 3015 3867 :
3056 3812 3230 3871 sardio
3261 3823 3308 3868 et
3333 3813 3560 3882 tapasio,
3593 3821 3640 3865 et
3666 3827 3813 3865 8M-

2196 3906 2385 3978 ragdo,
2411 3916 2458 3961 et
2479 3906 2817 3974 carbunculo,
2835 3916 2884 3963 et
2902 3906 3177 3979 sapphiro,
3191 3916 3239 3967 et
3250 3906 3478 3978 iaspide,
3504 3916 3549 3961 et
3566 3914 3808 3978 argento.

2198 4010 2245 4053 et
2267 4017 2419 4068 auro,
2452 4011 2500 4057 et
2531 4000 2743 4075 ligurio,
2772 4010 2821 4058 et
2843 4000 3048 4069 achate,
3073 4010 3123 4057 et
3142 4000 3455 4073 amethysto,
3480 4011 3527 4057 et
3555 3998 3815 4071 chrysoli-

2202 4091 2313 4157 tho,
2348 4103 2395 4149 et
2424 4093 2628 4163 berillo,
2664 4104 2713 4151 et
2738 4094 3022 4166 onychino,
3051 4105 3101 4149 et
3128 4111 3257 4151 auro
3300 4095 3509 4165 replesti
3538 4094 3814 4149 thesauros

2203 4201 2338 4259 tuos,
2362 4200 2408 4245 et
2438 4188 2625 4246 horrea
2651 4201 2741 4246 tua
2767 4191 2823 4247 in
2870 4201 2937 4255 te,
2967 4206 3001 4244 a
3028 4191 3111 4247 die
3134 4206 3238 4259 qua
3262 4188 3498 4247 conditus
3545 4206 3621 4255 es,
3649 4205 3813 4257 para-

2201 4293 2381 4339 verunt
2422 4302 2539 4341 cum
2567 4284 2771 4341 Cherub
2812 4296 2968 4340 uncto
2997 4293 3022 4325 ⁸
3052 4301 3087 4339 a
3114 4283 3247 4351 Deo,
3278 4295 3327 4340 et
3353 4283 3616 4339 habitante
3645 4284 3701 4338 in
3725 4292 3811 4335 ta-

2204 4376 2503 4446 bernaculo,
2535 4377 2657 4439 dedi
2687 4389 2737 4434 te
2778 4379 2834 4443 in
2862 4387 3033 4433 monte
3059 4385 3235 4433 sancto
3281 4373 3380 4432 Dei
3400 4391 3419 4429 .'
3450 4376 3625 4446 [actus
3663 4390 3713 4429 es
3758 4372 3815 4426 in

2205 4471 2375 4524 medio
2406 4471 2643 4542 lapidum
2676 4474 2979 4543 ignitorum.
3018 4467 3194 4527 Fuisti
3220 4468 3584 4525 immaculatus
3612 4469 3669 4522 in
3702 4468 3815 4521 dico

501 4580 679 4622 tamen
712 4562 941 4635 capieris
970 4561 1039 4617 ab
1066 4559 1413 4627 adversariis,
1445 4567 1499 4614 et
1527 4555 1659 4613 urbe
1690 4556 1923 4628 perdita,
1955 4555 2093 4611 mul-
2122 4555 2174 4618 D
2200 4562 2293 4617 bus
2316 4565 2437 4634 tuis,
2461 4582 2494 4620 a
2519 4566 2602 4625 die
2621 4583 2723 4637 qua
2748 4575 2946 4623 creatus
2989 4581 3041 4621 es
3070 4581 3089 4619 :
3130 4564 3291 4621 donec
3316 4564 3536 4621 inuentis
3564 4572 3683 4618 sunt
3708 4562 3816 4616 ini-

503 4662 571 4718 tis
598 4657 933 4717 confodieris
958 4655 1275 4711 vulneribus
1302 4673 1314 4707 :
1352 4663 1405 4708 et
1431 4654 1567 4708 ultra
1599 4668 1706 4707 non
1742 4651 1913 4715 dices,
1953 4650 2095 4705 Deus

501 4773 601 4829 ego
631 4771 781 4811 sum:
818 4752 913 4807 sed
943 4751 1136 4805 doctus
1165 4750 1385 4804 interitu
1406 4790 1421 4816 ,
1458 4748 1734 4804 hominem
1762 4756 1815 4803 te
1847 4762 1972 4803 esse
2000 4761 2093 4802 co-

502 4864 731 4922 gnosces
753 4888 766 4912 ,
801 4862 905 4900 non
938 4845 1128 4899 Deum.
1175 4843 1268 4898 Sin
1310 4854 1493 4897 autem
1526 4841 1864 4897 voluerimus
1894 4842 2095 4913 princi-

502 4959 625 5014 pem
654 4940 780 5012 Tyri
811 4936 1061 4994 eamdem
1093 4937 1277 4991 dicere
1308 4945 1654 5006 potestatem,
1690 4936 1829 4991 cuia
1853 4935 1964 4990 Deo
1988 4946 2094 4990 tra-

502 5038 611 5091 dita
663 5043 743 5089 est
786 5033 899 5102 ipsa
929 5030 1153 5093 civitas,
1206 5029 1323 5084 sive
1358 5029 1655 5100 provincia,
1686 5027 1817 5083 illud
1848 5043 2095 5084 assuma-

504 5147 625 5187 mus
657 5126 1050 5185 testimouium.
1086 5124 1197 5196 Ego
1224 5125 1333 5178 dixi
1361 5167 1374 5187 ,
1401 5125 1476 5178 dii
1504 5125 1654 5188 estis,
1683 5132 1732 5178 et
1759 5122 1857 5192 ﬁlii
1890 5124 2095 5178 Excelsi

505 5239 695 5278 omnes.
758 5220 861 5275 Vos
910 5228 1079 5273 autem
1101 5219 1235 5272 sicut
1262 5217 1490 5270 homines
1519 5216 1839 5280 moriemini,
1891 5225 1937 5270 et
1963 5219 2096 5271 sicut

505 5334 639 5371 unus
670 5315 732 5368 de
758 5311 1076 5386 principibus
1103 5310 1296 5364 cadetis
1324 5308 1500 5381 (Psal.
1532 5324 1719 5376 Lxxxt,
1746 5309 1825 5380 7).
1856 5308 2092 5367 Tradita:

506 5411 650 5467 enim
681 5409 788 5463 illis
821 5417 949 5462 sunt
993 5407 1059 5460 ad
1099 5404 1395 5475 regendum
1432 5403 1723 5473 provincia:
1760 5404 1915 5475 quasi
1940 5404 2090 5474 judi-

506 5506 659 5560 cibus
697 5502 766 5556 ab
806 5501 1159 5570 lmperatore.
1209 5497 1313 5564 Qui
1357 5496 1510 5551 obliti
1537 5496 1800 5551 honorem
1834 5512 1991 5551 suum
2021 5513 2088 5553 ex

582 5648 600 5667 ‘
650 5648 816 5701 Voces
841 5662 874 5697 a
900 5642 1031 5707 Deo,
1078 5640 1253 5709 inquit
1282 5638 1579 5701 Victorius,
1614 5636 1902 5709 superﬂuae
1949 5648 2097 5703 sunt,

509 5735 629 5790 quas
654 5731 755 5773 nec
786 5716 1047 5790 ltebraice
1078 5708 1367 5790 habentur,
1401 5726 1514 5790 nec
1545 5710 1755 5790 Graece.
1789 5708 2095 5790 Tum__illae,

508 5778 681 5858 tincto,
736 5795 782 5844 st
822 5786 1080 5843 habitante
1122 5784 1176 5839 in
1220 5780 1568 5849 tabernaculo,
1611 5779 1808 5837 desunt
1853 5778 2014 5839 hodie
2045 5783 2098 5836 in

2199 4657 2422 4725 quitates
2462 4659 2516 4713 in
2553 4669 2619 4725 te,
2651 4676 2684 4713 α
2720 4657 3053 4717 multitudine
3081 4658 3443 4731 negotiationis
3470 4667 3571 4711 tua:
3606 4651 3815 4726 replesti

2200 4752 2416 4809 cellaria
2460 4763 2549 4811 tua
2576 4754 2872 4825 iniquitate,
2901 4763 2949 4811 et
2998 4755 3243 4826 peccasti,
3293 4764 3341 4809 et
3362 4754 3660 4808 vulneratus
3701 4771 3754 4807 cs
3780 4771 3817 4807 a

2201 4854 2375 4901 monte
2403 4842 2526 4913 Dei,
2555 4856 2605 4901 et
2635 4846 2861 4905 adduxit
2903 4856 2952 4902 te
2980 4846 3187 4903 Cherub
3217 4848 3525 4903 obumbrans
3551 4849 3613 4903 de
3640 4847 3813 4901 medio

2202 4938 2438 5010 lapidum
2458 4941 2742 5013 ignitorum
2769 4940 3021 4997 :Elatum
3041 4953 3113 4998 est
3136 4958 3224 4997 cor
3238 4944 3450 4997 tuumin
3467 4944 3645 4999 decore
3671 4954 3761 4997 tuo
3792 4958 3813 4997 :

2204 5044 2449 5105 corrupta
2461 5045 2532 5088 est
2552 5034 2829 5104 disciplina
2849 5046 2940 5091 tua
2966 5054 3082 5091 cum
3104 5038 3285 5092 decore
3303 5046 3411 5092 tuo.
3438 5036 3660 5109 Propter
3675 5038 3819 5091 mul-

2202 5124 2476 5180 titudinem
2501 5137 2832 5197 peccatorum
2863 5139 3076 5185 tuorum
3098 5132 3149 5185 in
3182 5141 3375 5186 terram
3424 5132 3625 5204 proieci
3651 5140 3702 5185 te
3726 5132 3817 5186 :in

2198 5228 2473 5297 conspectu
2486 5237 2664 5293 regum
2682 5224 2801 5278 dedi
2822 5232 2889 5290 te,
2916 5222 3410 5283 utdehonestareris.
3435 5223 3659 5296 Propter
3678 5224 3821 5279 ntul-

2196 5310 2465 5367 titudinem
2480 5325 2805 5385 peccatorum
2826 5324 3050 5381 tuorum.
3073 5327 3121 5371 et
3141 5318 3438 5389 iniquitates
3457 5313 3821 5391 negotiationis

2196 5410 2851 5465 tuatcontaminavisoncta
2866 5420 2974 5465 tua.
2995 5410 3063 5465 Et
3082 5412 3298 5466 educam
3314 5413 3485 5487 ignem
3508 5409 3537 5449 ι’
3564 5412 3616 5465 in
3644 5411 3818 5464 medio

2196 5499 2292 5569 tui,
2306 5499 2390 5555 hic
2403 5502 2667 5558 devorabit
2685 5514 2753 5559 te.
2774 5503 2843 5561 Et
2858 5506 2989 5565 dabo
3011 5516 3057 5563 te
3070 5507 3124 5563 in
3145 5507 3365 5563 cinerem
3374 5524 3529 5579 super
3548 5516 3741 5562 terram
3762 5506 3818 5559 in

2208 5640 2438 5705 Greco;
2486 5659 2675 5721 verum
2708 5648 2984 5721 exstitisse
3015 5647 3169 5715 olim,
3198 5647 3401 5721 conjici
3431 5664 3499 5705 ex
3544 5647 3821 5705 llebraico

2211 5721 2408 5789 potest,
2441 5723 2497 5771 ct
2524 5715 2837 5789 Hieronymi
2880 5715 3310 5777 Commentario.

2281 5783 2307 5823 δ
2349 5783 2553 5843 ViCtor.
2584 5786 2648 5845 de
2686 5783 2855 5847 medio
2884 5790 2982 5860 tui,
3010 5800 3065 5851 et
3087 5791 3280 5853 Graec
3308 5792 3366 5855 in
3390 5793 3551 5867 μέσον
3583 5811 3705 5850 σου.
