3928 6322
526 221 624 279 ΞἹΙ

1764 223 1822 279 S.
1866 220 2137 280 EUSEBII
2178 219 2436 278 lllERON
2448 218 2563 277 YMI

3696 225 3796 281 272

520 339 575 393 in
610 337 871 407 templum
899 342 1144 391 sanctum
1178 343 1202 372 λ
1236 334 1331 391 Dei
1362 334 1584 410 (Ephes.
1628 351 1687 403 ιι,
1718 335 1829 407 l0).
1878 336 1943 390 Hi
1990 344 2118 391 sunt
2143 339 2197 401 Α
2221 333 2335 399 dit;
2366 344 2421 389 et
2442 330 2633 388 vendit
2658 331 2843 387 omnia
2869 346 2991 402 qua:
3031 331 3220 400 habet,
3262 340 3318 388 et
3342 334 3478 391 emit
3520 348 3704 407 agrum
3736 337 3796 391 il-

521 429 752 500 lapides,
778 430 848 485 de
876 428 1072 499 quibus
1100 428 1233 483 etin
1259 429 1368 484 alio
1406 430 1528 485 loco
1551 429 1783 500 legimus
1827 446 1841 482 :
1884 428 2118 496 Lapides

522 524 700 579 sancti
724 523 1018 579 volvuntur
1038 537 1201 594 super
1234 532 1439 580 terram
1469 525 1640 580 instar
1663 532 1903 579 rotarum
1930 522 2113 595 (Zar/i.

519 630 598 683 lx,
626 614 733 685 f6),
772 615 1050 684 paululum
1099 624 1385 687 tangentes
1413 616 1662 681 humum,
1690 626 1748 672 et
1774 615 2117 672 volubilitate

519 722 619 764 sua
651 709 720 762 ad
759 710 1001 765 caelestia
1036 708 1375 766 festinantes.
1414 711 1491 766 De
1524 711 1723 781 quibus
1744 719 1800 766 et
1831 710 2116 781 Scriptura

517 813 913 859 commemorat
942 822 952 857 :
988 802 1131 859 Ecce
1155 818 1258 874 ego
1286 818 1533 874 prmparo
1556 803 1951 860 carbunculum
1984 801 2119 872 lapi-

518 893 645 950 dem
676 903 827 951 tuum
857 905 951 952 :et
975 894 1327 952 fundamenta
1357 907 1448 952 tua
1470 897 1814 968 sapphirum,
1839 907 1892 952 et
1917 910 2115 968 ponam

515 990 931 1061 propugnacula
970 1000 1058 1045 tua
1083 990 1377 1061 jaspidem,
1408 998 1469 1046 et
1497 1000 1686 1062 portas
1735 1001 1852 1046 tuas
1882 988 1911 1028 ι)
1938 988 2118 1059 lapide

519 1083 810 1154 crystallo,
842 1091 897 1139 et
921 1098 1136 1138 murum
1163 1092 1317 1139 tuum
1348 1084 1628 1155 lapidibus
1659 1084 1852 1139 electis
1882 1100 1896 1136 :
1926 1092 1982 1138 et
2003 1097 2120 1137 om-

516 1190 624 1230 nes
654 1176 799 1231 ﬁlios
830 1185 952 1232 tuos
982 1175 1174 1232 doctos
1206 1192 1237 1231 a
1265 1177 1400 1242 Deo,
1428 1187 1483 1233 et
1510 1178 1563 1233 in
1611 1178 1778 1233 multa
1810 1191 1949 1248 pace
1979 1175 2120 1231 filios

517 1276 666 1335 tuos,
692 1278 750 1326 et
776 1270 831 1326 in
846 1271 1057 1341 justitia
1079 1271 1444 1328 mdiﬁcaberis
1474 1271 1611 1343 (Isa.
1640 1289 1747 1339 Liv,
1775 1272 1987 1343 11-15).
2017 1270 2120 1327 Su-

518 1377 625 1435 per
653 1379 762 1435 quo
788 1365 917 1435 quid
950 1367 1108 1422 nobis
1130 1366 1430 1434 videretur,
1462 1367 1517 1422 in
1554 1366 1800 1438 ejusdem
1835 1366 2119 1438 propheta:

520 1456 1002 1527 explanationibus
1032 1459 1294 1517 diximus.
1331 1462 1408 1516 De
1434 1460 1815 1530 hujuscemodi
1842 1460 2121 1531 lapidibus

521 1557 581 1605 et
608 1550 905 1621 vigesimus
936 1552 1185 1623 psalmus
1216 1553 1365 1607 canit
1397 1568 1412 1607 :
1448 1553 1699 1621 Domine,
1726 1554 1778 1609 in
1802 1553 2003 1607 virtute
2030 1563 2119 1605 tua

518 1643 798 1700 laetabitur
823 1660 941 1711 rex,
982 1655 1039 1701 et
1082 1660 1246 1716 super
1275 1646 1517 1702 salutare
1549 1655 1703 1702 tuum
1736 1644 1999 1701 exultavit
2027 1659 2121 1699 ve-

2221 426 2332 481 lum
2364 424 2554 498 (Ibid.,
2590 426 2705 497 15).
2733 424 3026 496 Apothecae
3054 435 3233 482 autem
3262 438 3413 493 sunt,
3442 429 3558 485 sive
3584 429 3787 497 horrea,

2222 520 2290 575 de
2316 520 2518 591 quibus
2543 519 2598 574 in
2628 519 2740 575 alio
2760 519 2879 574 loco
2907 519 3168 591 scriptum
3192 530 3310 576 est:
3333 520 3646 579 Benedicta:
3675 539 3796 594 apo-

2223 615 2395 672 theca:
2425 625 2555 681 tuae,
2582 622 2639 671 et
2665 615 2910 684 reliquiae
2940 624 3048 670 tuae
3082 614 3262 687 (Deut.
3295 631 3492 681 xxvm,
3517 614 3598 685 5).
3627 627 3649 655 ε
3673 616 3797 672 Post

2221 709 2341 765 haec
2366 709 2589 775 dicitur,
2610 708 2766 778 juxta
2791 707 3117 764 Hebraicum
3146 727 3157 762 :
3189 708 3271 763 Tu
3299 708 3525 764 Cherub
3554 717 3796 765 extentus

2222 813 2278 858 et
2324 813 2637 872 protegens,
2670 801 2991 858 subauditur
3026 817 3210 858 arcam
3246 802 3344 858 Dei
3379 812 3437 858 et
3484 803 3795 873 propitiato-

2226 898 2398 965 rium,
2431 898 2522 954 vel
2544 897 2700 966 juxta
2729 898 3111 969 Septuaginta,
3131 897 3277 969 quod
3306 897 3426 969 ipse
3447 911 3572 954 cum
3594 896 3799 954 Cherub

2224 1002 2424 1048 unctus
2464 993 2535 1049 sit
2560 1004 2615 1049 et
2644 1001 2884 1049 creatus.
2919 992 3004 1047 Ex
3031 1007 3140 1063 quo
3186 990 3497 1047 ostenditur
3530 990 3598 1045 ad
3630 990 3796 1046 homi-

2224 1098 2350 1140 nem
2372 1084 2521 1140 urbis
2540 1085 2717 1157 Tyria:
2741 1085 3042 1156 principem
3066 1084 3170 1139 hoc
3187 1083 3466 1153 pertinere
3488 1096 3593 1138 non
3614 1097 3793 1153 posse:

2224 1178 2321 1235 sed
2361 1179 2430 1234 ad
2454 1191 2700 1235 sanctam
2744 1178 3021 1249 quondam
3062 1187 3118 1233 et
3160 1177 3495 1249 praecipuam
3538 1176 3798 1233 fortitudi-

2226 1288 2373 1340 nem,
2407 1289 2530 1343 quaa
2551 1273 2704 1329 urbis
2731 1273 2910 1344 Tyriae
2944 1273 3197 1343 princeps
3232 1272 3411 1343 posita
3442 1272 3533 1326 sit.
3563 1272 3629 1326 Et
3658 1272 3795 1341 posui

2226 1365 2337 1438 [Αι.
2366 1368 2579 1423 additur
2618 1367 2721 1441 te],
2750 1367 2926 1439 inquit
2971 1367 3026 1422 in
3067 1374 3254 1423 monte
3278 1375 3474 1422 sancto
3512 1366 3642 1432 Dei;
3668 1367 3794 1421 haud

2226 1459 2446 1516 dubium
2488 1461 2619 1532 quin
2674 1460 2988 1531 paradisum
3037 1458 3329 1526 significet,
3378 1458 3448 1514 ad
3496 1474 3653 1530 quem
3687 1471 3797 1530 post

2226 1553 2425 1609 coelum
2460 1554 2679 1609 tertium
2708 1553 2906 1608 Paulus
2934 1552 3217 1622 apostolus
3255 1559 3476 1623 raptum
3499 1566 3623 1607 esse
3648 1566 3705 1607 se
3721 1552 3793 1605 di-

2225 1648 2301 1703 cit
2330 1648 2375 1719 (l
2398 1648 2519 1703 Cor.
2549 1650 2674 1718 xit).
2704 1647 2927 1703 Cherub
2949 1655 3129 1702 autem
3145 1660 3350 1716 genere
3368 1644 3687 1710 masculino,
3709 1660 3794 1699 nu-

520 1735 833 1794 hcmenter.
883 1738 1227 1794 Desiderium
1274 1740 1472 1794 anima:
1513 1739 1632 1809 ejus
1685 1738 1927 1794 tribuisti
1962 1737 2033 1802 ei,
2066 1743 2122 1791 et
2150 1755 2199 1816 Β
2228 1757 2384 1797 mero
2413 1742 2715 1813 singulari:
2758 1752 2814 1798 et
2836 1740 3034 1812 plurali
3074 1739 3331 1794 dicuntur
3361 1738 3674 1805 Cherubim,
3716 1739 3791 1808 qui

516 1832 803 1887 voluntate
823 1832 1094 1888 labiorum
1112 1832 1237 1903 ejus
1260 1849 1368 1888 non
1392 1832 1655 1888 fraudasti
1679 1848 1829 1888 eum.
1854 1830 2121 1899 Quoniam

517 1923 838 1991 praevenisti
870 1939 994 1979 eum
1029 1924 1082 1979 in
1119 1923 1600 1980 benedictionibus
1639 1924 1948 1981 dulcedinis
1983 1941 1994 1977 :
2029 1939 2123 1994 po-

519 2015 680 2070 suisti
719 2016 774 2071 in
819 2017 997 2085 capite
1044 2017 1164 2087 ejus
1222 2032 1487 2073 coronam
1540 2016 1610 2074 de
1656 2017 1839 2088 lapide
1878 2017 2125 2087 pretioso

520 2107 700 2179 (Paul.
729 2125 826 2165 xx.
860 2112 887 2165 1
927 2109 1119 2183 seqq.).
1163 2111 1286 2167 Istae
1318 2121 1445 2167 sunt
1488 2113 1794 2182 margaritae
1826 2111 2126 2181 propheta-

520 2213 644 2255 rum
668 2209 723 2256 et.
750 2202 1128 2271 apostolorum
1158 2219 1282 2274 qua:
1308 2203 1719 2274 comparatione
1740 2202 1969 2269 Christi,
2003 2219 2123 2257 om-

521 2308 624 2348 nes
641 2294 1029 2350 venundantur
1051 2295 1106 2351 in
1133 2295 1437 2366 Evangelio
1461 2293 1690 2370 (Matth.
1715 2295 1863 2366 xiv),
1893 2303 1953 2349 ut
1979 2309 2127 2350 ema-

526 2396 616 2441 tur
646 2386 1110 2456 pretiosissimum
1144 2389 1521 2459 margaritum,
1554 2398 1612 2443 et
1632 2389 1773 2460 lapis
1796 2388 1865 2444 de
1890 2403 1997 2459 quo
2026 2388 2127 2443 Za-

532 2480 751 2537 charias
791 2481 1009 2550 scribit,
1036 2482 1185 2552 quod
1204 2491 1415 2552 septem
1448 2481 1646 2537 habeat
1675 2481 1882 2549 oculos,
1922 2479 1976 2536 id
2019 2490 2125 2547 est,

525 2583 739 2645 septem
764 2576 968 2646 gratias
996 2574 1235 2646 Spiritus
1264 2576 1438 2631 sancti
1464 2575 1664 2646 (Zach.
1695 2591 1752 2630 tu
1775 2586 1822 2631 et
1850 2575 1961 2647 tv).
1984 2574 2127 2647 Lege

531 2667 749 2723 Isaiam.
782 2667 853 2723 Et
896 2668 1119 2739 ponitur
1147 2684 1249 2740 per
1291 2669 1600 2739 apostolum
1631 2668 1864 2723 Paulum
1894 2668 1958 2737 in
2006 2667 2126 2722 fun—

527 2761 792 2817 damento
828 2760 1126 2830 Ecclesia),
1171 2776 1338 2832 super
1384 2778 1495 2832 quo
1524 2761 1870 2817 aediﬁcentur
1909 2775 2125 2824 aurum,

434 2856 447 2901 ’λ
529 2865 845 2924 argentum,
879 2863 939 2910 et
980 2854 1190 2926 lapides
1227 2853 1456 2926 pretiosi
1486 2855 1532 2925 (ι
1572 2853 1693 2910 Cor.
1726 2854 1819 2926 in)
1850 2871 1865 2908 :
1894 2869 2125 2924 quorum

436 2940 449 3035 ξ
524 2951 744 3006 colores
769 2960 932 3021 atque
952 2959 1173 3006 naturas
1193 2958 1249 3005 et
1276 2948 1602 3007 efﬁcientias
1625 2949 1983 3019 singulorum,
2019 2962 2127 3002 non

439 3054 455 3119 ε
528 3053 615 3100 est
642 3042 804 3112 hujus
829 3044 1093 3114 temporis
1121 3043 1425 3108 disserere;
1454 3042 1549 3097 sed
1573 3043 1853 3113 proprium
1875 3044 2129 3098 volumen

2224 1836 2661 1905 interpretantur
2687 1836 2931 1893 scientiae
2956 1834 3249 1891 multitudo
3276 1854 3287 1887 :
3318 1849 3492 1905 super
3515 1832 3704 1904 quibus
3722 1848 3792 1887 re-

2225 1930 2478 2000 quiescit,
2502 1940 2558 1986 et
2578 1929 2738 1986 sedet
2770 1930 2934 1997 Deus,
2963 1941 3018 1986 et
3053 1930 3157 1985 hoc
3185 1944 3354 1985 curru
3382 1929 3569 1997 utitur,
3600 1927 3792 1983 dicente

2226 2024 2491 2094 propheta
2522 2023 2684 2095 335
2706 2025 2772 2079 ad
2794 2040 2919 2079 eum
2954 2043 2965 2077 :
2995 2024 3097 2092 Qui
3119 2024 3279 2080 sedes
3307 2039 3475 2096 super
3502 2023 3789 2089 Cherubim,

2225 2118 2581 2172 manifestare
2612 2117 2733 2189 (Ps.
2768 2134 2955 2183 Lxxn,
2980 2118 3087 2188 2.).
3115 2117 3182 2171 Et
3208 2118 3261 2171 in
3290 2118 3404 2173 alio
3433 2118 3552 2173 loco
3577 2134 3590 2171 :
3614 2119 3789 2172 Ascen-

2227 2210 2308 2266 dit
2333 2226 2498 2281 super
2518 2210 2835 2278 Cherubim,
2864 2222 2920 2266 et
2951 2209 3155 2265 volavit
3186 2228 3198 2264 :
3240 2212 3451 2266 volavit
3496 2226 3654 2282 super
3684 2225 3791 2279 pen-

2227 2320 2324 2360 nas
2346 2305 2807 2378 ventorum,(Ps.
2841 2321 2972 2373 xvu,
3026 2306 3149 2377 ll).
3198 2306 3306 2362 Iste
3349 2316 3529 2362 autem
3576 2306 3787 2371 Cherub,

2228 2400 2343 2455 sive
2372 2411 2592 2455 creatus
2617 2414 2744 2455 cum
2776 2400 3021 2468 Cherub,
3044 2409 3305 2456 extentus
3336 2410 3393 2457 et
3414 2410 3698 2472 protegens
3721 2415 3792 2454 sa-

2228 2507 2526 2559 cramenta.
2563 2498 2773 2566 positus
2807 2508 2896 2554 est
2924 2498 2978 2553 in
3010 2507 3195 2555 monte
3231 2508 3433 2556 sancto
3465 2501 3582 2568 Dei,
3614 2500 3676 2555 de
3701 2513 3789 2569 quo

2227 2588 2420 2645 crebro
2444 2589 2700 2646 diximus.
2721 2591 2790 2646 Et
2814 2592 3014 2648 Paulus
3041 2593 3326 2663 apostolus
3351 2595 3610 2667 loquitur,
3632 2593 3673 2649 si
3691 2593 3783 2664 quis

2229 2689 2412 2738 tamen
2444 2683 2512 2738 ad
2543 2683 2806 2741 Hebraeos
2836 2685 3138 2757 Epistolam
3179 2689 3413 2759 suscipit
3446 2707 3460 2744 :
3502 2686 3781 2745 Accessistis

2230 2773 2299 2829 ad
2319 2774 2448 2831 Sion
2473 2785 2713 2831 montem
2735 2786 2789 2832 et
2808 2777 3084 2834 civitatem
3109 2778 3207 2834 Dei
3232 2781 3496 2847 viventis,
3518 2778 3783 2837 Jerusalem

2231 2868 2533 2937 caelestem,
2567 2879 2625 2924 et
2651 2870 2826 2926 millia
2855 2873 3172 2941 angelorum
3205 2872 3413 2945 (Hebr.
3444 2891 3539 2943 xtl,
3568 2872 3684 2946 22).
3711 2870 3784 2925 Vel

2230 2973 2381 3018 certe
2416 2979 2577 3019 mons
2605 2975 2826 3020 sanctus
2858 2964 2973 3034 Dei,
3007 2966 3299 3035 paradisus
3346 2968 3427 3038 (ut
3453 2965 3699 3035 diximus)
3724 2963 3787 3018 in-

2233 3056 2564 3127 telligendus
2592 3068 2697 3113 est.
2727 3058 3043 3115 Ambulavit
3068 3077 3284 3133 quoque
3321 3062 3381 3117 in
3415 3062 3593 3118 medio
3623 3059 3785 3131 ignito-

530 3136 851 3193 ἀθδῖάθτθηι
872 3155 885 3192 ε
904 3137 979 3192 im
1000 3135 1438 3219 μιιίρΕιεοιιὶθιν
1461 3135 1961 3203 θῖίηΕιοάονειίη
1982 3138 2125 3207 ΑΡο·
2154 3149 2200 3212 C
2232 3124 2643 3220 rum—lapidum,
2678 3152 2748 3209 de
2772 3154 2969 3224 quibus
2992 3124 3261 3226 scriptum
3296 3167 3385 3213 est
3414 3176 3426 3211 :
3456 3157 3555 3227 Qui
3579 3124 3695 3210 facit
3714 3168 3790 3206 an-

450 3214 451 3235 ;
533 3231 743 3303 tralypsi
772 3238 828 3287 et
853 3230 910 3295 in
938 3214 1295 3303 lsaia,h33&I
1322 3230 1427 3285 sibi
1448 3244 1642 3285 omnes
1660 3230 1893 3300 lapides,
1913 3229 2127 3300 etlapi-

533 3312 904 3383 duiifordines
917 3327 1241 3396 comparati,
1269 3341 1524 3397 magnam
1544 3336 1599 3380 et
1625 3324 1854 3396 legenti,
1885 3333 1941 3380 et
1961 3323 2132 3379 disse-

534 3420 682 3476 renti
712 3418 917 3477 faciant
939 3420 1325 3491 quaestionem.
1360 3420 1534 3490 Super
1565 3419 1765 3491 quibus
1797 3428 1853 3474 et
1898 3418 1980 3473 vir
2006 3432 2134 3473 san-

535 3522 657 3569 ctus
696 3512 1036 3585 Epiphanius
1065 3516 1358 3584 episcopus
1391 3496 1677 3583 proprium
1706 3512 1967 3567 volumen
2001 3510 2135 3565 mihi

530 3598 785 3679 praisens
810 3604 1057 3663 tradidit.
1078 3606 1148 3662 Et
1167 3623 1351 3663 xxxvu
1380 3606 1521 3662 liber
1552 3605 1716 3660 Plinii
1745 3605 2002 3673 Secundi,
2030 3602 2137 3656 Na-

535 3686 735 3758 turalis
774 3699 1052 3769 Historiae,
1081 3690 1205 3771 post
1247 3699 1617 3769 multiplicem
1668 3698 1912 3752 omnium
1951 3711 2135 3751 rerum

539 3790 850 3863 scientiam,
877 3794 947 3851 de
967 3796 1202 3867 gemmis
1227 3802 1282 3850 et
1304 3793 1581 3863 lapidibus
1608 3792 1874 3860 diSputat.
1902 3793 2136 3864 Adqno-

540 3878 944 3944 runi'nutitiam
974 3884 1208 3956 diligens
1243 3884 1274 3939 ii
1303 3885 1461 3939 nobis
1492 3883 1793 3940 mittendus
1824 3870 1915 3939 est
1940 3885 2138 3939 lector.

544 3970 716 4038 Porro
731 3978 1043 4052 Symmachi
1062 3978 1469 4048 interpretatio,
1489 3980 1652 4035 istum
1674 3977 2138 4051 principemTyri,

543 4076 702 4146 quasi
736 4073 1201 4146 pretiosissimum
1239 4074 1449 4131 monile
1479 4074 1753 4145 lapidibus
1783 4075 1978 4131 scribit
2016 4090 2141 4130 esse

545 4169 890 4224 distinctum.
924 4166 1175 4237 Denique
1209 4167 1329 4222 auri
1364 4175 1681 4239 tympanum
1714 4175 1893 4235 vocat,
1937 4167 1993 4222 in
2032 4181 2141 4237 quo

547 4262 699 4318 infixi
717 4262 832 4318 sint
852 4260 1080 4333 lapides.
1104 4260 1259 4317 Unde
1274 4270 1327 4317 et
1342 4260 1495 4331 juxta
1514 4260 1842 4317 llebraicum
1864 4263 2139 4334 sequitur:

544 4357 759 4410 Aurum
786 4368 926 4426 opus
951 4352 1171 4409 decoris
1199 4351 1299 4422 tui,
1339 4361 1396 4407 et
1429 4352 1694 4408 foramina
1724 4363 1814 4409 tua
1845 4354 1899 4408 in
1929 4354 2015 4409 die
2036 4369 2141 4427 qua

549 4449 809 4505 conditus
850 4464 933 4519 es,
966 4456 1272 4521 praeparata
1317 4457 1466 4503 sunt.
1505 4448 1616 4504 Pro
1640 4464 1749 4520 quo
1781 4465 2011 4520 posuere
2041 4448 2140 4505 Se-

2234 3245 2387 3315 gelos
2407 3260 2537 3300 suos
2553 3246 2799 3316 spiritus,
2832 3260 2886 3304 et
2908 3248 3193 3307 ministros
3215 3267 3353 3308 suos
3376 3252 3554 3325 ignem
3578 3258 3788 3305 urentem

2238 3336 2357 3410 (Ps.
2390 3353 2514 3406 cur,
2558 3338 2637 3411 4).
2682 3341 2749 3396 Ει
2777 3356 2888 3397 non
2922 3342 3096 3399 solum
3130 3344 3275 3401 Deus
3310 3345 3405 3416 qui
3442 3354 3656 3400 vocatur
3678 3338 3791 3411 ignis

2234 3443 2588 3500 consumens,
2632 3431 2837 3501 fenum,
2896 3435 3064 3506 ligna,
3122 3437 3498 3510 stipulamque
3546 3437 3791 3493 consumat

2236 3522 2416 3595 (Deut.
2450 3524 2576 3596 tv):
2611 3526 2709 3582 sed
2732 3529 2990 3600 etangeli
3014 3530 3104 3600 qui
3128 3531 3571 3604 vocanturigniti
3599 3525 3786 3598 lapides.

2236 3619 2553 3692 Spirituquc
2578 3622 2874 3680 ferventes.
2911 3623 3068 3681 Unde
3094 3634 3151 3681 et
3174 3626 3480 3683 Dominus:
3515 3620 3787 3697 lgnem,in—

2237 3712 2376 3780 quit,
2409 3716 2536 3769 veni
2569 3718 2788 3773 mittere
2827 3732 2995 3789 super
3024 3729 3262 3787 terram,
3316 3730 3374 3777 et
3411 3736 3568 3794 quam
3607 3716 3714 3773 volo
3741 3718 3788 3766 ut

2240 3805 2431 3861 ardeat
2459 3806 2612 3878 (Luc.
2637 3812 2755 3879 xu).
2787 3811 3051 3883 Quodque
3078 3814 3331 3883 sequitur
3376 3832 3391 3869 :
3442 3812 3705 3869 Perfectus
3745 3806 3790 3859 in

2239 3901 2347 3955 viis
2364 3902 2469 3957 tuis
2489 3918 2518 3957 a
2541 3903 2629 3959 die
2648 3904 2978 3962 conditionis
2996 3918 3103 3963 tua:
3125 3906 3252 3981 (pro
3270 3924 3383 3981 quo
3406 3921 3631 3981 posuere
3646 3898 3789 3959 LXX:

2242 3991 2417 4048 Fuisti
2444 3995 2824 4053 immaculatus
2864 3999 2917 4053 in
2947 3999 3145 4056 diebus
3176 4002 3312 4069 tuis,
3341 4018 3369 4058 a
3402 4001 3488 4058 die
3517 4015 3613 4072 qua
3639 3991 3794 4052 condi-

2243 4094 2331 4141 tus
2358 4086 2463 4158 es),
2500 4088 2676 4146 donec
2724 4090 2944 4148 inventa
2971 4103 3054 4149 est
3086 4093 3359 4165 iniquitas
3388 4096 3443 4150 in
3475 4104 3548 4158 te,
3588 4083 3793 4146 ostendit

2243 4197 2462 4238 omnem
2489 4196 2797 4241 creaturam
2825 4188 3024 4244 bonam
3056 4205 3085 4245 a
3115 4188 3233 4246 Deo
3271 4190 3576 4256 conditam,
3604 4193 3656 4242 et
3694 4194 3793 4253 ρετ·

2242 4278 2442 4335 fectam
2468 4280 2722 4339 habuisse
2741 4283 3024 4351 virtutem,
3046 4294 3103 4341 et
3128 4299 3227 4356 per
3248 4285 3352 4341 hoc
3374 4283 3665 4357 principem
3687 4288 3793 4347 quo-

2244 4388 2353 4443 que
2382 4373 2513 4445 Tyri
2557 4374 2726 4431 fuisse
2767 4374 3197 4445 immaculatum,
3236 4387 3297 4433 ut
3336 4378 3589 4447 deinceps
3615 4365 3792 4427 macula

2247 4480 2358 4521 non
2396 4477 2608 4523 natura:
2640 4469 2732 4536 sit,
2767 4468 2867 4524 sed
2896 4469 3213 4525 voluntatis.
3261 4469 3446 4526 Donec
3488 4470 3693 4523 inventa
3729 4464 3793 4513 est

550 4545 1036 4616 ptuaginta:Auro
1059 4543 1285 4615 replesti
1315 4542 1604 4599 thesauros
1623 4553 1747 4600 tuos
1774 4554 1828 4601 et
1847 4546 2142 4617 apothecas
2167 4550 2220 4613 D
2250 4559 2503 4631 iniquitas
2535 4559 2588 4615 ίη
2620 4571 2690 4617 ιε,
2720 4561 2946 4618 Inventa
2967 4578 2999 4617 θ
3029 4563 3163 4631 Deo,
3189 4579 3310 4635 qua;
3341 4564 3393 4618 εη
3418 4558 3675 4617 ιιιθεεωι-ῑε
3694 4564 3793 4624 ρεο·

540 4648 694 4709 tuas,
727 4638 795 4695 ad
822 4653 1051 4695 sensum
1088 4648 1442 4708 mentemque
1471 4637 1801 4706 referentes,
1830 4640 1974 4711 quod
1997 4639 2145 4712 cogi-

554 4734 693 4789 tatio
718 4731 836 4802 ejus
863 4730 1064 4786 divinis
1091 4730 1328 4800 patuerit
1350 4731 1733 4798 sacramentis,
1765 4741 1821 4787 ct
1846 4747 2145 4805 congrega-

553 4824 697 4882 verit
733 4822 840 4879 sibi
896 4821 1115 4878 divitias
1156 4820 1489 4891 spirituales,
1543 4822 1614 4878 de
1654 4823 1851 4893 quibus
1882 4824 2146 4881 Dominus

554 4915 821 4992 prazcepit
863 4935 876 4971 :
908 4914 1301 4971 Thesaurizate
1346 4915 1503 4969 vobis
1542 4916 1828 4972 thesauros
1873 4918 1928 4972 in
1963 4919 2143 4974 creto;

557 5010 652 5068 ubi
674 5024 775 5065 nec
797 5022 1006 5079 azrugo,
1038 5022 1141 5064 nec
1168 5007 1312 5063 tinea
1350 5007 1669 5076 demolitur,
1703 5025 1805 5066 nec
1826 5010 1975 5067 fures
2014 5011 2149 5069 effo-

558 5102 716 5159 diunt
745 5112 799 5156 et
829 5097 1101 5155 furantur.
1134 5098 1239 5155 Ubi
1271 5108 1356 5155 est
1385 5100 1533 5156 enim
1578 5100 1869 5159 thesaurus
1898 5114 2043 5170 tuus,
2071 5105 2147 5162 ibi

559 5204 723 5253 estet
744 5208 842 5249 cor
874 5202 1023 5247 tuum
1062 5189 1280 5264 (Matth.
1309 5208 1383 5262 v1,
1417 5192 1535 5265 21).
1578 5194 1687 5251 lste
1737 5205 1821 5250 est
1861 5196 2150 5255 thesaurus

553 5285 928 5353 absconditus,
956 5283 1025 5341 de
1044 5300 1151 5355 quo
1173 5288 1304 5341 etin
1327 5285 1625 5359 Evangelio
1647 5288 1889 5359 loquitur
1913 5308 1926 5344 :
1956 5290 2152 5348 Simile

557 5393 644 5440 est
681 5396 908 5454 regnum
944 5377 1208 5435 ccelorum
1251 5376 1511 5435 thesauro
1552 5380 1877 5437 abscondito
1906 5384 1957 5437 in
1988 5399 2145 5455 agro,

558 5492 718 5547 quem
748 5474 843 5548 qui
868 5472 1165 5542 invenerit,
1186 5472 1500 5542 abscondit,
1523 5483 1579 5529 et
1595 5489 1706 5545 prae
1723 5475 1920 5545 gaudio
1943 5493 2043 5534 suo
2064 5497 2154 5539 va-

634 5622 661 5651 ι
704 5611 996 5679 Victorius,
1017 5618 1253 5667 sanctum
1284 5612 1334 5664 in
1371 5609 1610 5666 Domina.

630 5686 657 5721 ¹’
692 5684 871 5759 ldetn,
903 5683 1366 5759 lapidescrgstalli
1397 5693 1446 5737 et
1476 5700 1651 5759 muros
1681 5696 1794 5741 tuos
1825 5687 2025 5759 lapides
2052 5693 2149 5750 ele-

562 5769 706 5813 ctos:
738 5757 806 5815 ad
843 5754 1058 5813 textum
1098 5754 1262 5825 LXX,
1297 5763 1464 5826 utque
1491 5757 1808 5817 concinnior
1836 5754 2027 5821 Latina
2068 5768 2147 5825 lo-

2245 4649 2382 4706 toris
2424 4650 2502 4705 tui
2554 4667 2653 4721 per
2696 4653 3008 4724 superbiam
3059 4667 3115 4711 ct
3170 4655 3491 4712 abusionem
3546 4642 3793 4723 potestatis

2246 4758 2407 4814 quam
2450 4759 2765 4815 acceperas,
2800 4747 3087 4805 tenebatur
3117 4748 3347 4806 inclusa.
3390 4748 3444 4803 ln
3487 4737 3792 4800 multitudine

2248 4854 2463 4910 quoque
2493 4841 2887 4911 negotiationis
2924 4843 3041 4914 ejus
3071 4843 3278 4915 repleta
3319 4849 3445 4899 sunt
3474 4835 3713 4894 interiora
3746 4825 3793 4880 il-

2248 4930 2377 4999 lius,
2411 4932 2527 4988 sive
2555 4933 2803 5002 cellaria,
2838 4935 3146 5007 iniquitate.
3171 4937 3305 4991 Dum
3339 4933 3483 4991 enim
3509 4926 3665 4985 multa
3689 4932 3793 4977 con-

2253 5026 2449 5096 quirit,
2478 5037 2532 5083 et
2578 5044 2685 5084 non
2723 5040 2810 5086 est
2838 5040 3131 5088 contentus
3169 5029 3397 5087 scientia
3427 5040 3581 5099 quam
3609 5025 3794 5083 πορνε-

2254 5129 2359 5187 rat,
2392 5136 2493 5177 nec
2521 5132 2795 5193 potestate
2823 5125 2915 5196 qui
2942 5127 3267 5196 pra-positus
3302 5130 3438 5190 erat,
3469 5112 3682 5188 replevit
3706 5102 3794 5163 cel’

2253 5211 2414 5279 laria,
2444 5224 2498 5269 et
2527 5216 2788 5273 interiora
2829 5218 3073 5289 pectoris
3103 5219 3185 5274 sui
3215 5238 3227 5273 :
3260 5227 3319 5273 ut
3349 5220 3633 5273 saturatus,
3659 5208 3706 5258 et
3730 5198 3793 5252 in.

2254 5316 2527 5362 crassatus
2556 5309 2869 5365 calcitraret
2893 5320 3087 5366 contra
3117 5310 3429 5367 Creatorem
3461 5315 3629 5360 suum.
3663 5290 3790 5347 Man‘

2256 5396 2472 5452 ducavit
2498 5401 2643 5456 enim
2676 5402 2865 5471 Jacob,
2915 5413 2973 5460 et
3002 5412 3277 5459 saturatus
3303 5410 3406 5469 est,
3439 5406 3492 5454 et
3519 5385 3792 5450 recalcitra-

2257 5491 2333 5543 vit
2382 5489 2635 5565 dilectus,
2687 5494 3027 5553 incrassatus
3056 5505 3113 5554 et
3142 5496 3523 5568 impinguatus,
3550 5495 3601 5543 et
3626 5477 3789 5536 dilau'

2256 5630 2402 5689 cutio
2427 5631 2518 5688 sit.

2332 5716 2351 5739 ι’
2391 5702 2448 5761 In
2480 5705 2653 5765 Vatic.
2688 5724 2819 5781 ms.,
2848 5709 2999 5783 porro
3025 5710 3163 5783 quod
3188 5709 3389 5767 dicitur.
