4038 6328
335 341 441 397 S75

1015 333 1669 395 COMMENTARIORUM
1699 333 1768 392 IN
1808 330 2255 392 EZECHIELEM
2294 332 2425 390 LIB.
2467 331 2562 390 IX.
2602 331 2759 389 CAP.
2802 332 3046 391 XXVIII.

3522 336 3631 393 274

332 467 444 527 tus,
467 456 1031 526 etdereliquitDcum
1053 454 1145 526 qui
1164 450 1711 525 fecerateum(Deut.
1746 466 1920 519 χχχιι,
1952 453 2009 517 Α
2031 451 2298 522 scriptum
2320 460 2406 506 est
2437 468 2451 506 :
2483 449 2672 505 Omnes
2703 450 3056 506 adulterantes
3083 450 3231 520 quasi
3255 449 3485 507 clibanus
3519 468 3635 507 cor-

331 553 451 624 15).
483 552 557 608 Ει
597 551 669 608 de
699 551 871 607 corde
904 550 1208 621 procedunt
1261 549 1632 619 cogitationes
1680 547 1936 618 pessimae
2036 543 2106 598 da
2132 541 2309 597 eorum
2339 543 2543 614 (Osee).
2578 543 2652 598 De
2690 557 2800 614 quo
2846 542 2969 614 igne
3019 544 3258 615 loquitur
3306 553 3361 599 et
3412 543 3582 598 Isaias
3615 563 3632 599 :

327 646 550 718 (Matth.
586 662 677 713 xv,
710 645 802 715 i9)
833 664 845 698 :
872 654 1095 717 propter
1138 658 1274 715 quas
1293 642 1424 699 dicit
1446 643 1589 698 Deus
1620 660 1634 695 :
1660 640 1930 704 Peceasti,

326 752 381 799 et
409 741 548 810 ejeci
579 750 633 797 te
654 742 726 797 de
749 751 933 796 monte
962 740 1081 807 Dei,
1106 743 1221 795 sive
1251 739 1574 794 vulneratus
1604 752 1665 793 es
1697 753 1725 790 a
1744 742 1931 790 monte

328 836 449 902 Dei,
480 835 627 905 quod
678 835 944 907 legentes,
1002 835 1198 889 timere
1243 831 1645 902 compellimur.
1686 829 1744 887 Si
1778 830 1928 886 enim

325 929 547 985 Cherub
601 938 855 985 extentus
903 936 959 984 et
1014 936 1329 998 protegens,
1385 926 1598 997 positus
1652 925 1705 979 in
1740 934 1929 978 monte

320 1035 520 1081 sancto
551 1024 670 1089 Dei,
717 1033 774 1079 et
816 1022 873 1078 in
904 1022 1087 1078 medio
1125 1021 1290 1094 336
1338 1021 1638 1093 ignitorum
1685 1018 1925 1089 lapidum

323 1116 627 1187 perfectus,
651 1114 1126 1183 etimmaculatus,
1156 1122 1380 1184 propter
1403 1109 1805 1167 multitudinem
1836 1126 1929 1166 ne-

320 1211 646 1283 gotiationis
667 1210 901 1281 replevit
927 1208 1216 1265 interioria
1250 1223 1349 1261 sua
1371 1205 1685 1276 iniquitate,
1717 1214 1773 1258 et
1804 1217 1930 1274 pec-

321 1305 493 1371 cavit,
519 1313 579 1359 et
602 1302 811 1373 ejectus
839 1312 922 1358 est
942 1302 1011 1358 de
1043 1311 1229 1357 monte
1254 1301 1369 1367 Dei,
1399 1299 1504 1356 hoc
1532 1308 1643 1365 est,
1673 1297 1744 1353 de
1772 1296 1930 1353 habi-

320 1400 532 1454 tatione
566 1398 830 1469 paradisi,
867 1398 983 1454 sive
1023 1396 1341 1453 vulneratus
1383 1411 1413 1451 a
1462 1404 1651 1452 monte
1681 1394 1804 1461 Dei,
1834 1393 1926 1464 qui

318 1490 619 1561 perspicue
659 1487 918 1546 Christus
952 1488 1292 1560 intelligitur,
1324 1497 1420 1544 aut
1449 1497 1604 1545 certe
1650 1488 1705 1543 in
1738 1494 1927 1543 monte

317 1585 415 1641 Dei
444 1587 789 1640 constitutus
815 1592 873 1640 et
897 1583 1175 1650 habitans,
1213 1599 1245 1638 a
1272 1582 1578 1652 semetipso
1606 1581 1927 1637 vulneratus

312 1686 420 1744 est,
455 1686 512 1732 et
533 1676 892 1732 conscientiae
928 1685 1289 1747 compunctus
1314 1673 1481 1740 malo,
1514 1673 1639 1729 dum
1672 1688 1730 1729 se
1761 1672 1925 1728 intel-

312 1771 439 1841 ligit
480 1770 832 1825 habitatione
875 1768 1080 1825 montis
1106 1768 1391 1839 indignum
1423 1787 1435 1821 :
1467 1768 1599 1838 quid
1648 1766 1718 1823 de
1760 1765 1921 1821 nobis

2035 638 2304 692 Ambulate
2331 638 2383 691 in
2429 638 2621 691 lumine
2662 638 2801 708 ignis
2830 640 3005 705 vestri,
3037 649 3085 692 et
3120 638 3176 692 in
3217 640 3428 709 ﬂamma
3473 655 3633 708 quam

2028 729 2370 786 succendtstis
2414 728 2573 803 (Isai.
2628 729 2705 801 ι),
2755 739 2814 784 ut
2864 729 3017 785 foras
3047 731 3361 801 egrediens,
3402 732 3633 790 devoret

2033 824 2430 896 possidentem,
2453 823 2607 893 juxta
2635 822 2768 878 illud
2794 822 2940 894 quod
2986 824 3040 879 in
3092 824 3285 880 eodem
3325 825 3461 881 Isaia
3491 828 3635 882 scri-

2033 928 2185 991 ptum
2209 927 2295 975 est
2321 937 2334 972 :
2356 917 2383 957 ι)
2406 917 2683 973 Devoravit
2705 918 2837 973 sicut
2865 921 3042 990 fenum
3074 920 3343 973 materiam
3371 918 3527 992 (Isai.
3549 920 3631 992 v).

2031 1012 2090 1067 In
2112 1013 2198 1069 die
2231 1013 2321 1068 illa
2346 1014 3035 1084 exstinguenturmontes,
3066 1024 3124 1069 et
3148 1015 3339 1082 colles,
3367 1016 3636 1083 etsaltus,

2028 1122 2086 1169 et
2116 1114 2405 1169 devorabit
2428 1113 2495 1168 ab
2516 1114 2696 1167 anima
2720 1127 2894 1182 usque
2920 1110 2987 1167 ad
3018 1126 3239 1168 carnes.
3264 1112 3419 1170 llunc
3448 1112 3631 1185 ignem

2030 1210 2121 1281 qui
2152 1208 2359 1264 alienus
2385 1209 2713 1279 appellatur,
2742 1206 2931 1262 Nadab
2959 1215 3015 1261 et
3035 1206 3176 1263 Abiu
3208 1205 3274 1261 ad
3310 1208 3483 1262 altare
3513 1207 3629 1263 Do-

2028 1304 2165 1359 mini
2194 1302 2530 1368 obtulerant,
2564 1309 2621 1357 ct
2666 1299 2872 1356 idcirco
2913 1299 3107 1357 divino
3158 1301 3283 1371 igne
3313 1302 3631 1372 consumpti

2028 1406 2161 1453 sunt
2190 1395 2376 1467 (Leuit.
2409 1397 2489 1467 χ).
2529 1394 2683 1452 Unde
2733 1404 2789 1450 et
2816 1394 3033 1467 Moyses
3074 1395 3192 1452 ait:
3245 1394 3363 1450 Hoc
3412 1404 3485 1450 est
3523 1411 3636 1449 rer-

2029 1493 2149 1546 bum
2176 1492 2315 1562 quod
2342 1491 2477 1544 dixit
2502 1489 2760 1544 Dominus
2794 1506 2811 1543 :
2842 1488 2911 1544 In
2944 1489 3053 1559 his,
3082 1491 3173 1562 qui
3201 1490 3632 1563 appropinquant

2028 1586 2157 1640 mihi
2187 1585 2573 1654 sanctiﬁcabor.
2628 1584 3007 1641 Sanctiﬁcatio
3048 1593 3235 1641 autem
3268 1586 3363 1640 Dei
3392 1594 3477 1641 est
3520 1601 3637 1656 pa:-

2027 1695 2097 1735 na
2125 1680 2494 1750 peccantium.
2523 1679 2656 1735 Post
2683 1679 2800 1735 hzec
2826 1679 3034 1735 dicitur
3062 1696 3078 1737 :
3112 1678 3182 1734 Et
3226 1680 3364 1735 dabo
3395 1691 3443 1736 te
3472 1683 3523 1735 in
3554 1682 3633 1736 ci-

2028 1783 2307 1839 nerem,ut
2352 1773 2534 1827 omnia
2584 1786 2707 1843 quae
2749 1771 3227 1843 supertedilicasti,
3282 1773 3443 1828 mala:
3491 1788 3633 1828 con-

310 1864 705 1918 aestimandum
734 1864 854 1920 est?
907 1864 1140 1934 Propter
1168 1863 1312 1934 quod
1342 1862 1545 1919 dicitur
1572 1862 1623 1918 ei
1656 1880 1669 1916 :
1703 1860 1771 1915 Et
1798 1875 1921 1931 per-
1950 1864 1998 1925 B
2027 1869 2268 1925 scientia:
2306 1877 2413 1923 tua:
2443 1868 2583 1939 ignis
2610 1867 2880 1924 absumat.
2916 1865 3023 1936 Qui
3070 1884 3197 1923 cum
3240 1866 3510 1924 debueras
3540 1883 3630 1922 re-

312 1957 429 2013 didi
460 1967 537 2025 te,
571 1956 817 2025 Cherub,
852 1966 1149 2030 protegens
1175 1956 1243 2012 de
1283 1954 1735 2025 medio'Japidum
1780 1954 1921 2024 igni-

318 2062 501 2107 totum
528 2071 544 2107 :
585 2063 645 2107 ut
674 2066 1018 2124 nequaquam
1053 2053 1196 2109 inter
1226 2052 1430 2125 ignitos
1487 2049 1697 2121 lapides
1728 2050 1917 2105 consi-

328 2156 518 2213 steres,
543 2145 644 2202 sed
692 2146 925 2217 perires.
955 2144 999 2200 0
1029 2145 1148 2216 ipse
1193 2142 1433 2211 Cherub,
1470 2143 1589 2199 sive
1621 2141 1916 2197 Cherubim

336 2249 360 2276 ⁸
387 2241 470 2310 qui
492 2250 542 2294 te
570 2238 915 2310 protegebat,
938 2238 1099 2294 eduxi
1126 2247 1179 2293 te
1206 2238 1275 2294 de
1302 2237 1485 2295 medio
1515 2238 1759 2308 lapidum
1781 2236 1920 2308 igni-

326 2344 498 2389 torum
535 2353 551 2388 :
580 2334 737 2403 juxta
766 2334 900 2388 illud
943 2333 1087 2404 quod
1115 2342 1169 2387 et
1195 2333 1265 2388 de
1295 2333 1468 2388 Adam
1500 2332 1762 2401 scriptum
1793 2340 1914 2386 est:

310 2427 482 2493 Ejecit
504 2427 708 2495 Adam,
746 2435 801 2482 et
827 2425 1111 2483 constituit
1144 2440 1266 2482 eum
1297 2425 1405 2497 (At.
1435 2422 1749 2495 Cherubim)
1780 2439 1914 2479 con-

306 2530 387 2575 tra
422 2520 747 2590 paradisum
777 2520 1101 2576 deliciarum
1124 2518 1330 2593 (Genes.
1349 2536 1429 2586 ιιι,
1453 2518 1569 2591 24).
1599 2516 1916 2589 Causasquc

304 2615 513 2682 reddit,
551 2631 651 2672 cur
679 2615 913 2672 eductus
947 2615 1040 2683 sit,
1069 2616 1184 2671 sive
1219 2614 1499 2685 projectus
1529 2613 1597 2668 de
1627 2611 1811 2668 medio
1837 2612 1917 2666 la-

303 2708 502 2781 pidum
526 2709 845 2779 ignitorum.
872 2708 1152 2763 Elevatum
1180 2716 1264 2762 est
1284 2706 1429 2761 enim
1453 2720 1549 2760 eor
1574 2715 1723 2758 tuum
1748 2704 1801 2758 in
1822 2702 1918 2759 dc-

304 2818 441 2859 core
472 2812 570 2857 tuo
598 2819 613 2855 :
646 2802 775 2857 dum
806 2812 957 2857 tuum
984 2810 1149 2871 putas
1188 2816 1311 2856 esse
1332 2798 1474 2870 quod
1507 2799 1604 2854 Dei
1628 2807 1731 2854 est.
1760 2797 1916 2854 Unde

311 2907 371 2953 et
416 2897 730 2968 apostolus,
794 2896 1075 2952 stimulum
1118 2894 1300 2949 carnis
1328 2904 1382 2949 et
1413 2893 1664 2965 angelum
1697 2892 1915 2948 Satanas

305 2992 602 3061 accepisse
628 3006 689 3046 se
719 2989 876 3055 dicit,
915 2989 1007 3060 qui
1036 3004 1160 3044 eum
1194 2987 1585 3058 colaphizaret,
1614 3001 1683 3041 ne
1705 2986 1916 3041 revela-

308 3088 532 3145 tionum
566 3084 938 3156 magnitudine
969 3082 1298 3152 superbiret,
1327 3090 1381 3137 et
1410 3082 1465 3135 in
1488 3079 1754 3150 judicium
1784 3080 1915 3134 inci-

307 3182 471 3237 deret
492 3179 692 3235 diaholi
721 3178 787 3251 (II
816 3176 935 3232 Cor.
962 3174 1081 3248 xu).
1107 3175 1175 3230 Et
1200 3175 1401 3229 idcirco
1422 3182 1676 3244 corrupta
1700 3182 1808 3238 est,
1834 3174 1916 3227 in-

2024 1964 2307 2034 quiescere
2351 1963 2406 2017 in
2454 1960 2708 2026 sabbato,
2764 1970 2822 2017 et
2863 1976 3211 2033 nequaquam
3258 1976 3399 2033 opus
3445 1961 3630 2018 facere

2023 2058 2265 2124 servile,
2320 2057 2463 2128 ligna
2519 2057 2573 2111 in
2626 2055 2859 2112 sabbato
2913 2056 3183 2127 collegisti
3234 2073 3250 2112 :
3292 2066 3351 2110 ut
3401 2055 3633 2113 haberet

2023 2149 2169 2221 quod
2201 2150 2254 2203 in
2300 2159 2525 2220 pectore
2571 2159 2662 2204 tuo
2711 2150 3007 2205 devoraret
3036 2149 3374 2206 incendium.
3438 2162 3459 2189 ο
3491 2151 3628 2206 Per-

2022 2242 2116 2297 det
2146 2257 2364 2313 quoque
2392 2243 2576 2297 omnia
2608 2242 2751 2297 mala
2791 2257 2981 2313 opera,
3021 2252 3355 2299 convertens
3385 2243 3440 2298 in
3471 2244 3618 2299 cine-

2021 2348 2162 2401 rem,
2209 2343 2266 2389 ut
2295 2333 2435 2404 ignis
2476 2334 2678 2389 noxius
2711 2335 2935 2404 penitus
2984 2335 3383 2406 exstinguatur,
3416 2346 3476 2392 ut
3506 2353 3625 2392 om-

2020 2442 2122 2484 nes
2151 2428 2490 2498 conspiciant
2519 2440 2576 2484 et
2607 2427 3003 2499 obstupescant
3028 2428 3243 2499 perisse
3284 2444 3468 2500 regem
3512 2431 3625 2503 Ty-

2020 2521 2186 2587 rium,
2222 2528 2281 2576 et
2317 2520 2474 2576 nihili
2505 2521 2712 2577 factum
2738 2536 2894 2589 esse,
2926 2537 3035 2577 non
3076 2522 3130 2576 in
3160 2522 3347 2578 multis
3376 2524 3621 2593 saeculis,

2021 2615 2119 2669 sed
2148 2615 2203 2669 in
2235 2629 2365 2682 uno,
2393 2615 2482 2670 vel
2512 2626 2663 2671 certe
2712 2615 2767 2670 in
2818 2624 3169 2687 perpetuum,
3221 2625 3280 2671 ut
3330 2616 3625 2687 impleatur

2020 2708 2150 2763 illud
2176 2708 2319 2779 quod
2347 2709 2616 2779 scriptum
2652 2718 2736 2765 est
2760 2727 2784 2764 7:
2825 2708 2952 2763 Non
2997 2725 3213 2779 parcant
3249 2710 3361 2777 tibi,
3416 2717 3463 2764 et
3515 2728 3619 2764 non

2021 2802 2315 2856 miserebor.
2348 2800 2543 2857 Solent
2571 2801 2785 2858 Hebraei
2813 2805 2958 2857 inter
2985 2813 3215 2858 cmteras
3242 2802 3453 2858 fabulas
3493 2819 3624 2859 suas

2019 2905 2076 2951 et
2102 2897 2453 2967 genealogias
2474 2904 2641 2967 atque
2662 2897 3104 2953 interminabiles
3126 2899 3477 2966 quaestiones,
3504 2898 3622 2954 lucc

2017 2999 2210 3045 contra
2242 2990 2431 3045 Hiram
2485 3006 2669 3062 regem
2713 2989 2848 3061 Tyri
2882 2988 3026 3044 dicta
3069 2990 3399 3061 intelligere,
3430 3006 3555 3045 cum
3590 3007 3621 3045 a

2018 3083 2315 3138 Salomone
2347 3098 2519 3153 usque
2566 3083 2647 3165 ad.
2684 3081 3029 3138 Ezechielem
3058 3084 3186 3137 anni
3238 3082 3348 3138 sint
3376 3082 3619 3153 plurimi,

2016 3192 2155 3247 quos
2183 3192 2251 3232 eo
2290 3184 2541 3246 tempore
2572 3170 2829 3231 homines
2870 3191 2975 3232 non
3020 3176 3227 3231 vixisse
3268 3178 3619 3249 perspicuum

307 3275 459 3347 quit,
485 3274 735 3329 doctrina
782 3280 874 3326 tua
904 3286 1024 3325 eum
1054 3267 1253 3325 decore
1293 3278 1409 3335 tuo,
1448 3269 1584 3333 sive,
1626 3266 1909 3337 perdidisti
1939 3260 1984 3322 C
2017 3277 2140 3325 est:
2163 3278 2219 3324 et
2243 3270 2324 3324 sic
2361 3270 2743 3339 pronuntiare,
2777 3269 2932 3339 quasi
2960 3283 3060 3339 per
3086 3269 3319 3324 ironiam
3348 3269 3616 3339 propheta

305 3367 641 3438 sapientiam
674 3374 826 3419 tuam
859 3363 913 3418 in
942 3362 1149 3419 decore
1181 3372 1273 3417 tuo
1336 3380 1348 3414 :
1399 3370 1457 3415 ut
1486 3360 1613 3416 dum
1653 3360 1778 3431 plus
1831 3362 1912 3416 vis

308 3476 437 3518 esse
456 3476 619 3531 quam
642 3459 902 3515 conditus
936 3472 1017 3526 es,
1047 3467 1102 3513 et
1123 3457 1295 3527 magis
1324 3471 1521 3527 sapere
1550 3471 1712 3527 quam
1739 3472 1769 3511 a
1800 3456 1912 3512 Deo

306 3569 636 3624 acceperas,
668 3554 830 3609 etiam
859 3552 912 3607 id
954 3551 1216 3621 perderes
1251 3550 1395 3620 quod
1432 3549 1693 3615 habebas,
1727 3560 1783 3606 et
1812 3565 1911 3620 pro

308 3646 726 3722 pulchritudine
746 3654 911 3716 atque
933 3645 1204 3711 doctrina,
1236 3644 1554 3699 deformitas
1578 3650 1632 3700 te
1658 3653 1711 3701 et
1729 3644 1911 3699 stulti-

309 3745 383 3799 tia
408 3742 718 3812 possideret
747 3758 761 3794 :
787 3739 930 3795 unde
953 3740 1004 3794 in
1033 3749 1236 3794 terram
1266 3738 1539 3809 projectus
1558 3754 1641 3801 es,
1674 3739 1765 3807 qui
1787 3747 1912 3793 ante

309 3837 605 3893 habitabas
653 3837 706 3890 in
753 3844 945 3891 monte
995 3834 1115 3889 Dei.
1151 3834 1228 3889 De
1256 3849 1363 3905 quo
1402 3843 1457 3888 et
1484 3832 1653 3887 Isaias
1677 3833 1909 3888 scribit:

309 3931 601 4000 Quomodo
628 3929 822 3986 cecidit
847 3928 1090 3994 Lucifer,
1124 3927 1216 3998 qui
1268 3942 1427 3981 mane
1458 3927 1736 3981 oriebatur
1774 3925 1909 4000 (Isa.

311 4042 425 4090 xtv,
451 4024 579 4095 1‘2)?
604 4023 670 4079 Et
690 4023 940 4079 Salvator
962 4022 1015 4076 in
1040 4021 1334 4090 Evangelia
1360 4040 1371 4073 :
1401 4020 1683 4083 Videbam,
1712 4021 1910 4091 inquit,

308 4118 569 4173 Satanam
613 4116 769 4186 quasi
818 4114 999 4184 fulgur
1041 4116 1109 4169 de
1132 4114 1272 4170 cmlo
1321 4113 1606 4168 cadentem
1633 4112 1786 4181 (Luc.
1828 4115 1910 4181 χ).

313 4210 473 4279 Quod
504 4217 561 4263 et
589 4208 865 4266 Jeremias
896 4208 1139 4278 loquitur
1169 4207 1237 4261 ad
1266 4206 1591 4261 Jerusalem.
1626 4205 1914 4272 Quomodo

310 4303 639 4359 obscuravit
668 4302 933 4356 Dominus
956 4302 1009 4356 in
1042 4302 1123 4355 ira
1157 4316 1252 4356 sna
1278 4299 1440 4354 ﬁliam
1472 4299 1604 4355 Sion
1640 4319 1652 4353 :
1687 4300 1915 4370 projccit

310 4397 378 4451 de
406 4398 549 4451 coelo
580 4396 633 4449 in
659 4405 858 4449 terram
882 4394 1110 4464 gloriam
1140 4393 1304 4447 Israel
1326 4392 1545 4465 (Thren.
1581 4408 1640 4458 ll,
1670 4392 1762 4462 'l)?
1783 4392 1914 4447 Pro-

303 4492 486 4559 jectus
498 4506 557 4546 es
573 4500 754 4544 autem
769 4489 822 4543 in
838 4498 1135 4559 conspectu
1153 4488 1396 4541 omnium
1416 4495 1693 4557 regum,ut
1709 4496 1798 4541 tuo
1815 4497 1913 4543 ter-

309 4595 568 4640 rerentur
586 4583 860 4651 exemplo,
878 4583 959 4638 vel
982 4582 1242 4637 bonorum
1260 4598 1466 4652 regum,
1490 4597 1721 4653 quorum
1740 4598 1836 4637 cor
1859 4582 1913 4637 in

2017 3361 2086 3417 ad
2117 3377 2239 3417 eum
2272 3362 2523 3432 loquatur
2550 3380 2563 3415 :
2605 3360 2883 3433 Numquid
2912 3372 2970 3418 tu
2997 3376 3057 3418 es
3085 3363 3425 3433 signaculum
3457 3363 3616 3420 simi-

2019 3454 2266 3511 litudinis
2301 3457 2419 3524 Dei,
2456 3456 2647 3525 plenus
2676 3452 3061 3526 sapientia,'et
3086 3456 3361 3527 perfectus
3380 3456 3614 3513 decore:

2019 3559 2075 3606 tu
2106 3553 2321 3608 cunctis
2368 3563 2592 3607 ornatus
2635 3552 2929 3623 lapidibus,
2967 3563 3024 3607 tu
3068 3551 3310 3623 Cherub,
3342 3552 3430 3608 vel
3461 3568 3617 3608 crea-

2018 3655 2106 3700 tus
2134 3660 2254 3699 cum
2301 3644 2518 3700 Cherub
2552 3662 2566 3699 :
2598 3660 2722 3700 cum
2753 3643 3067 3700 eeontrario
3098 3644 3438 3714 peccaveris,
3482 3654 3538 3700 et
3560 3645 3619 3701 in

2018 3742 2259 3797 cinerem
2304 3739 2689 3794 dissolvendus
2718 3740 2831 3794 sis?
2875 3738 3211 3809 Adduntque
3255 3738 3455 3795 fabula:
3500 3754 3615 3795 suae

2019 3836 2369 3901 miraculum,
2406 3844 2465 3889 ut
2493 3835 2657 3907 338
2685 3843 2875 3891 contra
2906 3834 3269 3905 Scripturam,
3301 3835 3470 3889 immo
3496 3834 3617 3889 sine

2019 3929 2316 4000 Scriptura:
2345 3928 2669 3984 auctoritate
2696 3970 2711 3993 ,
2755 3928 2959 3997 dicant,
3006 3927 3191 3983 Hiram
3236 3926 3385 3982 mille
3412 3926 3618 3982 vixisse

2019 4026 2196 4080 annis.
2242 4024 2443 4080 Verum
2484 4024 2602 4079 haec
2628 4038 2791 4095 quam
2823 4023 3060 4079 violenta
3090 4024 3164 4078 sit
3208 4022 3615 4092 interpretatio,

2017 4120 2224 4190 absque
2252 4130 2445 4175 nostro
2464 4118 2674 4188 judicio
2716 4118 2959 4189 prudens
2985 4118 3160 4173 lector
3191 4116 3465 4188 intelligit.

2093 4213 2275 4284 (Vers.
2306 4213 2376 4267 ΞΟ
2406 4214 2549 4283 seq.)
2581 4211 2651 4266 Et
2673 4212 2842 4282 factus
2868 4220 2943 4266 est
2978 4226 3147 4265 sermo
3176 4209 3391 4266 Domini
3412 4210 3482 4264 ad
3509 4227 3616 4278 me,

2017 4307 2192 4362 dicens
2221 4325 2235 4362 :
2261 4305 2370 4362 Fili
2396 4308 2638 4375 hominis,
2672 4322 2803 4377 pone
2835 4306 2971 4375 (sive
3000 4306 3240 4379 obﬁrma)
3266 4308 3448 4378 faelem
3473 4314 3616 4359 tuam

2015 4411 2199 4455 contra
2238 4400 2507 4467 Sidonem,
2535 4412 2581 4455 et
2616 4400 2945 4471 propltetabis
2977 4401 3042 4455 de
3070 4417 3151 4471 ea,
3194 4409 3243 4455 et
3264 4399 3401 4454 dices
3429 4415 3449 4454 :
3484 4397 3616 4453 ch

2019 4496 2143 4549 dicit
2174 4493 2425 4550 Dominus
2448 4493 2589 4549 Deus
2615 4511 2635 4549 :
2662 4492 2799 4550 Ecce
2831 4510 2925 4569 ego
2952 4494 3021 4548 ad
3054 4502 3121 4561 te,
3146 4493 3340 4561 Sidon,
3368 4490 3395 4529 ἀ
3423 4500 3472 4547 et
3497 4492 3617 4565 glo-

2017 4587 2261 4656 riﬁcabor
2282 4588 2337 4641 in
2360 4596 2406 4641 te
2443 4587 2582 4657 (sive
2610 4588 2666 4641 in
2694 4587 2864 4641 medio
2903 4585 3001 4657 tui)
3035 4606 3048 4642 :
3100 4596 3151 4641 et
3190 4587 3348 4641 scient
3376 4584 3498 4658 quia
3522 4600 3617 4656 ego

310 4694 477 4733 manu
500 4678 599 4734 Dei
623 4675 1061 4748 e5t(Prov.xstt),
1079 4675 1163 4730 vel
1185 4676 1722 4745 malorum,quorum
1750 4692 1912 4748 regna
1940 4666 1993 4728 1)
2019 4678 2299 4747 Dominus,
2332 4697 2447 4734 cum
2470 4683 2639 4754 fecero
2670 4681 2720 4733 in
2746 4698 2805 4734 ea
2835 4681 2978 4753 (sive
3010 4683 3062 4735 in
3089 4681 3159 4752 te)
3180 4680 3407 4752 judicia,
3441 4689 3487 4733 et
3506 4694 3624 4734 san-

309 4773 557 4828 oSIendit
587 4771 836 4826 diabolus
867 4770 1136 4826 Salvatori
1160 4769 1377 4840 (Matth.
1396 4769 1476 4842 1v)
1503 4787 1515 4823 :
1541 4769 1632 4840 qui
1664 4785 1919 4825 occurre-

311 4877 444 4922 runt
456 4866 571 4936 regi
585 4863 911 4936 Babylonio,
928 4863 1199 4919 dicentes:
1216 4862 1350 4917 Ettu
1364 4873 1551 4934 captus
1566 4878 1624 4918 es
1640 4862 1781 4918 sicut
1795 4879 1917 4927 nos,

308 4969 481 5029 atque
508 4959 653 5012 inter
684 4972 785 5012 nos
815 4966 1099 5027 reputatus
1129 4970 1212 5011 es.
1240 4956 1605 5023 Quamobrem
1636 4964 1694 5011 et
1724 4956 1921 5025 polluit

310 5052 810 5109 sanctiﬁcationem
838 5052 996 5124 337
1011 5066 1166 5106 suam
1199 5067 1361 5122 quam
1393 5050 1677 5118 habuerat,
1699 5050 1918 5122 quando

312 5153 599 5208 habitabat
624 5152 681 5206 in
703 5160 911 5219 monte,
932 5161 987 5207 et
1015 5151 1446 5207 conversahatur
1475 5152 1528 5207 in
1556 5151 1744 5208 medio
1775 5154 1915 5224 igni-

313 5256 497 5302 torum
534 5244 796 5317 lapidum.
828 5245 1086 5317 Sequitur
1113 5266 1129 5303 :
1162 5245 1456 5301 Producam
1479 5246 1646 5316 ignem
1672 5248 1726 5300 in
1749 5247 1918 5300 medio

313 5344 392 5395 tui
423 5342 511 5412 qui
557 5341 761 5395 devoret
793 5351 860 5396 te.
898 5340 1068 5397 Istum
1102 5343 1285 5411 ignem
1328 5340 1383 5396 in
1417 5340 1548 5413 Tyri
1579 5342 1724 5411 regis
1753 5341 1920 5396 corde

316 5432 686 5489 succenderet
714 5432 808 5489 ille
835 5432 991 5505 cujus
1022 5432 1191 5504 ignita
1224 5437 1355 5487 sunt
1378 5429 1582 5500 iacula,
1625 5442 1680 5485 et
1711 5429 1778 5487 de
1813 5446 1921 5502 quo

397 5624 421 5652 ³
464 5614 740 5672 Rescribit
770 5613 1037 5668 Victorius
1073 5614 1162 5682 qui
1203 5609 1537 5684 protegeb‘as,
1565 5624 1745 5664 arcam
1777 5609 1924 5664 enim

321 5695 379 5743 et
414 5686 855 5759 propitiatorium
884 5680 1177 5759 cherubim
1203 5680 1588 5755 protegebant.

398 5751 430 5799 ε
470 5751 617 5813 Μ’θηι
660 5757 864 5810 mavult
890 5756 1155 5809 devorabat
1183 5751 1228 5810 ε’
1251 5751 1391 5810 ρυηί
1416 5763 1600 5809 tamen
1632 5753 1682 5807 in
1735 5751 1929 5809 Grteco

323 5831 402 5887 sit
427 5833 483 5887 in
522 5832 746 5902 instanti
779 5831 1012 5902 φάγεται,
1047 5827 1280 5902 devorat.

2015 4773 2272 4842 ctiﬁcatus
2301 4774 2443 4842 fuero
2465 4774 2519 4826 in
2548 4782 2595 4827 te
2626 4772 2771 4843 (sive
2800 4774 2855 4825 in
2883 4772 2991 4845 ea).
3030 4770 3099 4825 Et
3123 4773 3394 4827 immittam
3420 4774 3474 4828 in
3500 4789 3618 4829 eam

2021 4864 2160 4937 (sive
2185 4866 2238 4918 in
2265 4864 2333 4935 te)
2364 4864 2728 4936 pestilentiam,
2759 4875 2805 4917 et
2846 4860 3153 4935 sanguinem
3194 4865 3250 4919 in
3279 4865 3465 4935 pluteis
3500 4868 3618 4937 ejus

2025 4959 2166 5031 (sive
2194 4958 2333 5031 tuis)
2369 4979 2383 5016 :
2424 4972 2475 5013 et
2514 4968 2757 5013 corruent
2797 4960 3054 5030 interfecti
3085 4958 3226 5032 (sive
3257 4958 3535 5034 vulnerati)
3563 4962 3621 5014 in

2026 5054 2192 5108 medio
2230 5059 2343 5127 ejus
2368 5054 2423 5108 in
2447 5054 2621 5126 gladio
2646 5051 2787 5123 (sive
2816 5054 2869 5108 in
2896 5051 3109 5125 gladiis)
3137 5070 3227 5121 per
3252 5054 3545 5121 circuitum,
3569 5060 3618 5106 et

2022 5152 2183 5205 scient
2216 5148 2340 5221 quia
2374 5165 2464 5220 ego
2495 5147 2769 5203 Dominus.
2799 5145 2868 5201 Et
2895 5164 2997 5203 non
3035 5150 3131 5203 erit
3158 5147 3297 5203 ultra
3321 5148 3500 5201 domui
3528 5144 3620 5201 Is-

2020 5245 2125 5297 rael
2156 5240 2528 5309 o/fendiculum
2553 5241 2940 5309 amaritudinis,
2979 5252 3026 5296 et
3050 5243 3203 5312 spina
3232 5242 3461 5296 dolorem
3487 5240 3624 5310 infe-

2021 5352 2139 5391 rens
2169 5335 2396 5408 undique
2426 5353 2516 5406 per
2540 5336 2815 5390 circuitum
2844 5351 3022 5392 eorum
3055 5338 3142 5407 qui
3181 5333 3519 5390 adversantur
3546 5333 3623 5387 eis

2028 5432 2168 5505 (sive
2191 5432 2280 5503 qui
2319 5433 2533 5504 fecerint
2569 5429 3002 5502 contumeliam):
3052 5438 3102 5486 et
3146 5430 3309 5485 scient
3355 5428 3478 5500 quia
3525 5442 3621 5500 ego

2031 5627 2190 5682 opera
2210 5621 2437 5668 converti
2458 5621 2512 5666 in
2534 5621 2781 5677 cinerem,
2809 5621 2916 5668 etc.

2106 5681 2133 5720 ἀ
2176 5682 2458 5739 Victorius
2491 5684 2822 5755 glori/icabor
2849 5686 2902 5736 in
2944 5682 3110 5737 medio
3135 5683 3207 5736 tui
3239 5680 3374 5752 (sive
3402 5678 3555 5755 inte)
3582 5689 3633 5755 et

2034 5757 2217 5820 scient,
2246 5765 2349 5810 etc.
2377 5756 2447 5810 Et
2491 5754 2639 5816 mox.
2684 5755 3037 5825 sanctiﬁcatus
3070 5759 3218 5825 fuero
3244 5756 3298 5807 in
3325 5769 3387 5807 ea
3419 5754 3554 5821 (sive
3580 5754 3637 5805 in

2037 5829 2135 5895 te).
2169 5827 2303 5883 Nam
2345 5828 2397 5880 in
2428 5838 2475 5882 te
2519 5826 2663 5881 LXX
2711 5826 3092 5897 interpretatio
3138 5835 3245 5897 est,
3274 5827 3323 5882 ἐν
3349 5829 3451 5894 σοὶ,
3482 5840 3633 5882 eam-

420 5916 439 5940 σ
477 5902 650 5958 Penes
696 5896 1014 5954 Raiianurn:
1055 5896 1271 5953 Prodest
1320 5916 1517 5970 quoque
1568 5898 1740 5953 omnia
1790 5898 1931 5953 mala
2030 5914 2136 5969 que
2166 5899 2302 5955 adeo
2326 5898 2762 5968 Hieronymiana:
2800 5896 3034 5969 snbjicit.
