3928 6322
541 349 645 389 9'7".

541 374 648 405 llr)

1760 280 1851 399 ἐ.
1893 320 2168 403 cusnbll
2209 322 2594 402 umnam.

3711 347 3803 407 276

544 454 800 520 Dominus
834 442 977 517 Deus
1008 478 1025 516 :
1055 460 1178 516 Hrcc
1220 460 1346 514 dicit
1391 448 1648 514 Dominus
1690 446 1833 513 Deus
1866 474 1884 513 :
1920 444 2147 539 Quando
2254 452 2562 513 venatores.
2595 452 2725 524 Quae
2754 464 3030 523 suntergo
3054 466 3171 524 quas
3195 452 3381 509 Sidoni
3408 456 3659 515 Domilttls
3680 478 3802 517 com-

543 573 921 633 congregat'ero
949 538 1161 610 domum
1192 540 1384 623 Israel,
1418 540 1483 607 de
1514 552 1719 625 populis
1752 553 1893 625 (sive
1925 538 2144 623 degen—

540 648 717 720 tibus),
759 649 810 702 in
832 648 1014 719 quibus
1051 647 1272 718 dispersi
1293 646 1431 711 sunt,
1464 644 1829 715 sancti/icabor
1872 646 1925 699 in
1955 644 2026 699 eis
2050 661 2141 698 co-

542 757 653 795 ram
682 740 936 812 gentibus.
968 738 1039 796 Et
1068 737 1445 795 habitabuntin
1493 745 1629 791 terra
1670 738 1783 805 sita,
1824 738 1977 808 quam
2022 736 2144 793 dedi

543 852 687 889 servo
719 832 829 888 meo
857 834 1042 901 Iacob,
1076 844 1124 889 et
1168 824 1472 887 habitabant
1520 834 1571 886 in
1616 849 1673 886 ea
1721 833 1889 887 securi
1920 832 2061 904 (sive
2090 834 2143 888 in

541 932 657 1002 spe)
692 951 701 984 :
736 942 782 985 et
812 926 1143 1001 wdiﬁcabunt
1186 928 1384 995 domos,
1417 924 1469 981 et
1510 926 1821 998 plantabunt
1861 928 2055 995 vineas,
2096 932 2145 981 et

544 1018 843 1080 habitabant
871 1022 1188 1095 conﬁrlcnter
1215 1023 1356 1095 (sive
1395 1024 1447 1076 in
1476 1024 1585 1095 spe)
1610 1040 1722 1076 cum
1755 1014 1926 1087 fecero
1938 1022 2146 1095 judicia

545 1121 599 1174 in
617 1118 851 1174 omnibus
869 1119 957 1189 qui
979 1120 1323 1172 adversantur
1344 1114 1527 1189 [Vulg
1564 1112 1714 1171 addit
1730 1114 1828 1187 cis]
1844 1132 1934 1185 per
1960 1117 2148 1171 circui-

545 1224 653 1268 tum
687 1213 829 1286 (sive
872 1213 1083 1282 fecerint
1120 1212 1193 1265 eis
1239 1208 1671 1281 contumeliam):
1718 1219 1766 1263 et
1808 1210 1969 1263 scient
2025 1211 2147 1279 quia

544 1324 637 1378 ego
668 1302 921 1359 Dominus
973 1304 1114 1358 Deus
1143 1320 1340 1358 eorum.
1388 1300 1657 1373 Quodque
1707 1301 1955 1372 Sequitur
1995 1302 2149 1371 juxta

549 1388 697 1457 LXX
731 1417 742 1452 :
782 1388 917 1469 Ettu
946 1390 1082 1451 Dens
1099 1398 1304 1469 patrur'rl
1325 1412 1521 1459 eorum,
1552 1390 1902 1471 inllehraico
1928 1408 2035 1449 non
2053 1396 2148 1448 ha-

550 1493 733 1546 betur.
781 1489 1197 1559 Consequenter
1229 1498 1411 1543 autem
1445 1497 1567 1557 post
1608 1474 1842 1559 Tyrum,
1877 1500 2058 1541 sermo
2092 1486 2151 1540 ﬁt

548 1586 615 1640 ad
646 1587 937 1651 Sidonem;
986 1586 1147 1640 unius
1192 1584 1338 1639 enim
1390 1590 1620 1654 utraque
1671 1582 1802 1637 urbs
1854 1580 2150 1654 provincia:

548 1688 651 1733 est.
697 1680 760 1733 Et
800 1680 850 1733 in
881 1678 1184 1748 Evangelio
1227 1676 1406 1748 Tyrus
1440 1676 1494 1731 et
1525 1675 1690 1731 Sidon
1739 1674 1943 1746 pariter
1973 1674 2149 1730 nomi-

555 1782 758 1827 nantur
788 1789 803 1829 :
836 1771 895 1827 Si
949 1772 1001 1825 in
1049 1770 1184 1842 Tyro
1211 1780 1258 1825 et
1290 1768 1487 1824 Sidone
1535 1772 1685 1841 factm
1727 1779 1893 1824 essent
1939 1770 2151 1824 virtutes

2251 552 2527 611 minatur?
2557 540 2697 608 Ecce
2725 565 2825 622 ego
2870 548 2936 606 ad
2966 560 3019 606 te
3051 549 3167 621 ipse
3204 551 3437 616 veniant,
3487 562 3538 609 et
3565 552 3804 625 gloriﬁca-

2250 644 2351 702 hor
2398 645 2451 701 in
2480 644 2555 714 te,
2587 642 2710 699 cum
2742 656 2794 698 te
2843 642 3195 709 interfecero,
3230 648 3286 697 et
3313 630 3484 699 scient
3512 660 3693 702 omnes
3722 651 3802 719 qui

2252 741 2507 807 viserint,
2557 736 2702 811 quod
2752 746 2852 808 ego
2901 753 3018 792 sum
3054 736 3332 803 Dominus,
3367 752 3484 793 cum
3531 737 3624 794 tibi
3651 740 3808 797 reddi-

2248 826 2383 891 dero
2411 836 2532 905 Quae
2557 834 2789 888 mereris
2814 850 2827 886 :
2854 832 3176 901 mittamque
3212 830 3590 902 pestilentiam,
3627 838 3679 889 et
3700 844 3807 890 san-

2254 931 2468 1000 guinem
2498 928 2552 982 in
2594 920 2803 996 plateas
2847 935 2984 980 tuas.
3031 924 3309 995 Recteque
3351 924 3539 995 plateas
3585 926 3809 986 dicuntur

2254 1022 2474 1078 Sidonis
2510 1041 2521 1075 :
2553 1020 2684 1074 Lata
2709 1021 2845 1074 enim
2872 1018 2921 1073 et
2964 1020 3195 1090 spatiosa
3235 1019 3318 1072 vin
3356 1020 3427 1073 est
3459 1018 3569 1089 qua!
3596 1021 3724 1075 ducit
3752 1025 3808 1077 ad

2256 1127 2470 1172 mortem
2497 1113 2711 1188 (Matth.
2745 1113 2863 1187 vn).
2892 1115 2957 1169 Et
2984 1122 3245 1169 corruent
3274 1112 3537 1169 lnteriecti
3580 1118 3663 1185 qui
3689 1117 3810 1173 male

2256 1218 2549 1279 steterant,
2580 1206 2757 1279 gladio
2779 1223 2878 1277 per
2901 1206 3188 1263 circuitum
3213 1224 3225 1259 :
3250 1205 3341 1262 illo
3355 1204 3530 1277 gladio
3555 1210 3702 1277 ditem
3730 1222 3810 1262 ve-

2255 1304 2338 1361 nit
2365 1286 2627 1359 Dominus
2655 1305 2873 1358 mittere
2901 1310 3065 1372 super
3097 1300 3327 1363 terram,
3377 1290 3435 1355 ui
3478 1300 3612 1355 male
3650 1300 3809 1370 juncta

2256 1394 2535 1465 dissociet,
2579 1406 2633 1452 et
2662 1397 2835 1451 sciant
2883 1397 2973 1466 qui
3022 1392 3413 1459 remanserint,
3446 1392 3582 1465 quod
3622 1393 3728 1465 ipse
3752 1394 3811 1450 sit

2259 1490 2540 1548 Dominus.
2566 1489 2811 1561 Cumque
2831 1476 2994 1562 3m
3018 1489 3095 1544 illi
3120 1482 3474 1555 cessaverint,
3501 1490 3807 1558 nequaquam

2260 1572 2401 1641 ultra
2429 1587 2532 1642 erit
2560 1583 2944 1641 olI‘endlculum
2973 1580 3373 1651 amaritudiriiS,
3416 1590 3472 1637 et
3504 1581 3653 1653 spina
3678 1581 3808 1635 dolo-

2259 1678 2335 1734 ris
2364 1678 2736 1750 Compungens
2764 1686 2818 1733 et
2851 1677 3142 1731 vulnerans
3183 1674 3445 1748 populum
3488 1674 3605 1729 Dei.
3648 1672 3810 1728 Omnia

2260 1783 2438 1829 autem
2478 1762 2598 1827 haec
2640 1770 2894 1827 dicuntur
2936 1768 3124 1825 contra
3158 1766 3499 1824 adversarias
3525 1776 3809 1840 potestates,

550 1883 663 1938 qua:
692 1862 841 1937 {artic
883 1875 1001 1919 sunt
1049 1864 1159 1937 [AL
1192 1850 1423 1935 )‘ireruntl
1452 1865 1505 1916 in
1553 1872 1599 1917 te
1629 1860 1847 1934 (Matth.
1896 1876 1979 1929 χι,
2032 1862 2148 1936 9.1).
2184 1852 2230 1928 Β
2260 1864 2403 1938 quod
2444 1867 2497 1921 in
2529 1874 2779 1922 extremo
2822 1876 3066 1934 tempore
3113 1858 3422 1928 deleantur,
3467 1874 3520 1917 et
3548 1862 3615 1917 sit
3640 1870 3811 1915 :eterua

551 1958 705 2015 Unde
739 1967 793 2014 et
822 1956 1152 2022 Chananrea,
1198 1956 1355 2026 cujus
1390 1957 1499 2010 ﬁlia
1545 1966 1575 2011 a
1608 1955 1884 2011 daemonio
1915 1956 2151 2011 vexaba-

550 2062 641 2106 tur
670 2052 795 2121 quia
829 2048 1048 2121 egressa
1078 2059 1160 2105 est
1190 2049 1257 2105 de
1283 2048 1483 2103 ﬁnibus
1507 2047 1634 2120 Tyri
1665 2060 1719 2103 et
1742 2048 1979 2114 Sidonis,
2009 2049 2152 2119 quod

550 2143 945 2214 postulaverat,
998 2141 1314 2212 impetravit
1362 2136 1681 2211 (Ibid.,lfi).
1744 2139 2001 2194 Prmdicit
2056 2155 2153 2195 au-

553 2245 660 2290 tem
690 2236 875 2291 sermo
923 2234 1141 2289 divinus
1170 2233 1318 2304 quod
1361 2249 1389 2287 a
1434 2228 1771 2304 Babyloniis,
1814 2244 1871 2288 et
1912 2234 2025 2304 ipsa
2058 2250 2153 2289 ca-

555 2328 749 2399 pienda
782 2331 874 2398 sit,
918 2336 972 2384 et
1026 2326 1294 2384 malorum
1346 2328 1645 2399 cognoscat
1694 2328 1959 2398 pondere,
2014 2332 2158 2398 quod

554 2424 673 2493 ipse
703 2423 771 2476 sit
800 2422 1063 2476 Dominus
1096 2441 1108 2476 :
1140 2438 1262 2476 cum
1292 2419 1627 2492 iudicaverit
1652 2422 1793 2489 eam,
1825 2433 1881 2477 et
1918 2422 2161 2477 sanctiﬁ-

551 2525 704 2570 catus
737 2514 901 2569 fuerit
942 2515 996 2569 in
1026 2515 1137 2579 illa,
1173 2523 1229 2570 et
1261 2514 1405 2568 fame
1434 2526 1555 2568 eam
1586 2510 1649 2567 ac
1679 2514 2015 2583 pestilentia,
2048 2516 2161 2585 gla-

553 2608 755 2678 dioque
785 2604 1187 2677 consumpserit
1219 2626 1231 2661 :
1263 2607 1337 2662 ita
1366 2614 1424 2661 ut
1449 2615 1667 2661 corruat
1689 2605 1741 2661 in
1776 2606 1967 2676 plateis
1994 2607 2159 2673 illius,

556 2713 611 2757 et
635 2714 973 2773 nequaquam
997 2704 1141 2755 nltra
1171 2700 1239 2755 sit
1270 2703 1323 2755 in
1371 2696 1760 2756 oﬂ'endiculum
1797 2700 1996 2771 populo
2042 2702 2157 2769 Dei,

558 2798 721 2869 339
750 2806 848 2852 nec
876 2806 970 2851 eos
1003 2796 1317 2867 frequenter
1346 2796 1644 2867 impugnet.
1672 2795 1806 2850 Cum
1847 2805 2031 2851 autem
2059 2794 2163 2851 huc

557 2890 758 2945 factum
804 2889 983 2955 luerit,
1020 2894 1326 2943 revertatur
1355 2890 1585 2958 populus
1612 2887 1799 2953 lsrael,
1833 2902 1967 2958 quos
1997 2888 2049 2941 in
2083 2887 2164 2942 di-

560 3000 746 3041 versas
776 2984 1106 3055 diSperserat
1130 2984 1395 3049 natidnes,
1429 2985 1481 3036 in
1516 2991 1715 3037 terram
1745 2994 1919 3050 suam,
1964 2992 2019 3036 et
2041 2986 2166 3035 san-

562 3079 829 3133 ctilicetur
860 3077 912 3131 in
947 3079 1046 3145 eis,
1080 3076 1424 3147 nequaquam
1456 3084 1514 3129 nt
1544 3076 1596 3129 in
1635 3074 1838 3130 Sidone
1881 3073 1938 3129 in
1968 3075 2161 3129 malam

560 3182 795 3245 partem,
829 3172 923 3226 sed
954 3171 1009 3226 in
1042 3170 1260 3232 bo‘na’m.
1310 3170 1430 3223 cum
1474 3170 1555 3224 eis
1601 3169 1853 3224 misertus
1900 3167 2081 3235 fuerit,
2110 3178 2167 3223 et

2260 1961 2548 2025 securitas,
2596 1960 2813 2031 quando
2860 1957 3272 2028 congregaverit
3326 1958 3582 2012 Dominus
3627 1953 3811 2009 domum

2258 2052 2457 2118 Israel,
2488 2065 2581 2107 eos
2612 2054 2701 2121 qui
2733 2052 2896 2107 sensu
2924 2052 3155 2106 cernunt
3200 2046 3373 2103 Deum
3401 2067 3415 2104 :
3463 2058 3516 2103 et
3551 2045 3815 2102 sanctiﬁca-

2262 2144 2348 2201 tus
2376 2147 2533 2201 fuerit
2565 2145 2621 2200 in
2653 2147 2751 2211 eis,
2782 2155 2837 2200 et
2858 2145 3230 2215 eomplehitdr
3254 2143 3391 2199 illud
3422 2141 3565 2215 quod
3590 2141 3811 2212 scriptum

2262 2234 2389 2296 est:
2424 2236 2603 2296 Sancti
2632 2249 2809 2307 estote,
2851 2241 3096 2309 quoniam
3141 2256 3231 2309 ego
3273 2250 3481 2293 sanctus
3523 2254 3632 2292 sum
3659 2234 3809 2309 (Levit.

2266 2350 2359 2388 nx
2380 2378 2394 2402 ,
2421 2330 2500 2404 2).
2530 2330 2600 2387 Et
2631 2332 2991 2388 habitaverint
3023 2332 3079 2387 in
3107 2342 3249 2387 terra
3280 2347 3401 2401 sua,
3434 2332 3499 2387 de
3527 2349 3623 2401 qua
3646 2338 3692 2384 et
3712 2328 3812 2382 alibi

2265 2426 2494 2495 legimtis
2520 2443 2532 2479 :
2559 2423 2723 2480 Credo
2750 2425 2917 2479 ridere
2936 2424 3067 2479 bona
3094 2418 3306 2479 Dorm'ni
3338 2427 3391 2479 in
3420 2435 3555 2479 terra
3580 2422 3813 2477 viventium

2265 2519 2385 2591 (Ps.
2418 2532 2539 2584 xvi,
2578 2504 2686 2587 ιδ).
2739 2518 2910 2585 Quam
2952 2517 3180 2573 dederat
3229 2514 3423 2584 Jacob,
3476 2517 3565 2586 qui
3613 2513 3812 2584 priorem

2266 2611 2708 2682 supplantaverat
2734 2608 2981 2679 fratrem,
3026 2618 3081 2665 et
3112 2610 3394 2681 primitiva
3438 2610 3555 2678 ejus
3584 2614 3809 2661 meruerat

2267 2706 2534 2775 accipere.
2569 2702 2636 2758 Et
2667 2702 2990 2759 habitabant
3020 2702 3074 2757 in
3108 2716 3169 2759 ea
3202 2703 3409 2769 securi,
3436 2702 3552 2757 sive
3578 2699 3628 2755 in
3652 2714 3745 2769 spe,
3767 2704 3805 2749 et

2269 2796 2612 2851 mdilicabunt
2632 2796 2848 2863 ’domos,
2875 2796 3305 2867 plantabuutqne
3338 2798 3543 2859 tineas,
3574 2789 3809 2848 ethabita-

2268 2891 2402 2945 bunt
2430 2889 2666 2946 secundo
2707 2892 2762 2945 in
2808 2902 2925 2961 Spe,
2972 2889 3126 2961 juxta
3173 2889 3308 2944 illud
3356 2889 3501 2959 quod
3560 2887 3733 2957 legitur
3768 2884 3807 2937 in

2268 2982 2449 3039 Isaia:
2484 2985 2585 3049 Qui
2624 2983 2866 3038 ablactati
2915 2984 3038 3037 estis
3084 3000 3114 3035 a
3165 2984 3321 3047 lacte,
3372 2984 3463 3053 ‘qui
3515 2978 3736 3035 abstracti
3767 2977 3813 3028 ab

2271 3080 2442 3150 ubere,
2489 3079 2868 3133 tribulationem
2904 3092 3059 3151 super
3118 3078 3503 3133 tribulationem
3554 3082 3812 3141 extiterunt,

2271 3183 2318 3227 et
2358 3189 2498 3244 spem
2541 3190 2693 3245 super
2734 3178 2876 3243 spem
2924 3171 3057 3245 (Isa.
3108 3168 3220 3243 ιχ).
3270 3154 3638 3228 Edittcabunt
3673 3176 3816 3223 autem

564 3264 928 3321 habitaverint
960 3264 1010 3317 in
1040 3264 1211 3327 terra,
1237 3272 1394 3334 quam
1417 3260 1567 3317 dedit
1591 3262 1731 3333 patri
1762 3264 1951 3319 eorum
1971 3261 2162 3333 Iacob,
2194 3260 2238 3320 C
2273 3264 2487 3331 domos,
2511 3280 2644 3337 quas
2671 3276 2725 3320 et
2751 3267 2806 3319 in
2833 3262 3125 3335 Evangelia
3146 3264 3410 3333 aediﬁcat,
3438 3265 3531 3335 qui
3564 3270 3661 3317 non
3686 3264 3818 3328 super

566 3374 619 3416 et
648 3359 1009 3415 habitaverint
1044 3356 1247 3421 securi,
1278 3358 1338 3414 et
1372 3358 1427 3414 in
1458 3358 1687 3414 Domino
1719 3360 2081 3426 conﬁdentes,
2114 3358 2169 3416 et

567 3454 961 3510 :cdiﬁcaverint
982 3452 1197 3518 domos,
1222 3456 1277 3508 el
1302 3452 1668 3524 plantaverint
1690 3456 1901 3520 vineas,
1920 3456 2045 3510 'cum
2074 3468 2170 3511 sua

566 3550 833 3622 promissa
867 3548 1229 3619 compleverit
1259 3567 1271 3601 :
1305 3559 1360 3603 ct
1392 3552 1519 3605 tunc
1553 3558 1882 3621 cognoscant
1911 3550 2051 3621 quod
2084 3551 2168 3621 ip-

568 3658 629 3699 se
679 3644 750 3698 sit
798 3640 1083 3707 Dominus,
1124 3641 1281 3712 cujus
1335 3640 1604 3712 promissa
1656 3642 1968 3699 ﬁrmissima
2024 3652 2169 3698 sum.

572 3732 727 3806 Quod
754 3737 915 3791 multi
943 3734 1008 3789 ad
1037 3734 1251 3804 tempus
1282 3734 1531 3790 referunt
1562 3734 1887 3803 Zorobabel,
1914 3737 2087 3803 Etrte,
2120 3745 2176 3791 et

571 3832 831 3897 Neemiac,
846 3828 1063 3901 quando
1074 3840 1331 3885 reversus
1343 3838 1425 3886 est
1443 3831 1675 3902 populus
1692 3826 1879 3898 Israel,
1899 3841 1953 3887 et
1970 3832 2175 3892 habita-

571 3928 716 3983 vitin
735 3942 872 3983 terra
889 3926 1212 3981 Judrea.Alii
1226 3940 1357 3981 vero
1381 3927 1432 3981 in
1446 3927 1639 3982 ultimo
1662 3936 1906 3999 tempore
1922 3940 1975 3986 et
1989 3931 2040 3985 in
2056 3932 2175 3987 mil-

568 4022 625 4077 le
657 4020 816 4074 annis
848 4029 1073 4088 sperant
1097 4026 1217 4073 eSSe
1240 4020 1649 4090 complendum.
1685 4021 1853 4077 Porro
1876 4022 2175 4081 Secundum

574 4113 994 4184 intelligentiam
1019 4111 1383 4182 spiritualem,
1418 4111 1507 4168 hic
1535 4112 1693 4170 nobis
1724 4128 1917 4171 senSus
1938 4117 2172 4175 videtur.

577 4207 767 4264 Sidoni
798 4206 1226 4277 interpretantur
1245 4216 1528 4273 venatores,
1565 4207 1631 4263 de
1653 4210 1847 4279 quibus
1867 4214 1921 4266 et
1944 4211 1997 4266 in
2028 4210 2178 4269 Psal-

578 4303 685 4359 mis
714 4305 975 4373 Scriptum
1023 4310 1107 4357 est
1137 4317 1153 4356 :
1199 4301 1387 4355 Anima
1431 4310 1606 4356 nostra
1639 4304 1767 4358 sicut
1802 4314 1978 4376 passer
2008 4317 2179 4379 erepta

580 4404 653 4450 est
683 4392 744 4449 de
770 4396 951 4467 laqueo
978 4393 1265 4449 venantium
1292 4392 1469 4465 ‘(PsaL
1505 4410 1696 4461 cum,
1729 4394 1810 4467 7).
1840 4396 1909 4452 Et
1948 4398 1999 4451 in
2041 4396 2178 4456 Pro-

580 4484 786 4547 Verhiis
832 4509 843 4544 :
900 4488 1101 4545 Oc’ulus
1154 4486 1433 4544 meretricis
1498 4489 1715 4561 laqueus
1767 4502 1841 4545 est
1896 4496 2179 4563 peccatoris

584 4584 768 4658 (Prov.
812 4588 976 4649 XXIII,
1004 4584 1123 4657 27).
1154 4584 1297 4641 Sunt
1344 4593 1522 4641 autem
1567 4596 1620 4641 et
1644 4586 1699 4640 in
1734 4586 1932 4642 bonam
1968 4594 2177 4660 partem

2273 3374 2515 3426 arenam,
2567 3358 2659 3413 sed
2709 3373 2873 3428 super
2923 3364 3133 3429 petram
3184 3358 3541 3413 fundamenta
3585 3350 3819 3411 consuluit

2275 3442 2489 3530 (Matth.
2529 3458 2641 3526 vn).
2676 3454 2752 3510 De
2781 3454 2977 3525 quibus
3005 3452 3266 3524 scriptum
3302 3466 3393 3511 est
3425 3474 3438 3510 :
3468 3454 3584 3509 Nisi
3610 3452 3818 3507 Dominus

2274 3550 2605 3627 (ediﬁcarerit
2629 3549 2863 3613 domum,
2893 3550 2945 3602 in
2977 3564 3163 3603 vanum
3197 3549 3563 3604 laboraverunt
3589 3547 3668 3617 qui
3686 3542 3819 3609 adiﬁ-

2275 3654 2392 3699 cant
2425 3654 2536 3698 eam
2564 3642 2679 3714 (Ps.
2714 3658 2874 3697 cxxvr
2895 3686 2907 3707 ,
2936 3643 3013 3713 ἱ).
3044 3638 3114 3697 Et
3138 3643 3190 3698 in
3222 3634 3437 3711 E'x’odo,
3461 3644 3609 3714 juxta
3633 3641 3821 3707 Septua-

2275 3737 2420 3808 ginta
2452 3756 2465 3790 ε
2497 3737 2632 3804 Quia
2684 3734 2926 3790 timebant
2971 3734 3260 3791 obstetrices
3313 3734 3608 3801 Dominum,
3636 3733 3821 3801 [icerant

2278 3829 2375 3884 sibi
2400 3829 2578 3883 domos
2603 3826 2801 3902 (Exod.
2829 3836 2879 3895 t,
2911 3824 3027 3898 2|),
3061 3837 3116 3884 et
3151 3828 3328 3884 multa
3363 3824 3682 3899 huiusmodi.
3712 3819 3821 3875 Cum

2278 3935 2460 3980 autem
2500 3922 2687 3979 iecerit
2720 3920 2981 3979 Dominus
3006 3922 3269 3995 judicium
3318 3926 3504 3979 contra
3532 3934 3623 3977 eos
3650 3916 3724 3990 qui
3750 3910 3824 3967 ad-

2279 4028 2591 4085 versantur,
2616 4019 2730 4073 sive
2760 4018 3106 4074 contumeliis
3128 4016 3378 4074 afﬁciunt
3405 4018 3572 4074 Israel
3600 4017 3650 4071 in
3666 4009 3826 4071 circui-

2284 4124 2366 4169 tu:
2390 4124 2515 4169 tunc
2528 4114 2706 4170 omnis
2731 4124 2917 4167 ereatu
2928 4128 2986 4167 ra
3006 4124 3297 4185 cognoscet
3317 4113 3459 4185 quod
3476 4112 3588 4183 ipse
3600 4112 3665 4165 sit
3683 4103 3827 4162 Domi.

2284 4226 2404 4277 nus,
2422 4212 2575 4281 cujus
2588 4208 2922 4279 verajudieia
2937 4220 3081 4276 Sunt,
3104 4218 3157 4263 et
3171 4208 3464 4279 jusﬁﬁcata
3482 4210 3531 4262 in
3544 4200 3851 4281 semetipsis._

2354 4304 2506 4375 (Cap.
2524 4300 2954 4357 XXIX—Ven.
2970 4301 3021 4371 I,
3036 4299 3117 4373 ‘2.)
3135 4299 3199 4355 In
3220 4318 3357 4355 anno
3370 4301 3561 4355 decimo
3576 4294 3826 4368 (sivcjuxlil

2285 4396 2449 4467 LXX,
2472 4394 2818 4469 duodecimo),
2836 4397 2889 4451 in
2916 4396 3111 4450 decimo
3131 4399 3472 4469 mense(sive,
3485 4396 3630 4464 juxta
3644 4383 3829 4446 Hebrai-

2285 4506 2429 4558 cum,
2452 4500 2477 4529 ⁸
2498 4491 2848 4559 duodecimo),
2879 4490 2933 4543 in
2962 4490 3125 4557 prima
3142 4489 3279 4561 (sive
3296 4486 3423 4559 una)
3456 4486 3638 4540 mensis
3659 4481 3748 4543 die,
3769 4477 3827 4544 (α’

2286 4598 2420 4640 ctum
2444 4596 2514 4640 est
2530 4584 2731 4639 verbum
2755 4580 2964 4637 Domini
2985 4582 3054 4635 ad
3082 4598 3180 4645 me,
3210 4580 3385 4634 dicens
3420 4595 3439 4634 :
3472 4577 3575 4632 Fili
3604 4570 3825 4630 hominis,

584 4676 670 4733 bis
713 4679 973 4733 contrarii
1004 4676 1319 4745 venatores,
1369 4678 1437 4734 de
1486 4678 1681 4751 quibus
1727 4682 1914 4738 srribit
1945 4674 1996 4738 et
2028 4682 2181 4742 lere-
2208 4667 2261 4727 ἶ)
2290 4694 2419 4750 pone
2438 4676 2798 4749 (siveob/irma
2812 4676 2996 4747 faciem
3010 4684 3150 4727 tuam
3166 4683 3346 4726 contra
3364 4670 3828 4733 Pharaonemfeie'"

585 4772 722 4827 mlas
751 4789 764 4825 :
798 4768 936 4825 ‘Ecce
982 4784 1071 4843 ego
1100 4773 1299 4826 'mittam
1348 4773 1629 4845 piscatores
1669 4784 1714 4829 et
1767 4786 2049 4843 venatores,
2093 4780 2178 4849 qui

584 4877 830 4921 venentur
860 4883 945 4919 vos
977 4866 1039 4918 de
1066 4867 1204 4920 omni
1227 4867 1358 4921 colle
1378 4878 1426 4922 et
1451 4880 1618 4923 monte
1641 4868 1860 4941 (Jerem.
1889 4888 2007 4937 xvr,
2039 4872 2132 4942 16)
2163 4893 2173 4927 :

586 4960 723 5032 quos
752 4968 805 5015 et
837 4960 1097 5015 Dominus
1144 4960 1309 5014 fnittit
1339 4962 1406 5016 ad
1440 4962 1780 5032 piscandnm,
1822 4960 1883 5020 ‘e't
1906 4960 2037 5019 iacit
2082 4982 2178 5023 eos

584 5055 651 5110 de
678 5053 1037 5125 piscatoribus
1050 5052 1307 5123 piscium,
1326 5055 1630 5128 piscatores
1654 5052 1935 5113 hominum
1958 5046 2172 5131 (Matth.

578 5146 681 5221 tit).
716 5146 869 5206 Unde
901 5156 954 5203 et
978 5148 1186 5204 victrlus
1209 5148 1358 5205 Petri
1392 5157 1445 5205 et
1470 5150 1706 5208 Andreae
1734 5150 1837 5207 hoc
1867 5150 2174 5224 appellatur

584 5240 851 5298 Vacabulo
886 5260 898 5296 ε
929 5236 1215 5297 Bethsaida
1263 5242 1408 5299 enim
1459 5244 1512 5299 in
1561 5244 1742 5317 lingua
1786 5246 1975 5301 nostra
2010 5248 2176 5303 inter-

582 5334 851 5406 preta't'Ur,
913 5335 1094 5390 domus
1134 5336 1450 5391 venatorum.
1506 5335 1811 5395 Adver‘Suin
1858 5339 1961 5395 hos
2016 5341 2177 5410 igitur

574 5431 851 5501 pessimos
877 5424 1187 5498 Venatores,
1218 5431 1314 5488 De'i
1346 5442 1525 5488 sermo
1548 5432 1817 5503 dirigitur,
1854 5436 1908 5488 et
1934 5433 2177 5504 impera-

582 5531 669 5576 tur
708 5525 1011 5595 prophette,
1046 5534 1105 5579 ut
1135 5535 1319 5595 ponat,
1354 5526 1469 5581 sive
1502 5526 1756 5581 obﬁrmet
1796 5528 1990 5583 faciem
2022 5544 2174 5584 suam

582 5627 769 5693 contra
797 5619 1076 5686 Sidonem,
1107 5629 1161 5675 et
1192 5618 1532 5691 nequaquam
1556 5602 1785 5676 ‘ﬁuctuct
1827 5620 1976 5676 omni
2010 5632 2176 5678 vento

583 5709 845 5766 doctrinas
873 5731 885 5765 :
921 5713 1013 5768 sed
1042 5712 1092 5768 in
1120 5714 1354 5769 veritate
1375 5711 1699 5778 consiStent,
1735 5714 2028 5771 interﬁciat
2048 5731 2176 5773 suos

2288 4774 2524 4843 gypti,
2555 4782 2601 4827 et
2631 4768 2959 4842 prophetabis
2982 4769 3046 4822 ‘de
3068 4784 3156 4835 eo,
3187 4776 3233 4822 et
3264 4768 3327 4821 de
3372 4766 3602 4837 .Egypto
3633 4758 3829 4816 universa

2283 4863 2529 4934 loqueris,
2552 4874 2599 4918 et
2622 4862 2760 4918 dices
2778 4880 2794 4917 :
2810 4860 2939 4917 Herc
2962 4862 3085 4915 dicit
3111 4859 3364 4915 Dominus
3386 4859 3543 4913 Dms.
3564 4856 3685 4911 P05t
3703 4847 3830 4907 Sido-

2281 4958 2426 5023 nem,
2467 4973 2586 5026 qua:
2613 4966 2668 5011 et
2702 4955 2817 5025 ipsa
2847 4954 2899 5009 in
2928 4954 3201 5010 Phoenicis
3226 4954 3416 5009 littore
3443 4950 3725 5007 constituta
3743 4948 3822 5002 est,

2283 5050 2463 5111 sermo
2492 5053 2548 5107 ﬁt
2573 5052 2638 5107 ad
2664 5052 2985 5124 prophetam
3017 5051 3229 5105 decimo
3259 5064 3405 5104 anno
3426 5043 3739 5120 captivitatis
3759 5053 3826 5093 re-

2282 5151 2362 5221 gis
2391 5147 2621 5213 .Io‘a'Cim,
2652 5148 2704 5201 et
2725 5144 3051 5202 duodecimo
3083 5154 3290 5204 mense.
3321 5152 3376 5199 et
3400 5156 3507 5198 una
3530 5142 3615 5197 die
3636 5132 3827 5194 mensis,

2286 5246 2340 5298 ut
2372 5248 2535 5314 ponat
2560 5240 2753 5297 faciem
2785 5252 2964 5307 suam,
2997 5239 3112 5295 sive
3140 5236 3396 5293 obﬁrmet
3417 5244 3602 5291 contra
3628 5230 3830 5289 Pharao-

2285 5346 2411 5396 nem
2440 5344 2623 5409 regem
2657 5332 2873 5409 ,Ἐςγωί
2893 5377 2907 5402 ,
2938 5344 2993 5389 et
3016 5334 3271 5405 loquatur
3289 5332 3358 5386 de
3377 5342 3461 5397 eo,
3486 5328 3623 5385 etde
3648 5326 3827 5381 univer-

2285 5444 2342 5487 sa
2371 5430 2626 5503 Egypto,
2651 5429 2766 5485 sive
2792 5428 2856 5482 ad
2886 5428 3104 5482 'omnem
3135 5424 3429 5496 Egypt‘nm
3457 5443 3471 5480 :
3499 5434 3562 5478 ex
3586 5419 3681 5473 alia
3704 5412 3827 5468 “enim

2283 5535 2437 5598 parte.
2466 5525 2664 5580 Judzeae
2689 5524 2739 5577 in
2772 5522 2962 5576 eodem
2993 5522 3174 5575 littore
3191 5517 3488 5574 constituta
3508 5510 3828 5585 Egyptipro—

2280 5619 2457 5674 vincia
2487 5625 2591 5687 est,
2804 5623 2858 5669 et
2887 5630 3005 5686 qua:
3032 5613 3112 5669 illi
3142 5622 3370 5669 ventura
3399 5611 3524 5673 sint,
3555 5606 3826 5677 prophelel.

2280 5714 2374 5771 Sin
2413 5721 2594 5767 autem
2622 5715 2837 5781 oportet
2868 5709 2936 5764 de
2970 5707 3209 5765 numeris
3236 5703 3439 5776 aliquid
3473 5703 3663 5766 dicere,
3694 5705 3826 5767 quem

658 5834 682 5863 ⁰
720 5816 1020 5902 Hebraeus,
1235 5830 1356 5896 πων
1402 5834 1587 5895 ωιτν)
1634 5832 1845 5900 ’MD,
1894 5832 1949 5889 in
2003 5833 2229 5902 decimo,
2270 5834 2325 5887 in
2352 5828 2655 5885 duodecima
2682 5828 2763 5883 die
2808 5826 3016 5885 mensis.
3058 5824 3260 5882 ‘Confer
3306 5824 3629 5883 Comment.,
3674 5806 3823 5873 infra,

582 5912 702 5970 esp.
736 5900 823 5955 30.
