4038 6328
403 239 511 296 279
1659 232 1717 290 S.
1764 227 2008 288 EUSEBI

2111 227 2463 287 [IERONYMI
3590 220 3699 283 280

407 373 744 433 nequaquam
772 355 1082 414 adversaria
1106 353 1276 409 fuerit
1297 350 1508 419 lsraeli,
1532 350 1627 406 sed
1652 350 1781 405 dum
1809 363 2004 419 magna
2028 351 2082 412 Α
2109 343 2271 420 345
2300 345 2467 401 habet
2494 344 2697 400 ﬂumen
2721 344 2888 400 draco
2913 341 3202 416 Egyptius
3221 384 3236 411 ,
3282 340 3381 399 sed
3407 340 3575 398 multa
3596 339 3703 397 ﬂu-

408 453 711 525 promittit,
753 466 783 507 a
829 450 922 505 Dei
965 463 1060 505 eos
1102 446 1312 503 auxilio
1355 453 1657 518 separaret.
1700 443 2002 499 Draconem
2105 442 2275 509 mina,
2305 440 2503 514 quibus
2540 440 2727 512 irrigat
2761 437 3055 512 Egyptum
3084 439 3353 495 humilem
3381 439 3569 510 ﬁatque
3599 437 3697 494 de-

407 556 590 603 autem
625 544 776 616 juxta
805 557 1105 613 anagogen,
1138 540 1468 597 contrariam
1501 543 1825 609 potestatem
1857 549 2005 606 sazpe
2098 533 2300 606 jectam
2331 534 2468 590 nihil
2508 533 2562 588 in
2600 548 2661 590 se
2690 532 2985 589 habentem
3018 534 3281 589 montium
3323 550 3337 587 :
3369 548 3471 589 nec
3526 548 3696 604 aquas

406 639 653 709 legimus.
697 634 854 691 Unde
884 644 940 690 et
967 632 1177 689 Pharao
1208 633 1404 687 dicitur
1430 627 1827 696 Scaeaeiiaarr‘zc,
1858 625 2004 698 quod

403 748 431 785 a
476 730 591 785 Deo
626 737 844 799 separet
882 735 1047 798 atque
1084 725 1354 796 sejungat,
1399 731 1455 779 et
1493 710 1784 794 :Egypius,
1816 719 1870 775 id
1898 728 2003 783 est,

407 836 640 876 massam
682 816 954 892 (ni-wn),
995 823 1049 873 ιιι
1091 818 1399 872 tribulantes
1431 824 1488 871 et
1515 815 1805 887 afﬂigeiites
1833 812 2004 868 verti-

404 928 510 981 tur,
554 930 648 971 eos
696 914 952 971 videlicet
988 928 1125 984 quos
1156 911 1259 967 sibi
1287 911 1525 984 potuerit
1554 908 1866 979 subjugare.
1900 909 2009 965 lste

401 1010 566 1064 draco
594 1017 678 1064 cst
707 1007 1112 1078 praevaricator,
1143 1004 1210 1061 de
1233 1020 1342 1076 quo
1367 1004 1468 1059 Job
1497 990 1810 1073 plenissime
1832 1002 2007 1073 loqui-

404 1114 492 1158 tur
534 1101 674 1174 (Job.
710 1120 802 1169 XL,
843 1099 958 1175 41).
1003 1103 1071 1158 Et
1119 1101 1175 1156 in
1218 1098 1451 1154 Psalmis
1478 1099 1740 1169 scriptum
1765 1106 1850 1152 est
1880 1116 1892 1150 :
1920 1096 2003 1151 Tu

403 1198 705 1271 confregisti
745 1198 917 1267 capita
961 1194 1225 1260 draconis,
1266 1191 1455 1248 dedisti
1495 1209 1607 1246 eum
1642 1192 1694 1245 in
1720 1207 1885 1246 escam
1913 1207 2007 1264 po-

402 1294 539 1366 pulis
582 1292 899 1365 /Ethi0pum
937 1288 1058 1362 (Ps.
1107 1304 1299 1357 Lxxut,
1348 1286 1461 1359 11).
1491 1287 1558 1342 Et
1588 1285 1752 1341 draco
1780 1300 2006 1355 magnus

401 1389 471 1445 ad
512 1390 979 1459 comparationem
1024 1387 1294 1441 minorum
1337 1384 1637 1440 draconum
1682 1383 1905 1449 dicitur,
1938 1382 2005 1437 de

399 1486 595 1556 quibus
615 1485 827 1539 canitur
854 1484 907 1537 in
929 1482 1142 1554 psalmo
1167 1499 1179 1536 :
1212 1480 1289 1535 Tu
1312 1480 1609 1552 confregisti
1632 1480 1805 1551 capita
1824 1479 2008 1532 draco-

397 1594 522 1632 num
544 1580 598 1632 in
621 1579 767 1649 aquis
796 1575 1011 1651 (lbid.).
1037 1576 1102 1631 Et
1124 1577 1178 1630 in
1207 1575 1316 1630 alio
1343 1574 1466 1631 loco
1502 1594 1515 1630 :
1540 1573 1706 1647 3M
1727 1573 1842 1629 Hoc
1863 1590 2006 1629 mare

2107 629 2276 696 Siloe,
2306 644 2430 702 qum
2456 628 2663 684 vadunt
2683 643 2807 684 cum
2832 627 3075 697 silentio,
3104 626 3199 684 sed
3234 626 3482 683 turbidas
3505 636 3561 683 et
3584 641 3698 685 cte-

2108 740 2270 781 nosas
2296 722 2433 796 (Isa.
2464 726 2606 795 VIII).
2644 722 2798 780 Unde
2830 735 2884 779 et
2914 722 3155 780 extrahit
3182 738 3306 778 cum
3337 723 3598 779 Dominus
3624 722 3695 779 de

2109 820 2287 875 medio
2309 818 2594 875 ﬂuminum
2614 834 2860 890 suorum,
2888 829 2947 874 ut
2972 834 3314 891 nequaquam
3346 819 3426 875 eis
3448 818 3697 885 incubet,

2109 926 2210 968 nec
2250 912 2442 967 sedeat
2480 912 2535 967 in
2575 912 2658 968 eis
2693 931 2706 967 :
2746 924 2798 968 ct
2824 927 3013 967 omnes
3051 913 3229 981 pisces
3266 911 3505 982 squamis
3553 910 3701 966 illius

2108 1007 2449 1075 adhaereant,
2476 1023 2576 1079 pro
2602 1006 2870 1080 qualitate
2905 1010 3157 1062 vitiorum
3186 1021 3285 1078 per
3311 1014 3481 1061 totum
3500 1020 3701 1077 corpus

2109 1099 2384 1166 draconis,
2414 1099 2499 1154 vel
2526 1100 2717 1169 capiti,
2760 1099 2845 1154 vel
2868 1099 3085 1168 ventri,
3136 1098 3224 1154 vel
3270 1096 3480 1163 caudae,
3512 1107 3567 1153 et
3596 1113 3695 1153 ex-

2107 1193 2299 1248 tremis
2328 1192 2578 1264 partibus
2602 1192 2943 1249 adhzerentes
2982 1211 2996 1247 :
3036 1201 3095 1249 ut
3139 1200 3386 1248 extracto
3414 1190 3691 1262 dracone,

2110 1288 2289 1359 pisces
2318 1303 2559 1360 quoque,
2592 1288 2687 1360 qui
2714 1286 2999 1343 adhaerent
3032 1287 3110 1355 ei,
3156 1286 3361 1359 pariter
3407 1285 3703 1344 extrahan-

2111 1392 2220 1437 tur.
2254 1381 2361 1437 Et:
2392 1381 2686 1452 Projiciam
2711 1390 2789 1451 te,
2819 1381 3018 1453 inquit,
3063 1381 3116 1436 in
3155 1381 3458 1447 desertum,
3504 1391 3564 1437 ut
3608 1396 3705 1437 ne-

2110 1492 2379 1548 quaquam
2406 1478 2650 1547 reperias
2681 1491 2819 1549 quos
2839 1476 3102 1547 decipias.
3125 1475 3223 1532 Vel
3253 1486 3403 1532 certe
3432 1475 3702 1546 deponam

2111 1581 2164 1627 te
2185 1570 2254 1626 de
2281 1570 2522 1626 culmine
2550 1569 2829 1642 superbia:
2860 1578 3005 1635 tuae,
3037 1578 3092 1625 et
3122 1568 3389 1640 deponam
3416 1568 3706 1635 velociter,

404 1686 651 1743 magnum
696 1678 742 1723 et
786 1669 1073 1741 spatiosum
1109 1666 1365 1722 manibus.
1400 1666 1526 1721 Illic
1552 1665 1761 1736 reptilia
1788 1682 2006 1735 quorum
2106 1667 2264 1738 juxta
2289 1666 2425 1722 illud
2459 1667 2710 1737 Apostoli
2746 1686 2759 1721 :
2792 1666 2933 1720 Deus
2955 1675 3129 1720 autem
3161 1666 3301 1734 pacis
3329 1674 3558 1720 conterat
3601 1664 3708 1721 Sa-

402 1781 505 1819 nan
544 1776 621 1821 est
664 1780 905 1818 numerus
938 1780 957 1818 ε
989 1762 1239 1818 animalia
1278 1762 1471 1835 pusilla
1505 1778 1620 1817 cum
1648 1763 1865 1834 magnis,
1897 1762 2009 1816 illic
2038 1754 2086 1815 B
2112 1769 2289 1814 tanam
2320 1760 2415 1814 sub
2444 1759 2663 1832 pedibus
2687 1761 2866 1814 vestris
2900 1759 3141 1814 velociter
3180 1757 3361 1830 (Rom.
3410 1774 3497 1814 xvi
3517 1800 3533 1824 ,
3564 1758 3701 1833 20);

402 1874 553 1913 naves
597 1857 980 1929 pertransibunt
1018 1873 1035 1909 :
1084 1855 1255 1909 Draco
1288 1856 1385 1909 iste
1412 1872 1561 1927 quem
1587 1855 1819 1927 formasti
1845 1856 1912 1908 ad
1943 1855 2010 1909 il-
2113 1866 2173 1910 ut
2200 1854 2442 1910 dracone
2462 1854 2707 1910 contrito
2738 1861 2903 1925 atque
2929 1852 3214 1925 deposito,
3261 1854 3440 1925 pisces
3491 1868 3709 1925 quoque

401 1952 689 2007 ludendum
718 1952 765 2006 ei
794 1951 989 2025 (Ibid,
1022 1966 1135 2017 cm,
1164 1948 1237 2005 25
1266 1948 1459 2023 seqq.).
1493 1951 1568 2006 De
1595 1965 1703 2022 quo
1733 1960 1789 2006 et
1817 1950 1870 2004 in
1900 1949 2008 2005 alio

400 2045 524 2101 loco
570 2043 769 2099 dicitur
800 2061 812 2097 :
850 2043 971 2115 Ipse
998 2054 1074 2100 est
1106 2060 1200 2098 rea:
1225 2043 1459 2098 omnium
1487 2043 1575 2114 qui
1604 2043 1660 2097 in
1688 2043 1835 2114 aquis
1863 2052 2006 2109 sunt,

398 2150 447 2191 et
486 2137 805 2208 principium
844 2137 1174 2209 ﬁgurationis
1212 2135 1447 2203 Domini,
1488 2137 1576 2206 qui
1617 2140 1784 2208 factus
1822 2144 1920 2203 est,
1952 2146 2009 2191 ut

400 2229 710 2284 illuderetur
754 2230 819 2283 ab
858 2228 1074 2303 Angelis
1103 2230 1213 2300 ejus
1241 2229 1384 2301 (Job.
1414 2245 1525 2296 xu,
1555 2228 1649 2297 24,
1680 2246 1785 2286 sec.
1816 2228 2003 2302 LXX).

400 2321 570 2377 Sedet
610 2331 816 2389 autem,
859 2323 976 2378 sive
1012 2323 1193 2393 cubat,
1260 2325 1313 2378 in
1347 2322 1530 2381 medio
1559 2323 1844 2380 ﬂuminum
1876 2339 2007 2380 suo-

401 2433 545 2485 rum,
586 2432 695 2472 non
736 2416 899 2472 unius
940 2417 1219 2487 ﬂuminis,
1270 2417 1366 2473 sed
1415 2420 1744 2485 multorum,
1786 2433 1906 2489 quae
1952 2419 2007 2473 in

402 2508 635 2564 diversis
680 2507 987 2564 hmresibus
1035 2510 1367 2583 accipimus,
1418 2526 1519 2581 per
1569 2527 1702 2583 quas
1748 2511 1904 2567 ﬂuxit
1953 2513 2006 2568 in

401 2603 694 2675 [Egyptum
740 2604 928 2658 saeculi
974 2604 1167 2674 istius,
1214 2615 1270 2661 et
1307 2605 1556 2678 irrigavit
1598 2606 1808 2662 animas
1846 2606 2009 2663 sedu-

402 2709 637 2767 ctorum,
682 2713 794 2754 non
833 2699 1035 2770 pluviis
1076 2700 1145 2756 de
1171 2700 1313 2757 caelo
1358 2701 1749 2768 venientibus,
1795 2699 1891 2757 sed
1942 2700 2012 2756 de

400 2801 545 2847 terra
576 2791 735 2861 aquis
767 2792 1025 2861 turbidis,
1053 2807 1191 2864 quas
1220 2793 1409 2850 bibere
1435 2808 1543 2851 non
1572 2793 1831 2865 prohibet
1856 2795 2011 2851 Jerc—

400 2886 537 2942 mias
566 2885 752 2942 dicens
780 2903 795 2941 :
826 2885 967 2954 Quid
992 2886 1084 2940 tibi
1109 2896 1157 2941 et
1184 2886 1279 2942 via:
1306 2885 1550 2960 /Egypti,
1578 2896 1633 2941 ut
1657 2886 1795 2940 bibas
1821 2903 2009 2959 aquam

407 2976 547 3033 Gcon
593 2976 809 3051 (Jerem.
838 2993 936 3047 ἐιιι,
991 2978 1120 3049 18)?
1170 2977 1277 3033 Pro
1321 2993 1429 3050 quo
1480 2979 1533 3033 in
1578 2977 1850 3034 Hebraico
1890 2993 2009 3034 snon

408 3070 610 3142 (Ἧι-πυ)
642 3069 906 3139 scriptum
937 3077 1041 3135 est,
1073 3068 1218 3137 quod
1248 3067 1473 3123 verbum
1506 3068 1558 3121 in
1584 3084 1747 3139 aquas
1777 3066 2007 3122 turbidas

2114 1948 2360 2005 ﬂuminis
2395 1948 2542 2004 illius
2567 1948 2922 2019 deponantur
2946 1989 2961 2013 ,
2991 1956 3044 2003 et
3076 1945 3235 2004 cadat
3278 1958 3466 2003 auctor
3516 1945 3705 2004 crimi-

2111 2059 2240 2099 num
2262 2087 2277 2111 ,
2336 2041 2427 2114 qui
2475 2042 2628 2112 prius
2679 2050 2827 2098 stare
2867 2055 2926 2096 se
2976 2039 3348 2096 arbitrabatur
3373 2081 3388 2106 ,
3418 2047 3475 2094 et
3506 2038 3560 2094 in
3592 2048 3708 2094 toto

2110 2135 2246 2192 orbe
2276 2135 2612 2191 discurrere.
2653 2132 2827 2189 Cadat.
2865 2141 3049 2189 autem
3082 2148 3249 2204 super
3298 2131 3492 2190 faciem
3539 2144 3709 2189 terra:

2111 2245 2246 2296 suae,
2270 2228 2339 2284 ad
2369 2244 2533 2301 quam
2568 2229 2636 2284 de
2662 2233 2805 2285 cmlo
2838 2228 3221 2301 prmcipitatus
3243 2238 3364 2294 est,
3405 2236 3465 2283 ut
3504 2243 3714 2299 nequa-

2110 2337 2275 2393 quam
2298 2321 2439 2376 ultra
2465 2321 2518 2376 in
2546 2319 2937 2376 haereticorum
2974 2319 3237 2376 Ecclesiis
3265 2320 3581 2392 colligatur,
3618 2335 3712 2379 ne-

2110 2433 2216 2488 que
2239 2424 2607 2488 congregetur
2625 2458 2641 2483 ,
2670 2416 2789 2472 sive
2813 2417 3115 2487 sepeliatur
3136 2413 3192 2470 in
3216 2414 3302 2471 his
3333 2416 3427 2488 qui
3455 2416 3709 2473 credide-

2109 2512 2219 2567 rint
2247 2511 2319 2579 ei,
2352 2525 2476 2567 cum
2507 2510 2575 2566 ab
2614 2509 2916 2565 coluerint
2965 2510 3218 2575 liberati,
3274 2509 3372 2566 sed
3426 2510 3590 2566 detur
3640 2508 3711 2565 ad

2109 2602 2483 2660 devorandum
2511 2602 2703 2659 bestiis
2730 2612 2919 2670 terrae,
2963 2612 3019 2658 et
3058 2603 3382 2659 volatilibus
3426 2603 3571 2660 coeli.
3606 2604 3710 2660 Be-

2111 2698 2252 2767 stiis,
2283 2699 2351 2755 de
2371 2698 2569 2769 quibus
2594 2698 2863 2769 scriptum
2890 2706 2975 2752 est
3001 2714 3016 2750 :
3054 2697 3136 2752 Ne
3176 2697 3354 2753 tradas
3401 2699 3573 2753 bestiis
3597 2699 3706 2753 ani-

2114 2809 2246 2846 mam
2267 2792 2593 2861 confitentem
2631 2791 2723 2844 tibi
2766 2788 2889 2863 (Ps.
2916 2805 3100 2855 Lxxm,
3136 2789 3249 2862 19).
3285 2790 3352 2845 Et
3393 2790 3706 2846 volatilibus

2111 2886 2260 2953 coeli,
2289 2902 2409 2956 qua:
2447 2886 2602 2956 juxta
2649 2885 2795 2940 viam
2835 2893 3139 2949 sementem
3190 2882 3518 2951 comedunt,
3572 2894 3626 2939 et
3677 2897 3709 2937 a

2110 2981 2395 3037 Salvatore
2436 2980 2870 3049 interpretantur
2914 2992 3037 3033 esse
3076 2977 3285 3033 diaboli
3316 2975 3533 3048 (Matth.
3565 2974 3707 3047 xui).

2110 3072 2233 3128 Non
2266 3073 2444 3129 solum
2476 3073 2623 3129 enim
2648 3073 2902 3143 princeps
2931 3071 3185 3138 malitiae,
3235 3069 3334 3126 sed
3373 3079 3430 3126 et
3456 3068 3706 3140 discipuli

405 3159 731 3218 transfertur
782 3171 950 3231 atque
999 3176 1247 3215 caenosas.
1301 3161 1372 3217 Ut
1416 3169 1598 3216 autem
1644 3161 2009 3233 intelligamus
2037 3151 2083 3216 C
2113 3166 2480 3237 ejus,diaboli
2511 3165 2885 3232 nominantur,
2908 3164 3065 3234 juxta
3103 3163 3237 3219 illud
3291 3162 3435 3235 quod
3475 3163 3545 3217 de
3570 3160 3708 3235 Juda

403 3273 526 3328 quae
566 3255 678 3311 sint
718 3253 959 3328 Egyptii
1001 3255 1260 3311 draconis
1302 3252 1561 3323 ﬂumina,
1604 3270 1673 3311 ex
1718 3254 2008 3311 contrariis

400 3352 543 3409 scire
594 3352 915 3423 poterimus.
971 3351 1235 3406 Dominus
1288 3350 1534 3421 loquitur
1578 3350 1647 3405 de
1697 3349 2007 3406 ﬂuminibus

402 3446 514 3501 suis
557 3462 571 3499 :
621 3444 724 3513 Qui
758 3445 920 3498 credit
956 3444 1012 3498 in
1041 3460 1142 3510 me,
1174 3445 1395 3515 ﬂumina
1420 3444 1483 3499 de
1510 3454 1681 3498 ventre
1710 3444 1824 3515 ejus
1848 3446 2010 3508 fluent

404 3554 551 3610 aqum
589 3540 713 3593 vitae
743 3536 927 3609 (Joan.
970 3553 1064 3603 vu,
1094 3536 1211 3609 57).
1246 3539 1313 3592 Ει
1338 3536 1405 3591 ad
1430 3536 1833 3592 Samaritanam
1861 3554 1877 3591 :
1908 3536 2011 3603 Qui

410 3629 591 3684 biberit
635 3630 697 3684 de
744 3646 881 3701 aqua
930 3646 1085 3697 quam
1129 3646 1223 3703 ego
1268 3630 1457 3683 dedero
1504 3629 1585 3697 ei,
1636 3647 1739 3683 non
1776 3624 1912 3684 sitiet
1956 3632 2011 3685 in

409 3731 660 3776 wternum
705 3737 725 3777 :
770 3722 859 3776 sed
904 3721 992 3791 ﬁet
1034 3723 1087 3775 in
1127 3738 1186 3776 eo
1228 3726 1348 3793 fons
1387 3737 1534 3791 aqua:
1574 3722 1804 3776 salientis
1839 3723 1895 3775 in
1934 3724 2010 3778 vi—

410 3824 516 3870 tam
554 3822 799 3870 wternam
832 3814 943 3885 (Ib.
991 3830 1065 3882 ιν,
1114 3815 1199 3882 15,
1238 3816 1351 3886 14).
1398 3815 1502 3869 Ista
1530 3823 1656 3870 sunt
1680 3816 1900 3869 ﬂumina
1942 3815 2010 3871 de

410 3909 553 3965 cmlo
593 3908 892 3974 venientia,
937 3908 1006 3964 de
1048 3908 1247 3979 quibus
1297 3907 1465 3963 David
1504 3910 1649 3964 canit
1691 3926 1704 3961 :
1747 3905 2010 3965 Fluminis

410 4005 635 4074 impetus
666 4002 894 4072 laetiﬁcat
924 4005 1180 4058 civitatem
1204 4001 1305 4058 Dei
1328 4002 1448 4075 (Ps.
1477 4020 1599 4069 XLV,
1622 4002 1679 4075 4)
1705 4024 1718 4057 ;
1748 4005 1891 4061 haud
1912 4006 2011 4061 du-

412 4097 561 4153 bium
591 4097 720 4168 quin
760 4097 1057 4152 Ecclesiam
1086 4097 1379 4168 signiticet.
1406 4096 1827 4154 Considercmus
1856 4115 2007 4171 ergo,

408 4208 530 4263 quae
567 4190 821 4246 draconis
865 4205 1047 4263 paena,
1089 4190 1305 4263 quodve
1335 4188 1659 4261 supplicium
1692 4188 1783 4245 sit.
1818 4190 2013 4264 Sequi-

408 4292 498 4341 tur
532 4303 545 4340 :
580 4283 649 4337 Et
678 4301 863 4353 ponam
893 4288 1122 4356 frenant,
1156 4284 1239 4339 vel
1273 4282 1517 4355 laqueum
1542 4283 1596 4338 in
1624 4282 1853 4339 maxillis
1884 4285 2007 4339 tuis.

412 4377 512 4435 Cui
553 4377 733 4433 simile
772 4387 856 4433 est
896 4378 1029 4432 illud
1073 4375 1176 4433 Job
1206 4395 1220 4430 :
1253 4377 1492 4433 Adduces
1530 4386 1705 4431 autem
1736 4377 2011 4432 draconem

412 4475 467 4528 in
497 4476 673 4541 hamo,
710 4483 759 4529 et
790 4491 951 4545 pones
980 4473 1267 4546 capistrum
1290 4475 1429 4529 circa
1456 4490 1605 4529 nares
1629 4477 1760 4547 ejus.
1788 4473 2013 4544 Con/idit

2111 3260 2308 3317 dicitur
2339 3277 2356 3314 :
2391 3259 2581 3315 Nonne
2610 3276 2703 3331 ego
2738 3276 2825 3314 vos
2860 3258 3133 3313 duodecim
3165 3257 3334 3329 elegi,
3381 3265 3429 3311 et
3473 3272 3607 3310 unus
3646 3256 3709 3309 de

2110 3356 2249 3410 vobis
2296 3355 2533 3410 diabolus
2582 3364 2657 3409 est
2706 3352 2891 3429 (Joan.
2920 3369 2995 3420 vi,
3042 3351 3182 3423 71)?
3231 3351 3365 3409 Coeli
3390 3362 3577 3408 autem
3615 3366 3710 3407 vo-

2108 3458 2302 3505 cantur
2323 3448 2587 3516 volatilia,
2611 3449 2739 3519 quia
2769 3446 2874 3503 sibi
2916 3445 3172 3502 sublimia
3214 3446 3627 3517 repromittunt,
3649 3456 3708 3501 ut

2110 3553 2397 3615 postquam
2418 3542 2588 3598 draco
2633 3557 2758 3598 cum
2792 3542 3039 3612 piscibus
3066 3544 3181 3597 suis
3212 3541 3502 3613 depositus
3544 3541 3710 3597 fuerit

2111 3648 2275 3709 atque
2302 3636 2605 3709 projectus,
2630 3644 2685 3692 et
2724 3636 2957 3692 traditus
2982 3634 3048 3690 ad
3087 3635 3461 3692 devorandum
3516 3635 3704 3691 bestiis

2113 3740 2295 3797 terrae,
2318 3743 2440 3801 qua:
2464 3728 2602 3785 nihil
2635 3730 2690 3784 in
2720 3743 2781 3782 se
2807 3728 3011 3785 habent
3038 3728 3476 3785 mansuetudinis
3495 3768 3510 3794 ,
3541 3736 3596 3782 et
3616 3726 3702 3783 his

2109 3823 2200 3895 qui
2227 3822 2690 3879 circumferuntur
2713 3821 2862 3878 omni
2885 3831 3053 3876 vento
3076 3819 3337 3876 doctrina:
3354 3818 3569 3890 (Eplies.
3603 3820 3699 3887 iv),

2112 3927 2244 3974 tunc
2293 3916 2605 3987 intelligant
2655 3930 2849 3973 omnes
2895 3915 3230 3972 habitatores
3282 3913 3440 3970 istius
3486 3913 3701 3979 saeculi,

2112 4009 2257 4082 quod
2286 4010 2405 4080 ipse
2434 4010 2506 4064 sit
2539 4008 2822 4064 Dominus.
2858 4008 3049 4065 Omnis
3091 4016 3276 4065 autem
3304 4022 3470 4064 causa
3519 4021 3706 4077 pmna-

2110 4121 2231 4162 rum
2263 4114 2370 4173 est,
2402 4104 2545 4176 quod
2577 4104 2776 4160 frustra
2799 4103 2988 4160 domui
3030 4103 3202 4160 Israel
3244 4102 3495 4174 promisit
3546 4101 3701 4157 anxi-

2118 4201 2271 4264 lium,
2302 4210 2360 4255 et
2384 4201 2484 4256 fuit
2515 4202 2563 4257 ei
2592 4199 2770 4271 virga,
2801 4200 2887 4255 vel
2917 4199 3145 4256 baculus
3180 4199 3513 4254 arundineus
3534 4242 3547 4265 ,
3611 4215 3700 4252 va-

2114 4308 2248 4349 cuus
2269 4302 2326 4350 et
2350 4293 2561 4357 inanis,
2590 4293 2839 4365 nihilque
2869 4293 2922 4349 in
2954 4308 3014 4349 se
3054 4292 3263 4348 habens
3321 4292 3701 4363 plenitudinis,

2116 4387 2239 4459 quia
2262 4400 2372 4442 non
2407 4396 2623 4458 poterat
2660 4386 2847 4442 dicere
2879 4405 2890 4440 :
2928 4384 3041 4439 Nos
3085 4392 3260 4441 autem
3287 4401 3464 4441 omnes
3502 4386 3567 4441 de
3600 4386 3704 4458 ple.

2117 4479 2354 4534 nitudine
2374 4480 2487 4550 ejus
2509 4479 2804 4548 accepimus
2826 4475 3008 4550 (Joan.
3043 4493 3083 4545 ι,
3122 4476 3248 4549 16);
3275 4493 3398 4534 cum
3425 4479 3707 4551 Scriptura

411 4568 553 4640 quod
578 4543 799 4623 introeat
832 4543 1081 4623 Iordanis
1107 4569 1162 4621 in
1191 4583 1248 4622 os
1275 4570 1387 4640 ejus
1417 4582 1437 4621 :
1465 4569 1519 4621 in
1547 4543 1695 4622 oculo
1721 4584 1815 4624 suo
1850 4543 2012 4623 susri-
2040 4543 2091 4604 D
2117 4543 2440 4644 praeceperit
2471 4588 2485 4626 :
2731 4543 2851 4625 Non
2898 4543 3171 4642 apparebis
3195 4543 3272 4625 riu
3302 4543 3577 4640 conspectu
3599 4570 3709 4627 θος

414 4661 519 4733 piet
566 4660 733 4715 illum.
787 4659 1083 4732 Perforabit
1124 4672 1295 4715 autem
1337 4676 1487 4714 nares
1526 4662 1641 4732 ejus
1676 4661 1918 4727 armilla,
1963 4670 2009 4713 et

418 4752 560 4807 labia
596 4753 739 4807 illius
772 4752 920 4823 (Job.
962 4770 1053 4821 χι,
1093 4755 1211 4826 19).
1250 4753 1410 4809 Ponit
1442 4763 1625 4809 autem
1663 4752 1927 4809 Dominus
1956 4756 2009 4809 in

416 4847 650 4902 maxillis
691 4846 947 4902 draconis
992 4846 1147 4902 istius
1195 4844 1430 4913 Irenum,
1480 4855 1537 4901 et
1583 4846 1823 4916 perforat
1870 4845 2009 4899 labia

419 4943 538 5012 ejus
582 4950 743 5013 atque
790 4942 1114 5014 constringit
1153 4942 1388 4998 armillae
1416 4942 1642 5009 circulo,
1672 4941 1888 5012 quando
1916 4957 2013 5013 per

417 5034 831 5091 Ecclesiasticos
871 5036 1038 5101 viros,
1079 5036 1171 5106 qui
1213 5036 1267 5091 in
1314 5036 1606 5105 Scripturis
1645 5036 1848 5092 sanctis
1885 5052 2011 5092 eru-

418 5127 520 5182 diti
560 5135 706 5195 sunt,
756 5127 988 5200 imponit
1030 5129 1081 5184 ei
1131 5128 1435 5197 silentium,
1480 5140 1535 5185 et
1581 5128 1837 5185 universa
1882 5145 2008 5201 per-

423 5223 694 5278 versitatis
732 5222 984 5293 dogmata
1028 5222 1413 5278 dissolvuntur.
1456 5222 1871 5295 Agglutinatquc
1899 5225 2011 5295 pis-

417 5337 509 5379 ces
531 5321 815 5377 ﬂuminum
836 5321 956 5393 ejus
982 5322 1177 5393 pennis
1202 5322 1393 5392 ipsius,
1415 5321 1501 5376 vel
1524 5322 1787 5392 squamis,
1814 5321 2010 5393 quibus

419 5415 664 5471 haeretici
706 5430 802 5485 per
840 5415 1154 5487 superbiam
1197 5414 1267 5470 ad
1295 5416 1407 5470 alta
1434 5412 1713 5479 festinant,
1742 5422 1803 5469 ut
1823 5423 1879 5469 et
1907 5414 2009 5484 ipsi

418 5508 584 5564 vincti
608 5522 731 5563 cum
763 5507 1022 5575 dracone,
1071 5522 1237 5563 unum
1267 5521 1393 5562 cum
1424 5521 1488 5563 eo
1518 5520 1719 5577 corpus
1749 5505 2006 5575 efﬁciant,

418 5609 474 5656 et
515 5601 837 5670 copulentur
884 5600 934 5656 ei
978 5599 1068 5655 vel
1116 5599 1171 5654 in
1213 5599 1420 5655 erroris
1462 5599 1779 5668 consortio,
1824 5598 1907 5655 vel
1951 5600 2006 5654 in

419 5707 592 5763 poenae
633 5692 986 5749 similitudine
1029 5712 1043 5749 :
1080 5694 1353 5765 quomodo
1390 5693 1476 5765 qui
1505 5692 1732 5747 adliceret
1758 5692 2002 5760 Domino,

414 5802 547 5841 unus
586 5787 798 5856 spiritus
839 5796 909 5839 est
940 5784 984 5856 (1
1013 5785 1132 5841 Cor.
1173 5803 1254 5850 vt,
1296 5787 1406 5856 17).
1455 5786 1635 5856 Neque
1679 5801 1805 5841 vero
1838 5804 2002 5843 unum

2116 4662 2242 4717 mini
2264 4660 2364 4717 Dei
2406 4663 2483 4716 tui
2521 4678 2755 4729 vacuus,
2806 4668 2901 4716 aut
2941 4662 3115 4716 inanis
3163 4660 3363 4736 (Exod.
3391 4678 3546 4731 χχιιι,
3592 4664 3707 4734 13).

2114 4754 2270 4823 Quod
2313 4763 2496 4811 autem
2545 4768 2651 4810 non
2692 4752 2993 4810 debeamus
3043 4755 3113 4810 ab
3158 4754 3398 4828 Egypto
3443 4756 3707 4812 auxilium

2117 4848 2429 4921 postulare,
2473 4858 2530 4904 et
2588 4849 2717 4904 alibi
2754 4848 3041 4922 Scriptura
3071 4860 3303 4907 testatur
3334 4869 3348 4904 :
3379 4850 3471 4907 Va:
3519 4853 3588 4906 eis
3616 4852 3706 4922 qui

2116 4942 2434 4997 descendunt
2456 4942 2507 4996 in
2555 4941 2849 5013 ngyptum
2872 4944 2942 4997 ad
2964 4943 3223 5000 auxilium
3268 4943 3404 5017 (Isa.
3434 4960 3583 5011 xxxi,
3620 4944 3703 5015 1).

2120 5034 2196 5090 De
2226 5034 2541 5091 istiusmodi
2562 5034 2760 5091 baculo
2788 5037 3094 5093 arundineo
3116 5047 3171 5094 et
3202 5039 3458 5094 Rabsaces
3506 5039 3707 5095 frustra

2116 5126 2415 5197 exprobrat
2451 5127 2703 5184 Ezechiae
2734 5130 2850 5202 regi
2878 5130 3035 5187 Iudae
3060 5130 3251 5188 dicens
3276 5150 3288 5187 :
3321 5130 3457 5186 Ecce
3487 5132 3706 5203 conﬁdis

2112 5222 2167 5275 in
2188 5222 2331 5293 virga
2347 5221 2637 5278 arundinea
2659 5233 2815 5296 atque
2836 5225 3101 5294 confracta
3125 5225 3248 5292 ista,
3262 5241 3417 5296 super
3433 5225 3666 5299 /Egypto
3680 5241 3700 5279 :

2113 5318 2197 5372 cui
2230 5333 2249 5371 :
2278 5319 2366 5389 qui
2414 5319 2623 5374 innixus
2663 5320 2839 5390 fuerit,
2884 5320 3173 5390 ingreditur
3220 5322 3275 5375 in
3306 5337 3521 5378 manum
3565 5328 3700 5397 ejus.

2115 5410 2205 5466 Sic
2223 5419 2299 5465 est
2322 5409 2533 5466 Pharao
2556 5428 2649 5467 rea:
2670 5411 2742 5465 1E
2747 5412 2893 5486 gypti
2926 5412 3161 5468 omnibus
3185 5412 3295 5486 [AL
3325 5424 3372 5469 et
3390 5415 3589 5489 omnes]
3615 5418 3704 5489 qui

2112 5504 2377 5571 conﬁdunt
2416 5506 2470 5560 in
2492 5522 2550 5560 eo
2578 5505 2711 5580 (Isa.
2738 5522 2918 5571 xxxvr,
2944 5505 3021 5577 6).
3056 5507 3127 5563 Et
3147 5509 3238 5565 ille
3275 5511 3492 5581 quidem
3522 5514 3589 5569 de
3611 5512 3698 5583 ju-

2112 5608 2197 5655 sto
2228 5615 2358 5671 rege
2387 5599 2755 5656 mentiebatur
2775 5601 2878 5657 ista
2907 5616 3381 5673 commemorans,
3408 5607 3500 5677 qui
3531 5608 3701 5663 inter-

2112 5702 2359 5765 pretatur
2382 5694 2578 5750 multus
2601 5696 2809 5765 poculo.
2834 5694 3142 5752 Inebriatus
3167 5699 3316 5754 enim
3349 5710 3468 5756 erat
3498 5700 3565 5757 dc
3599 5718 3698 5757 au-

2112 5805 2208 5844 reo
2256 5791 2425 5845 calice
2472 5789 2800 5860 Babylonis,
2858 5802 2912 5846 et
2958 5792 3158 5848 idcirco
3212 5810 3335 5861 qum
3366 5809 3463 5849 sua
3494 5809 3695 5860 erant.
