4038 6328
377 305 475 363 281

1019 302 1667 362 COMMENTARIOBUM
1704 302 1772 362 IN
1810 299 2250 361 EZECIIIELEM
2289 301 2422 360 LIB.
2464 303 2559 360 IX.
2605 302 2763 363 CAP.
2802 303 2999 362 XXIX.

3545 303 3655 363 989.

368 423 660 496 ingerebat
687 421 890 496 populo
921 421 1211 479 Dominum
1241 422 1544 478 conlltenti.
1569 421 1668 477 llic
1705 435 1838 478 vero
1862 435 1959 476 ex-
1981 422 2038 484 Α
2058 418 2242 492 mum}.
2272 418 2337 476 Et
2366 437 2468 475 non
2498 420 2776 476 elevabitur
2800 420 2941 476 ultra
2966 436 3125 492 super
3145 418 3379 475 nationes
3401 464 3416 487 ,
3464 429 3512 473 et
3548 420 3650 474 im-

368 517 669 588 probratur
714 514 1028 584 Pharaoni,
1082 514 1230 586 quod
1286 515 1490 571 fueruit
1533 513 1718 570 domui
1771 512 1957 578 Israel,

366 610 546 680 virga,
580 610 699 665 sive
726 609 953 665 baculus
998 607 1363 675 aruudineus,
1415 623 1619 663 vanum
1664 608 1742 663 eis
1771 617 1825 661 et
1855 608 1959 663 fra-

362 705 473 774 gile
504 713 559 757 et
586 704 701 760 cito
734 703 1211 759 comminuendum
1244 703 1504 757 auxilium
1544 700 1954 771 repromittens.

363 796 433 854 Ut
460 807 650 854 autem
672 798 814 854 scire
840 797 1151 865 valeamus,
1202 798 1295 869 qui
1348 798 1419 851 sit
1460 796 1685 852 baculus
1734 795 1958 851 arundi-

359 905 526 956 neus,
557 905 725 963 super
747 906 854 961 quo
877 890 1071 947 domus
1096 890 1265 948 Israel
1287 889 1559 946 conﬁdere
1594 903 1703 945 non
1736 888 1953 956 debeat,

357 1000 424 1040 er
457 986 743 1042 contrario
770 984 963 1042 baculo
1004 995 1059 1041 et
1098 984 1247 1056 virga
1280 983 1496 1040 Domini
1526 982 1839 1054 intelligere
1864 996 1957 1053 po-

357 1082 617 1149 terimus,
651 1080 720 1137 de
749 1096 853 1153 qua
880 1081 950 1137 ad
976 1081 1265 1137 Dominum
1290 1079 1496 1138 dicitur
1530 1097 1544 1134 :
1585 1079 1741 1151 Virga
1781 1088 1869 1135 tua
1908 1090 1957 1135 et

354 1173 575 1228 baculus
599 1182 742 1243 tuus,
768 1174 884 1245 ipsa
922 1190 1003 1227 me
1040 1173 1307 1228 consolata
1325 1182 1444 1227 sunt
1490 1170 1668 1244 (Psal.
1694 1187 1825 1236 xm,
1871 1170 1952 1244 4).

352 1267 512 1323 Hanc
540 1268 748 1340 virgam
776 1268 965 1325 habuit
993 1278 1048 1325 et
1082 1269 1265 1324 Aaron
1292 1311 1307 1335 ,
1340 1282 1462 1339 qum
1491 1267 1758 1341 dracones
1784 1266 1954 1338 IEgy-

347 1363 500 1433 ptios
526 1363 845 1432 devoravit,
902 1375 957 1419 et
988 1363 1207 1433 quando
1245 1362 1521 1433 percussit
1567 1377 1791 1434 aggeres
1822 1361 1950 1427 Nili,

342 1455 712 1528 ctCyniphes
742 1456 798 1512 in
824 1464 936 1512 tota
982 1455 1227 1528 Egypto
1267 1462 1542 1527 generata:
1590 1463 1718 1509 sunt
1751 1452 1948 1526 (Exod.

342 1564 435 1613 vn,
472 1548 622 1621 vin).
655 1550 869 1621 Moyses
897 1563 1137 1622 quoque,
1165 1548 1318 1618 juxta
1344 1547 1510 1618 LXX,
1540 1548 1789 1604 extendit
1811 1546 1951 1602 hanc

339 1643 580 1711 virgam,
613 1651 671 1698 et
693 1642 892 1698 levavit
938 1643 996 1698 in
1049 1643 1249 1699 coelum
1277 1688 1294 1713 ,
1333 1651 1390 1699 et
1433 1642 1698 1697 Dominus
1742 1640 1951 1697 induxit

338 1747 572 1792 ventum
605 1746 855 1793 austrum
883 1751 1053 1808 super
1080 1748 1282 1792 terram
1314 1745 1431 1792 toto
1476 1735 1571 1791 illo
1598 1735 1687 1791 die
1728 1743 1783 1790 et
1840 1744 1948 1789 tota

2062 515 2296 568 minuam
2328 530 2437 581 eos,
2466 530 2528 569 ne
2566 515 2815 586 imperent
2841 514 3077 585 gentibus
3100 512 3241 588 (sive
3262 530 3328 568 ne
3352 512 3527 581 plures
3548 513 3653 567 sint

2061 610 2194 664 inter
2217 610 2438 680 gentes).
2470 608 2653 681 Neque
2678 618 2828 665 erunt
2850 609 2987 662 ultra
3006 607 3183 662 domui
3219 604 3387 662 Israel
3408 606 3462 661 in
3482 606 3651 676 confi-

2061 703 2233 759 dentia
2249 703 2391 774 (sive
2414 703 2467 758 in
2499 701 2611 775 spe)
2649 700 2889 757 docentes
2914 701 3236 773 iniquitatem
3258 745 3271 769 ,
3328 710 3384 755 ut
3414 701 3642 774 fugiant,

2060 808 2106 853 et
2137 808 2416 870 sequantur
2443 813 2531 852 eos
2560 797 2704 870 (sive
2728 797 2976 851 reducant
3011 813 3100 851 eos
3127 797 3183 851 in
3207 796 3507 850 memoriam
3550 796 3655 850 ini-

2057 895 2271 963 quitatis
2297 901 2350 947 ut
2371 901 2652 964 sequantur
2676 890 2815 961 illos)
2849 899 2896 944 et
2922 891 3083 945 scient
3112 889 3235 961 quia
3274 905 3368 963 ego
3398 904 3513 943 sum
3541 887 3648 943 Do-

2060 988 2226 1041 minus
2253 986 2413 1040 Deus.
2446 984 2621 1057 Junge
2660 984 2935 1056 prioribus
2965 999 3091 1053 qua:
3138 993 3463 1053 sequuntur.
3510 982 3647 1052 Quia

2056 1079 2207 1136 fuisti
2237 1078 2465 1136 baculus
2492 1077 2827 1133 arundineus
2850 1076 3038 1131 domui
3069 1074 3241 1131 Israel
3264 1117 3278 1142 ,
3328 1086 3383 1131 et
3418 1091 3525 1131 non
3557 1090 3647 1130 so-

2055 1174 2166 1229 lum
2197 1172 2513 1229 confractus
2534 1186 2592 1227 es
2623 1172 2676 1227 in
2710 1187 2872 1226 manu
2903 1170 3021 1240 ejus
3043 1212 3058 1235 ,
3108 1168 3205 1226 sed
3252 1168 3406 1240 juxta
3443 1168 3641 1226 Isaiam

2057 1269 2192 1342 (lsa.
2215 1267 2423 1339 xxrvr),
2453 1265 2747 1337 perforasti
2781 1280 2997 1322 manum
3027 1265 3180 1335 eius,
3228 1272 3283 1318 et
3309 1278 3458 1320 nunc
3503 1263 3647 1319 lace-

2054 1364 2188 1419 rasti
2216 1362 2528 1429 humerum,
2560 1370 2612 1418 et
2643 1362 2761 1433 ipse
2791 1360 3159 1416 comminutus
3212 1374 3306 1426 es,
3336 1367 3391 1414 et
3413 1359 3649 1414 inniten-

2054 1456 2187 1515 tium
2218 1471 2384 1529 super
2407 1466 2460 1512 te
2481 1456 2781 1512 dissolvisti
2830 1455 3046 1511 lumbos
3077 1470 3091 1509 :
3118 1453 3325 1512 idcirco
3356 1467 3458 1524 ego
3487 1453 3646 1509 indu—

2052 1567 2171 1609 cam
2201 1566 2368 1623 super
2399 1560 2451 1606 te
2472 1550 2710 1607 hosﬁum
2742 1548 2983 1620 gladium
3008 1592 3023 1615 ,
3072 1557 3127 1603 et
3157 1562 3280 1603 cum
3330 1546 3646 1602 hominibus

2047 1644 2295 1716 jumenta
2316 1642 2565 1708 vastaho,
2597 1652 2651 1698 et
2681 1641 2962 1711 redigetur
2993 1648 3141 1696 terra
3174 1638 3395 1712 Egypti
3428 1639 3480 1693 in
3513 1636 3650 1692 soli-

2054 1738 2295 1803 tudines,
2326 1746 2381 1793 et
2405 1734 2648 1792 secundo
2686 1734 2864 1790 scient
2903 1731 3147 1806 Egyptii
3193 1732 3341 1804 quod
3388 1746 3489 1802 ego
3521 1746 3643 1787 sum

337 1839 531 1897 nocte,
565 1839 629 1885 et
650 1844 811 1885 mane
851 1805 1053 1885 levavit
1082 1840 1309 1896 ventus,
1354 1836 1411 1885 et
1440 1827 1671 1884 adduxit
1708 1826 1947 1883 locustas
1977 1805 2023 1867 Β
2053 1833 2337 1889 Dominus.
2364 1830 2478 1887 Nec
2526 1834 2631 1885 hoc
2669 1845 2763 1885 ero
2793 1830 2902 1883 ﬁne
2943 1834 3269 1893 contentus;
3312 1823 3409 1880 sed
3436 1823 3559 1895 quia
3587 1823 3644 1879 in

338 1938 513 1994 super
556 1937 788 1978 onmem
829 1932 1032 1978 terram
1062 1920 1308 1995 Egypti.
1362 1922 1441 1978 De
1477 1922 1578 1976 hac
1617 1929 1748 1992 puto
1796 1921 1945 1991 virga

339 2015 515 2074 scribi
539 2025 600 2072 et
628 2016 684 2072 in
712 2015 1078 2073 Numerorum
1108 2017 1275 2085 libro,
1304 2016 1452 2089 quod
1475 2015 1744 2081 ﬂoruerit,
1774 2022 1828 2070 et
1848 2030 1947 2069 nu-

352 2126 445 2166 ces
482 2111 595 2165 sive
647 2110 966 2184 amygdalas
997 2112 1317 2182 germinarit
1359 2110 1549 2185 (Num.
1600 2109 1755 2182 xvn).
1792 2109 1944 2165 Ilanc
1982 2168 1997 2179 ,

358 2204 581 2260 habebat
616 2213 675 2261 et
718 2205 1012 2277 Apostolus
1052 2222 1177 2262 cum
1219 2206 1441 2263 dicebat
1474 2223 1487 2254 :
1523 2205 1660 2272 Quid
1692 2205 1863 2271 vultis,
1888 2205 1943 2259 in

346 2300 476 2371 rirga
527 2300 736 2355 veniam
780 2301 848 2354 ad
890 2316 977 2354 vos
1018 2300 1061 2371 (Ι
1089 2298 1309 2366 Cor.1v,
1334 2300 1471 2371 ﬁl)?
1516 2300 1583 2354 Et
1616 2300 1705 2369 qui
1734 2299 1939 2354 Pascha

333 2394 733 2464 celebrabant,
763 2394 989 2451 buculos
1015 2394 1273 2451 tenebant
1305 2394 1577 2461 manibus,
1602 2394 1723 2449 sine
1746 2394 1942 2464 quibus

326 2487 777 2544 imbecillitatem
810 2488 1034 2544 humani
1063 2490 1314 2559 corporis
1340 2488 1794 2555 sustentantibus,
1820 2502 1943 2542 car-

324 2595 426 2635 nes
453 2582 587 2652 agni
616 2581 913 2639 comedere
937 2597 1044 2638 non
1077 2590 1353 2653 poterant.
1396 2583 1523 2637 llaec
1557 2591 1641 2638 est
1674 2580 1821 2654 virga
1869 2580 1939 2636 de

324 2674 520 2757 radice
546 2674 731 2745 Iesse,
764 2690 931 2746 super
961 2691 1121 2747 quam
1151 2687 1363 2747 septem
1396 2677 1624 2747 spiritus
1654 2676 1943 2744 requieve-

326 2764 485 2824 runt.
512 2770 627 2827 Sed
658 2785 766 2825 non
804 2770 926 2825 talis
951 2770 1202 2837 Pharao,
1234 2786 1334 2826 nec
1364 2771 1590 2826 baculus
1627 2768 1851 2842 IEgypti
1882 2779 1938 2823 et

328 2863 489 2935 virga
510 2863 815 2920 arundinea
844 2881 964 2934 qua:
996 2864 1200 2936 decipit
1253 2865 1723 2937 apprehendentes
1753 2880 1813 2920 se
1834 2907 1848 2932 ,
1882 2874 1937 2919 et

329 2959 542 3014 lacerat
586 2959 848 3016 humeros
880 2976 1069 3016 eorum
1095 3003 1111 3029 ,
1155 2960 1209 3015 id
1254 2972 1338 3016 est
1367 3002 1383 3027 ,
1440 2960 1836 3017 fortitudinem.
1867 2960 1935 3015 Et

325 3053 670 3127 quicumque
705 3072 870 3128 super
899 3072 1020 3112 cam
1053 3056 1222 3114 fuerit
1250 3058 1506 3119 innixus,
1558 3056 1934 3112 dissolvuntur

325 3147 510 3204 lumbi
543 3153 665 3221 ejus
696 3161 752 3207 et
781 3159 931 3208 stare
961 3167 1068 3207 non
1102 3160 1318 3223 potest:
1351 3167 1450 3207 nec
1481 3152 1757 3207 accinctus
1787 3151 1933 3206 reni-

327 3240 435 3296 bus
483 3242 693 3299 Pascha
744 3246 1045 3302 celebrare.
1074 3246 1228 3315 Quod
1261 3246 1342 3303 bis
1369 3247 1658 3317 congruit,
1699 3260 1929 3319 quorum

324 3344 615 3390 scrutatur
642 3336 803 3392 corda
830 3347 885 3393 et
914 3353 1074 3394 renes
1096 3340 1258 3395 Deus.

402 3428 596 3498 (Vers.
622 3430 653 3484 8
674 3431 854 3503 seqq.)
878 3431 1037 3505 347
1068 3424 1355 3503 Propterea
1386 3433 1493 3487 hazc
1514 3433 1637 3487 dicit
1674 3431 1929 3491 Dominus

326 3521 478 3577 Deus
510 3540 528 3578 :
554 3522 693 3579 Ecce
714 3543 803 3596 ego
832 3526 1093 3582 adducam
1123 3544 1277 3598 super
1299 3537 1346 3581 te
1367 3528 1626 3601 gladium,
1655 3538 1702 3582 et
1724 3529 1929 3599 interﬁ-

320 3618 463 3670 ciam
494 3617 557 3671 de
586 3626 636 3672 te
657 3618 917 3673 hominem
958 3630 1006 3674 et
1026 3624 1343 3694 jumentum.
1380 3619 1449 3675 Et
1470 3622 1564 3675 erit
1597 3632 1730 3675 terra
1762 3621 1927 3693 Αἰθυ-

323 3709 407 3779 pti
436 3710 493 3762 in
521 3709 778 3765 desertum
808 3710 949 3783 (sive
989 3711 1236 3785 perditio)
1260 3722 1307 3766 et
1338 3722 1361 3750 ⁸
1389 3713 1617 3767 solitudo
1652 3729 1669 3766 :
1694 3722 1740 3767 et
1765 3714 1926 3768 scient

320 3801 451 3872 quia
473 3817 566 3874 ego
594 3819 709 3856 sum
738 3801 996 3858 Dominus
1021 3821 1039 3859 :
1062 3821 1122 3858 eo
1155 3805 1293 3876 quod
1321 3804 1509 3860 dixerit
1541 3805 1681 3875 (sive
1709 3804 1922 3877 dixeris)

323 3896 525 3966 ﬂuvius
554 3912 695 3950 meus
721 3908 818 3963 est,
840 3907 886 3950 et
908 3913 1003 3968 ego
1033 3898 1133 3970 feci
1171 3915 1284 3951 eum
1314 3897 1451 3971 (sive
1474 3899 1623 3966 ﬂuvii
1652 3900 1749 3951 mei
1779 3908 1918 3965 sunt,

325 3998 378 4044 et
399 4005 494 4060 ego
517 3989 621 4059 feci
660 3987 829 4061 illos).
862 3988 1067 4044 Idcirco
1108 4007 1219 4046 ecce
1256 4008 1351 4064 ego
1378 3992 1445 4045 ad
1468 4000 1515 4045 te
1548 4000 1593 4045 et
1616 3991 1683 4044 ad
1704 3994 1922 4062 [lumina

326 4093 421 4137 tua
449 4099 468 4137 :
498 4081 731 4154 daboque
770 4091 964 4138 terram
1004 4084 1223 4158 Jfggpti
1258 4085 1311 4139 in
1353 4085 1655 4139 solitudines
1678 4126 1691 4150 ,
1744 4084 1921 4158 gladio

324 4176 635 4248 dissipatam
681 4176 821 4250 (sive
867 4176 1231 4251 disperditum)
1272 4196 1303 4232 a
1336 4188 1476 4233 turre
1499 4179 1690 4250 Syenes
1732 4179 1923 4252 (sivea

325 4270 582 4344 Magdalo
635 4281 682 4325 et
722 4271 916 4343 Syene)
968 4289 1125 4343 usque
1170 4274 1238 4327 ad
1280 4274 1554 4328 terminum
1608 4271 1916 4344 {El/lloplm.

321 4362 452 4420 Non
481 4365 718 4419 transibit
746 4383 841 4436 per
862 4382 973 4421 eam
1000 4383 1089 4439 pes
1113 4366 1367 4436 hominis,
1398 4384 1558 4437 neque
1589 4383 1675 4438 pes
1694 4368 1921 4438 jumenti

318 4456 593 4528 gradietur
620 4458 676 4512 in
708 4475 787 4525 ea,
814 4470 861 4513 et
887 4476 989 4514 non
1021 4460 1335 4514 habitabitur
1354 4462 1698 4532 quadraginta
1742 4461 1915 4515 annis.

322 4550 573 4623 Daboque
601 4563 791 4607 terram
818 4552 1046 4626 Αἴθρη)ιί
1078 4555 1330 4609 desertam
1360 4556 1413 4609 in
1443 4557 1613 4610 medio
1660 4566 1915 4611 terrarum

317 4643 663 4713 desertarum,
689 4655 737 4700 et
764 4646 990 4701 ciuitates
1012 4648 1127 4719 ejus
1150 4649 1204 4702 in
1234 4648 1403 4703 medio
1425 4649 1629 4704 urbium
1647 4649 1915 4703 subversa-

314 4754 437 4794 rum
467 4748 616 4793 erunt
642 4737 826 4812 [ναις.
861 4749 907 4794 et
947 4741 1121 4813 erunt]
1156 4741 1404 4797 desolata:
1445 4743 1790 4815 quadraginta
1822 4760 1917 4796 au-

315 4830 419 4885 nis.
448 4828 516 4883 Et
538 4831 832 4904 dispergant
856 4832 993 4905 (sive
1024 4832 1389 4907 disseminabo)
1430 4833 1710 4905 ngyptios
1735 4835 1787 4888 in
1820 4853 1913 4887 na-

314 4925 526 4989 tiones,
580 4935 628 4980 et
672 4927 927 4984 ventilabo
974 4944 1059 4983 eos
1094 4929 1147 4982 in
1193 4938 1375 4983 terras.
1434 4926 1573 4993 Quia
1633 4927 1740 4981 lucc
1788 4927 1914 4982 dicit

313 5016 577 5073 Dominus
626 5017 766 5074 Deus
814 5036 833 5074 :
874 5019 1000 5074 Post
1041 5021 1198 5090 ﬁnem
1235 5020 1582 5093 quadraginta
1623 5034 1903 5088 annorum,

312 5113 638 5185 rongregaba
664 5112 1124 5187 ngyptumKsive
1146 5114 1449 5190 Egyptios)
1483 5116 1548 5170 de
1566 5114 1772 5189 papulis
1800 5114 1911 5187 (vel

315 5205 578 5277 gentibus)
602 5210 657 5262 in
679 5209 859 5279 quibus
879 5210 1097 5283 dispersi
1119 5210 1347 5281 fuerant.
1373 5208 1446 5265 Et
1476 5212 1719 5266 reducam
1748 5212 1914 5283 capti-

314 5301 525 5356 eitutem
549 5301 795 5377 1Egypti,
824 5314 869 5359 et
894 5306 1154 5360 callocabo
1176 5322 1261 5361 eos
1285 5306 1337 5360 in
1364 5316 1501 5360 terra
1533 5304 1811 5371 Phatures,
1854 5304 1911 5359 in

316 5403 457 5448 terra
499 5396 785 5451 nativitatis
822 5414 929 5453 sua:
961 5398 1107 5469 (sive
1140 5399 1191 5452 in
1236 5409 1376 5454 terra
1411 5399 1474 5453 de
1516 5416 1617 5471 qua
1657 5399 1911 5472 assumpti

312 5488 481 5559 sunt).
529 5488 599 5543 Et
639 5499 787 5546 erunt
808 5491 879 5545 ibi
903 5492 959 5546 in
988 5509 1201 5565 regnum
1223 5492 1362 5567 (sive
1401 5490 1769 5567 principatum)
1814 5491 1911 5546 hu-

312 5582 465 5651 mile,
492 5584 626 5639 inter
650 5600 811 5658 regna
831 5594 1019 5642 eadem
1059 5588 1156 5643 erit
1196 5587 1490 5642 humillima
1532 5584 1644 5659 [AL
1672 5586 1907 5641 humilli-

312 5790 327 5801 _
384 5729 412 5757 ει
445 5719 687 5801 Victor_._,_
712 5722 770 5776 in
806 5722 1137 5801 solitudinem
1162 5764 1176 5789 ,
1208 5722 1275 5779 ad
1306 5723 1482 5801 Hebr.
1519 5721 1735 5793 Vulgat.
1766 5720 1899 5778 edit.

311 5794 605 5865 ipsumque
626 5794 1015 5865 Hieronymum
1048 5796 1101 5851 in
1131 5797 1544 5851 commentario.

386 5864 413 5903 δ
438 5865 602 5935 Alibi,
629 5863 917 5941 μαγδωὶζὸν.
952 5866 1021 5922 Et
1049 5869 1209 5933 forte,
1243 5867 1417 5938 inquit
1440 5867 1687 5934 Drusins,
1715 5863 1903 5921 lliero-

2050 1935 2254 1980 tantam
2287 1924 2538 1995 prorupit
2569 1922 2985 1992 blasphemiam,
3023 1928 3084 1975 ut
3112 1934 3244 1975 suos
3271 1934 3396 1975 esse
3434 1917 3647 1973 diceret

2047 2021 2264 2089 ﬂuvios,
2284 2031 2337 2076 et
2352 2033 2566 2075 onmem
2582 2015 2974 2072 abundantiam
2987 2013 3206 2085 IEgypti
3231 2031 3244 2067 :
3261 2012 3385 2068 ideo
3397 2011 3640 2083 etipsum

2044 2115 2286 2170 auferam
2320 2111 2486 2184 348
2509 2110 2601 2181 qui
2625 2125 2685 2166 se
2714 2108 2933 2164 dixerat
2962 2107 3305 2175 Creatorem,
3335 2115 3389 2160 et
3417 2103 3642 2159 ﬂumina

2046 2222 2170 2277 quae
2212 2222 2240 2260 a
2290 2221 2353 2261 se
2401 2210 2584 2259 creata
2639 2201 2985 2272 iactaverat,
3036 2209 3092 2255 et
3149 2197 3391 2270 redigam
3440 2207 3643 2252 terram

2044 2298 2268 2371 Αἴθῃ)ιί
2301 2298 2354 2352 in
2392 2296 2764 2366 longissimam
2794 2292 3176 2361 solitudinem,
3218 2297 3275 2346 et
3296 2288 3481 2361 gladio
3523 2288 3641 2344 dis-

2043 2394 2295 2464 sipatam,
2314 2407 2340 2443 a
2369 2400 2520 2446 turre
2541 2389 2720 2461 Syene
2740 2404 2912 2459 usque
2936 2386 3003 2442 ad
3032 2386 3298 2464 terminos
3316 2382 3640 2453 Ethiopim.

2044 2462 2148 2541 Pro
2196 2495 2343 2542 turre
2394 2500 2514 2553 qua:
2567 2483 2837 2539 Hebraice
2892 2496 3104 2537 manu.
3148 2462 3343 2552 (511D)
3401 2477 3636 2546 dicitur,

2041 2578 2187 2636 LXX
2219 2579 2323 2635 loci
2352 2593 2551 2634 nomen
2586 2586 2921 2647 posuerunt,
2973 2585 3031 2630 ut
3054 2574 3081 2613 ι)
3111 2573 3379 2649 Mar/Salia
3429 2573 3636 2629 scribe—

2041 2684 2183 2728 rent.
2214 2671 2404 2727 Turris
2452 2680 2634 2726 autem
2680 2670 2859 2741 Syene
2889 2682 3060 2738 usque
3112 2667 3277 2722 hodie
3324 2674 3635 2737 permanet,

2038 2777 2279 2824 castrum
2313 2765 2505 2822 ditioni
2540 2749 2812 2820 Romante
2861 2761 3142 2818 subditum
3169 2804 3184 2826 ,
3234 2760 3321 2816 ubi
3362 2769 3492 2815 sunt
3535 2758 3639 2815 Nili

2038 2869 2349 2925 cataractae,
2384 2869 2441 2915 et
2471 2874 2643 2930 usque
2669 2857 2734 2913 ad
2760 2872 2917 2928 quem
2954 2856 3137 2911 locum
3170 2854 3235 2908 dc
3283 2861 3473 2908 nostro
3501 2852 3640 2906 mari

2036 2958 2201 3015 Nisus
2228 2955 2555 3027 navigabilis
2583 2963 2685 3010 est.
2730 2951 2922 3007 Totam
2955 2951 3122 3022 igitur
3153 2947 3453 3019 IEgyptum
3502 2946 3637 3002 dicit

2037 3068 2163 3111 esse
2192 3049 2632 3123 depopulandam
2682 3061 2853 3118 usque
2885 3045 2951 3100 ad
2985 3043 3255 3100 terminos
3311 3042 3634 3113 Ethiopiaa,

2035 3145 2236 3216 quibus
2264 3152 2513 3199 extrema
2546 3139 2767 3212 IEgypti
2816 3139 2966 3209 regio
3005 3137 3254 3207 jungitur
3276 3178 3289 3201 ,
3346 3134 3417 3189 ita
3452 3144 3510 3189 ut
3537 3149 3635 3204 pes

2035 3238 2279 3294 hominis
2306 3237 2360 3291 in
2389 3234 2627 3306 [Egypto
2658 3248 2766 3289 non
2799 3238 3183 3302 pertranseat,
3234 3242 3334 3284 nec
3382 3228 3628 3298 jumenta

2033 3333 2384 3404 reperiantur
2410 3331 2465 3385 in
2494 3345 2583 3392 ea,
2612 3338 2668 3383 et
2696 3342 2803 3383 non
2838 3326 3116 3380 habitetur
3147 3338 3247 3394 per
3276 3322 3631 3393 quadraginta

2031 3443 2227 3485 annos.
2262 3424 2512 3482 Parcitur
2543 3423 2687 3478 enim
2739 3420 3048 3493 IEgyptiis,
3108 3427 3162 3473 et
3210 3416 3334 3486 quia
3381 3415 3630 3486 hospites

2031 3521 2304 3595 quondam
2336 3518 2491 3574 fuere
2525 3514 2712 3577 Israel,
2744 3513 2966 3568 brevior
2997 3510 3259 3581 temporis
3291 3507 3624 3562 condemna-

2032 3618 2107 3672 tio
2130 3625 2234 3671 est.
2261 3614 2441 3686 Tyrus
2474 3609 2839 3666 sabbatizavit
2880 3607 3104 3661 sabbata
3160 3619 3255 3659 sua
3305 3618 3403 3675 per
3457 3618 3632 3656 annos

2029 3707 2396 3780 septuaginta,
2426 3704 2588 3775 etsic
2611 3703 2665 3756 in
2693 3702 2973 3769 antiquum
3005 3707 3209 3753 statum
3240 3697 3489 3750 restituta
3523 3702 3630 3749 cst.

2028 3801 2329 3873 Captivitas
2377 3811 2594 3868 quoque
2653 3793 2899 3859 Judacaz,
2962 3789 3260 3860 templique
3304 3787 3629 3853 subversio,

2027 3911 2199 3965 usque
2229 3895 2295 3947 ad
2321 3890 2521 3964 Cyrum
2554 3904 2738 3960 regem
2772 3887 3063 3941 Persarum
3105 3883 3447 3952 septuaginta
3476 3896 3626 3934 eom-

2027 3988 2194 4055 plevit
2224 4000 2418 4039 annos.
2455 3980 2703 4036 Potentes
2732 3980 2865 4033 enim
2894 3986 3126 4048 patenter
3151 3984 3405 4030 tormenta
3427 3975 3628 4045 patien-

2024 4092 2107 4134 tur
2153 4078 2308 4151 (Sap.
2338 4092 2416 4141 v1,
2478 4075 2556 4144 7).
2615 4071 2769 4140 Quod
2816 4080 2995 4124 autem
3036 4067 3169 4123 ditit
3204 4065 3391 4122 :Dabo
3440 4077 3627 4121 terram

2026 4172 2249 4245 .iz'gypti
2293 4170 2548 4223 desertam
2590 4168 2643 4219 in
2684 4165 2848 4219 medio
2874 4173 3130 4217 terrarum
3155 4162 3497 4226 desertarum,
3532 4159 3631 4212 I’a-

2024 4269 2267 4325 lmstinos
2299 4264 2599 4337 signiﬁcat,
2627 4259 2898 4314 Idummos
2921 4268 2979 4313 et
3006 4255 3301 4317 Moabitas,
3331 4267 3631 4322 omnesque

2021 4362 2157 4416 alias
2188 4358 2466 4430 regiones,
2494 4356 2786 4410 adversum
2822 4366 2960 4421 quas
2985 4365 3149 4420 supra
3196 4347 3484 4417 Propheta:
3539 4361 3633 4399 va-

2023 4454 2266 4510 ticinium
2317 4461 2420 4506 est.
2475 4448 2630 4504 Tunc
2681 4448 3005 4516 diSperget,
3062 4443 3179 4497 sive
3241 4440 3623 4495 disseminabit

2022 4544 2315 4617 Egyptios
2344 4544 2394 4597 in
2424 4542 2702 4605 nationes,
2729 4548 2782 4592 ct
2813 4536 3097 4591 ventilabit
3123 4548 3217 4589 eos
3242 4534 3295 4588 in
3330 4542 3523 4587 terras.
3554 4532 3626 4587 Et

2023 4643 2148 4714 quia
2176 4641 2418 4696 clemens
2452 4647 2506 4692 ct
2536 4635 2827 4689 miserator
2851 4634 2937 4686 e'st
2967 4629 3257 4693 Dominus,
3306 4627 3544 4699 patiens,
3574 4636 3628 4681 ct

2022 4734 2321 4791 multarum
2370 4728 2803 4794 iniserationum,
2861 4731 2986 4794 post
3030 4721 3387 4794 quadraginta
3443 4736 3623 4775 annos

2021 4826 2242 4901 Egypti
2272 4824 2547 4881 restitutio
2578 4832 2691 4890 est,
2725 4828 2781 4876 et
2814 4821 3102 4899 reducetur
3129 4820 3181 4873 in
3205 4819 3486 4889 antiquum
3519 4833 3613 4873 so-

2022 4923 2132 4977 lum
2158 4920 2411 4975 universa
2443 4917 2755 4989 captivitas,
2790 4925 2843 4969 et
2872 4912 3233 4967 collocabitur
3253 4912 3305 4967 in
3336 4912 3473 4968 urbe
3504 4928 3624 4966 mc-

2023 5016 2248 5088 tropoli,
2279 5031 2399 5085 qua:
2432 5013 2739 5085 appellatur
2770 5008 3073 5074 Phatures,
3121 5007 3210 5061 ubi
3243 5017 3361 5062 orta
3394 5017 3477 5062 est
3500 5048 3514 5071 ,
3567 5015 3622 5058 et

2019 5113 2165 5171 unde
2193 5109 2441 5183 proiecta
2468 5119 2551 5165 est
2580 5128 2591 5162 :
2624 5108 2695 5163 ita
2725 5105 3009 5161 dumtaxat
3041 5114 3098 5158 ut
3123 5118 3221 5174 pro
3254 5102 3491 5156 utilitate
3521 5115 3617 5153 sua

2016 5206 2525 5278 amittatantiquatn
2580 5204 2895 5274 superbiam
2922 5243 2935 5266 ,
2968 5208 3024 5256 et
3063 5199 3135 5253 sit
3164 5198 3217 5251 in
3251 5209 3474 5266 regnum
3510 5192 3609 5246 hu-

2014 5306 2140 5362 mile
2164 5347 2180 5372 ,
2208 5304 2377 5359 immo
2408 5300 2711 5357 humillima
2743 5297 2990 5354 omnium
3044 5294 3326 5350 nationum
3359 5308 3371 5343 :
3404 5298 3462 5343 ut
3503 5303 3611 5342 non

2015 5402 2262 5458 elevetur
2287 5398 2433 5455 ultra
2456 5405 2669 5470 gentes,
2701 5410 2802 5451 nec
2830 5394 2882 5449 in
2914 5406 3007 5448 cas
3038 5390 3239 5446 habeat
3274 5385 3603 5456 imperium;

2014 5496 2110 5551 sed
2166 5492 2391 5550 redacta
2438 5491 2489 5545 in
2547 5490 2918 5562 paucitatem,
2972 5494 3311 5554 nequaquam
3368 5475 3607 5545 decipiat

2014 5587 2233 5644 domum
2266 5586 2439 5643 Israel
2465 5586 2548 5642 sui
2571 5583 2904 5640 conﬁdentia
2927 5623 2941 5647 ,
2996 5593 3095 5632 nec
3136 5575 3328 5629 doceat
3377 5584 3475 5626 eos
3508 5568 3614 5625 ini-

2010 5739 2205 5797 uymns
2230 5723 2452 5801 scripsit
2497 5721 2707 5801 magdol
2732 5761 2748 5783 ,
2797 5732 2897 5801 pro
2934 5713 3169 5801 magdal.
3226 5711 3363 5767 Nam
3405 5716 3463 5764 et
3492 5707 3609 5762 hinc

2010 5794 2117 5852 vox
2142 5794 2468 5868 appellative
2499 5794 2729 5850 sumitur
2745 5805 2844 5862 pro
2872 5794 3025 5844 turri.
