4038 6328
345 354 355 363 ,
394 299 501 355 287i

1635 298 1694 365 s.
1734 286 2005 366 EliSEBll
2042 278 2422 363 anausim
3568 308 3677 368 est

398 424 702 487 quitatem;
740 419 855 476 sive
907 418 1116 495 redigat
1154 437 1250 479 eos
1290 420 1341 478 in
1375 424 1692 480 memoriam
1728 416 1983 496 iniquila-
2009 406 2062 484 Δ
2088 421 2333 478 civitates
2358 420 2477 492 ejus
2507 421 2560 477 in
2596 412 2774 477 medio
2810 416 3079 478 teri-arum
3112 418 3168 479 et
3200 420 3413 480 urbium
3456 426 3683 481 subver.

403 512 494 574 tis,
519 512 660 581 quod
690 511 907 567 deserto
925 513 1020 570 Dei
1047 515 1268 581 auxilio,
1295 512 1515 589 Egypti
1534 514 1870 589 quaesierunt
1896 510 1993 571 ad-
2094 522 2297 583 sarum,
2316 524 2436 587 qum
2468 528 2571 571 non
2595 524 2721 571 Sunt
2750 522 3046 572 exstrucue
3067 516 3134 571 de
3156 515 3450 588 lapidibus,
3480 518 3575 575 sed
3608 519 3684 574 la-

401 604 741 659 minicuium.
770 602 834 661 Et
853 604 971 662 haec
994 609 1173 663 omnia
1206 609 1357 676 lieni,
1386 620 1439 664 ut
1462 613 1627 667 tertio
1658 621 1994 682 cognoscant

403 694 569 770 35.9
613 694 877 769 IEgyptii,
933 700 1076 771 quod
1104 700 1219 771 ipse
1249 701 1320 756 sit
1352 696 1634 759 Dominus.
1684 698 1810 759 Haec
1841 702 1995 759 brevi

405 804 659 846 sermone
685 794 1122 866 perstrinximus,
1148 793 1390 852 historiae
1413 795 1767 855 fundamenta
1786 796 1995 871 jacien-

409 890 510 939 tes.
547 885 696 941 Nunc
740 888 1019 960 allegoria:
1069 888 1310 946 nubilum
1362 889 1743 949 disserendum
1788 900 1905 960 est,
1941 902 1996 949 et

408 979 599 1035 eadem
625 980 892 1039 bretiilate
917 983 1089 1040 vitare
1116 985 1434 1041 conabimur
1464 994 1520 1042 et
1552 986 1712 1056 hujus
1738 985 1995 1057 explana-

409 1074 574 1129 tionis
616 1074 1027 1144 longitudinem.
1078 1079 1158 1134 Ad
1190 1080 1482 1137 draconem
1532 1092 1711 1137 sermo
1742 1090 1857 1148 est,
1903 1083 1995 1153 qui

411 1168 650 1224 dixerat:
669 1168 789 1225 Mea
808 1180 927 1226 sunt
948 1173 1184 1243 ﬂumina,
1201 1183 1249 1229 et
1269 1190 1359 1250 ego
1382 1176 1481 1246 feci
1498 1193 1555 1231 ea
1574 1174 1798 1251 (Supra,
1816 1177 1995 1249 eod.):

413 1263 557 1332 quod
593 1263 818 1320 inducat
841 1280 1011 1337 super
1034 1282 1155 1323 cum
1191 1269 1306 1339 ipse
1333 1268 1590 1325 Dominus
1618 1264 1883 1342 gladium,
1931 1270 1999 1326 de

413 1370 521 1425 quo
540 1357 593 1410 in
624 1357 757 1412 lsaia
781 1360 1040 1429 soriptum
1062 1370 1174 1416 est:
1203 1359 1498 1418 Inebriatus
1525 1374 1601 1419 est
1626 1366 1834 1435 gladius
1858 1378 2000 1419 meus

413 1448 467 1501 in
496 1448 621 1503 uelo
644 1464 663 1504 .°
690 1462 825 1505 nunc
846 1442 1119 1509 descendet
1145 1454 1198 1509 in
1226 1465 1436 1523 terram,
1462 1466 1517 1510 ut
1543 1456 1722 1526 perdat
1742 1473 1806 1513 ea:
1828 1473 1887 1512 ea
1910 1455 2004 1510 ho-

415 1542 603 1596 minem
628 1556 677 1597 et
700 1544 989 1609 iumentum
1014 1545 1150 1618 (lsa.
1189 1562 1373 1615 xxxw,
1407 1547 1484 1616 5),
1509 1548 1770 1621 quidquid
1799 1548 1885 1605 vel
1917 1565 2006 1605 ra-

416 1635 581 1691 tionis
614 1638 826 1692 vid'etur
855 1639 1077 1707 habere,
1110 1642 1197 1697 vel
1246 1642 1642 1714 simplicitatis:
1698 1657 1755 1702 et
1790 1646 2001 1717 perdat,

420 1740 527 1785 non
560 1731 828 1800 absolute,
849 1734 942 1790 sed
974 1734 1217 1803 draconi,
1242 1746 1304 1793 ut
1332 1738 1553 1796 draconi
1587 1753 1831 1811 pereant,
1852 1754 1904 1799 et
1929 1746 2005 1801 vi.

421 1826 551 1879 vani
582 1824 694 1881 Deo
720 1873 733 1895 ,
786 1836 841 1883 et
871 1828 962 1883 ﬁat
988 1828 1206 1903 IEgypti
1236 1841 1377 1890 terra
1408 1835 1661 1905 perditio,
1708 1836 2007 1896 secundum
2038 1815 2087 1878 Β

422 1920 755 1991 superiorem
786 1936 1028 1995 sensum,
1089 1924 1230 1995 quod
1289 1926 1396 2000 [Αἰ.
1428 1944 1555 2000 quo,
1589 1938 1679 1985 aut
1704 1929 1855 2004 quid]
1885 1930 2011 1988 dra-

424 2016 543 2069 coni
577 2024 783 2085 pereat,
813 2026 865 2072 et
896 2028 1018 2086 post
1046 2020 1403 2090 perditionem
1432 2018 1709 2095 redigatur
1734 2025 1785 2079 in
1821 2025 2014 2081 solitu-

422 2106 629 2177 dinem,
691 2111 985 2180 pessimum
1041 2113 1310 2184 hospitem
1364 2115 1569 2172 habere
1597 2116 1890 2173 desisteus.
1946 2116 2016 2174 Et

422 2213 554 2259 tunc
585 2216 922 2276 cognoscent
965 2207 1213 2264 homines
1246 2220 1297 2263 et
1319 2209 1585 2280 jumenta,
1644 2220 1700 2267 et
1731 2220 1876 2267 terra
1907 2212 2018 2269 dis-

427 2296 634 2369 perdita
684 2298 831 2369 quod
872 2300 989 2371 ipse
1018 2302 1087 2356 Sit
1134 2302 1425 2358 Dominus:
1482 2303 1576 2359 illo
1621 2316 1783 2359 senSu
1824 2312 1931 2376 quo
1962 2304 2016 2361 in

428 2398 835 2465 septuagesimo
888 2396 1123 2466 septimo
1173 2396 1392 2451 Psaimo
1436 2397 1699 2469 Scriptum
1729 2408 1850 2453 est:
1890 2398 2019 2454 Cum

427 2488 735 2559 interﬁceret
760 2482 900 2558 illos,
928 2499 1047 2545 tunc
1067 2491 1363 2563 quwrebant
1386 2506 1501 2548 eum
1520 2480 1636 2562 (Ps.
1662 2508 1866 2562 Lxxvu,
1898 2492 2016 2565 '54).

428 2578 620 2637 Omnis
650 2582 795 2638 enim
823 2583 911 2653 qui
941 2584 1156 2652 qumrit,
1191 2582 1449 2639 inveniet.
1480 2584 1579 2640 Dei
1616 2584 1833 2657 quidem
1858 2586 2024 2642 mise—

429 2673 682 2731 ricordia:
708 2684 813 2741 est,
844 2680 903 2730 ut
932 2674 1118 2729 mundi
1150 2675 1310 2747 hujus
1343 2686 1533 2747 pereat
1560 2676 1896 2733 abundantia
1923 2721 1938 2745 ,
1968 2687 2025 2735 et

2094 619 2211 666 tere
2232 620 2287 667 et
2317 610 2509 682 paleis,
2538 621 2594 665 ut
2622 610 2964 682 dispergatur
2988 608 3251 683 Aigyptus
3272 626 3391 683 quae
3419 611 3559 667 male
3580 612 3683 670 sibi

2097 704 2271 760 fuerat
2295 704 2569 775 copulata,
2618 713 2672 760 et
2700 706 2991 761 ventiletur
3018 706 3070 761 in
3106 714 3304 773 terras,
3343 716 3451 777 quo
3482 704 3689 764 scilicet

2097 798 2427 854 frumentum
2459 810 2489 852 a
2520 798 2693 869 paleis
2722 804 3028 870 separetur,
3054 804 3108 854 et
3129 798 3487 868 quadraginta
3516 810 3691 854 anno-

2096 907 2215 948 rum
2244 893 2353 949 ﬂne
2376 892 2671 965 completo,
2698 893 2770 949 sit
2796 890 3075 949 restitutio
3106 886 3349 967 Egypti,
3378 900 3433 950 et
3459 890 3690 950 reduca-

2099 998 2187 1045 tur
2217 988 2500 1059 captivitas
2529 990 2663 1060 ejus,
2715 1000 2767 1046 et
2799 989 3096 1045 collucetur
3123 991 3172 1044 in
3203 997 3347 1057 terra
3404 986 3689 1058 Phatures,

2099 1092 2219 1155 quas
2272 1083 2664 1155 interpretatur
2687 1080 2837 1158 panis
2874 1078 3249 1151 conculcatus;
3279 1080 3369 1139 ubi
3418 1082 3572 1156 panis
3603 1082 3695 1141 ille

2100 1179 2191 1251 qui
2247 1170 2491 1235 dixerat:
2544 1178 2655 1253 Ego
2708 1196 2824 1234 sum
2870 1180 3018 1248 panis
3069 1180 3162 1252 qui
3206 1176 3271 1234 de
3300 1179 3425 1234 caelo
3454 1178 3697 1233 descendi

2106 1271 2284 1345 (Joan.
2314 1287 2386 1343 Vl,
2420 1270 2500 1344 5),
2535 1272 2803 1343 pravitate
2824 1268 3081 1329 bmretica
3119 1272 3470 1328 conculcatus
3490 1278 3605 1327 est:
3641 1281 3698 1328 ut

2102 1381 2223 1423 cum
2254 1367 2503 1423 venerint
2532 1364 2598 1422 ad
2651 1367 2977 1433 Ecclesium,
3008 1360 3259 1423 habitent
3300 1366 3353 1421 in
3386 1380 3525 1437 pane
3564 1381 3701 1422 cono

2105 1462 2340 1529 culcato,
2374 1468 2428 1516 et
2451 1470 2790 1532 nequaquatn
2818 1458 3175 1517 eleventurin
3209 1458 3546 1531 superbiam,
3604 1458 3702 1514 sed

2106 1557 2215 1611 sint
2266 1557 2319 1611 in
2366 1562 2593 1627 regnum
2624 1550 2848 1610 humile.
2903 1546 2970 1609 Et
3003 1563 3062 1609 ut
3106 1553 3272 1609 etiam
3303 1567 3423 1608 cum
3453 1552 3704 1609 restituti

2110 1647 2315 1705 fuerint
2343 1646 2396 1703 in
2429 1648 2719 1720 pristinum
2746 1654 2971 1716 Statum,
3003 1659 3063 1701 se
3093 1656 3189 1719 per
3214 1646 3575 1701 humilitatem
3606 1644 3703 1700 de-

2108 1743 2318 1813 jiciant,
2351 1743 2493 1812 quod
2545 1743 2598 1797 in
2650 1739 2887 1814 Egypto
2932 1740 3188 1803 vixerint,
3218 1744 3273 1794 et
3305 1738 3579 1794 latericias
3609 1753 3701 1793 ex-

2114 1836 2422 1892 struxerint
2471 1834 2745 1901 civitates,
2780 1842 2835 1889 et
2864 1833 3010 1889 inter
3037 1832 3211 1888 multa
3252 1844 3417 1903 regna
3444 1822 3703 1886 Ecclesia:

2116 1931 2225 1986 sint
2254 1928 2507 1994 humiles,
2569 1939 2625 1983 et
2647 1930 2823 1983 sciant
2852 1914 2906 1983 in
2949 1938 3107 1998 quem
3138 1925 3500 1997 peccaverint,
3532 1924 3587 1980 et
3625 1922 3708 1978 nl-

2118 2032 2198 2081 tra
2254 2038 2361 2080 non
2394 2023 2635 2079 elevetur
2679 2008 2947 2093 Egyptus
2988 2034 3154 2093 super
3185 2018 3455 2077 E'cclesias
3487 2022 3541 2075 in
3590 2024 3708 2073 toto

2117 2119 2249 2174 orbe
2276 2114 2499 2184 divisas,
2528 2115 2624 2173 sed
2661 2116 2936 2187 redigatur
2987 2116 3039 2170 in
3070 2115 3391 2185 paucitatem
3417 2156 3432 2182 ,
3464 2122 3519 2169 et
3549 2112 3710 2184 pauci

2120 2213 2171 2266 in
2196 2226 2255 2265 ea
2285 2219 2602 2266 remaneant
2630 2208 2777 2265 inter
2815 2214 3029 2279 gentes,
3057 2208 3203 2278 iuxta
3236 2204 3366 2262 illud
3402 2206 3543 2278 quod
3575 2207 3713 2261 scri-

2122 2314 2269 2375 ptum
2301 2313 2421 2360 est:
2454 2301 2539 2358 Da
2559 2303 2687 2372 illis,
2721 2302 2958 2357 Domine.
2988 2300 3127 2371 Quid
3158 2300 3306 2356 dabis
3335 2298 3482 2355 illis?
3505 2298 3586 2353 Da
3607 2297 3714 2353 illis

2123 2398 2323 2452 vulvam
2346 2397 2590 2464 sterilem,
2624 2406 2669 2451 et
2700 2397 2856 2450 ubera
2886 2398 3086 2449 arentia
3118 2393 3274 2467 (Osee
3295 2408 3371 2463 ιι,
3401 2392 3491 2462 4):
3532 2402 3592 2447 ut
3619 2406 3715 2447 ne-

2124 2510 2389 2567 quaquam
2429 2492 2703 2566 gaudeant
2731 2504 2784 2547 ct
2816 2486 3083 2549 extollant
3128 2500 3187 2545 se
3215 2490 3266 2544 in
3315 2482 3715 2543 multitudinem

2126 2589 2513 2660 deceptorum,
2545 2586 2639 2643 sed
2669 2587 2983 2656 redigantur
3014 2585 3065 2640 in
3116 2598 3346 2655 paucos:
3380 2580 3537 2636 Multi
3580 2580 3715 2634 enim

2125 2664 2310 2747 vocati,
2342 2684 2496 2753 pauci
2526 2698 2641 2736 vero
2667 2682 2811 2736 electi
2839 2679 3055 2754 (Matth.
3084 2679 3199 2751 xx).
3231 2678 3297 2734 Et
3317 2676 3456 2732 ultra
3485 2688 3590 2731 non
3619 2674 3716 2729 de-

433 2767 657 2841 Egypti
685 2768 886 2824 ﬂuenta
913 2767 1209 2837 siccentur,
1262 2770 1431 2826 immo
1477 2779 1621 2827 terra
1662 2780 1851 2827 eorum
1876 2773 1949 2827 sit
1971 2773 2024 2828 in
2128 2778 2334 2847 cipiunt
2360 2770 2579 2829 demum
2610 2771 2798 2840 Israel,
2819 2773 2875 2827 id
2904 2781 3006 2840 est,
3037 2766 3368 2836 Ecclesiam;
3402 2784 3501 2824 nec
3526 2781 3712 2822 vanam

434 2863 776 2933 solitudines,
827 2872 883 2921 et
910 2864 1177 2921 sententia
1233 2863 1446 2921 Domini
1479 2864 1781 2937 disSipetur
1820 2868 2027 2923 aturr‘e
2129 2873 2213 2927 eis
2243 2882 2395 2941 Spem
2451 2864 2946 2937 conﬁdentiamque
2997 2864 3421 2935 reprbmittant,
3458 2863 3719 2918 docentes

437 2961 628 3032 Syene,
658 2974 778 3032 qua:
805 2960 1195 3030 interpretatur
1234 2972 1390 3031 ggrus
1411 2977 1429 3014 :
1479 2966 1538 3015 ut
1562 2956 1697 3015 nihil
1724 2958 1776 3015 in
1800 2966 1858 3015 se
1888 2958 2028 3015 reeti
2132 2963 2491 3035 iniquitatem,
2543 2973 2602 3017 ut
2634 2962 2842 3032 fugiant
2866 2960 3305 3016 Ecclesias'ticam
3350 2957 3716 3027 disciplinam,

436 3055 652 3122 habeat,
680 3071 851 3125 usque
872 3056 936 3110 ad
966 3065 1168 3111 terram
1194 3054 1536 3127 IEthiOpum,
1565 3054 1657 3127 qui
1689 3054 1919 3110 humiles
1942 3068 2031 3125 ap-
2134 3068 2187 3113 et
2214 3068 2508 3129 sequantur
2536 3054 2818 3128 tEgyptias
2840 3055 3167 3125 voluptates.
3201 3051 3329 3108 Haec
3359 3058 3536 3106 autem
3567 3048 3721 3118 ﬂent,

440 3151 739 3221 pellantur:
772 3158 832 3204 ut
855 3148 1107 3206 videlicet
1150 3149 1326 3205 omnis
1360 3149 1611 3221 superbia
1650 3156 1771 3221 quae
1801 3163 1860 3205 se
1898 3162 2031 3204 con-
2054 3192 2103 3268 Ο
2138 3165 2193 3210 ut
2216 3158 2376 3211 tertio
2414 3162 2745 3225 cognoscant
2783 3148 3060 3223 Egyptii,
3092 3144 3238 3219 quod
3284 3148 3400 3218 ipse
3439 3144 3507 3200 sit
3540 3142 3716 3200 Domi-

440 3256 516 3268 .--
556 3246 595 3268 τι
621 3246 646 3268 γε
681 3246 958 3268 -..2--ιξ-...
995 3257 1237 3268 -_-_.-_.-.
1288 3244 1592 3268 Δ--ιι..---..--
1642 3254 1689 3268 λι
1715 3244 2033 3268 λ.-..ΑΞΙΣΑι.-.-
2219 3264 2233 3268 4
2313 3251 2352 3268 n
2380 3249 2463 3268 ,-_I
2506 3248 2631 3268 .‘_9I-!
2667 3256 2946 3268 .__.__.-..-_
2983 3243 3194 3268 -.ἕλη-η..
3223 3241 3323 3268 ,ιεΑε
3384 3251 3441 3268 ..ι
3486 3238 3716 3268 πλη-εἴη),

440 3256 522 3301 tra
556 3246 647 3300 Dei
680 3246 961 3301 scientiam
990 3257 1262 3312 erexerat,
1282 3244 1613 3313 destruatur,
1637 3254 1692 3301 et
1715 3244 2033 3301 humilietur
2056 3238 2103 3268 υ
2139 3264 2257 3306 nus,
2310 3249 2463 3317 Quod
2504 3248 2634 3303 mihi
2667 3256 2949 3317 propterea
2983 3243 3194 3299 videtur
3220 3241 3355 3309 dici,
3384 3251 3444 3297 ut
3483 3238 3727 3311 cognitio

436 3342 493 3396 in
519 3340 747 3395 salutem
797 3354 970 3393 suam.
1002 3338 1111 3395 Nec
1142 3355 1235 3409 pes
1284 3336 1545 3404 hominis,
1584 3338 1688 3394 hoc
1713 3347 1821 3403 est,
1855 3337 2032 3393 ratio-
2140 3346 2312 3415 prima
2340 3342 2720 3415 Ᾱῑεγριῑωυιιι
2750 3341 2801 3394 in
2835 3351 2999 3392 carne
3040 3338 3130 3401 sit,
3178 3332 3414 3391 secunda
3441 3334 3492 3389 in
3521 3331 3726 3400 anima,

442 3436 566 3492 nale
613 3434 888 3507 quippiam
920 3442 1163 3491 transeat
1208 3450 1305 3506 per
1335 3434 1623 3507 AEgyptum
1652 3476 1667 3500 ,
1718 3447 1895 3501 neque
1940 3447 2026 3503 pes

2134 3441 2297 3495 tertia
2342 3439 2394 3493 in
2444 3437 2656 3508 spiritu.
2713 3430 2917 3501 Primo,
2970 3446 3135 3501 super
3175 3441 3397 3495 terram,
3444 3420 3727 3494 secundo,

436 3530 671 3600 jumenti
702 3528 983 3600 gradiatur
1015 3531 1067 3584 in
1095 3545 1188 3585 ea:
1234 3538 1293 3584 ut
1316 3530 1589 3600 simplices
1638 3542 1881 3599 quosque
1924 3524 2032 3582 non

444 3632 649 3692 teneat,
675 3639 814 3696 quos
845 3624 1085 3679 dimissis
1115 3624 1450 3689 hominibus,
1479 3624 1687 3679 Pharao
1711 3623 1762 3677 in
1803 3622 2036 3693 Egypto

447 3727 635 3776 tenere
665 3720 939 3790 cupiebat,
966 3718 1152 3791 Moyse
1180 3716 1609 3783 contradicente,
1634 3728 1688 3772 et
1714 3716 1932 3772 volente
1957 3716 2037 3786 ju-

444 3823 627 3869 menta
651 3828 865 3884 quojue
888 3812 956 3870 de
983 3812 1203 3886 Egypti
1232 3813 1547 3883 captivitate
1564 3810 1808 3867 liberari.
1826 3807 1893 3865 Et
1912 3827 2034 3876 non,

445 3907 641 3977 inquit,
693 3906 1009 3961 habitabitur
1038 3907 1387 3980 quadraginta
1412 3906 1583 3972 annis,
1633 3905 1723 3976 qui
1773 3912 2038 3959 numerus

446 4012 662 4068 semper
682 3994 996 4054 altlictiouis
1025 4007 1083 4053 et
1113 4014 1288 4068 pinna:
1317 4008 1419 4052 est.
1448 3994 1603 4053 Unde
1634 4002 1688 4051 et
1719 3994 1953 4068 Moyses,
1986 4005 2040 4051 et

448 4091 632 4155 Eiias,
666 4102 720 4147 et
748 4089 865 4161 ipse
896 4090 1165 4156 Salvator,
1222 4090 1580 4161 quadraginta
1609 4089 1800 4145 diebus
1826 4086 2039 4160 jejuna-

448 4197 649 4243 verunt
679 4197 733 4243 et
760 4189 1011 4244 noctibus
1035 4229 1050 4253 ,
1085 4197 1138 4242 et
1170 4202 1267 4257 per
1289 4180 1641 4257 quadraginta
1672 4199 1843 4240 annos
1875 4201 2042 4255 popu-

450 4284 534 4338 lus
561 4283 753 4338 eratin
784 4280 1103 4346 solitudine,
1134 4291 1191 4335 ut
1219 4288 1406 4350 postea
1436 4279 1796 4335 circumcisus
1825 4280 1879 4334 in
1910 4278 2039 4335 Gal-

450 4376 608 4449 gaiis,
666 4370 960 4446 Opprobrio
1007 4383 1063 4431 et
1102 4374 1402 4446 ignominia
1455 4373 1681 4446 {Egypti
1713 4370 2043 4429 liberaretur

456 4466 656 4540 (Exod.
688 4485 881 4536 xxxiv;
915 4468 980 4525 lll
1005 4469 1137 4539 Reg.
1168 4483 1257 4527 1x:
1290 4467 1478 4523 Matth.
1501 4484 1584 4534 tv;
1616 4466 1781 4521 Num.
1817 4467 1951 4539 ειν).
1984 4464 2041 4522 In

2139 3528 2325 3588 mundi
2361 3532 2521 3600 hujus
2550 3528 2963 3586 conversatione
2995 3522 3171 3591 ﬁnita,
3194 3523 3377 3590 tertio,
3400 3528 3519 3592 p‘OSt
3548 3522 3727 3575 resur-

2140 3624 2438 3679 rcCtionem
2450 3664 2461 3676 .

2210 3718 2391 3789 (Vers.
2423 3718 2489 3773 i7
2517 3715 2658 3787 seq.)
2698 3713 2858 3787 351
2887 3711 2951 3767 Et
2974 3714 3170 3783 factum
3219 3719 3292 3764 est
3328 3709 3380 3763 in
3416 3708 3650 3762 vicesimo
3679 3717 3727 3762 et

2138 3816 2356 3885 septimo
2386 3829 2547 3878 anno,
2578 3814 2634 3865 in
2661 3812 2847 3881 primo,
2875 3818 2921 3862 et
2943 3818 3045 3861 una
3071 3805 3153 3859 die
3182 3805 3399 3873 mensis,
3435 3803 3625 3875 factum
3655 3810 3729 3855 est

2140 3908 2349 3964 verbum
2382 3905 2593 3961 Domini
2624 3904 2691 3957 ad
2716 3918 2818 3966 me,
2872 3900 3045 3953 dicens
3070 3913 3092 3954 :
3139 3894 3249 3951 Fili
3283 3895 3521 3962 hominis,
3550 3888 3734 3949 Nabu-

2142 4002 2462 4057 chodonosor
2485 4000 2576 4052 ‘rea:
2602 3992 2885 4065 Babylonis
2917 3992 3107 4047 servire
3128 3991 3249 4062 fecit
3274 3990 3553 4043 exercitum
3581 3986 3733 4041 suum

2141 4096 2381 4153 servitute
2409 4110 2597 4167 magna
2629 4090 2901 4143 adversum
2926 4082 3123 4158 Tyrum
3148 4100 3164 4137 :
3194 4098 3341 4137 omne
3381 4091 3533 4151 caput
3560 4079 3734 4135 decul-

2142 4200 2333 4255 vatum,
2358 4196 2406 4243 et
2437 4186 2600 4241 omnis
2631 4186 2871 4238 humerus
2898 4180 3158 4251 depilatus
3187 4184 3286 4245 est,
3342 4185 3390 4231 et
3411 4188 3601 4229 merces
3631 4190 3733 4227 non

2143 4294 2214 4343 est
2240 4284 2443 4340 reddita
2472 4281 2538 4347 ei,
2570 4295 2731 4351 neque
2768 4275 3017 4332 exercitui
3059 4276 3169 4347 ejus
3198 4280 3223 4308 ⁸
3253 4286 3407 4342 super
3439 4267 3597 4340 Tyro,
3640 4281 3734 4338 pro

2142 4381 2385 4437 servitute
2413 4393 2515 4447 qua
2553 4370 2755 4428 servivit
2792 4368 2919 4424 mihi
2963 4364 3232 4421 adversum
3260 4380 3395 4417 eant.
3453 4359 3731 4431 PrOpterea

2146 4474 2252 4529 lucc
2281 4471 2405 4526 dicit
2442 4467 2697 4523 Dominus
2718 4460 2896 4517 Deus:
2921 4458 3058 4515 Ecce
3086 4470 3179 4529 ego
3221 4456 3353 4511 dabo
3379 4450 3727 4509 Nabuchodo-

451 4565 605 4636 cujus
637 4565 847 4620 numeri
879 4572 1245 4633 sacramento,
1271 4575 1326 4619 et
1355 4562 1442 4619 hic
1484 4562 1623 4617 idem
1658 4562 1916 4634 propheta
1943 4562 2041 4630 pro
2068 4576 2119 4655 θ
2148 4584 2299 4624 ῃοδοι·
2341 4582 2512 4639 regem
2570 4556 2846 4631 Babylonis
2874 4556 2925 4609 in
2974 4562 3111 4607 terra
3149 4548 3390 4622 .Egypti,
3446 4557 3491 4655 ent
3534 4550 3732 4618 auferet

452 4659 597 4712 tribu
638 4652 776 4712 Juda
805 4656 1159 4727 quadraginta
1187 4652 1381 4712 diebus
1421 4654 1627 4711 dormit
1658 4655 1712 4709 in
1743 4652 1933 4709 dextro
1962 4652 2042 4706 la-

455 4764 591 4820 tere,
624 4760 679 4808 et
724 4750 1121 4823 quadringintis
1178 4751 1338 4806 annis
1378 4750 1607 4822 populus
1636 4742 1939 4803 serviturus
1989 4745 2041 4800 in

455 4845 691 4918 Algypto
710 4848 993 4899 nuntiatur
1014 4842 1169 4918 (Gen.
1195 4844 1324 4914 vn):
1352 4845 1437 4912 qui
1468 4842 1673 4898 faciunt
1692 4836 2043 4912 quadraginta

640 4937 895 5005 decadus,
921 4938 1035 4991 sive
1052 4945 1282 5007 quatuor
1306 4930 1653 4995 ἑκατοντάδας.
1690 4929 1890 4986 Pluvia:
1912 4943 2046 4996 quo-

458 5047 563 5100 que
590 5030 778 5086 diluvii
811 5030 1163 5102 quadraginta
1189 5028 1384 5084 diebus
1416 5029 1657 5083 inierunt
1677 5025 1797 5081 orbi
1826 5022 2044 5079 naufra-

458 5125 626 5196 gium.
650 5124 863 5181 iustum
884 5125 1027 5181 enim
1055 5135 1191 5190 erat,
1217 5122 1384 5194 utqui
1413 5136 1507 5193 per
1524 5128 1754 5190 quatuor
1782 5118 2047 5173 elementa

461 5220 678 5286 nmndi,
710 5221 903 5293 quibus
929 5220 1108 5275 omnia
1144 5227 1396 5273 constare
1426 5215 1697 5280 dicuntur,
1731 5213 1857 5268 dum
1881 5228 1941 5268 ea
1970 5211 2053 5267 di-

454 5310 578 5388 ligit
599 5325 654 5372 et
687 5314 850 5384 fovet,
870 5316 1035 5370 Deum
1063 5312 1320 5379 oiicndat,
1352 5310 1408 5367 in
1437 5311 1555 5382 ipso
1583 5322 1807 5365 numero
1831 5308 2052 5379 punire-

460 5412 580 5468 tur:
614 5420 670 5469 et
696 5410 869 5467 Israel
898 5412 989 5481 qui
1025 5417 1346 5479 peccaverat
1390 5409 1444 5460 in
1479 5406 1761 5460 sabbatum
1783 5446 1799 5471 ,
1842 5415 2051 5473 septem

463 5504 819 5571 decadarum,
860 5504 965 5560 hoc
1014 5512 1117 5571 est,
1168 5501 1510 5572 septuaginta
1541 5514 1807 5555 annorum
1844 5498 2055 5569 suppli-

468 5602 611 5658 cium
640 5601 953 5657 sustineret.
982 5594 1259 5667 Daturque
1283 5605 1427 5650 terra
1458 5588 1677 5665 .Egypti
1717 5588 1933 5648 deserta
1953 5636 1967 5658 ,
1998 5598 2053 5648 et

536 5757 562 5789 ⁸
594 5747 820 5807 Victor.,
851 5743 914 5796 de
942 5732 1112 5811 Tyro,
1160 5752 1225 5793 ex
1258 5736 1412 5811 Yulg.
1443 5728 1700 5811 editione,
1731 5742 1783 5788 ct
1812 5726 2044 5787 llebrai—

464 5837 552 5883 (30,
581 5828 748 5879 ἾῚΪὩ.
783 5802 904 5871 nam
937 5802 1021 5867 ἐτῖὶ
1047 5814 1218 5885 Τύρου
1245 5802 1693 5885 dixefruttt-laxx.

538 5876 562 5930 ί)
588 5876 765 5957 idem,
790 5896 837 5942 et
873 5886 970 5941 erit
997 5876 1185 5939 merces
1212 5879 1456 5937 exercitui
1483 5878 1649 5949 illius,
1700 5887 1746 5934 et
1777 5876 1920 5947 operi
1947 5892 2051 5947 quo

2147 4662 2210 4738 [ν
2222 4662 2331 4733 ulg.
2344 4654 2585 4729 accipiet]
2598 4648 2980 4709 multitudinem
3001 4651 3115 4721 ejus
3126 4690 3138 4712 ,
3157 4655 3204 4700 et
3221 4640 3601 4738 deprtedabitur
3624 4657 3737 4695 ma-

2145 4736 2329 4813 nubias
2353 4758 2485 4828 ejus,
2519 4760 2565 4806 et
2587 4747 2796 4821 diripiet
2837 4743 3005 4816 spolia
3028 4744 3141 4814 ejus
3162 4784 3175 4807 ,
3206 4753 3251 4794 et
3270 4741 3367 4794 erit
3394 4736 3422 4775 δ
3460 4739 3512 4791 in
3543 4752 3734 4790 merce-

2148 4851 2263 4907 dem
2286 4827 2534 4904 exercitui
2564 4844 2708 4897 illius
2736 4848 2782 4893 et
2811 4837 2980 4910 operi,
3023 4850 3116 4906 pro
3143 4851 3243 4906 quo
3264 4832 3463 4888 seruiuit
3485 4828 3611 4883 mihi
3639 4827 3735 4880 ad-

2148 4959 2353 4999 versum
2374 4955 2521 4995 eam:
2546 4936 2665 4990 dedi
2696 4932 2743 4987 ei
2767 4940 2959 4986 terram
2988 4918 3231 4999 .dt'gypti,
3251 4942 3343 5011 pro
3367 4942 3426 4980 eo
3445 4922 3580 4995 quod
3597 4920 3739 4975 labo-

2148 5044 2387 5091 raverunt
2408 5028 2588 5104 [Vulg.
2637 5018 2968 5095 la'ltoraverit]
2994 5020 3143 5088 mihi,
3176 5022 3244 5073 ait
3276 5014 3525 5071 Dominus
3575 5012 3735 5069 Deus.

2156 5128 2222 5183 In
2246 5122 2436 5182 dieillo
2465 5117 2743 5196 pullulabit
2776 5130 2936 5171 cornu
2964 5114 3146 5167 domus
3187 5104 3376 5174 Israel,
3409 5119 3454 5163 et
3487 5108 3578 5162 tibi
3608 5107 3741 5161 dabo

2155 5232 2391 5294 apertum
2424 5233 2476 5271 os
2500 5216 2550 5269 in
2575 5213 2742 5268 medio
2771 5222 2977 5271 eorum,
3002 5216 3046 5259 et
3072 5205 3253 5269 scient,
3287 5202 3408 5274 quia
3436 5218 3527 5273 ego
3560 5200 3741 5255 Domi-

2157 5332 2271 5369 nus.
2298 5304 2566 5378 Qumritur
2603 5301 2874 5377 quomodo
2894 5307 3014 5369 post
3040 5295 3307 5352 decimum
3348 5302 3549 5349 annum
3584 5307 3743 5362 supe-

2156 5398 2316 5456 rioris
2338 5394 2625 5458 Sermonis,
2672 5388 2852 5445 statim
2882 5383 3173 5439 vicesimus
3196 5391 3255 5436 et
3282 5382 3545 5450 septimus
3577 5394 3745 5451 pona-

2160 5494 2246 5549 tur
2270 5494 2473 5549 annus.
2500 5492 2560 5543 et
2602 5484 2657 5539 in
2689 5476 3154 5550 conSequeatibtrs
3202 5474 3449 5529 decimus
3488 5472 3745 5529 duodecis

2159 5594 2406 5658 mustine,
2439 5582 2574 5640 etin
2604 5584 2851 5635 extrema
2897 5568 3270 5642 descriptione
3300 5567 3511 5638 10ml)“,
3544 5568 3743 5623 vicesi-

2148 5726 2354 5784 servivit
2395 5722 2665 5775 adversum
2716 5708 3019 5785 eam,_de_‘di
3046 5709 3091 5785 ei
3137 5714 3327 5760 terram
3371 5704 3608 5785 Αἴσωπε.
3658 5705 3741 5762 Ad

2155 5780 2442 5871 vulgatam
2469 5791 2842 5871 cditionent‘et
2868 5780 3193 5871 ﬂchraicum
3214 5780 3742 5871 :‘et‘qluothmte-

2154 5849 2456 5935 rea-iioﬁces,
2491 5878 2585 5935 pro
2613 5868 2668 5919 et
2690 5855 2842 5926 mihi,
2872 5857 2927 5913 in
2944 5852 3141 5912 Graeco
3161 5862 3375 5923 quoque
3396 5849 3597 5909 desint.
