4038 6328
364 339 475 397 28-5

1014 322 1666 396 COMMENTARIOBUM
1708 316 1771 395 ΙΝ
1812 314 2263 395 Ezeciitlibs'n
2302 318 2435 396 Lis.
2479 338 2567 398 ix.
2611 339 2764 396 CAP.
2808 338 2979 396 xxx.

3544 328 3649 390 286

363 460 488 509 ntus
532 456 771 526 quintus.
822 455 929 512 Sed
976 438 1150 511 facilis
1198 454 1394 510 Solulio
1426 456 1529 511 est.
1563 455 1698 523 Quia
1729 450 1873 511 enim
1896 438 1963 511 de
1992 460 2041 518 A
2073 468 2219 522 runt,
2240 455 2456 527 quando
2481 452 2881 528 putatetEliam
2899 453 3656 514 esseventurum.Nosautem

362 546 610 618 Egypto
641 544 695 603 et
719 550 988 619 superior,
1041 559 1095 603 et
1122 548 1237 605 hiec
1267 564 1387 619 quae
1428 565 1568 605 nunc
1592 549 1810 616 dicitur,
1841 548 1967 618 pro-

2067 568 2234 609 cornu
2274 548 2490 607 Domini
2518 556 2680 621 super
2702 540 2811 625 [AL
2846 550 2971 637 pro]
3008 536 3228 608 Christo
3261 536 3654 637 intelligentes,

362 640 552 712 pltetia
602 643 936 711 contexitur,
990 643 1117 717 licet
1155 642 1383 699 diversis
1412 643 1484 698 sit
1537 640 1676 698 facta
1710 641 1969 711 tempori—
2069 642 2388 717 praesentem
2413 647 2683 714 carpimus
2706 624 3019 699 historiam.
3040 644 3281 714 Cumque
3300 685 3315 708 ,
3340 644 3449 709 ait,
3470 658 3503 697 ο
3523 624 3658 695 Pro-

359 734 514 791 bus:
567 746 746 793 tamen
800 737 923 809 quia
974 736 1043 793 de
1088 744 1195 793 tina
1244 736 1525 810 provincia
1582 736 1963 807 prophetatnr,

356 825 568 897 juncta:
594 818 699 883 sibi
732 826 879 884 sunt.
904 824 1058 898 Quod
1083 839 1135 883 et
1166 830 1217 883 in
1241 828 1475 884 Jeremia
1500 829 1694 884 crebro
1713 828 1963 899 legimus,

356 930 417 974 ut
450 924 790 992 przéposter'o
837 920 1030 977 Ordine
1078 920 1324 991 tempora
1355 920 1758 976 deseribantur.
1807 919 1966 974 Prius

358 1012 513 1067 enim
569 1011 814 1068 Sedecim
866 1015 916 1067 in
950 1004 1273 1085 quibusdam
1308 1022 1459 1085 gesta
1514 1013 1857 1077 referuntur,
1911 1020 1966 1066 et

364 1114 558 1174 postea
582 1102 831 1160 Joacbim
863 1105 954 1175 qui
982 1115 1105 1161 ante
1137 1121 1258 1159 eum
1290 1106 1407 1160 l'uit.
1445 1104 1500 1160 In
1531 1102 1760 1160 Psalmis
1785 1110 1965 1159 autem

357 1200 487 1266 quia
525 1214 749 1255 carmen
780 1210 863 1255 est
891 1200 1142 1272 lyricum,
1173 1194 1418 1255 historiae
1459 1199 1597 1257 ordo
1629 1217 1735 1255 non
1765 1199 1966 1271 quieri-

354 1301 470 1347 tur.
506 1292 765 1348 Dicamus
789 1308 918 1364 ergo
945 1294 1094 1365 prius
1117 1295 1267 1365 juxta
1312 1294 1569 1350 litteram.
1600 1290 1960 1351 Nabuchodo-

350 1400 531 1441 nosor
553 1402 677 1441 cum
707 1382 1048 1459 oppugnaret
1072 1382 1297 1459 Tyrum,
1325 1398 1380 1444 et
1410 1390 1636 1457 arietes,
1659 1389 1962 1459 machinas,

349 1482 662 1549 vineasque
708 1495 773 1534 eo
814 1480 957 1550 quod
1000 1478 1175 1535 eincta
1230 1490 1375 1537 esset
1428 1481 1582 1547 mari,
1634 1484 1800 1537 muris
1854 1486 1964 1538 non

346 1586 545 1645 posset
578 1574 901 1645 adjungcre,
934 1574 1195 1629 inﬁnitam
1241 1574 1523 1630 exercitus
1556 1576 1962 1632 multitudinem

340 1669 519 1739 jussit
547 1684 682 1724 saxa
712 1678 766 1724 et
797 1676 1022 1740 aggeres
1044 1670 1393 1741 ctimportare
1414 1711 1427 1733 ,
1460 1674 1513 1724 et
1538 1670 1755 1740 expleto
1787 1669 1964 1725 medio

343 1762 518 1825 mari,
544 1762 717 1815 immo
744 1758 883 1816 freto
906 1762 1311 1831 angustissimo,
1335 1762 1571 1818 vicinum
1598 1762 1752 1818 littus
1771 1762 1964 1819 insulae

2066 739 2252 811 pheta,
2276 737 2379 793 hoc
2405 739 2554 809 prius
2578 736 2739 792 fuerit
2756 724 3224 811 expletum,353
3243 747 3371 792 tunc
3384 728 3662 806 aperietur

2067 834 2127 890 es
2145 844 2317 901 tuum,
2334 832 2715 889 etvaticinium
2733 840 2882 886 tuum
2900 845 3235 902 nequaquam
3252 818 3412 885 dubia
3427 827 3660 899 promis-

2068 929 2221 983 sione
2248 926 2528 998 pendebit,
2562 916 2655 980 sed
2689 924 2946 981 cernetur
2968 940 3132 995 opere
3152 920 3518 993 perpetratum
3554 940 3568 976 :
3606 931 3665 977 ut

2068 1021 2241 1073 sciant
2258 1019 2551 1089 omnesqui
2575 1014 2875 1083 audierint,
2904 1032 2991 1073 me
3014 1032 3135 1073 esse
3160 1006 3448 1072 Dominum
3467 1058 3483 1081 ,
3507 1013 3661 1087 cujus

2067 1111 2293 1179 dixisse,
2333 1114 2529 1168 fecisse
2571 1123 2674 1167 εει.
2721 1100 2849 1166 llzec
2879 1111 3179 1166 secundum
3210 1108 3467 1177 litteram,
3492 1109 3661 1164 immo

2063 1207 2217 1277 juxta
2247 1206 2530 1262 veritatem
2558 1205 2703 1260 dicta
2728 1200 2836 1260 sint
2858 1204 3183 1275 protihetize.
3210 1188 3481 1258 Caeterum
3506 1218 3571 1257 ex
3596 1217 3661 1257 eo

2066 1302 2213 1373 quod
2233 1288 2733 1356 Nabuchodonosor
2754 1297 3063 1354 mercedem
3083 1298 3297 1368 accepit
3312 1286 3438 1351 boni
3455 1294 3658 1365 operis,

2066 1396 2420 1466 intelligimus
2448 1396 2611 1450 etiam
2639 1393 2908 1458 ethnicos,
2956 1390 3003 1446 si
3044 1391 3173 1462 quid
3223 1391 3351 1445 boni
3404 1386 3655 1455 fecerint,

2066 1508 2174 1547 non
2206 1493 2409 1562 absque
2438 1488 2691 1545 mercede
2720 1487 2816 1543 Dei
2842 1487 3050 1557 judicio
3081 1484 3377 1556 praeteriri.
3420 1481 3574 1539 Unde
3605 1490 3660 1536 et

2068 1602 2164 1657 per
2187 1585 2474 1641 .leremiam
2497 1576 2999 1638 Nabuchodonosor
3029 1577 3279 1634 columba
3304 1576 3396 1631 Dei
3419 1574 3660 1646 appella-

2067 1691 2175 1747 tur,
2204 1697 2268 1737 eo
2292 1680 2431 1752 quod
2451 1679 2737 1735 adversum
2761 1678 3019 1748 populum
3045 1684 3388 1744 peccatorem
3417 1673 3511 1729 Dei
3535 1688 3654 1727 ser-

2068 1778 2229 1832 vierit
2256 1776 2541 1831 voluntati.
2589 1772 2659 1827 Et
2704 1772 2984 1838 adducam,
3018 1770 3228 1855 inquit,
3261 1785 3461 1823 servum
3490 1782 3657 1821 meum

340 1855 480 1911 fecit
512 1855 837 1911 continuum
874 1855 983 1929 [ΑΙ.
1012 1855 1353 1941 contiguum].
1378 1858 1533 1925 Quod
1562 1876 1685 1943 cum
1712 1858 1961 1914 viderent
1989 1857 2039 1918 B
2069 1868 2544 1924 Nabuchodonosor
2588 1850 2803 1937 (Jerem.
2849 1850 2999 1933 xxv).
3045 1850 3123 1916 Ex
3166 1868 3272 1930 quo
3302 1859 3652 1930 perspicuum

345 1948 498 2020 Tyrii
516 1948 643 2019 jam
662 1952 880 2020 jamque
904 1936 1232 2020 perlectum,
1249 1962 1303 2006 et
1328 1938 1684 2021 percuSsione
1706 1951 1960 2017 arietum,

360 2061 651 2100 murorum
684 2042 1034 2100 fundamenta
1065 2056 1439 2116 quaterentur,
1473 2046 1733 2117 quidquid
1763 2042 1966 2117 pretio-

369 2155 482 2193 sum
512 2142 567 2194 in
623 2156 781 2207 auro,
829 2149 1073 2210 argento,
1102 2138 1472 2210 testibusque,
1524 2150 1581 2195 et
1606 2141 1754 2194 varia
1784 2124 1966 2210 Supel-

360 2232 515 2287 nam
547 2226 818 2287 nobilitas
848 2216 1071 2297 habuit,
1102 2233 1415 2301 impositum
1452 2232 1701 2298 navibus,
1735 2242 1761 2269 ιι
1788 2232 1854 2287 ad
1885 2232 1967 2287 in-

348 2327 503 2380 sulas
538 2322 710 2399 352
742 2326 1065 2396 asportavit:
1122 2325 1195 2380 ita
1226 2337 1283 2380 ut
1314 2322 1471 2394 capta
1502 2326 1661 2393 urbe,
1718 2325 1849 2379 nihil
1883 2322 1965 2380 di-

343 2436 521 2490 gnum
556 2422 752 2476 labore
776 2430 880 2477 Suo
908 2418 1181 2477 inveniret
1215 2418 1819 2477 NabuChodonosor.Et
1840 2420 1964 2493 quia

344 2514 449 2569 Dei
488 2516 547 2569 in
600 2508 709 2569 hac
739 2514 899 2588 parte
945 2514 1226 2571 obedierat
1255 2514 1542 2582 voluntati,
1596 2527 1714 2586 post
1761 2514 1967 2587 aliquot

343 2623 533 2661 annos
576 2607 907 2675 captivitatis
940 2606 1139 2679 Tyriae,
1202 2608 1365 2662 datur
1392 2608 1440 2663 ei
1468 2607 1771 2679 .Egyptus;
1826 2606 1967 2664 mul-

349 2714 529 2773 toque
571 2696 603 2740 1)
637 2704 833 2757 saeviOr
864 2698 1041 2774 Tyrus
1081 2688 1337 2775 Egypto.
1374 2703 1468 2757 Illa
1499 2705 1640 2759 enim
1682 2720 1964 2776 oppugna-

350 2792 449 2849 bat
502 2795 855 2860 Jerusalem;
889 2792 1007 2850 hinc
1042 2812 1240 2850 vanum
1276 2796 1637 2866 pellicebatnr
1681 2799 1960 2854 auxilium.

356 2886 530 2942 Aliud
584 2894 668 2941 est
709 2884 851 2941 enim
886 2898 982 2955 Spe
1034 2888 1460 2943 imbecillitatem
1509 2889 1787 2958 decipere:
1820 2890 1965 2944 aliud

358 2980 664 3034 adversum
697 2978 960 3050 populum
983 2966 1078 3035 Dei
1113 2980 1391 3035 dimicare.
1422 2980 1533 3036 lloc
1553 2993 1635 3037 est
1665 2998 1794 3054 ergo
1822 2984 1964 3053 quod

363 3074 507 3127 dicit
553 3072 1061 3129 Nabuchodonosor
1108 3074 1205 3129 re'x
1236 3066 1550 3147 Babylonis,
1608 3077 1661 3131 in
1693 3091 1966 3148 oppugna-

359 3168 518 3222 tione
547 3166 675 3239 Tyri
707 3184 863 3222 suum
889 3168 1017 3221 mihi
1046 3168 1254 3224 servire
1279 3169 1405 3224 fecit
1428 3166 1749 3237 exercitum,
1774 3181 1831 3226 ut
1860 3173 1964 3227 im-

2068 1977 2150 2021 eSl
2182 1962 2533 2019 condemnari
2592 1974 2690 2014 nos
2734 1957 3146 2027 comparatione
3170 1955 3478 2026 gentilium,
3508 1954 3552 2008 si
3581 1951 3659 2007 illi

2069 2059 2185 2128 lege
2218 2055 2421 2110 faciant
2446 2052 2702 2125 naturali,
2726 2056 2846 2122 qua:
2879 2065 2979 2106 nos
3005 2050 3170 2106 etiam
3195 2052 3395 2120 scripta
3425 2048 3658 2119 negligi-

2069 2165 2208 2205 mus.
2241 2149 2317 2202 De
2347 2164 2455 2218 quo
2481 2147 2796 2220 pleniSsime
2816 2134 2884 2199 ad
2911 2144 3185 2199 Romanos
3216 2142 3415 2197 Paulus
3447 2150 3660 2210 aposto—

2068 2244 2151 2299 lus
2197 2241 2455 2312 disputat.
2512 2226 2590 2295 Ac
2642 2254 2709 2294 ne
2766 2224 2970 2307 aliquid
3026 2226 3307 2306 praeterire
3376 2234 3659 2289 videamur

2068 2335 2364 2390 secundum
2395 2333 2807 2407 intelligentiam
2838 2329 3178 2401 spiritualem
3201 2370 3215 2392 ,
3246 2328 3540 2398 quan-imus
3568 2327 3658 2382 ubi

2068 2427 2211 2482 hunc
2239 2442 2561 2492 numerum,
2588 2416 2694 2482 hoc
2722 2432 2826 2491 est,
2856 2414 3175 2479 vicesimum
3199 2421 3485 2492 septimum
3514 2420 3662 2492 lege-

2069 2520 2259 2574 rimus.
2300 2516 2357 2573 In
2389 2520 2668 2574 Geneseos
2699 2494 2843 2571 libro
2868 2515 3145 2585 Scriptura
3176 2512 3410 2569 testatur
3442 2500 3653 2584 (Cenes.

2067 2614 2193 2685 vn),
2227 2614 2627 2670 sexcentesimo
2655 2628 2798 2667 anno
2828 2612 2954 2666 vita:
2981 2608 3093 2666 Noe
3116 2652 3130 2675 ,
3163 2606 3404 2664 secundo
3434 2623 3619 2663 mense
3640 2648 3657 2674 ,

2069 2710 2327 2763 vicesima
2358 2708 2591 2779 septima
2620 2704 2710 2761 die
2752 2707 2956 2761 mensis
2983 2694 3242 2770 secundi,
3274 2704 3436 2773 super
3463 2688 3657 2757 faciem

2070 2812 2231 2856 terra:
2262 2816 2431 2869 aquas
2459 2798 2707 2856 inductas
2733 2812 2859 2853 esse
2885 2796 3107 2863 diluvii,
3131 2807 3185 2851 et
3217 2804 3403 2866 postea
3432 2796 3662 2863 Septimo

2071 2910 2258 2949 mense
2297 2892 2536 2963 ejusdem
2571 2891 2720 2958 anni,
2769 2892 2859 2960 qui
2915 2890 3129 2947 vicinus
3182 2892 3267 2944 eSt
3308 2886 3563 2953 sabbato,
3607 2886 3664 2942 et

2070 2988 2323 3044 vicesima
2354 2982 2581 3057 septima
2610 2984 2698 3041 die
2724 2984 2968 3056 ejusdem
3002 2984 3204 3039 mensis
3229 2982 3467 3051 septimi,
3495 2982 3660 3052 aquas

2071 3098 2315 3139 ce~sasse
2341 3080 2553 3147 diluvii,
2583 3091 2639 3135 et
2667 3080 2876 3135 sedisse
2904 3080 3085 3134 arcam
3110 3078 3225 3133 Noe
3253 3092 3417 3148 super
3443 3082 3661 3131 montes

2072 3175 2286 3243 Ararat,
2322 3178 2408 3246 qui
2442 3175 2869 3244 interpretantur
2899 3171 3191 3227 Armeniae.
3221 3168 3298 3225 Ex
3325 3184 3431 3241 quo
3460 3166 3663 3223 intelli-

362 3260 578 3329 plerem
608 3261 941 3316 voluntatem
978 3278 1185 3318 meam:
1212 3262 1385 3320 Omne
1416 3268 1575 3336 caput
1597 3264 1962 3337 decalvatum,
1994 3244 2043 3319 Ὁ
2072 3266 2269 3338 ginius,
2301 3244 2535 3323 medium
2561 3280 2682 3321 esse
2704 3264 2987 3319 numerum
3015 3272 3070 3318 et
3097 3261 3162 3316 ad
3193 3266 3481 3332 utrumque
3503 3274 3662 3329 posse

363 3362 417 3406 et
442 3355 631 3407 omnis
660 3340 922 3410 humerus
952 3354 1226 3425 depilatus
1264 3352 1374 3428 est,
1408 3361 1734 3429 gestantinm
1778 3350 1966 3432 cophi-

365 3464 467 3502 nos
495 3454 675 3512 terrie,
700 3460 752 3503 et
781 3442 987 3517 lapides
1014 3452 1209 3521 quibus
1239 3450 1502 3507 raduntur
1529 3452 1763 3522 humeri,
1793 3465 1845 3509 et
1871 3454 1965 3510 de-

364 3542 621 3596 calvalnr
665 3554 866 3613 caput;
918 3554 971 3598 et
997 3546 1180 3599 tamen
1207 3546 1307 3600 nec
1352 3544 1501 3616 ipse,
1551 3563 1651 3601 nec
1696 3549 1965 3602 exercitus

364 3636 490 3704 ejus
514 3634 714 3705 aliquid
744 3636 969 3706 dignum
1003 3636 1209 3693 invenit
1233 3638 1286 3692 in
1310 3636 1473 3709 Tyro.
1522 3634 1733 3693 Etcum
1775 3640 1829 3693 in
1864 3638 1966 3695 hoc

368 3726 504 3782 mihi
536 3728 828 3794 servierit,
862 3740 916 3784 et
952 3734 1130 3785 ineant
1179 3738 1369 3785 contra
1401 3730 1600 3801 Tyrum
1661 3732 1968 3802 impleverit

368 3824 708 3879 voluntatem
734 3868 748 3892 ,
782 3825 987 3880 idcirco
1034 3824 1172 3881 dabo
1217 3827 1265 3882 ei
1305 3835 1504 3881 terram
1534 3824 1774 3899 Egypti.
1810 3828 1966 3896 Quod

365 3919 591 3990 quidam
606 3919 789 3975 dicunt
810 3921 910 3976 sub
932 3920 1434 3977 Nabuchodonosor
1448 3937 1571 3978 esse
1598 3924 1930 3992 cOmplelum
1950 3943 1963 3978 :

366 4012 465 4066 alii
489 4011 591 4068 sub
618 4008 884 4084 Cambyse
910 4012 1022 4069 lilio
1043 4012 1195 4086 Cyri,
1247 4018 1339 4086 qui
1372 4012 1659 4087 Egyptum
1694 4033 1859 4087 usque
1890 4018 1959 4073 ad

369 4101 712 4173 Ethiopiam
736 4106 995 4173 VaStavit,
1023 4106 1095 4160 ita
1120 4116 1177 4159 ut
1205 4106 1364 4175 Apim
1395 4108 1743 4172 interﬁceret.
1774 4117 1830 4163 et
1852 4118 1969 4163 om-

371 4204 462 4252 nia
499 4198 717 4253 illarum
744 4196 1036 4254 simulacra
1060 4199 1289 4256 deleret.
1324 4199 1496 4269 Quam
1525 4202 1592 4256 ob
1622 4218 1840 4257 causam
1862 4210 1967 4272 'pu-

370 4302 491 4348 tant
515 4294 640 4349 eum
669 4294 885 4349 versum
915 4295 968 4348 in
1001 4296 1291 4349 amentiam
1322 4309 1452 4350 casu
1478 4295 1620 4366 equi,
1653 4307 1707 4351 et
1749 4298 1968 4367 proprio

369 4387 610 4457 pugione
637 4384 975 4441 confossum.
999 4384 1322 4443 Plenissime
1352 4388 1493 4442 lianc
1528 4388 1805 4443 hiStoriam
1844 4390 1969 4443 nar-

369 4492 456 4535 rat
486 4479 791 4534 Herodotus
826 4497 838 4533 :
886 4479 977 4534 tibi
1012 4488 1069 4535 et
1098 4480 1275 4535 omnis
1301 4474 1567 4553 )Egyptus
1593 4497 1691 4553 per
1719 4488 1885 4553 pagos
1913 4490 1969 4538 et

372 4572 598 4630 castella
630 4564 685 4629 et
711 4572 864 4629 vicos
894 4572 1251 4641 deScribitnr,
1284 4576 1339 4630 e‘t
1364 4574 1468 4631 Nili
1498 4578 1654 4647 origo
1682 4578 1967 4648 gentisque

372 4666 523 4721 illius
558 4666 780 4735 pepuli,
810 4676 865 4721 et
888 4666 1143 4721 mensura
1170 4676 1338 4721 terra:
1367 4681 1462 4737 per
1492 4668 1777 4723 Circuitum
1800 4680 1969 4738 usque

372 4761 441 4813 ad
468 4758 746 4815 desertum
768 4756 1063 4828 Aﬂtbiopiie
1082 4759 1335 4815 etlitto‘ra
1365 4760 1535 4832 Magni
1564 4763 1751 4829 maris,
1776 4761 1969 4817 Libize-

372 4870 487 4925 que
515 4862 571 4909 et
600 4854 815 4909 Arabize
842 4853 1072 4909 conﬁnia
1103 4854 1568 4911 demonstrantur.
1591 4854 1764 4911 Causa
1788 4862 1969 4912 autem

372 4945 475 5001 iraa
500 4944 715 5000 Domini
742 4950 933 5000 ‘contra
977 4928 1297 5018 Egyptdm,
1352 4946 1439 5001 illa
1472 4957 1575 5015 est,
1626 4947 1768 5019 quod
1802 4950 1971 5018 popu-

373 5038 487 5093 lum
512 5036 609 5092 Dei
638 5052 737 5092 sno
766 5036 1046 5107 deceperit
1068 5036 1294 5106 auxilio,
1331 5048 1398 5094 ne
1428 5051 1671 5111 speraret
1696 5041 1749 5094 in
1779 5041 1965 5110 Demn,

373 5139 436 5187 et
467 5130 619 5185 illum
663 5128 729 5185 ad
771 5130 1103 5186 iracundiam
1134 5142 1478 5202 provocarat.
1521 5132 1580 5188 In
1622 5134 1740 5201 illo,
1773 5136 1966 5206 inquit,

372 5225 467 5283 die
490 5243 598 5298 quo
647 5225 913 5297 Egyptus
970 5234 1131 5298 capta
1190 5226 1387 5295 fuerit,
1453 5228 1733 5299 pullulabit
1799 5238 1969 5289 corn'u

375 5323 576 5378 domus
630 5320 834 5376 Israel:
878 5322 1018 5376 haud
1072 5321 1295 5377 dubium
1354 5323 1486 5394 quin
1542 5326 1748 5395 regium
1800 5342 1970 5397 genus

371 5417 662 5489 signiﬁcet.
693 5415 849 5486 Quod
892 5416 1110 5488 quidam
1160 5417 1267 5492 [AL
1299 5418 1538 5495 quidem]
1564 5421 1631 5475 ad
1674 5420 1972 5481 Zordbabél

376 5509 549 5565 ﬁlium
576 5504 861 5576 Salathiel,
892 5511 978 5581 qui
1012 5525 1106 5579 per
1154 5510 1469 5567 Jc‘chonia'in
1498 5508 1565 5569 de
1604 5512 1770 5570 David
1803 5512 1973 5590 stirpe

374 5612 675 5677 generatus
742 5600 868 5672 est,
924 5602 1017 5658 alii
1089 5604 1154 5659 ad
1224 5606 1476 5660 bltimum
1548 5616 1757 5678 tempus
1827 5606 1974 5669 refe-

454 5748 479 5779 ι
512 5736 875 5814 Marshamns,
908 5738 961 5795 in
988 5726 1125 5814 Can.
1156 5734 1375 5814 :Eg'y‘p'l.
1417 5726 1707 5814 legendum
1740 5752 1971 5804 conten-

377 5815 461 5871 dit
486 5813 685 5869 minori
731 5820 999 5885 numero,
1059 5812 1423 5885 adrinsula‘n't.
1476 5812 1797 5885 impressam
1840 5834 1971 5877 vero

380 5889 675 5946 lectionem
719 5900 847 5942 mss.
879 5884 1117 5955 editique
1142 5884 1266 5944 libri
1292 5902 1513 5960 omnes,
1547 5884 1707 5962 atque
1728 5891 1844 5963 ipsa
1870 5891 1968 5951 de-

2070 3359 2331 3427 conferri,
2362 3359 2579 3430 quando
2608 3361 2661 3413 in
2691 3359 2797 3413 hoc
2823 3367 2877 3412 et
2909 3356 2988 3411 ira
3018 3354 3111 3411 Dei
3150 3355 3337 3426 incipit
3361 3370 3390 3409 a
3421 3350 3657 3416 diluvio,

2069 3466 2119 3508 et
2152 3452 2438 3509 clementia
2470 3453 2586 3523 ejus
2617 3453 2849 3522 septimo
2891 3466 3077 3521 mense
3121 3451 3175 3504 in
3222 3448 3414 3505 eodem
3448 3448 3655 3504 dierum

2069 3565 2297 3603 numero
2325 3548 2753 3604 demortStratur.
2794 3544 2865 3601 Et
2885 3542 3180 3618 quia‘apud
3224 3543 3483 3599 Hebraeos
3507 3558 3660 3597 men-

2068 3643 2161 3704 sis,
2198 3638 2286 3713 qui
2322 3642 2461 3713 apud
2515 3657 2613 3697 nos
2655 3639 2911 3695 Kalendis
2943 3648 2998 3693 et
3028 3624 3199 3692 Nonis
3228 3637 3519 3707 ldibttsqtte
3570 3628 3663 3691 de-

2072 3734 2333 3799 volvitur,
2366 3734 2661 3790 secundum
2688 3728 2832 3787 luna;
2861 3747 3082 3788 cursum
3130 3741 3489 3802 supputatur:
3522 3718 3664 3784 unde

2069 3838 2123 3882 et
2145 3828 2336 3882 Graeco
2361 3827 2622 3881 vocabulo
2642 3832 2791 3899 μήνη,
2818 3825 2867 3879 id
2903 3835 3009 3892 est,
3037 3823 3183 3887 luna,
3207 3839 3236 3875 a
3261 3828 3659 3877 mensenomen

2069 3920 2301 3989 accepit,
2347 3920 2449 3975 hoc
2495 3912 2699 3974 dictum
2743 3926 2828 3975 est
2864 3908 2919 3973 in
2965 3916 3226 3974 vicesimo
3256 3916 3488 3985 septimo
3518 3912 3661 3970 lunte

2068 4014 2157 4069 dte
2190 4020 2379 4085 parum
2406 4013 2532 4085 quid
2566 4010 2786 4069 luminis
2833 4002 3199 4077 remansisse,
3240 4025 3308 4065 ne
3342 4008 3554 4079 penitus
3584 4007 3662 4063 ira

2069 4109 2186 4178 ejus
2215 4108 2421 4178 absque
2455 4108 2831 4163 misericordia
2871 4106 2961 4162 sit.
3009 4094 3238 4174 Quando
3287 4115 3469 4160 autem
3519 4110 3666 4158 totus

2069 4200 2212 4255 luna:
2256 4201 2405 4257 Orbis
2444 4190 2721 4268 impletur,
2758 4206 2886 4254 tunc
2913 4202 2969 4255 cl
2998 4196 3201 4270 pastilli!
3241 4195 3575 4260 “celebratur,
3609 4205 3665 4250 et

2069 4309 2260 4349 omnes
2298 4295 2557 4348 maxime:
2593 4286 2992 4349 Solemnitates.
3030 4282 3184 4359 Quod
3218 4282 3447 4344 strictim
3486 4280 3667 4357 posui-

2069 4394 2211 4453 mus,
2237 4390 2296 4443 u't
2329 4389 2565 4443 sciamus
2598 4385 2651 4442 i‘n
2696 4386 2799 4441 hoc
2842 4388 3097 4453 numero,
3145 4392 3200 4440 et
3238 4383 3381 4437 bona
3427 4378 3480 4438 et
3520 4374 3662 4438 mala

2069 4480 2275 4550 pariter
2347 4483 2639 4536 contineri.
2707 4474 2855 4534 Bona
2907 4466 3437 4546 NabuchodonosOr,
3505 4478 3663 4547 cujus

2070 4572 2242 4628 labori
2268 4576 2476 4630 merces
2496 4562 2772 4638 redditur;
2798 4572 2938 4628 mala
2952 4568 3115 4644 355.
3128 4570 3418 4643 Egyptiis,
3432 4585 3660 4642 quorum

1993 4644 2050 4707 Ἰ)
2074 4665 2300 4722 vastitas
2330 4664 2635 4722 nuntiatur.

2143 4760 2308 4835 (Cap.
2350 4754 2521 4816 XXX.
2553 4790 2625 4801 —
2653 4750 2811 4816 Vers.
2840 4758 2867 4813 1
2896 4756 3076 4832 seqq.)
3109 4750 3177 4812 Et
3208 4762 3404 4831 factum
3444 4758 3517 4813 est
3549 4764 3659 4813 ver-

2070 4860 2187 4915 bum
2210 4846 2421 4912 Domini
2464 4857 2531 4910 ad
2570 4858 2669 4920 me,
2717 4854 2934 4909 dicens:
2968 4848 3080 4909 Fili
3111 4846 3357 4921 hominis,
3389 4855 3661 4928 praplteta,

2069 4962 2116 5008 et
2146 4951 2229 5006 dic
2263 4968 2277 5004 :
2314 4948 2439 5005 Haec
2464 4949 2591 5003 dicit
2645 4944 2901 5003 Dominus
2931 4940 3070 5002 Deus
3103 4964 3119 5000 :
3152 4947 3395 5018 Ululate,
3430 4965 3504 5003 va:
3525 4991 3541 5015 ,
3587 4965 3663 5003 va:

2078 5046 2179 5100 diei
2202 5062 2218 5098 :
2246 5045 2364 5115 quia
2378 5046 2535 5116 juxta
2564 5053 2638 5098 est
2665 5030 2863 5106 dies,et
2885 5038 3267 5114 appmpinquat
3295 5042 3404 5097 dies
3430 5028 3663 5110 Domini,

2073 5140 2184 5195 dies
2213 5138 2382 5205 nubis,
2415 5148 2615 5208 tempus
2642 5138 2869 5212 gentium
2911 5137 3025 5190 erit.
3076 5132 3143 5188 ‘Et
3173 5136 3336 5189 ueniet
3381 5130 3588 5205 gladius
3610 5135 3665 5190 in

2074 5233 2386 5305 ngy‘pmm,
2417 5241 2464 5286 et
2502 5233 2595 5286 erit
2635 5247 2795 5302 pavor
2824 5229 2877 5282 in
2906 5226 3207 5298 xEt/ziopia.
3242 5244 3357 5281 cum
3390 5220 3664 5281 ceciderint

2072 5329 2326 5383 vulnerati
2351 5328 2405 5381 in
2435 5326 2693 5399 :Egypto,
2718 5336 2767 5380 et
2798 5325 2969 5379 ablata
3012 5323 3163 5393 fuerit
3188 5322 3467 5376 multitudo
3490 5322 3665 5390 illius,

2076 5434 2123 5478 et
2163 5418 2422 5477 destr‘udta'
2456 5418 2792 5493 fundamenta
2823 5421 2951 5492 ejus.
2984 5412 3259 5487 .Etlti‘Opia
3297 5426 3344 5470 et
3394 5414 3577 5486 Lilfya,
3622 5425 3669 5470 et

2077 5506 2232 5589 Lydi,
2262 5527 2311 5571 et
2342 5532 2489 5571 omne
2516 5514 2770 5584 reliquum
2790 5511 2998 5584 vulgus,
3026 5520 3076 5566 et
3104 5502 3274 5577 Chub,
3305 5502 3353 5565 el
3384 5506 3483 5581 ﬁlii
3523 5522 3671 5565 terra:

2078 5614 2282 5686 [aderis
2324 5629 2442 5668 cum
2489 5612 2564 5667 et:
2606 5610 2780 5683 gladio
2824 5608 3027 5662 cadent.
3076 5606 3206 5663 Hac
3249 5606 3379 5662 dicit
3419 5605 3675 5661 Dominus

3622 5700 3629 5725 l

2078 5764 2226 5813 mum
2248 5749 2490 5817 historia;
2520 5747 2719 5817 veritas
2738 5753 3009 5801 asserunt.
3084 5814 3085 5817 η
3278 5814 3286 5817 _
3472 5804 3475 5807 λ

2150 5820 2177 5859 δ
2211 5821 2266 5877 ln
2299 5836 2407 5876 uno
2434 5814 2995 5893 V_aticr._‘nis._‘senior,
3039 5814 3138 5887 pro
3165 5814 3372 5881 savior,
3429 5824 3484 5872 et
3513 5814 3673 5886 paulo

2083 5902 2228 5963 post,
2256 5894 2364 5965 spei
2390 5889 2741 5949 imbecillitate
2769 5886 3020 5960 decipere.
